4000 5370
261 347 332 405 15
1622 332 2170 395 ιηιοωξϐοδιεχλ.
3470 330 3539 388 ll

264 476 485 533 quorum
508 457 747 516 adhibito
762 456 989 515 consilio
1014 470 1071 513 se
1097 453 1381 512 ecclesiam
1411 467 1533 510 cum
1556 454 1848 508 canonico—
1874 450 1922 510 Α
1952 444 2013 501 S.
2069 444 2279 509 (Σηκὶς,
2340 440 2525 499 Maria:
2572 442 2813 514 Deiparm
2837 482 2852 505 ,
2905 437 2963 495 S.
3011 441 3265 533 Andreae,
3292 443 3540 511 apostoli,

262 569 381 609 rum
408 551 623 621 collegio
660 551 967 606 extruxisse
1011 549 1064 604 in
1096 548 1386 619 diplomate
1419 546 1729 601 donationis
1764 555 1849 601 te-

262 653 432 701 status
452 642 508 699 S.
527 642 913 708 Meinwerkus,
928 639 1391 697 Paderhorncnsis
1412 640 1696 711 episcolius
1714 640 1847 711 (22).

326 737 524 792 Eodem
564 751 712 790 anno
746 735 887 790 1050
918 734 1005 790 die
1041 733 1105 788 l5
1137 732 1273 802 Aug.
1306 732 1513 787 curiam
1558 732 1849 795 quamdam

262 828 312 883 iu
342 827 775 883 Paderbornensi
820 827 1133 897 episcopatu
1178 825 1338 879 sitam
1386 821 1603 894 Sunrgk
1634 824 1851 878 nomine

260 935 416 991 quam
447 934 508 975 ex
536 928 770 989 paterna
814 917 1137 973 haereditate
1156 956 1171 979 ,
1200 915 1341 969 facta
1370 930 1493 969 cum
1526 914 1693 968 fratre
1722 928 1851 984 par-

261 1010 446 1065 titione
468 1008 607 1080 (25).
640 1008 975 1079 possidebat,
1009 1023 1152 1078 quze,
1182 1016 1320 1062 teste
1349 1005 1544 1069 Frisio,
1573 1006 1682 1061 200
1708 1020 1852 1060 mar-

261 1115 348 1155 cas
373 1100 581 1171 argenti
601 1098 718 1172 (ει)
744 1099 955 1154 ferebat
979 1098 1091 1153 Deo
1110 1107 1166 1153 et
1187 1097 1247 1152 S.
1273 1098 1489 1152 Kiliano
1514 1096 1728 1158 obtulit,
1749 1097 1853 1151 hoc

259 1203 338 1250 est
358 1193 601 1249 ecclesiae
624 1208 740 1248 sua:
760 1190 1058 1247 cathedrali
1082 1206 1201 1261 qua:
1223 1198 1353 1245 tunc
1379 1188 1438 1243 S.
1465 1188 1663 1243 Kiliaui
1692 1203 1855 1243 voca-

257 1287 434 1350 batur,
456 1284 709 1351 donavit;
741 1283 1044 1354 duplexque
1080 1290 1343 1352 prmterea
1374 1280 1636 1336 tributum
1665 1295 1733 1335 ex
1761 1295 1855 1334 ea-

260 1376 374 1432 dem
393 1373 519 1428 villa
539 1373 776 1444 singulis
796 1373 954 1428 annis
973 1371 1220 1428 ecclesia:
1234 1372 1460 1442 ejusque
1481 1369 1626 1424 clero
1643 1370 1855 1425 solven-

261 1467 377 1523 dum
396 1466 734 1537 procuravit.
781 1463 949 1535 Cujus
982 1464 1291 1520 donationis
1318 1462 1554 1532 diploma
1583 1461 1856 1518 authenti-

261 1573 371 1614 cum
394 1556 801 1628 prolegomenis
822 1555 1023 1611 nostris
1046 1555 1318 1624 integrum
1341 1553 1699 1610 subdidimus.
1725 1552 1855 1621 Quae

260 1656 315 1704 ut
332 1646 504 1719 magis
522 1645 897 1711 firmarentur,
911 1643 1095 1700 Bruno
1114 1644 1315 1698 nedum
1340 1643 1393 1697 in
1413 1641 1550 1697 festo
1574 1641 1631 1697 S.
1648 1642 1853 1697 Johan-

263 1738 342 1794 nis
364 1736 622 1807 Baptistze
651 1744 780 1807 post
806 1748 1111 1791 sermonem
1136 1733 1205 1789 ad
1226 1733 1482 1804 populum
1507 1733 1774 1795 habitum,
1800 1731 1855 1787 id

1955 540 2013 595 5.
2047 536 2348 593 Burchardi
2385 546 2438 591 ct
2468 538 2528 591 S.
2557 535 2786 605 Remigii
2816 533 3109 597 dedicarit,
3160 532 3545 589 assistentibus

1951 628 2257 698 Suidgero,
2309 627 2692 697 Batnbcrgensi
2736 626 3019 696 episcopo,
3062 624 3153 694 qui
3194 633 3382 694 postea
3427 623 3547 679 Cle-

1949 736 2105 776 mens
2143 721 2183 775 11
2213 735 2460 775 summus
2489 716 2727 787 pontifex
2780 716 2910 779 fuit,
2951 716 3238 770 llcriherto
3270 714 3546 769 Eichstet—

1952 814 2112 878 tensi,
2147 813 2351 867 Severo
2375 809 2667 878 Pragensi,
2694 809 2896 864 Cadalo
2926 809 3215 873 Citizcnsi,
3250 816 3305 861 et
3338 807 3547 862 Ehren—

1952 906 2097 961 frido
2128 904 2438 959 Bullanensi
2473 904 2608 974 (27).

2021 994 2223 1051 Eodem
2257 1009 2399 1048 anno
2425 993 2581 1056 1012,
2615 993 2702 1047 die
2750 991 2805 1048 5.
2859 992 3173 1047 Burehardo
3218 1008 3393 1056 sacra,
3424 1008 3546 1064 quas

1951 1095 2036 1141 est
2068 1086 2130 1139 14
2179 1087 2301 1140 Oct.
2340 1100 2368 1137 a
2420 1084 2787 1149 Gozouanno,
2834 1084 3221 1138 liiehstettcnsi
3267 1086 3543 1155 epismpo,

1952 1178 2247 1241 invitatus,
2281 1178 2455 1231 astitit
2491 1178 2815 1231 dedicationi
2845 1178 3088 1232 ccclesia‘
3112 1177 3171 1232 S.
3204 1177 3542 1249 Walburgis.

1952 1269 2199 1342 Cumque
2248 1272 2536 1341 episcopus
2578 1271 2682 1326 iste
2726 1271 2887 1327 tertio
2918 1280 3042 1341 post
3089 1272 3177 1327 die
3223 1284 3548 1342 praematura

1953 1374 2149 1429 morte,
2185 1366 2442 1436 abreptus
2470 1364 2685 1431 fuisset,
2718 1364 2957 1420 Brunoni
2988 1365 3283 1437 sepeliendi
3312 1364 3549 1422 oﬂicium

1953 1457 2153 1528 obtigit
2180 1458 2317 1529 (28).

2024 1548 2296 1603 Plurimas
2349 1548 2584 1619 denique
2614 1547 2873 1605 ecclesias
2900 1556 2955 1605 et
2997 1548 3213 1605 scholas
3240 1550 3292 1604 in
3326 1548 3549 1621 propria

1955 1638 2159 1695 diocesi
2187 1640 2269 1694 vel
2305 1642 2548 1696 extruxit
2583 1641 2666 1696 vel
2700 1642 3005 1697 redditibus
3032 1642 3240 1696 dolavit
3269 1641 3405 1713 (29).
3443 1660 3447 1667 ’

2031 1730 2322 1787 Maximam
2394 1748 2525 1789 vero
2578 1734 2908 1789 sanctissimi
2958 1735 3206 1804 praesulis
3266 1734 3549 1791 solertiam

263 1842 315 1884 se
340 1827 607 1884 facturum
645 1826 864 1897 publice
904 1825 1101 1890 edixit,
1131 1833 1193 1879 ut
1236 1824 1284 1880 sl
1330 1824 1461 1894 quid
1509 1838 1539 1878 a
1581 1837 1851 1893 quoquam
1882 1812 1929 1873 Β
1958 1821 2071 1893 ipsa
2098 1823 2430 1879 cathedralis
2454 1825 2680 1880 ecclesia
2720 1825 2820 1880 sibi
2854 1825 3167 1888 vindicavit,
3204 1841 3367 1896 quam
3407 1827 3551 1883 male

263 1921 409 1989 objici
438 1928 647 1991 posset,
678 1917 850 1974 libere
877 1914 1186 1988 proferendi
1218 1926 1429 1987 tempus
1454 1914 1718 1978 haberet;
1759 1913 1854 1969 sed

263 2011 587 2084 loguntiam
625 2010 792 2067 etiam
842 2008 1196 2081 proficiscens
1239 2007 1602 2063 subsistentes
1655 2005 1853 2060 ibidem

263 2104 562 2160 Conradum
605 2102 649 2158 11
695 2102 1082 2173 imperatorem
1122 2110 1180 2156 et
1223 2099 1506 2172 episcopos
1547 2098 1607 2154 S.
1645 2098 1854 2155 Bardo-

265 2210 377 2252 nem
423 2194 811 2267 Maguntinum
864 2203 922 2249 et
972 2192 1278 2249 Rotbonem
1325 2191 1853 2258 Paderborncnsem,

265 2296 319 2342 ut
343 2287 628 2358 llerbipoli
672 2285 874 2342 festum
907 2286 1146 2358 Virginis
1186 2285 1494 2355 Assumptaa
1538 2299 1724 2340 secum
1766 2299 1856 2340 ee-

266 2377 533 2434 lebrarent
580 2387 639 2434 et
689 2376 973 2433 donationi
1029 2385 1089 2431 ut
1149 2384 1319 2431 testes
1364 2374 1720 2441 assisterent,
1769 2375 1856 2429 in-

265 2470 521 2526 vitaverat
555 2469 698 2541 (25).
732 2468 847 2523 lmo
888 2476 947 2523 et
980 2467 1188 2522 tabulze
1227 2481 1384 2523 aerea:
1421 2465 1743 2536 insculptam
1797 2464 1855 2520 in

268 2562 478 2618 ecclesia
537 2560 765 2633 Sunvyk
816 2557 958 2631 afligi
1011 2559 1246 2615 curavit.
1292 2558 1370 2614 Ea
1422 2565 1603 2613 tamen
1651 2555 1856 2627 pmdia

268 2653 598 2722 postmodum
630 2651 700 2706 ad
732 2650 1017 2722 episcopos
1042 2649 1519 2705 Paderbornenses
1547 2656 1854 2714 cesserunt,

266 2740 469 2814 jamque
496 2742 701 2799 smculo
733 2758 825 2797 xvi
857 2742 1075 2797 ineunte
1102 2741 1244 2814 apud
1273 2738 1709 2811 Herbipolenses,
1741 2754 1859 2795 am-

272 2834 394 2905 plius
421 2851 529 2891 non
558 2843 722 2891 erant
753 2834 889 2906 (26).

278 2962 284 2967 -
332 2924 420 2980 Die
460 2925 821 2982 Pentecostes
875 2922 1005 2979 anni
1060 2922 1204 2979 1012
1255 2922 1546 2980 ecclesiam
1597 2921 1659 2979 5.
1684 2921 1859 2991 ,Bur-

278 3016 442 3072 cbardi
469 3016 946 3087 llerbipolitanam
980 3031 1011 3071 a
1051 3014 1429 3080 Willemutbo,
1460 3014 1704 3085 ejusdem
1732 3028 1856 3070 mo-

282 3108 478 3164 nasterii
508 3109 735 3172 abbate,
767 3106 907 3162 1055
948 3105 1239 3177 inceptam
1261 3113 1317 3161 et
1344 3105 1505 3161 modo
1530 3104 1764 3160 feliciter
1784 3106 1854 3161 ad

1957 1921 2223 1969 structam
2255 1923 2309 1969 et
2337 1923 2607 1969 vetustate
2635 1914 2913 1970 ruinosam
2953 1931 3006 1969 a.
3048 1916 3185 1972 1012
3211 1918 3324 1989 (50)
3355 1932 3385 1971 a
3426 1916 3551 1972 fun-

1956 2008 2229 2065 damentis
2260 2009 2471 2081 erigere
2523 2008 2787 2074 instituit,
2827 2017 3110 2081 totumque
3160 2012 3549 2081 patrimonium

1956 2099 2012 2155 in
2052 2101 2411 2156 extruendum
2468 2102 2878 2171 ornandumque
2932 2102 3197 2172 impendit
3243 2103 3355 2175 (51)
3407 2119 3551 2157 anno

1956 2193 2191 2264 denique
2219 2192 2360 2248 1013
2390 2192 2788 2265 presbyterium
2828 2201 2885 2247 et
2913 2192 3274 2261 subiacentem
3304 2206 3549 2266 cryptam

1957 2287 2196 2344 absolvit
2224 2286 2361 2359 (52).
2394 2286 2549 2343 Unde
2577 2286 2631 2341 in
2666 2294 2821 2355 parte
2852 2286 3053 2357 apsidis
3083 2287 3343 2341 exteriori
3373 2287 3549 2340 adhuc
3580 2298 3593 2303 ‘

1953 2380 2175 2437 videtur
2198 2379 2525 2451 insculptum
2551 2377 2669 2448 ejus
2694 2393 3101 2447 ntunogramma
3120 2421 3136 2445 ,
3165 2379 3234 2435 de
3259 2394 3366 2450 quo
3392 2379 3546 2450 plura

1954 2478 2144 2541 postea
2174 2469 2437 2526 dicemus.
2480 2467 2597 2525 Non
2629 2468 2680 2525 id
2711 2477 2892 2523 tamen
2924 2479 3208 2524 assecutus
3248 2478 3333 2524 est
3362 2469 3546 2540 piissi-

1954 2576 2080 2616 mus
2112 2560 2332 2631 prazsul.
2360 2569 2420 2615 ut
2449 2559 2737 2616 ecclesiam
2758 2600 2773 2628 ,
2804 2575 2967 2630 quam
2994 2560 3205 2616 restitui
3237 2570 3547 2630 curaverat,

1957 2651 2075 2723 ipse
2102 2654 2212 2709 Deo
2234 2661 2603 2710 consecraret.
2635 2655 2942 2724 Antequam
2972 2653 3077 2708 iter
3107 2654 3159 2707 in
3192 2652 3547 2727 Hungariam,

1958 2747 2102 2818 quod
2137 2746 2387 2801 ultimum
2423 2745 2547 2813 ﬁat,
2578 2744 2991 2816 aggrederetur,
3018 2745 3131 2816 jam
3162 2755 3367 2818 crypta:
3397 2744 3548 2800 dedi-

1958 2838 2228 2895 cationem
2263 2845 2590 2907 paraverat;
2622 2847 2995 2891 verumtamen
3037 2843 3211 2892 morte
3249 2844 3552 2907 prmreptus

1959 2928 2116 2985 alteri
2147 2943 2281 2998 opus
2313 2926 2698 2998 perliciendum
2738 2926 2975 2996 reliquit,
3009 2926 3100 2998 qui
3134 2925 3233 2981 fuit
3263 2926 3320 2982 S.
3349 2927 3548 2993 Bardo,

1959 3020 2137 3076 dictus
2176 3019 2629 3089 Chrysostomus,
2683 3018 3126 3089 archiepiscopus
3176 3017 3546 3089 Moguntinus.

1959 3108 2058 3165 Die
2089 3109 2256 3179 igitur
2283 3109 2350 3163 15
2380 3107 2527 3163 Junii
2561 3108 2724 3173 1045,
2756 3123 2876 3178 quae
2922 3108 3181 3181 vigesima
3223 3109 3400 3179 prima
3426 3117 3553 3180 post

291 3198 550 3271 fastigium
621 3198 944 3270 perductam
998 3195 1052 3252 in
1117 3196 1379 3251 honorem
1436 3192 1495 3250 S.
1548 3193 1856 3262 Trinitatis,
1885 3177 1932 3240 C
1962 3177 2235 3257 Brunonis
2268 3199 2475 3255 obitum
2502 3198 2624 3266 fuit,
2658 3177 3087 3256 consecrata'est
3115 3177 3291 3273 (55)..

338 3313 459 3385 (22)
478 3314 724 3385 5ε1ιρῑρη
759 3311 998 3385 Annales
1025 3309 1538 3385 Raderbornenses,
1567 3316 1610 3363 t.
1646 3308 1699 3374 1,
1730 3308 1856 3365 498.

278 3380 384 3438 Vita
421 3380 496 3439 ’5.
552 3383 871 3439 lleiuwerki
922 3398 1007 3451 ap.
1056 3382 1344 3449 Leibnitz,
1397 3380 1624 3451 Scriptt.
1677 3395 1861 3435 rerum

278 3452 627 3509 Brunsvicen.
661 3463 702 3509 t.
738 3454 780 3525 l.
824 3470 877 3525 p.
909 3452 1034 3508 565.

338 3525 444 3595 (25)
479 3525 697 3580 Frisius
722 3522 928 3579 Chron.
961 3524 1184 3594 llerhip.

337 3591 443 3664 (21)
478 3595 631 3651 Non.
663 3609 921 3666 anonym.
966 3610 1052 3665 ap.
1088 3591 1291 3660 Baum,
1333 3591 1375 3648 1.
1418 3608 1505 3659 c.,
1549 3608 1604 3665 p.
1638 3593 1742 3649 H2
1785 3592 1863 3647 ait

282 3665 402 3721 1100
431 3682 657 3721 marcas
687 3665 1000 3736 protulisse.

336 3736 443 3807 (25)
481 3734 720 3800 Frisius,
752 3737 1012 3807 Schaten,
1045 3735 1087 3807 l,
1119 3734 1244 3807 507.

339 3804 444 3878 (26)
484 3807 720 3873 Frisius,
747 3805 982 3862 Schaten
1002 3847 1017 3870 ,
1047 3805 1099 3870 l,
1128 3804 1256 3878 510.
1285 3805 1543 3878 Testatur
1568 3804 1657 3878 hic
1682 3804 1859 3878 locum

281 3876 494 3932 illum'in
524 3878 696 3932 fertili
726 3878 947 3947 regione
977 3879 1118 3946 apud
1156 3876 1511 3944 Borgeutrich
1540 3876 1702 3930 situm
1722 3876 1865 3947 fuis-

283 3962 351 4012 se,
375 3957 751 4003 verumtamen
783 3945 877 4001 sua
912 3945 1072 4003 aetate
1100 3948 1316 4003 nonnisi
1349 3947 1593 4015 quaedam
1619 3945 1863 4004 ecclesiae

282 4020 454 4072 rudera
485 4020 761 4073 extitisse.
798 4018 928 4073 Ibid.

344 4088 714 4213 (SiﬁFrisius,
734 4087 1016 4143 Reinhard
1063 4087 1267 4145 Chron.
1292 4086 1534 4143 Wirceb.
1564 4103 1653 4160 ap.
1686 4089 1863 4145 Lude-

346 4175 394 4213 tl.
469 4160 696 4213 ufmanu
729 4160 874 4213 Ann.
908 4159 1338 4213 Batnhemenses
1361 4174 1449 4213 an.
1479 4163 1709 4213 eumlem
1742 4170 1780 4213 t.
1819 4161 1859 4213 1.

284 4159 696 4231 wig,llufmann
729 4160 877 4231 ᾼηη.
908 4159 1338 4231 Batnbergenses
1361 4174 1449 4228 ap.
1479 4159 1709 4213 eumlem
1742 4170 1780 4214 ι.
1819 4161 1859 4223 l,

286 4243 333 4298 p.
354 4228 419 4283 67
452 4229 693 4301 Scriptt.
729 4228 933 4301 Bamb.
962 4231 1129 4285 Actus
1150 4228 1600 4285 consecrationis
1634 4231 1763 4284 olim
1806 4232 1860 4286 in

290 4300 599 4374 capituloﬁsﬂ.
636 4300 1283 4374 BurchardiAasservatus
1310 4301 1577 4369 allegatus
1602 4318 1632 4355 a
1656 4302 1859 4374 Gropp.

290 4369 468 4425 Chron.
498 4373 749 4427 Wirceh.
779 4380 819 4424 t.
846 4370 908 4424 ll.
937 4371 1066 4426 206.
1442 4414 1457 4428 .

348 4440 450 4511 (28)
479 4441 941 4513 BruschiusCat.
967 4443 1341 4513 episcoporum
1367 4441 1668 4513 Eystcttcn.
1686 4441 1735 4497 «f.
1761 4442 1863 4498 185

1960 3311 2203 3368 archirio
2231 3311 2452 3381 capituli
2488 3319 2812 3383 asservatur
2852 3320 2890 3367 t.
2922 3310 2985 3377 ll,
3033 3325 3087 3383 p.
3116 3312 3183 3367 15
3224 3320 3280 3367 et
3311 3311 3372 3367 Β.
3405 3312 3552 3370 Neu-

1961 3398 2125 3438 mann
2158 3383 2209 3436 in
2242 3381 2608 3451 descriptione
2628 3383 2984 3438 dedicationis
3010 3381 3194 3452 templi
3221 3383 3383 3439 aulici
3412 3384 3550 3439 1745

1959 3469 2016 3526 p.
2049 3453 2142 3508 7.9
2171 3453 2263 3508 ubi
2291 3453 2502 3526 singula
2529 3466 2638 3526 aere
2667 3452 2875 3526 sculpta
2888 3454 3197 3526 _habentur.
3235 3454 3331 3526 Est
3366 3466 3550 3510 autem

1960 3524 2118 3579 actus
2142 3524 2593 3588 consecrationis,
2626 3524 2770 3593 quod
2801 3525 2853 3577 in
2886 3524 3234 3578 Brunoniaua
3261 3524 3551 3581 chronolo-

1961 3596 2047 3664 gia
2077 3594 2259 3667 magni
2285 3603 2382 3667 est
2410 3595 2667 3667 momenti
2698 3596 3003 3667 secundum,
3022 3596 3388 3667 apograpbum
3417 3596 3554 3667 (fac-

1961 3663 2288 3737 simile)'ap.
2332 3663 2621 3737 Neumann
2654 3664 2812 3737 hujus
2836 3663 3078 3737 tenoris}
3129 3663 3151 3717 ἱ
3190 3663 3346 3721 Auno
3375 3663 3551 3721 incar-

1967 3754 1987 3789 ι
2025 3735 2262 3791 nationis
2331 3736 2545 3791 Domini
2590 3736 2877 3791 millesimo
2925 3735 3040 3791 XL"
3078 3737 3205 3803 για,
3258 3737 3553 3793 indictione

1967 3825 1987 3860 ι
2021 3823 2113 3873 xv,
2163 3816 2476 3889 .regnante'
2545 3806 2935 3889 gloriosissimo
3024 3823 3150 3878 rege
3251 3806 3548 3889 lleinrico,

1968 3898 1988 3930 ι
2025 3877 2177 3948 regni
2231 3877 2349 3948 ejus
2388 3877 2525 3942 V'll",
2578 3878 2933 3933 ordinationis
2991 3877 3169 3933 autem
3229 3878 3350 3947 ejus
3404 3895 3549 3933 anno

1968 3968 1988 4001 ι
2031 3948 2213 4013 XVIIo,
2274 3950 2366 4004 Χιο
2407 3962 2538 4004 vero
2631 3948 2987 4004 ordinationis
3061 3963 3203 4002 anno
3279 3949 3549 4003 Brunonis

1969 4038 1989 4072 ι
2032 4020 2488 4091 δᾞηίὺιηςρηδὶε
2550 4019 2802 4091 ecclesiae
2876 4018 3203 4091 yeuerahilis
3234 4087 3249 4091 _
3286 4018 3549 4091 episcopi,

1970 4107 1989 4140 ι
2030 4089 2151 4143 ΧΧο
2175 4087 2459 4160 primodic
2509 4090 2689 4144 obitus
2723 4089 2840 4152 sui,
2872 4088 2981 4160 Ἠοῖ
3046 4087 3270 4143 Kalend.
3325 4087 3553 4143 scilicet

1969 4178 1989 4210 ι
2024 4159 2193 4226 Junii,
2221 4161 2467 4230 dedicata
2496 4171 2577 4214 est
2602 4161 2717 4214 haec
2736 4169 2941 4230 crypta
2958 4159 3023 4230 Ain
3054 4160 3316 4214 honorem
3347 4169 3552 4230 sanctre

1969 4247 1991 4282 ι
2026 4230 2312 4301 Trinitatis
2341 4246 2405 4301 ac
2446 4228 2503 4282 S.
2534 4230 2726 4301 Crucis
2748 4227 2813 4284 et'
2837 4230 2895 4283 S.
2926 4227 3107 4301 Marizc
3137 4246 3350 4301 semper
3378 4229 3555 4300 Virgi-

1969 4318 1989 4352 t
2027 4301 2111 4355 nis
2158 4309 2215 4355 et
2264 4300 2323 4355 S.
2370 4300 2631 4370 Stephani
2663 4300 3080 4372 protomartyris
3112 4310 3167 4355 et
3195 4300 3265 4355 in
3289 4301 3553 4357 honorem

1970 4390 1990 4423 ς
2029 4372 2273 4428 omnium
2301 4381 2613 4426 sanctorum
2641 4382 2939 4442 martyrum
2984 4382 3283 4442 eteorum,
3318 4387 3553 4441 quorum

1971 4461 1989 4493 ι
2028 4443 2268 4511 reliquiae
2299 4442 2386 4497 hic
2411 4441 2797 4496 continentur.
2817 4441 2930 4496 lloc
2952 4452 3038 4496 est
3065 4444 3130 4498 de
3152 4441 3359 4511 capillis
3379 4442 3556 4501 sancti

292 4525 474 4596 rers‘o,’
501 4512 731 4569 Gretser
776 4511 1127 4596 Cal.__episc..
1152 4511 1492 4596 'ﬁystetteu.’
1530 4512 1675 4596 _t._l_t
1724 4517 1859 4585 Opp.
1896 4536 1941 4596 ο
1973 4531 1992 4565 ι
2027 4513 2326 4596 Stlnephani
2357 4513 2769 4596 protomartyris
2795 4521 2849 4596 et
2881 4512 2956 4596 de
2979 4513 3187 4596 lapide,
3213 4527 3322 4596 quo
3350 4512 3559 4596 lapida-

293 4594 340 4649 p.
363 4582 477 4655 515
503 4599 573 4655 ex
602 4581 1330 4655 anonymoAllasenriediauo
1352 4584 1493 4655 (anui
1524 4586 1544 4655 1
1558 4585 1681 4638 υτό.

354 4652 457 4723 (29)
503 4651 825 4717 Bruschius,
875 4652 1311 4710 Kettlerinserm.
1347 4653 1401 4709 in
1447 4651 1676 4710 .lubilzeo
1727 4653 1866 4710 Bru-

295 4724 509 4779 nouiauo
537 4725 676 4779 1745
713 4725 918 4779 habito.

356 4793 459 4865 (50)
490 4794 718 4865 Frisius.

358 4864 461 4931 (5|)
493 4864 831 4923 Trithemius
856 4866 911 4922 in
942 4868 1081 4923 Ann.
1108 4865 1343 4923 Frisius.

360 4934 462 5005 (5i)
492 4934 888 5005 llimmelstein,
934 4940 1030 4995 der
1065 4938 1537 4996 St-Kilians-Dom
1564 4955 1632 4995 zu
1668 4937 1871 4996 Wun-

300 5000 625 5078 bu‘rg.'ts50,
652 5023 707 5078 p.
739 5008 791 5063 7.

363 5074 464 5138 (55)
492 5074 630 5132 Cum
654 5074 723 5133 'a.
775 5077 913 5135 1699
958 5089 1305 5139 amoveretur
1349 5080 1521 5139 altare
1548 5091 1749 5144 cryptze
1782 5084 1865 5137 in-

1972 4603 1992 4636 c
2032 4593 2121 4639 tus
2150 4581 2257 4646 est,
2287 4581 2367 4639 de
2385 4584 2501 4637 velo
2540 4581 2885 4640 Glmiesindis
2914 4581 2980 4648 V,
3011 4581 3079 4637 ab
3110 4581 3300 4652 angelo
3325 4581 3556 4651 eijuxta

1971 4675 1990 4719 ς
2025 4656 2198 4711 altare
2312 4654 2573 4740 Stephani
2604 4655 2765 4740 allato
2792 4663 2846 4708 et
2869 4654 3281 4740 imposito..un
3298 4653 3558 4740 in‘voluta:

1971 4744 1991 4778 ι
2031 4734 2159 4781 sunt
2190 4727 2429 4797 reliquiae
2455 4726 2533 4797 de
2548 4742 2670 4781 osse
2694 4724 2901 4797 humeri
3022 4723 3303 4797 Stephani.
3332 4725 3409 4797 pe
3430 4738 3564 4797 s_an-

1970 4815 1991 4848 c
2030 4796 2172 4851 datio
2199 4806 2254 4851 et
2293 4791 2469 4849 tunica
2514 4795 2572 4851 S.
2604 4794 2883 4864 Stephani,
2915 4794 2981 4849 dc
3023 4791 3285 4865 sanguine
3318 4791 3565 4865 (S._Ste-

1972 4886 1991 4919 ι
2028 4867 2212 4936 phani.
2268 4866 2530 4935 Reliquitc
2584 4870 2642 4921 S.
2677 4861 2779 4921 Viti
2820 4875 2979 4919 tuart.
3013 4861 3271 4936 lleliquim
3399 4861 3565 4936 Lant-

1972 4956 1991 4989 c
2028 4931 2167 4992 berti
2194 4938 2265 4992 Μ.
2297 4931 2559 5004 Reliquiae
2588 4947 2902 4993 sanctorum
2925 4931 3201 4991 leestini
3224 4931 3556 5004 etLTznt_rin‘i.

1976 5026 1995 5059 ι
2032 5008 2296 5082 11θ1ξψιὶίυ
2326 4998 2502 5082 sancti
2526 5007 2852 5082 Marcelliani
2894 5005 2969 5061 Μ.
3003 5003 3263 5082 Reliquiae
3372 4998 3558 5082 Blasii.

1976 5098 1995 5132 ι
2032 5072 2296 5140 Reliquiae
2354 5080 2409 5131 S.
2463 5075 2679 5132 Georgii
2737 5080 2808 5128 Μ.
2865 5072 3176 5126 sanntnrnin
3244 5072 3562 5118 Ialm-
