4000 5370
483 394 547 448 15
1436 394 1495 451 8.
1532 394 1770 454 8111]Νο
1810 394 2059 454 HERBIP

2172 398 2352 457 ENSIS
2384 396 2782 457 EPISCOPUS.
3672 392 3745 449 16
3819 416 3825 421 -

457 537 474 550 .
547 493 600 549 4.
632 488 744 547 Nec
770 466 950 545 mitior
979 485 1082 543 fuit
1105 483 1162 541 S.
1207 484 1473 542 Brunonis
1503 486 1556 541 in
1601 501 1866 558 pauperes
1911 503 2062 556 cura,
2091 496 2141 552 Α
2172 489 2223 544 in
2255 490 2571 546 cathedram
2602 490 3079 555 Eichstettensem,
3107 485 3362 545 defuncto
3397 483 3564 542 fratre
3592 483 3746 541 fleri-

477 587 741 659 siquidem
767 600 834 640 ex
861 582 1101 652 ejusdem
1133 580 1298 638 curiae
1321 579 1537 652 Sunryk
1559 582 1715 637 dicta:
1743 582 2060 649 redditibus,

475 681 675 751 quibus
718 674 1086 734 cathedralem
1150 672 1440 728 ecclesiam
1485 674 1783 738 ditaverat,
1836 674 2064 749 singulis

476 772 634 828 annis
659 784 757 841 per
797 775 967 823 totam
1019 764 1499 834 Quadragesimam
1540 764 1824 819 duodecim
1860 780 2061 836 paupe-

449 878 566 920 .res
606 860 840 935 nutriri,
890 857 1027 912 feria
1070 870 1201 911 vero
1247 863 1400 910 sexta
1425 854 1480 909 in
1528 853 1833 912 Parasceve
1875 855 2062 912 vestiri

475 954 638 1008 etiam
662 949 887 1021 jusserit
912 946 1048 1018 (54).

543 1044 599 1102 5.
641 1044 829 1100 Tanta:
875 1038 1145 1095 Brunoni:
1170 1037 1401 1093 virtutes
1446 1036 1617 1107 magis
1654 1052 1815 1107 quam
1843 1036 2063 1108 sangui-

474 1136 560 1191 nis
581 1132 794 1189 vincula
824 1146 951 1187 eum
999 1129 1417 1205 imperatoribus
1464 1126 1713 1184 Conrado
1735 1129 1779 1185 ll
1821 1139 1877 1184 et
1917 1127 2062 1184 Hen-

452 1214 687 1284 Vricolll
732 1221 1170 1294 acceptissimum
1220 1220 1525 1277 reddidere.
1573 1218 1759 1291 Neque
1809 1232 1987 1275 tamen
2016 1236 2061 1276 IS

473 1327 591 1374 erat
636 1317 839 1381 Bruno,
869 1314 960 1384 qui
989 1312 1329 1383 politicorum
1361 1326 1512 1367 more
1543 1311 1720 1365 aulam
1749 1295 1950 1382 regiam
1976 1327 2061 1368 se-

472 1415 734 1478 queretur
754 1414 811 1460 et
840 1418 1029 1474 regum
1056 1401 1229 1472 gratia
1255 1401 1356 1456 sibi
1383 1401 1712 1465 consuleret,
1743 1402 1836 1456 sed
1868 1416 1931 1457 ea
1953 1417 2058 1473 qua

474 1498 711 1569 pollebat
761 1494 1109 1558 auctoritate,
1154 1502 1212 1548 ut
1255 1493 1502 1549 ecclesiis
1551 1494 1852 1562 prodesset,
1895 1503 2061 1565 atque

472 1589 1002 1661 prmelaraquzeque
1046 1593 1416 1656 promoveret,
1461 1598 1591 1640 usus
1640 1592 1744 1653 est,
1794 1585 1939 1656 quod
1975 1601 2060 1642 se-

470 1682 763 1755 quentibus
786 1679 1050 1750 exemplis
1077 1678 1447 1750 probabimus.

541 1776 677 1832 Cum
728 1790 778 1829 a.
849 1772 988 1827 1040
1035 1771 1289 1842 Augustae
1346 1770 1565 1825 comitia
1620 1770 2055 1835 celebrarentur,

2165 583 2321 639 berto
2350 594 2654 652 vacantem,
2682 593 2964 655 promotus
2986 593 3070 639 est
3097 582 3231 654 (59).

2235 676 2505 733 Henricus
2551 693 2667 741 rex,
2702 693 2755 732 a.
2790 677 2926 733 1045
2948 658 3013 731 ex
3044 674 3322 731 Pannonia
3348 673 3545 739 redux,
3575 672 3748 729 Ulmze

2164 768 2492 838 colloquium
2533 769 2781 840 generale
2812 770 3022 823 habuit.
3056 768 3185 823 Pest
3210 766 3582 823 Constantiam
3612 774 3749 819 tem-

2163 873 2297 927 pore
2342 860 2533 929 synodi
2582 875 2703 914 cum
2750 876 2910 929 quam
2955 858 3200 929 plurimis
3245 856 3512 926 episcopis
3567 863 3745 919 \‘Cﬂll;

2165 951 2252 1006 die
2282 961 2464 1006 autem
2504 952 2887 1022 indulgemiw;
2939 967 3058 1021 quae
3103 960 3187 1006 est
3233 948 3365 1004 feria
3414 947 3449 1003 5
3481 948 3533 1002 in
3578 946 3748 1001 Carna

2164 1040 2400 1105 Domini,
2423 1058 2545 1096 cum
2570 1042 2820 1112 episcopo
2845 1040 3247 1097 Constantiensi
3275 1038 3475 1110 gradus
3495 1037 3750 1092 conl’ren-

2164 1130 2320 1194 dens,
2344 1146 2470 1186 suos
2502 1131 2746 1185 subditos
2770 1130 2836 1183 ad
2867 1146 3056 1200 pacem
3086 1128 3333 1184 hortatus
3360 1134 3442 1183 est
3463 1126 3751 1195 edictoque

2161 1239 2350 1293 pacem
2402 1223 2662 1289 ﬁrmavit,
2689 1223 3067 1293 omnibusque,
3110 1222 3203 1292 qui
3238 1236 3297 1276 se
3346 1219 3630 1283 laesissent,
3678 1232 3750 1272 ex

2160 1317 2473 1372 christiana:
2519 1316 2653 1388 legis
2698 1316 2947 1372 instituto
2992 1316 3207 1386 publice
3255 1310 3582 1370 condonavit
3610 1308 3747 1382 (40).

2159 1409 2557 1464 lnterciderunt
2600 1407 2820 1478 quidem
2852 1413 3218 1472 monumenta,
3249 1398 3443 1474 quibus
3483 1400 3536 1455 in
3567 1400 3751 1470 specie

2170 1501 2402 1572 probare
2429 1515 2732 1570 possemus,
2780 1497 3087 1553 Brunonem
3115 1505 3356 1552 nostrum
3389 1496 3530 1550 inter
3554 1500 3747 1548 aucto-—

2163 1605 2250 1646 res
2283 1600 2391 1645 tam
2423 1589 2626 1662 egregii
2674 1589 2834 1645 edicti
2879 1588 3065 1644 fuisse.
3113 1586 3497 1644 Verumtamen
3541 1598 3751 1656 praesu-

2161 1681 2416 1734 meudum
2444 1690 2549 1746 est,
2576 1694 2701 1735 eum
2730 1688 2914 1749 utpote
2943 1678 3152 1749 imperii
3180 1677 3479 1749 principem
3501 1669 3749 1730 conciliis

2161 1770 2507 1837 interfuisse;
2564 1778 2619 1825 et
2668 1785 2736 1825 ex
2792 1770 3042 1826 similiter
3086 1771 3224 1824 actis
3273 1783 3400 1823 vero
3454 1765 3744 1822 admodum

471 1864 740 1922 Brunonis
769 1862 942 1918 nostri
976 1860 1317 1930 aliorumque
1339 1860 1717 1930 episcoporum
1750 1861 2055 1915 interventu
2089 1867 2132 1927 Β
2160 1860 2337 1919 simile
2359 1870 2474 1926 est,
2504 1875 2626 1914 eum
2656 1875 2766 1930 prae
2810 1859 3065 1914 ninnibus
3099 1858 3204 1913 illis
3252 1855 3744 1922 annumerandum,

472 1958 740 2014 llenricus
786 1970 882 2010 rex
925 1952 1212 2009 ecclesiam
1245 1952 1297 2006 in
1340 1950 1679 2006 Riniclmach
1726 1949 2057 2006 monasterio

470 2048 756 2107 Altahensi
789 2046 855 2101 16
885 2044 1004 2101 Kal.
1033 2044 1195 2099 Febr.
1228 2042 1476 2098 attribuit
1507 2042 1643 2114 (55).

542 2139 711 2196 Paulo
732 2148 858 2210 post
878 2137 917 2193 9
948 2135 1065 2190 Kal.
1097 2134 1267 2190 Febr.
1283 2132 1521 2203 ejusdem
1556 2135 1682 2189 anni
1709 2134 1976 2189 Brunonis
2003 2140 2061 2188 et

470 2230 734 2288 Thietrici
774 2228 1031 2284 Metensis
1084 2228 1391 2283 interventu
1431 2226 1697 2282 Henricus
1739 2227 2057 2283 comitatum

469 2323 755 2387 Hasbaniae
784 2322 1028 2377 ecclesiae
1058 2317 1344 2374 Leodiensi
1377 2318 1648 2374 concessit
1671 2318 1809 2389 (56).

538 2415 697 2468 Anno
749 2420 1011 2482 sequente
1061 2407 1194 2464 1011
1251 2408 1484 2463 alterum
1546 2408 2059 2479 prmstantissimum

398 2538 405 2543 η
466 2504 792 2564 beneficium
823 2503 999 2559 eidem
1023 2498 1587 2559 ecclesize'Leodieusi
1610 2500 1883 2570 puestilit.
1924 2500 2060 2555 Cum

469 2601 618 2656 enim
647 2601 701 2654 in
725 2598 1036 2669 episcopum
1071 2596 1270 2651 ibidem
1298 2595 1501 2650 electus
1532 2595 1721 2650 fuisset
1754 2595 1946 2660 Wazo,
1978 2594 2062 2650 vir

466 2691 590 2763 pius
619 2703 682 2743 ac
709 2688 928 2751 doctus,
956 2695 1010 2740 et
1037 2685 1104 2739 ad
1136 2700 1321 2756 regem
1342 2725 1356 2750 ,
1387 2686 1476 2753 qui
1506 2683 1849 2749 liatisbonae,
1875 2683 2058 2741 Bobe-

468 2793 586 2831 mos
611 2790 985 2847 aggressurus,
1018 2775 1365 2839 morabatur,
1398 2789 1696 2829 consensus
1722 2773 1852 2844 regii
1884 2774 2060 2843 impe-

469 2867 648 2922 trandi
681 2883 847 2923 causa
877 2867 1077 2921 missus
1102 2866 1312 2930 fuisset,
1336 2865 1496 2922 multi
1520 2865 1818 2921 aulicorum
1844 2864 2063 2921 electio-

470 2973 593 3013 nem
643 2958 765 3013 sine
816 2957 966 3028 regin
1016 2955 1201 3011 favore
1249 2954 1448 3011 factam
1498 2971 1709 3011 cassam
1754 2971 1874 3011 esse
1904 2965 1960 3011 et
1992 2970 2060 3011 ex

469 3048 764 3120 capellanis
803 3048 969 3120 regiis
1005 3048 1239 3119 aliquem
1264 3087 1280 3114 ,
1311 3046 1401 3118 qui
1433 3063 1540 3103 non
1570 3057 1776 3103 tantum
1797 3063 2058 3118 praeesse,

472 3140 569 3195 sed
601 3150 655 3195 et
683 3140 943 3210 prodesse
979 3140 1166 3206 sciret,
1193 3139 1639 3210 promovendum,
1670 3141 2055 3195 causabantur.

471 3230 703 3301 Jamque
735 3231 877 3302 regis
902 3229 1119 3301 juvenis
1151 3230 1363 3284 animus
1392 3230 1443 3284 in
1478 3229 1532 3285 id
1563 3230 1952 3301 propendcbat,
2002 3240 2058 3285 ut
2084 3226 2132 3289 C

469 3323 540 3379 ad
576 3323 906 3401 Leodienses
935 3323 1165 3378 alterum
1205 3323 1536 3389 destinaret,
1570 3323 1673 3379 nisi
1709 3339 1773 3379 ex
1805 3324 2060 3379 universo

471 3422 618 3469 cmtu
648 3415 829 3470 Bruno
852 3413 999 3470 solus
1026 3430 1150 3470 cum
1192 3412 1522 3470 Herimanno
1548 3412 1859 3471 Coloniensi
1906 3414 2062 3470 resti-

476 3508 694 3574 tissent,
744 3523 1056 3579 annumque
1104 3507 1250 3579 regis
1291 3517 1347 3563 et
1395 3523 1680 3579 procerum
1730 3510 1797 3565 ad
1845 3509 2059 3565 saniora

473 3600 767 3656 traxissent
802 3600 939 3670 (57).

543 3694 702 3747 Anno
734 3691 872 3746 1012
913 3693 947 3747 5
992 3692 1113 3748 Jan.
1149 3692 1416 3749 Henricus
1463 3709 1557 3749 rex
1612 3694 1664 3750 in
1716 3694 2059 3750 lleercsheim

471 3783 714 3840 Brunoni
742 3784 971 3854 ejusque
1019 3785 1263 3840 ecclesia:
1292 3785 1438 3839 varia
1465 3785 1665 3855 praedia
1698 3784 1749 3839 in
1795 3801 1932 3855 pago
1951 3784 2062 3840 Co—

473 3874 737 3946 chengatv
767 3874 835 3929 ad
862 3873 1171 3929 Cocheram
1219 3874 1353 3939 sito,
1402 3875 1456 3928 in
1490 3875 1816 3944 Siudringen
1847 3890 2060 3944 nempe,

480 3966 932 4033 Suetneilendorf,
956 3966 1331 4036 Gerolzbagen
1362 3976 1416 4021 ct
1459 3967 1601 4021 Buch
1635 3968 1901 4022 concessit
1927 3968 2060 4037 (38).

477 4057 649 4130 liujus
684 4060 852 4115 etiam
895 4056 1201 4113 donationis
1238 4065 1424 4111 actum
1478 4056 1532 4111 in
1578 4059 1872 4127 appendice
1909 4046 2062 4112 addi-

474 4149 675 4206 dimus.
1176 4208 1179 4215 ,

545 4246 747 4301 Eodem
797 4261 940 4300 anno
981 4246 1251 4301 Brunonis
1298 4245 1558 4300 instinctu
1607 4244 2064 4298 Gozmannus-ex

475 4338 767 4394 comitibus
794 4339 861 4394 de
894 4339 1267 4409 Rothenburg,
1293 4337 1523 4392 clericus
1572 4328 2063 4404 Wirzehurgensis',

549 4472 664 4546 (51)
703 4470 837 4546 inde
865 4470 1099 4546 diploma
1127 4469 1454 4546 donationis.
1482 4469 1560 4524 Ita
1589 4485 1751 4539 porro
1780 4486 1884 4546 ms.
1919 4471 2065 4527 anti-

680 4540 1030 4617 allegatuina
1048 4540 1221 4594 Baum
1253 4541 1303 4593 in
1331 4555 1582 4617 sermone
1603 4556 1764 4617 supra
1793 4543 1885 4617 cit.

551 4614 672 4688 (55)⁸
698 4610 920 4688 llansitz
947 4612 1132 4688 Germ.
1176 4625 1341 4688 sacra
1374 4619 1423 4688 _t.
1457 4610 1545 4688 ll,”
1559 4626 1612 4680 p.
1662 4611 1782 4688 100.
1818 4610 2063 4681 Diploma

479 4681 715 4742 exiat'in
746 4684 910 4738 rebus
938 4681 1189 4737 Altahen.
1221 4681 1483 4735 addition.
1507 4681 1769 4735 Gcwoldi.

554 4755 666 4881 g6)
687 4754 911 4836 Littera:
939 4761 1129 4834 extant
1149 4767 1237 4821 ap.
1268 4750 1650 4833 Chapeauville
1672 4751 1712 4814 Ι,
1737 4751 1866 4832 270,
1892 4757 1946 4806 et
1973 4766 2062 4819 ap.

482 4826 565 4882 Au
605 4835 712 4882 ert.
767 4824 1008 4879 erzeum
1050 4838 1105 4877 Ill
1154 4837 1279 4882 Opp.
1340 4821 1621 4882 diplomat.
1670 4830 1727 4877 et
1781 4824 1911 4878 bist.
1954 4821 2062 4882 t.|.

482 4830 712 4882 Aubert.
767 4830 1008 4879 Mirzeum
1050 4830 1105 4877 in
1154 4837 1279 4946 0gp.
1340 4830 1621 4892 diplomat.
1670 4830 1727 4877 et
1781 4830 1911 4878 hist.
1954 4830 2064 4887 t.l,

464 4904 539 4970 ‘p.
568 4896 676 4970 gos
696 4895 783 4970 ed.
810 4895 866 4970 2.
896 4893 1134 4970 B_ruxell.
1171 4895 1193 4947 1
1236 4892 1372 4970 25η
1548 4960 1572 4970 _
1679 4962 1712 4970 __
1820 4963 1832 4970 _

466 4960 503 4979 ”
558 4967 670 5040 (57)
702 4965 941 5021 Anselmi
991 4974 1141 5036 gesta
1186 4962 1504 5035 pontificum
1548 4960 1926 5020 Leodiensium
1975 4976 2063 5034 ap.

481 5037 644 5096 Pertz
672 5036 763 5096 IX.
789 5036 918 5091 220.

527 5047 644 5094 ertz
672 5047 763 5101 ΙᾹ,
789 5047 918 5091 πυ.

1352 5102 1391 5114 σι
1538 5111 1545 5113 λ
1608 5102 1649 5114 Ω.
1690 5103 1704 5114 ο
1800 5103 1820 5114 Ι
1873 5104 1935 5114 Α-

2095 4569 2143 4629 D

2150 4751 2226 4808 ’et
2255 4754 2481 4807 alterum

2159 1960 2251 2030 qui
2295 1958 2406 2029 regi
2470 1972 2584 2013 rem
2628 1957 2764 2012 adeo
2810 1956 3107 2010 inauditam
3150 1963 3314 2024 atque
3362 1964 3745 2022 germanorum

2159 2049 2305 2117 illius
2332 2047 2431 2102 arvi
2461 2046 2701 2102 moribus
2731 2046 2867 2101 adeo
2890 2052 3276 2116 repugnantem
3302 2049 3613 2097 suaserunt.

2232 2142 2515 2198 Trilmitur
2543 2142 2707 2196 etiam
2758 2156 2788 2194 a
2833 2137 3081 2209 plurimis
3128 2136 3364 2191 Brunoni
3397 2143 3582 2190 nostro
3614 2130 3748 2187 insi-

2162 2250 2266 2306 gue
2314 2233 2555 2303 ejusdem
2582 2231 2797 2303 generis
2825 2230 3049 2294 factum,
3081 2228 3223 2299 quod
3252 2227 3304 2281 in
3333 2225 3609 2282 obsidione
3634 2221 3748 2277 Me-

2161 2325 2460 2384 diolaneusi
2514 2339 2563 2377 a.
2597 2322 2728 2377 1057
2769 2320 2881 2393 (41)
2906 2318 3122 2375 accidit.
3166 2317 3401 2372 Narrant
3437 2314 3743 2371 Conradum

2160 2419 2539 2489 imperatorem
2587 2412 2888 2483 perduelles
2922 2410 3181 2480 quosdam
3212 2407 3601 2477 Longohardia:
3628 2405 3747 2474 epi-

2161 2524 2374 2580 scopas,
2424 2507 2568 2561 inter
2615 2520 2751 2574 quos
2796 2514 2850 2577 et
2888 2501 3376 2564 Mediolancnsem,
3428 2499 3484 2552 in
3534 2495 3744 2552 vincula

2163 2598 2483 2669 conjecisse.
2539 2594 2639 2650 llic
2698 2608 2824 2648 vero
2874 2608 2996 2646 cum
3042 2589 3283 2645 custodia
3314 2588 3593 2644 evasisset.
3648 2599 3746 2643 rex

2162 2704 2286 2746 eum
2339 2688 2616 2743 insecutus
2668 2682 3025 2738 Mediolanum
3077 2696 3173 2751 per
3219 2680 3486 2750 integrum
3545 2691 3744 2731 annum

2168 2780 2408 2844 obsedit,
2440 2777 2717 2846 aliumque
2748 2776 2799 2828 in
2829 2772 2945 2842 ejus
2982 2770 3297 2827 cathedram
3322 2768 3551 2826 suffecit.
3609 2767 3744 2822 Cum

2163 2871 2329 2943 igitur
2380 2868 2660 2923 Conradus
2736 2875 2975 2922 castrum
3028 2864 3298 2935 quoddam
3350 2862 3409 2918 S.
3472 2859 3745 2916 Ambrosii

2164 2978 2332 3036 prope
2381 2960 2742 3017 Mediolanum
2792 2960 3076 3016 Curbitum
3102 2958 3305 3014 dictum
3334 2956 3625 3016 obsideret,
3658 2954 3747 3009 die

2163 3059 2549 3121 Pentecostes,
2596 3069 2719 3109 cum
2775 3052 2970 3108 etelum
3028 3060 3185 3106 antea
3233 3065 3483 3104 serenum
3534 3046 3743 3112 fuisset,

2168 3149 2436 3204 horrenda
2475 3153 2767 3216 tempestas
2806 3151 2995 3198 exorta
3022 3151 3105 3197 est
3134 3150 3392 3209 tantaque
3422 3136 3655 3207 fulgura,
3688 3142 3749 3188 ut

2164 3240 2317 3297 multi
2348 3238 2595 3295 homines
2621 3246 2675 3291 et
2703 3236 2827 3306 equi
2856 3237 2912 3291 in
2945 3234 3140 3289 castris
3162 3232 3579 3303 perimerentur,
3626 3226 3748 3296 qui-

2165 3336 2286 3392 dam
2313 3334 2476 3390 etiam
2506 3347 2617 3403 pra:
2642 3331 2872 3384 horrore
2902 3337 3082 3383 mente
3113 3331 3451 3394 caperentur.
3480 3319 3585 3373 Eos
3616 3330 3747 3371 vero

2164 3426 2255 3497 qui
2303 3433 2457 3480 extra
2494 3431 2674 3478 castra
2719 3421 2952 3486 fuerant,
2995 3418 3221 3473 reduces
3268 3412 3483 3469 nihilse
3512 3411 3578 3465 de
3612 3418 3749 3463 tem-

2162 3526 2371 3589 pestate
2399 3517 2632 3572 sensisse
2662 3514 2931 3568 dicebant.
2976 3510 3362 3580 Imperatorem
3398 3518 3525 3559 vero
3554 3501 3749 3557 eodem

2167 3619 2409 3680 tempore
2447 3608 2625 3661 missa:
2659 3606 2926 3669 astitisse,
2967 3603 3274 3672 episcOpum
3315 3607 3496 3652 autem
3534 3594 3748 3648 Bruno-

2165 3721 2314 3769 ncm,
2365 3700 2666 3757 Bertulfum
2712 3695 3056 3769 imperatoris
3103 3692 3457 3749 secretarium
3504 3688 3750 3756 aliosque

2166 3803 2393 3849 testatos
2423 3807 2561 3855 esse,
2595 3806 2652 3844 se
2698 3790 2754 3844 S.
2792 3786 3137 3842 Ambrosium
3168 3782 3387 3847 vidisse,
3418 3777 3602 3851 gravia
3630 3775 3755 3847 regi,

2165 3885 2535 3948 minitantem,
2563 3881 2666 3935 nisi
2697 3879 2979 3934 obsidione
3003 3879 3241 3934 cederet.

2236 3977 2431 4048 \Vippo
2469 3943 2753 4046 presbyter
2795 3973 3135 4043 imperatoris
3180 3943 3494 4035 famifiaris,
3543 3966 3633 4038 qui
3669 3966 3753 4021 vi-

2168 4078 2276 4123 tam
2326 4069 2559 4123 Conradi
2608 4067 2860 4136 scripsit,
2911 4073 3286 4134 tempestatem
3341 4068 3633 4127 memorat,
3680 4059 3753 4116 de

2166 4160 2377 4215 visione
2409 4169 2549 4214 tacet
2577 4159 2712 4228 (4‘2).

2240 4249 2387 4303 Multi
2459 4248 2737 4303 indefinite
2814 4248 3120 4302 Brunonem
3186 4246 3497 4316 episcopum
3565 4241 3748 4298 nomi-

2168 4351 2301 4399 nant
2346 4341 2460 4412 (45)
2506 4381 2520 4407 ,
2571 4342 2700 4411 quin
2758 4340 2876 4411 ejus
2935 4341 3116 4395 sedem
3178 4338 3445 4403 indicent,
3508 4350 3633 4392 cum
3664 4342 3750 4389 ta-

2170 4475 2232 4530 P.
2266 4473 2500 4540 Nengart
2526 4471 2577 4524 in
2611 4472 2923 4540 episcopatu
2952 4466 3349 4540 Constanticnsi
3379 4465 3417 4533 I,
3440 4465 3563 4521 555.

2245 4536 2355 4611 (11)
2383 4536 2458 4595 De
2488 4536 2661 4602 anno,
2686 4536 2875 4609 qun'id
2901 4550 3079 4593 actum
3102 4539 3261 4611 fuerit
3282 4578 3296 4600 ,
3324 4544 3754 4611 certautanctqo

2169 4605 2277 4668 res.
2312 4605 2619 4671 Bruschius,
2651 4605 3036 4679 Spangenberg
3074 4609 3298 4677 (Chron.
3345 4605 3749 4679 ilctnieberg,l.

2170 4699 2235 4746 ll,
2270 4699 2318 4737 c.
2368 4683 2439 4750 1).
2483 4676 2823 4750 (Σιιιοηῖεψῖ
2866 4676 3046 4750 Oropi)
3085 4676 3454 4750 (Neris._coll.
3505 4678 3544 4741 I,
3595 4676 3749 4750 825),

2534 4752 2611 4822 (in
2662 4748 2929 4819 exverptis
2964 4749 3199 4822 Eahricii
3256 4748 3346 4803 fol.
3395 4749 3498 4822 150
3546 4749 3749 4817 verso),

2172 4840 2372 4878 annum
2432 4820 2568 4875 1051
2632 4822 2936 4889 indigitant.
2988 4820 3174 4872 llerin.
3210 4820 3747 4889 vet'oVContractns,

2171 4894 2454 4948 Cuuradus
2498 4893 2664 4945 abbas
2699 4888 3107 4960 Urspergensis,
3157 4907 3284 4943 ann.
3339 4888 3630 4960 Ilildesien.
3656 4902 3747 4960 ap.

2171 4965 2329 5020 Pertz
2385 4964 2444 5029 \',
2495 4963 2582 5016 09.
2637 4956 3049 5031 Anglistaiﬂv,
3102 4960 3225 5026 125,
3276 4958 3609 5031 diellicenses
3656 4956 3749 5031 xl,

2168 5035 2277 5088 493
2321 5034 2386 5088 ad
2410 5028 2461 5086 a.
2499 5028 3168 5116 lUﬂS'lrefcruntflonratli
3198 5032 3313 5116 iter
3338 5029 3387 5116 i‘n
3419 5028 3647 5116 Italiam,
3695 5028 3752 5082 in
