4000 5370
433 404 504 460 19
1364 403 1421 459 S.
1464 401 1700 459 BllUNO
1739 399 2283 459 HERBIPOLENSIS
2321 400 2718 459 EPISCOPUS.
2951 407 2957 417 '
2997 388 3073 407 ω’
3161 409 3169 413 ’
3627 396 3701 455 ιο

433 524 583 572 cunt.
608 515 761 583 Quod
785 515 1004 586 quidem
1038 514 1512 571 transmittendum
1553 476 1716 580 erat‘,
1766 515 1870 569 nisi
1912 504 2023 569 An?
2047 517 2097 576 Α
2126 514 2325 569 bantur
2356 515 2410 569 in
2456 513 2867 578 anniversario,
2911 511 3057 581 quod
3081 524 3251 581 usque
3280 508 3349 565 ad
3383 523 3434 564 a.
3480 506 3618 564 1616
3642 508 3699 564 in

435 608 595 663 drcas
625 607 914 676 episcopus
941 603 1414 676 Wirgeburgensis
1443 605 1497 659 in
1542 606 1762 659 statutis
1789 605 2022 675 synoda-

435 696 575 753 libus
619 713 671 751 a.
721 697 858 753 15ιᾶ
908 695 1020 767 (51)
1067 696 1242 766 legem
1292 695 1536 763 tulisset,
1589 712 1709 766 qua:
1758 705 1945 766 postea
1991 710 2022 750 a

436 787 735 844 Woliratuo
778 789 917 843 15Ξο
960 797 1015 843 et
1061 804 1092 843 a
1141 787 1412 845 Gottfrido
1458 788 1526 843 lV
1566 788 1784 843 3.1446
1831 789 1883 842 iu
1924 804 2020 842 sua

435 887 639 933 statuta
664 879 732 934 ad
773 880 998 934 verbum
1043 890 1294 949 suscepta
1325 889 1407 936 est
1432 897 1447 933 :
1476 879 1618 934 diem
1647 893 1843 948 nempe
1883 876 2020 933 Bru-

432 969 591 1023 nouis
616 970 1047 1025 anniversariam
1073 989 1094 1023 ι
1126 971 1371 1026 Sabbato
1396 981 1515 1041 post
1541 971 1682 1026 diem
1705 970 1766 1038 β.
1796 969 2017 1033 Urbani,

434 1074 543 1128 quo
568 1058 805 1117 feliciter
841 1061 983 1116 diem
1011 1071 1317 1117 extremum
1365 1061 1623 1120 clauserit
1672 1079 1692 1112 ›
1743 1060 2023 1115 celebran-

358 1226 365 1231 ι
432 1152 558 1209 dam
599 1168 742 1210 esse.
780 1153 949 1209 Aiunt
980 1168 1148 1224 porro
1192 1154 1282 1223 qui
1314 1154 1437 1209 huic
1476 1154 1583 1210 diei
1626 1152 1845 1218 favent,
1878 1152 2022 1208 diem

433 1244 588 1302 illum
638 1246 807 1305 fuisse
844 1247 939 1304 illo
986 1263 1131 1303 anno
1175 1245 1246 1303 26
1291 1247 1436 1302 Maii.
1479 1247 1680 1302 Verum
1729 1245 1783 1300 id
1828 1244 2025 1314 oppido

432 1336 790 1395 falsrssimum
835 1352 920 1395 est
947 1343 1326 1410 undequaque.
1370 1338 1506 1393 Nam
1536 1338 1890 1393 Pentecoslcn
1934 1335 2024 1390 illo

434 1447 581 1487 anno
610 1432 642 1487 7
669 1432 788 1488 Kal.
807 1433 1043 1489 Annales
1062 1433 1418 1491 Corbeienses
1448 1432 1565 1505 (52)
1595 1432 1813 1486 tradunt
1831 1429 2021 1494 fuisse,

431 1528 771 1598 proindeque
809 1529 926 1584 dies
968 1527 1028 1584 S.
1075 1528 1317 1594 Urbani,
1364 1542 1485 1597 qum
1535 1525 1570 1581 8
1613 1524 1732 1583 Kal.
1778 1532 1880 1589 est,
1926 1522 2026 1577 fuit

436 1619 615 1690 ipsum
640 1619 936 1676 Sabbatum
970 1621 1027 1678 in
1072 1620 1278 1690 vigilia.
1318 1619 1491 1675 Porro
1534 1618 1841 1672 Brunonem
1890 1612 2023 1668 feria

434 1715 471 1767 8
496 1719 619 1781 post
641 1712 996 1770 Pentecosten
1024 1712 1334 1769 defunctum
1367 1720 1599 1767 testatur
1633 1707 1861 1763 Frisius.
1885 1704 2026 1760 Hinc

436 1818 548 1859 non
575 1803 761 1860 dubito
805 1805 887 1859 vel
916 1820 1131 1861 errasse
1172 1803 1451 1859 Andream
1479 1799 1564 1856 vel
1593 1808 1799 1855 textum
1830 1810 2024 1851 eorru-

2122 605 2389 660 Bruuonis
2415 604 2727 659 nemori-am
2758 599 3084 657 celebratum
3111 608 3213 654 est.

2193 698 2434 753 Alterura
2470 697 2614 767 quod
2646 695 2890 751 eruditos
2925 693 3149 748 multum
3178 691 3443 757 excreuit,
3470 700 3556 746 est
3582 688 3702 760 ejus

2121 806 2546 861 monogramma,
2579 789 2719 858 quod
2749 788 2800 842 in
2825 796 2977 857 parte
3003 785 3275 840 exteriore
3300 783 3505 854 apsidis
3529 781 3703 837 eccle-

2123 884 2218 938 size
2243 882 2571 938 cathedralis
2603 879 2928 951 insculptum
2952 888 3035 934 est
3063 887 3117 933 et
3144 878 3198 932 in
3226 877 3461 931 nummis
3485 875 3700 945 episco-

2122 989 2313 1045 porum
2357 971 2921 1041 Wirzeburgensium,
2960 969 3051 1039 qui
3092 976 3149 1023 et
3179 966 3346 1021 duces
3387 962 3706 1019 Franconize

2124 1063 2415 1120 Orientalis
2449 1070 2606 1116 erant
2651 1070 2705 1115 et
2755 1061 2879 1115 inde
2927 1075 2956 1113 a
3002 1057 3393 1128 Meginhardo,
3434 1051 3707 1109 Brunonis

2122 1157 2555 1228 puedecessore,
2622 1153 2880 1209 cudenda:
2930 1158 3158 1206 monetae
3192 1150 3283 1219 jus
3338 1146 3704 1205 exercebant,

2125 1261 2296 1317 usque
2310 1246 2376 1301 ad
2400 1244 2577 1301 surculi
2595 1261 2664 1298 xv
2679 1245 2837 1299 linem
2864 1243 3101 1299 occurrit
3121 1250 3176 1296 et
3198 1248 3282 1296 est
3304 1238 3463 1308 lmjus
3487 1237 3706 1292 formm:

2194 1338 2327 1402 Nos,
2363 1353 2483 1407 qua:
2530 1338 2596 1391 de
2640 1334 2757 1404 ejus
2796 1351 2954 1388 sensu
2985 1350 3015 1388 a
3061 1332 3145 1387 di-
3378 1347 3480 1434 in

2125 1430 2297 1486 versis
2321 1428 2464 1482 dicta
2500 1437 2647 1491 sunt,
2681 1427 2769 1480 hic
2793 1440 2899 1480 non
2934 1431 3143 1493 repete-

2128 1536 2280 1585 mus,
2307 1520 2401 1623 sed
2430 1518 2497 1574 de
2538 1519 2641 1623 hac
2672 1533 2731 1572 re
2768 1519 2836 1571 ad
2875 1531 2997 1570 eum
3030 1512 3141 1616 (56)

2125 1439 2297 1486 versis
2321 1439 2464 1482 dicta
2500 1439 2647 1491 sunt,
2681 1439 2769 1480 me
2793 1440 2899 1480 non
2934 1439 3143 1493 repete-

2128 1536 2280 1585 mus,
2307 1520 2401 1576 sed
2430 1518 2497 1574 de
2538 1519 2641 1573 hac
2672 1533 2731 1572 re
2768 1519 2836 1571 ad
2875 1531 2997 1570 eum
3030 1512 3141 1584 (58)
3170 1524 3261 1612 EF
3389 1439 3449 1577 λ

2125 1611 2499 1716 ’θῖηῗῨίίηῗἻεε
2539 1609 2649 1712 qui.
2684 1610 2888 1716 "sua
2923 1605 3140 1716 sese?
3401 1596 3449 1716 Υ

2125 1703 2283 1760 solvit
2300 1745 2314 1766 ,
2335 1710 2388 1757 et
2411 1700 2569 1771 hujus
2605 1699 2744 1772 signi
2787 1698 2895 1753 vim
2915 1711 2980 1751 eo
2993 1708 3152 1765 expo-

2126 1795 2255 1853 suit.
2272 1802 2330 1848 ut
2341 1792 2506 1848 verba
2522 1792 2651 1855 siut,
2667 1792 2846 1845 Bruno
2859 1789 3148 1858 episcopus.

436 1902 689 1965 ptum,et
734 1895 1018 1966 legendum
1066 1910 1219 1962 esse,
1268 1894 1433 1949 altero
1488 1893 1576 1948 vel
1625 1891 1855 1947 secundo
1902 1894 2027 1960 post
2057 1866 2101 1924 Β
2200 1885 2330 1955 Ejus
2354 1884 2595 1946 domum,
2625 1881 2808 1937 nescio
2836 1894 2945 1950 quo
2968 1876 3340 1966 fundamento,
3371 1871 3522 1966 aiunt
3543 1867 3715 1966 fuisse

439 1985 500 2041 S.
538 1987 737 2042 Urbani
765 1988 873 2054 die,
900 2003 1006 2057 quo
1029 1987 1235 2044 Frisios
1278 1988 1332 2041 in
1361 1984 1663 2042 catbedrali
1693 1981 2027 2038 celebratum

438 2066 610 2133 fuisse
635 2078 1066 2133 anniversarium
1095 2120 1111 2142 ,
1137 2086 1474 2133 consonante
1511 2076 1650 2131 libro
1693 2073 2030 2130 ceremonia-

439 2185 560 2224 rum
589 2170 833 2226 ecclesiae
858 2171 1188 2227 catltedralis
1218 2171 1619 2241 antiquissimo,
1647 2177 1900 2224 testatur.

512 2259 717 2317 Errore
755 2260 1011 2330 denique,
1037 2261 1128 2329 qui
1157 2259 1312 2329 longa
1339 2259 1483 2314 serie
1508 2267 1793 2314 auctorum
1823 2269 2027 2327 propa-

442 2360 599 2421 gntus
626 2360 742 2415 est,
775 2351 980 2406 factum
1004 2360 1109 2418 est,
1135 2361 1196 2406 ut
1223 2353 1275 2407 in
1304 2352 1707 2425 martyrologiis
1736 2349 2031 2406 Galesiniis

440 2457 674 2513 eumque
718 2444 890 2499 secuti
942 2443 1210 2500 Barouius
1263 2453 1319 2498 et
1368 2444 1621 2500 Canisius
1668 2443 1781 2515 (55)
1829 2442 2031 2499 festum

444 2540 504 2594 ὃ.
547 2539 819 2595 Brunonis
848 2540 901 2594 in
941 2540 1084 2595 diem
1120 2541 1183 2595 l7
1229 2539 1358 2595 Maii
1396 2538 1741 2609 reposuerint
1774 2555 1791 2605 ;
1834 2537 1944 2592 imo
1971 2542 2034 2592 ut

441 2630 673 2687 ecclesia
721 2630 1162 2701 llerbipolensis,
1214 2632 1474 2686 Romanae
1522 2630 1836 2686 ﬁdelissima
1878 2628 2029 2697 ﬁlia,

444 2720 885 2793 Martyrologium
916 2720 1216 2775 Romanum
1240 2731 1446 2787 secuta,
1468 2721 1716 2778 eumdem
1740 2720 1882 2775 diem
1912 2733 2033 2774 sus-

443 2812 672 2883 ceperit,
710 2827 835 2867 cum
881 2811 1015 2868 alius
1039 2827 1103 2868 ex
1134 2811 1374 2885 propriis
1423 2810 1789 2869 monumentis
1835 2808 2034 2865 admit-

442 2903 641 2959 tendus
666 2904 761 2959 sit.
1459 2912 1462 2919 '

516 2992 747 3050 Sederat
790 2994 958 3064 igitur
1004 2996 1058 3051 in
1108 2993 1166 3051 S.
1211 2994 1512 3050 Burcbardi
1560 2989 1817 3053 cathedra
1846 2990 2031 3049 Bruno

443 3098 547 3155 per
590 3099 762 3141 annos
806 3086 894 3151 11,
926 3101 1143 3141 menses
1171 3086 1236 3153 l,
1267 3084 1386 3142 dies
1430 3085 1518 3141 14.
1568 3080 1817 3140 Nonnulli
1859 3097 2032 3141 annos

446 3180 539 3246 12,
577 3180 662 3235 vel
691 3196 906 3239 menses
933 3181 970 3237 2
991 3182 1249 3238 inducunt
1293 3181 1432 3253 (54).
1459 3180 1592 3239 illud
1616 3191 1744 3236 vero
1766 3178 2030 3236 ﬁdissima

444 3282 799 3330 monumenta
826 3272 939 3344 (55)
977 3281 1233 3328 testatum
1264 3272 1619 3344 reliquerunt.

517 3365 572 3419 7.
613 3364 883 3421 Brunouis
922 3380 1136 3421 sacrum
1165 3380 1361 3435 corpus
1393 3364 1461 3419 ab
1485 3361 1802 3420 oﬂicialibus
1838 3361 2034 3418 Herbi-

445 3454 615 3525 polim
660 3455 980 3511 translatum
1025 3464 1144 3523 est,
1190 3457 1451 3527 aiuntque
1479 3454 1593 3527 (56)
1634 3455 1781 3525 ipsos
1809 3453 2033 3509 modum

446 3546 839 3605 luctuosissimi
876 3549 1053 3605 exitus
1101 3549 1381 3620 aliquanto
1433 3558 1676 3617 tempore
1725 3547 2032 3612 reticuisse,

447 3654 522 3695 ne
547 3636 702 3709 plebs
730 3639 900 3695 nimio
947 3639 1131 3695 dolore
1167 3640 1497 3695 turbaretur.
1548 3637 1806 3709 Sepultus
1847 3644 1932 3691 est
1976 3635 2035 3691 in

448 3740 643 3803 crypta
671 3732 912 3789 ecclesia:
935 3732 1281 3795 eathedralis,
1314 3747 1477 3801 quam
1502 3731 1617 3801 ipse
1646 3726 2033 3794 aediﬁcarent,

444 3819 673 3893 jamque
695 3838 1017 3879 consecrare
1040 3823 1259 3880 molitus
1280 3822 1479 3879 fuerat.
1504 3819 1849 3891 Epitaphium
1867 3817 2036 3887 ipsius

450 3913 759 3985 huiusmodi
791 3914 925 3970 fuit:
963 3933 984 3967 ι
1019 3915 1178 3971 Anno
1206 3914 1420 3969 Domini
1446 3912 1639 3968 MXLV
1665 3926 1718 3967 vt
1740 3908 1860 3966 Kal.
1890 3906 2037 3965 Junii

448 4003 637 4059 obebit
664 4002 848 4059 Bruno
878 4003 1163 4074 episcopus
1192 4001 1446 4059 fundator
1485 4002 1622 4074 (57).

527 4091 830 4162 Supersunt
884 4102 942 4149 et
988 4093 1094 4148 alia
1152 4092 1425 4148 Brunonis
1475 4096 1862 4150 monumenta,
1918 4099 2039 4155 qum

449 4185 729 4240 mentione
758 4198 864 4239 non
890 4182 1019 4238 sunt
1059 4184 1321 4255 indigna:
1353 4191 1410 4238 et
1449 4189 1535 4236 est
1579 4176 1883 4249 praeprimis
1922 4175 2039 4244 ejus

451 4277 671 4343 casula,
705 4293 825 4348 quae
864 4277 922 4332 in
965 4275 1193 4332 ecclesia
1235 4273 1528 4331 cathedrali
1571 4278 1907 4334 asservatur,
1934 4268 2041 4323 cir-

449 4385 793 4445 cumquaque
816 4370 1020 4436 clausa,
1043 4368 1244 4425 coloris
1270 4366 1491 4421 violacei
1513 4373 1569 4419 et
1589 4363 1861 4434 quondam
1877 4375 2042 4432 Opere

447 4461 680 4532 phrygio
725 4460 987 4517 deaurata
1012 4498 1028 4524 ,
1065 4472 1188 4527 quas
1230 4457 1452 4511 uberius
1483 4452 1834 4509 describenda
1878 4450 2040 4517 foret,

450 4553 560 4610 nisi
586 4568 782 4610 manus
807 4550 1116 4609 Vandalicas
1146 4548 1546 4605 devaStassent.
1574 4543 1690 4599 [lac
1713 4540 1898 4599 casula
1924 4550 2043 4597 ute-
2059 4571 2117 4633 Β

428 4720 433 4725 ’
516 4706 634 4766 (51)
662 4708 900 4764 Concilia
927 4704 1232 4763 Germania
1248 4698 1540 4766 ι.Π,248.

544 4774 634 4849 52)
674 4783 778 4849 Ap.
811 4778 994 4849 Pertz,
1024 4774 1092 4849 γε
1127 4777 1183 4831 6.
1300 4842 1314 4849 _
1434 4841 1446 4849 _
1500 4839 1532 4849 _
1732 4813 1758 4849 ‘.

544 4833 633 4918 55)
674 4833 1023 4918 Martyrolo'g.
1054 4833 1264 4918 gem...
1298 4842 1354 4896 in
1381 4841 1468 4897 ed.
1500 4839 1535 4895 '5
1562 4852 1670 4893 non
1700 4833 1967 4892 absoluta.

544 4853 612 4903 5'5
674 4853 1023 4918 Martyrolog.
1054 4853 1264 4907 ὕει-ιιι..
1298 4853 1313 4896 ι

544 4853 635 5024 ΜΞ
674 4919 854 4988 Aliqui
883 4919 1021 4988 apud
1058 4914 1313 4969 Frisium.

548 4989 612 5024 κκ
675 4988 854 5024 ιΡΙη-ηη
911 4987 1104 5024 ιΙιιηΙρΥ
1160 4998 1243 5024 nn,
1293 4981 1313 5024 ί

546 4971 877 5070 βέἑλὲξεέειη-
911 4971 1105 5070 anas:
1159 4971 2035 5070 ςρ-..ρτορ.ρ.,ιιε›εεεε;,ςιιειξ»

580 5031 635 5070 ’Ἴ

453 5060 555 5070 Δ...
604 5059 702 5070 Λιιι

517 4779 541 5051 Ξ

2057 3224 2104 3286 C

2129 1976 2185 2033 in
2211 1976 2328 2031 loco
2353 1974 2444 2044 qui
2471 1974 2672 2028 dicitur
2694 1967 3004 2025 Braunsltol
3024 2008 3039 2033 ,
3068 1982 3174 2023 non
3204 1965 3363 2034 longe
3390 1961 3458 2016 ab
3482 1959 3712 2015 ecclesia

2129 2065 2451 2123 eatbedrali.
2466 2064 2646 2119 Bruno
2667 2070 2889 2116 statura:
2910 2056 3241 2130 praegrandis
3263 2062 3401 2113 erat,
3424 2061 3484 2105 ut
3503 2065 3569 2104 ex
3592 2047 3716 2117 ejus

2128 2154 2373 2227 reliquiis
2415 2154 2741 2211 concludere
2784 2151 2947 2214 licet,
3003 2149 3183 2219 capite
3225 2161 3321 2215 pro
3352 2152 3558 2200 statura
3604 2155 3714 2194 non

2129 2250 2418 2307 admodum
2446 2260 2663 2317 magno,
2707 2242 2916 2313 capillis
2937 2256 3057 2296 eum
3086 2239 3220 2293 obiit
3255 2235 3367 2305 jam
3397 2233 3550 2288 canis
3574 2229 3712 2301 (59).

2129 2342 2261 2411 Ejus
2288 2339 2605 2396 memoriam
2634 2343 2688 2391 et
2713 2335 2767 2389 in
2798 2334 2902 2388 hoc
2929 2332 3133 2387 honore
3162 2324 3431 2398 prosecuti
3461 2329 3584 2377 sunt
3616 2334 3717 2374 rex

2129 2445 2187 2492 et
2206 2432 2644 2504 Herbipolenses,
2667 2427 2810 2499 quod
2840 2423 2958 2495 ejus
2990 2430 3263 2494 nepotem,
3293 2415 3715 2478 Adalberoncm,

2131 2529 2188 2588 in
2209 2526 2328 2600 ejus
2354 2527 2530 2582 locum
2558 2520 2885 2579 sull‘ecerunt
2911 2517 3047 2591 (60).

2398 2616 2466 2675 ll.
2504 2613 2583 2671 De
2614 2610 2880 2668 Brunonis
2908 2609 3188 2664 sanctitate
3214 2614 3264 2660 et
3295 2604 3460 2659 cultu.

2204 2708 2259 2767 8.
2295 2702 2480 2764 Bruno
2523 2701 2807 2761 defunctus
2852 2713 3103 2770 magnam
3146 2707 3269 2768 post
3313 2711 3372 2750 se
3412 2689 3719 2748 sanctitatis

2131 2798 2586 2860 existimationem
2634 2792 2874 2865 reliquit.
2908 2791 3057 2847 Inter
3099 2788 3382 2860 episcopos
3428 2783 3570 2839 illius
3615 2780 3716 2836 ειενί

2132 2893 2420 2951 sanctitate
2441 2898 2499 2946 et
2519 2885 2746 2944 scientia
2776 2892 3097 2957 praestantes
3117 2879 3229 2949 jam
3256 2893 3286 2932 a
3311 2876 3573 2943 scriptore
3594 2871 3718 2925 vita:

2134 2983 2192 3041 S.
2225 2980 2535 3041 Meinwerki
2579 2977 2722 3051 apud
2765 2974 3125 3033 Leibnitzium
3157 2970 3269 3043 (6i)
3318 2972 3633 3023 recensctur
3659 2969 3718 3015 et

2133 3095 2198 3136 ex
2244 3075 2570 3135 testimoniis
2614 3070 3024 3131 miraculorum,
3053 3081 3173 3137 qua:
3210 3062 3349 3119 infra
3381 3060 3593 3120 damus,
3624 3069 3717 3109 se-

2134 3170 2320 3241 quitur
2344 3176 2468 3222 cum
2494 3162 2692 3221 smculo
2720 3177 2796 3218 xu
2836 3166 3069 3215 exeunte
3097 3164 3152 3211 et
3176 3168 3274 3209 xm
3318 3152 3536 3205 ineunte
3562 3161 3592 3198 a
3619 3158 3720 3213 po-

2133 3257 2262 3332 pulo
2295 3256 2591 3315 christiano
2619 3260 2870 3309 sanctum
2916 3248 3218 3302 dictitatum
3264 3248 3317 3295 et
3359 3245 3417 3292 ut
3466 3243 3717 3332 sane-tcum

2132 3322 2444 3411 invocatum
2472 3345 2657 3402 fuisse.
2696 3343 2830 3399 Dein
2858 3337 3187 3396 creberrime
3213 3333 3400 3386 beatus
3427 3325 3539 3397 (62)
3578 3322 3716 3375 diei-

2133 3452 2222 3501 tur
2246 3451 2302 3499 et
2339 3449 2559 3495 sanctus
2592 3435 2730 3507 (65),
2764 3439 2819 3486 ct
2847 3445 2877 3482 a
2910 3428 3020 3481 Deo
3060 3425 3218 3479 datus
3255 3418 3366 3489 (64)
3409 3424 3465 3471 et
3488 3428 3719 3507 venera-

2131 3534 2258 3591 bilis
2300 3531 2434 3603 (65).
2483 3502 2615 3582 Eum
2643 3502 2818 3579 editor
2845 3514 3083 3588 psalterii
3125 3509 3488 3581 Reyserianus
3516 3502 3717 3603 saeuit)

2131 3640 2203 3680 xv
2241 3595 2474 3676 exeunte
2517 3622 2674 3669 vocat
2708 3629 2725 3661 ι
2763 3607 3080 3678 praeclarum
3112 3601 3423 3670 episcopum
3454 3595 3718 3664 religione

2133 3723 2190 3770 et
2222 3713 2334 3766 \‘ita
2356 3715 2624 3766 sanctum,
2659 3721 2678 3754 ι
2712 3700 2892 3767 aitque
2927 3716 2944 3747 ι
2979 3695 3234 3749 virtutum
3264 3688 3519 3761 operibus
3563 3685 3716 3741 ell‘ul—

2135 3806 2273 3861 sisse
2297 3810 2352 3857 et
2380 3795 2723 3853 commissum
2751 3789 2853 3844 sibi
2896 3802 2926 3840 a
2959 3785 3185 3841 Domino
3214 3795 3433 3854 gregem
3468 3785 3524 3832 et
3551 3791 3720 3846 opere

2137 3904 2193 3952 et
2233 3890 2482 3960 exemplo
2524 3900 2737 3955 semper
2781 3881 3011 3952 pavisse.
3051 3897 3069 3929 ι
3104 3875 3279 3931 Coaevi
3330 3869 3618 3945 _Tritbemii
3649 3870 3717 3923 de

2136 3999 2202 4040 eo
2221 3981 2505 4054 judicium,
2547 3974 2691 4045 quod
2731 3982 2785 4026 et
2827 3971 2966 4024 libro
2994 3970 3059 4022 de
3090 3962 3456 4033 Scriptoribus
3497 3960 3717 4029 repetit,

2138 4088 2301 4144 supra
2327 4071 2594 4127 dedimus.
2626 4060 3034 4133 Cbrouograpbi
3068 4056 3480 4126 Herbipolenses
3525 4066 3719 4105 omnes

2138 4140 2461 4227 consonant,
2494 4166 2692 4229 prmter
2737 4169 2902 4209 tutum
2941 4150 3203 4205 Joannem
3229 4144 3470 4209 Mueller,
3501 4140 3591 4211 qui
3622 4157 3720 4196 ore

2142 4256 2405 4314 infrunito
2429 4265 2596 4306 ausus
2618 4258 2702 4303 est
2727 4248 2926 4308 dicere,
2960 4257 3081 4296 eum
3114 4241 3253 4294 inter
3273 4246 3493 4292 sanctos
3523 4248 3718 4288 nume-

2141 4358 2317 4405 ratum
2348 4361 2453 4401 non
2483 4338 2825 4396 obstantibus
2852 4333 3047 4389 diaboli
3091 4332 3144 4387 in
3183 4326 3378 4398 spectri
3414 4325 3587 4380 forma
3620 4339 3718 4391 ap-

2141 4439 2386 4513 parentis
2430 4433 2628 4489 verbis.
2660 4429 2811 4496 Quod
2843 4441 2939 4479 nos
2979 4438 3100 4478 cum
3140 4418 3331 4474 fabella
3376 4417 3466 4471 illa
3512 4414 3723 4483 respui-

2147 4506 2267 4587 mus
2294 4522 2699 4598 indignabuudi,
2722 4533 2790 4572 ex
2814 4533 2917 4586 qua
2947 4515 3109 4569 etiam
3132 4512 3179 4567 si
3210 4525 3333 4565 vera
3361 4517 3503 4565 esset
3531 4506 3723 4576 nequi-
3758 4584 3764 4595 1

2213 4680 2326 4752 (58)
2353 4674 2576 4752 _Es_t_bic
2602 4671 2683 4752 vir
2711 4669 2789 4752 rei
2816 4663 3262 4752 nummismaticze
3290 4658 3723 4752 ucstrzelperitis-

2141 4730 2401 4808 ειιῖιὶίέόζ
2429 4744 2627 4807 Keller,
2657 4742 2709 4795 in
2732 4737 2984 4793 Archivio
3008 4750 3119 4790 sae.
3145 4736 3275 4790 bist.
3306 4730 3720 4800 Wirceburgcn.

2142 4810 2776 4884 t.Vl.fasc.l,p.68._
2910 4878 2921 4884 _
3003 4876 3015 4884 _
3192 4882 3198 4884 Α
3510 4868 3521 4881 ,
3600 4882 3602 4884 j
3706 4867 3718 4884 ,

2214 4870 2454 4962 (safer.
2507 4870 2686 4940 a'cium
2729 4876 3049 4936 elevationis
3084 4884 3140 4931 et
3185 4870 3555 4928 translationis
3592 4870 3729 4927 anui.

2137 4961 2323 5070 4635’s
2363 5027 2434 5070 nr
2479 5024 2785 5070 nddilinnes
2826 5017 3243 5070 Herbioolenses
3282 5012 3337 5065 in
3372 5010 3559 5065 codice
3588 5025 3732 5070 quo-
