4000 5370
480 357 558 418 as
1403 365 1464 422 s.
1504 365 1741 425 ΒΜ]Νο
1777 327 2320 427 nemnem-usa
2356 349 2762 448 Episcopus;

481 501 504 534 ι
537 480 802 548 εεοιοςιω,
833 482 975 538 sedit
999 479 1154 538 annis
1175 480 1238 549 ll,
1269 495 1456 541 mense
1481 499 1592 541 uno
1619 495 1675 540 et
1712 486 1900 542 diebus
1938 503 2071 557 qua-
2095 492 2147 550 Α
2174 487 2229 542 in
2269 487 2513 558 publicos
2551 488 2795 544 ecclesiae
2839 489 3008 546 fastos
3055 489 3259 548 relatus
3302 491 3494 547 fuisset
3540 501 3721 548 bruuo
3747 533 3765 559 ,

482 590 516 624 ι.
539 572 860 628 tuordecim.
895 591 917 626 ι
956 572 1157 628 Eadem
1185 573 1474 628 occasione
1519 589 1676 630 sacra
1718 591 1841 631 ossa
1887 591 2068 645 panno

476 661 656 717 serico
684 677 959 732 purpureo
991 663 1230 718 involuta
1260 673 1386 718 sunt
1424 673 1587 735 atque
1627 666 1680 720 in
1714 667 1883 735 ipsam
1922 677 2065 722 tum-

473 753 600 809 bam
633 753 1053 810 instrumentum
1092 755 1256 826 hujus
1285 758 1449 821 modi,
1483 759 1662 824 sigillo
1692 760 1913 828 capituli
1944 777 2065 815 mu-

473 846 647 902 nilum
674 856 993 916 posuerunt.
1031 863 1051 898 ι
1081 849 1238 904 Anno
1261 849 1473 905 Domini
1503 851 1717 916 MXLV,
1745 868 1796 906 vr
1823 852 1942 906 Kal.
1967 850 2065 906 Ju-

484 953 502 986 ι
543 935 620 989 nii
651 935 787 990 obiit
814 937 1012 992 beatus
1044 937 1226 992 Bruno
1256 939 1422 1008 cpisc.
1455 937 1828 1010 llerbipolens.
1868 940 2066 995 funda-

482 1044 502 1078 ι
541 1035 625 1083 tor
653 1027 814 1096 hujus
843 1029 1110 1095 ecclesim,
1137 1030 1228 1100 qui
1259 1031 1400 1086 sedit
1428 1031 1589 1086 anuis
1620 1031 1712 1096 Xl,
1749 1047 1936 1087 mense
1957 1047 2070 1088 uno

477 1133 496 1166 ι
536 1124 592 1172 et
645 1116 842 1172 diebus
894 1117 1031 1173 Xllll
1083 1126 1139 1174 et
1189 1120 1483 1175 translatus
1529 1129 1612 1175 est
1659 1122 1725 1176 de
1774 1121 1912 1187 loco,
1960 1136 2069 1191 quo

478 1225 498 1258 ι
535 1207 778 1278 sepultus
814 1207 914 1263 fuit
938 1210 1003 1264 ad
1041 1209 1204 1264 istum
1245 1209 1448 1273 locum,
1491 1226 1631 1266 anno
1660 1212 1954 1268 Dominica:
1981 1211 2067 1266 ln-

478 1320 498 1352 ι
534 1300 871 1356 carnationis
923 1299 1196 1357 MCCLVll
1247 1303 1332 1359 lds
1385 1301 1689 1372 Septembr.
1748 1303 1908 1358 Pont.
1966 1303 2068 1358 Dni

478 1413 500 1446 ο
538 1411 689 1467 papae
713 1395 1005 1451 Alexandri
1031 1411 1174 1451 anno
1201 1396 1266 1450 lll
1296 1406 1351 1451 et
1379 1397 1728 1467 pontiﬁcatus
1755 1398 1853 1451 Dni
1881 1395 2065 1466 lringi,

479 1505 499 1537 ι
535 1487 703 1556 cpisc.
753 1485 1158 1557 Herbipolensis
1201 1503 1345 1542 anno
1384 1496 1600 1557 quarto.
1647 1507 1668 1540 ›
1725 1487 1936 1544 Saecula
1975 1503 2067 1553 xv,

473 1582 670 1638 iterum
700 1591 946 1653 apertum
967 1581 1068 1637 fuit
1096 1584 1468 1654 sepulchrum,
1497 1593 1556 1639 ut
1579 1601 1646 1640 ex
1673 1586 1871 1641 scheda
1900 1601 2070 1658 papy-

472 1689 655 1740 racca,
692 1689 814 1744 qua:
841 1675 976 1730 1699
1007 1687 1089 1731 est
1119 1676 1358 1741 inventa,
1399 1676 1590 1746 liquet,
1635 1693 1755 1748 qua:
1785 1678 1865 1732 sic
1908 1694 2070 1734 sona-

467 1765 564 1820 bat
593 1783 608 1819 :
644 1783 665 1818 ι
700 1766 746 1820 A
771 1767 857 1821 die
879 1767 1233 1837 depositionis
1255 1770 1310 1823 in
1335 1769 1479 1824 hunc
1509 1770 1685 1826 locum
1715 1771 2069 1841 reliquiarum

2151 582 2313 658 “quod
2335 598 2466 638 sane
2488 583 2890 638 canonizationi
2913 584 3238 654 aequivalere
3258 586 3495 652 videtur,
3516 585 3765 658 religioni

2173 681 2350 727 tamen
2383 673 2483 728 sibi
2515 673 2792 740 duxerint,
2821 690 2943 730 eum
2982 677 3278 732 honoribus
3313 677 3518 733 sanctis
3547 692 3773 747 compe-

2169 766 2405 821 tentibus
2427 768 2696 837 prosequi.
2723 767 2873 824 Licet
2895 785 2924 824 a
2945 769 3153 826 Joanne
3171 770 3420 841 Philippo
3441 771 3504 826 de
3519 770 3764 826 Schoen-

2168 857 2303 911 born
2332 858 2469 912 ritus
2499 858 2777 914 Romanus
2807 859 2859 914 in
2900 860 3121 916 dimcesi
3149 862 3487 917 introductus
3515 861 3678 917 fuerit
3711 869 3771 918 et

2168 946 2453 1016 Proprium
2499 949 2883 1017 Ilerbipolense
2929 950 3068 1006 1665
3111 952 3177 1005 ad
3223 966 3468 1005 normam
3511 950 3769 1008 breviarii

2169 1037 2399 1093 Romani
2451 1039 2590 1109 typis
2632 1039 2876 1094 mandari
2924 1042 3216 1108 curaverit,
3270 1041 3542 1098 Brunonis
3583 1051 3770 1098 tamen

2171 1129 2367 1186 festum
2419 1132 2562 1188 inter
2609 1141 2922 1188 sanctorum
2965 1143 3274 1190 nostrorum
3317 1133 3489 1190 ofﬁcia
3532 1149 3639 1190 non
3681 1141 3770 1190 est

2171 1223 2522 1278 recensitum.
2574 1222 2819 1279 Primum
2859 1225 3000 1294 quod
3050 1226 3205 1280 nobis
3241 1225 3482 1281 occurrit
3519 1224 3681 1280 ofﬁcii
3709 1223 3772 1279 in

2170 1313 2438 1368 Brunonis
2480 1313 2757 1367 honorem'
2787 1314 3018 1369 instituti
3065 1325 3476 1370 monumentum
3517 1322 3598 1369 est
3632 1313 3771 1368 Pro-

2170 1405 2349 1473 prium
2405 1403 2803 1459 tianonicorum
2871 1405 3195 1476 regularium
3245 1404 3302 1460 8.
3364 1403 3652 1474 Augustini
3709 1404 3772 1460 in

2171 1493 2487 1550 lleidcnfeld
2538 1509 2666 1550 anni
2726 1495 2865 1551 1689
2894 1535 2910 1561 ,
2949 1495 3042 1550 ubi
3075 1495 3308 1550 ofﬁcium
3346 1494 3658 1562 Brunonis,
3696 1494 3771 1552 ab

2170 1585 2437 1641 hodierno
2478 1594 2660 1640 tamen
2702 1586 3002 1651 diversum,
3053 1587 3302 1642 habetur.

2242 1675 2402 1730 Anno
2451 1675 2684 1745 denique
2738 1675 2874 1730 1699
2938 1675 3212 1730 Johannes
3267 1675 3544 1747 Philippus
3593 1674 3640 1731 ll
3699 1676 3773 1732 de

2173 1764 2518 1822 Greifenklau
2549 1781 2762 1822 sacrum
2791 1765 3059 1822 Brunouis
3097 1783 3294 1837 curpus
3337 1767 3536 1822 elevari
3577 1765 3769 1835 jussit.

475 1873 499 1907 ι
532 1855 609 1910 1)ιί
653 1853 929 1912 Brunonis
951 1836 961 1837 ί
985 1857 1149 1913 homo
1202 1857 1537 1930 sartot‘agum
1596 1875 1707 1914 non
1763 1836 1865 1915 fuit
1908 1876 2070 1931 aper-
2100 1836 2148 1896 Β
2174 1854 2478 1925 festumque
2503 1871 2626 1910 cum
2657 1855 2830 1912 oﬂicio
2871 1856 2926 1911 in
2963 1836 3470 1914 dioecesiiuniversa
3493 1855 3773 1912 celebran-

475 1963 497 1998 σ
536 1956 673 2012 tum,
697 1963 870 2018 usque
898 1947 966 2003 ad
991 1962 1194 2004 annum
1227 1948 1515 2004 MCCCC...
1543 1949 1655 2020 (75)
1687 1949 1742 2003 in
1767 1951 2069 2005 crastinum

473 2053 497 2090 ι
529 2037 935 2108 Assumptionis
959 2037 1195 2110 Virginis
1244 2039 1494 2109 gloriosae
1548 2056 1647 2110 per
1701 2040 2071 2096 Reicbardum

474 2143 498 2182 ι
533 2127 832 2194 decanum,
863 2125 1126 2182 Joannem
1153 2127 1385 2184 Giltmar
1411 2131 1693 2186 custodem
1721 2140 1777 2186 et
1809 2131 1971 2186 Heiu.
2003 2132 2072 2187 de

474 2237 496 2270 ι
533 2217 852 2286 Wechmar,
895 2221 1190 2276 canonicos
1233 2231 1288 2276 et
1343 2222 1597 2292 praelatos
1633 2222 1792 2294 hujus
1825 2223 2072 2280 ecclesia:

473 2331 496 2364 ι
530 2311 601 2368 ob
628 2312 890 2368 honorem
913 2311 1267 2382 reliquiarum
1296 2313 1702 2383 praedictarum.
1734 2334 1754 2366 ι

487 2457 490 2460 ,
542 2402 623 2458 Eo
655 2401 820 2458 etiam
853 2417 964 2473 pra:
993 2404 1207 2459 caeteris
1237 2403 1507 2460 defunctis
1535 2406 1806 2476 episcopis
1835 2407 2076 2463 honora-

465 2494 630 2550 batur
661 2494 721 2551 S.
763 2493 972 2562 Bruno,
1014 2495 1157 2566 quod
1199 2495 1316 2566 ejus
1362 2511 1708 2553 successores
1753 2499 2080 2555 anniversa-

466 2585 611 2641 rium
651 2587 822 2656 ipsius
851 2589 918 2642 ab
959 2589 1211 2644 universa
1241 2589 1463 2646 dimcesi
1504 2592 1768 2646 celebrari
1801 2608 2072 2664 praecepe-

469 2675 600 2730 rint.
633 2675 713 2730 lta
738 2675 986 2732 Andreas
1009 2679 1296 2746 episcopus
1325 2679 1379 2732 in
1410 2681 1614 2750 synodo
1643 2680 1828 2734 habita
1855 2681 1920 2736 17
1945 2681 2070 2752 Maji

468 2766 612 2821 15M
639 2769 875 2822 statuit:
927 2787 946 2822 ‹
982 2768 1115 2824 ltcm
1164 2770 1598 2826 anniversarium
1649 2772 1930 2827 reverendi
1975 2773 2072 2827 do-

474 2876 496 2909 c
533 2858 666 2913 mini
706 2857 998 2925 Brunonis,
1039 2861 1311 2930 quondam
1355 2861 1594 2932 episcopi
1641 2861 2070 2932 llerbipolensis,

475 2968 496 3001 ι
533 2965 631 3020 per
657 2959 877 3005 nostros
911 2951 1156 3008 subditos
1196 2951 1450 3022 civitatis]
1470 2959 1526 3010 et
1572 2953 1827 3009 dioecesis
1869 2963 2072 3010 nostra:

475 3062 496 3094 ι
534 3042 762 3098 sabbato
785 3052 908 3113 post
928 3043 1069 3097 diem
1091 3043 1152 3096 Β.
1178 3042 1406 3109 Urbani,
1429 3059 1536 3114 quo
1563 3044 1794 3100 feliciter
1817 3045 1959 3100 diem
1979 3061 2073 3101 ex-

475 3151 497 3184 ι
535 3143 768 3189 tremum
805 3133 1022 3198 clausit,
1053 3135 1202 3205 pergi
1234 3136 1579 3206 przecipimus
1603 3136 1763 3207 juxta
1795 3146 2073 3193 consuetu-

2173 1947 2298 2001 dum
2327 1946 2542 2000 indixit.
2589 1944 2755 2001 Sacra
2780 1962 2928 2011 ossa,
2965 1962 3086 2017 quae
3118 1956 3252 2001 teste
3281 1945 3418 2000 Phil.
3460 1945 3605 2002 Guil.
3641 1946 3770 2000 Vir-

2172 2045 2303 2108 tung
2338 2037 2403 2093 de
2430 2037 2708 2109 Hartung,
2737 2038 3020 2092 medicinae
3054 2049 3180 2092 tunc
3206 2039 3260 2091 in
3296 2037 3437 2091 alma
3465 2036 3604 2093 Julia
3635 2052 3769 2106 pro-

2173 2127 2379 2184 fessore
2400 2143 2620 2185 suavem
2644 2128 2898 2184 eﬂlabant
2919 2130 3202 2193 honorem,
3226 2143 3384 2198 quem
3409 2145 3508 2200 pro
3535 2129 3771 2190 naturali

2172 2220 2480 2276 habendum
2509 2221 2730 2275 minime
2760 2234 2881 2275 esse
2915 2220 3158 2281 censuit,
3193 2221 3262 2274 ab
3289 2221 3404 2290 ipso
3429 2226 3554 2289 apte
3581 2219 3769 2290 dispo-

2172 2310 2508 2380 sita,juncta
2550 2319 2712 2380 atque
2753 2309 3151 2380 pontiﬁcalibus
3198 2309 3529 2364 indumentis
3567 2311 3770 2366 vestita

2171 2411 2320 2470 sunt,
2352 2411 2402 2457 et
2432 2401 2503 2456 29
2531 2399 2682 2472 Sept.
2731 2416 2873 2457 novo
2913 2400 3072 2456 altari
3117 2401 3171 2454 in
3218 2409 3409 2471 crypta
3457 2415 3488 2453 a
3532 2399 3770 2470 Georgio

2172 2494 2408 2551 llenrico
2457 2493 2525 2550 de
2575 2492 2825 2561 Stadion,
2859 2492 3066 2548 decano
3107 2491 3330 2563 capituli
3374 2499 3622 2547 extructo
3664 2490 3770 2546 im-

2169 2588 2371 2658 posita.

2244 2675 2616 2748 Septingentis
2643 2691 2673 2730 a
2704 2683 2880 2731 morte
2900 2676 2962 2730 t"..
2987 2673 3258 2729 Brunonis
3301 2673 3500 2744 elapsis
3524 2673 3681 2738 annis
3710 2687 3765 2730 a.

2172 2765 2338 2830 1745,
2368 2778 2627 2838 regnante
2675 2768 2955 2824 Friderico
3001 2767 3196 2823 Carolo
3227 2767 3295 2822 de
3340 2767 3692 2823 Schoeuborn
3734 2781 3771 2821 a

2172 2858 2258 2912 die
2280 2858 2344 2912 17
2366 2857 2489 2913 Maii
2515 2859 2582 2914 ad
2607 2859 2679 2914 25
2700 2875 2870 2930 usque
2901 2859 3298 2916 solemnissime
3315 2859 3594 2930 juhilzeum
3624 2857 3771 2914 cele-

2169 2951 2385 3006 bratum
2419 2959 2520 3005 est.
2570 2949 2702 3007 Post
2739 2967 2870 3008 vero
2914 2967 2945 3006 a
2985 2951 3123 3006 1749
3160 2967 3285 3007 cum
3339 2959 3530 3022 crypta
3572 2950 3770 3006 iterum

2171 3053 2528 3099 renovaretur
2573 3052 2736 3114 atque
2787 3044 3144 3111 dilataretur,
3191 3043 3587 3114 sarcophagum
3633 3042 3772 3112 lapi-

2173 3135 2356 3203 deum,
2391 3135 2534 3206 quod
2574 3136 2808 3206 primum
2858 3135 2962 3192 fuit
2995 3135 3053 3191 S.
3088 3135 3356 3190 Brunonis
3399 3133 3768 3203 sepulchrum,

474 3242 494 3274 ι
536 3223 711 3280 dinem
742 3224 1022 3279 humiliter
1045 3235 1101 3279 et
1130 3225 1321 3280 devote
1350 3225 1488 3297 (71).
1523 3245 1542 3278 ι
1577 3226 1730 3294 Quod
1764 3226 1818 3281 in
1847 3228 2069 3284 statutis
2095 3208 2142 3273 ε
2174 3226 2229 3281 in
2259 3227 2432 3298 ipsam
2457 3227 2744 3283 ecclesiam
2773 3228 3096 3282 translatum
3129 3237 3236 3293 est,
3265 3236 3324 3280 ut
3373 3225 3586 3290 altaris,
3623 3225 3770 3294 quod

467 3313 759 3370 Wolframi
790 3331 842 3371 a.
874 3316 1015 3373 1529
1051 3326 1106 3374 et
1132 3315 1366 3373 Gotl‘ridi
1403 3315 1471 3373 IV
1501 3331 1554 3372 a.
1592 3315 1732 3375 1446
1769 3318 1944 3374 denuo
1985 3319 2069 3375 in-

425 3449 445 3483 ._
470 3403 744 3460 culcatum
771 3406 1060 3476 reperitur.

543 3499 636 3552 11.
675 3498 919 3570 Denique
964 3497 1115 3554 card.
1162 3497 1452 3566 Baronius,
1501 3499 1698 3556 litteris
1743 3499 2070 3556 Pontiﬁcum

470 3589 646 3653 nisus,
679 3605 816 3660 quas
841 3607 1002 3662 supra
1046 3591 1436 3664 allegabamus,
1482 3593 1540 3649 S.
1576 3595 1846 3650 Brunonis
1872 3609 2070 3651 nomen

471 3685 530 3740 in
553 3683 995 3756 Martyrologium
1022 3683 1329 3740 Romanum
1357 3687 1682 3743 auctoritate
1706 3687 2003 3744 Clementis
2024 3686 2073 3742 Χ

471 3778 812 3848 recognitum
841 3789 896 3835 et
921 3794 974 3833 a.
1001 3778 1141 3835 1590
1166 3779 1478 3850 Αιιιιιοτρὶε
1501 3797 1753 3838 recusum
1781 3781 1984 3837 intulit.

543 3869 662 3937 Quo
689 3869 890 3924 factum
931 3878 1040 3936 est,
1068 3880 1131 3925 ut
1173 3871 1297 3927 inde
1341 3871 1412 3926 ab
1453 3887 1503 3926 a.
1545 3871 1684 3951 1616
1709 3872 1777 3926 de
1802 3871 2075 3929 Brunonis

471 3960 622 4016 cultu
663 3961 880 4032 publico
924 3962 978 4016 in
1015 3962 1292 4018 dioecesim
1336 3963 1644 4020 inducendo
1685 3965 1828 4019 serio
1873 3963 2070 4019 iterum

472 4050 824 4120 cogitaretur.
854 4049 948 4106 lllo
974 4065 1119 4106 anno
1149 4051 1584 4107 anniversarium
1620 4051 1937 4122 abrogatum
1964 4059 2074 4116 est,

443 4189 447 4218 λ
473 4143 622 4213 quod
649 4143 701 4198 in
731 4143 1029 4199 cathedrali
1054 4145 1347 4213 quotannis
1375 4145 1426 4199 in
1451 4143 1724 4200 Brunonis
1748 4144 2072 4200 memoriam

444 4219 446 4224 ’
475 4231 744 4288 celebrari
785 4241 1162 4289 consueverat.
1203 4233 1484 4292 Rcmansit
1515 4235 1761 4305 pridiana
1796 4233 2072 4306 processio

445 4311 536 4382 let
573 4323 774 4378 tumbae
815 4324 1168 4391 thuriﬁcalio,
1199 4325 1294 4381 sed
1321 4327 1426 4381 ritu
1473 4325 1824 4394 exequiarum
1853 4334 2069 4389 amoto;

476 4423 535 4471 et
557 4430 656 4486 pro
682 4415 848 4470 missa
875 4414 1254 4472 defunctorum
1289 4418 1586 4474 substituta
1608 4427 1692 4472 cst
1721 4418 1981 4474 solemnis
2005 4416 2076 4472 de

479 4505 583 4562 SS.
614 4505 898 4568 Trinitate,
931 4520 1052 4574 quae
1080 4520 1250 4576 usque
1280 4507 1346 4560 ad
1388 4521 1440 4559 a.
1475 4506 1616 4560 1699
1661 4516 1873 4562 retenta
1920 4515 2069 4560 sunt.

477 4596 742 4667 Sequenti
784 4613 838 4652 a.
869 4597 1007 4652 1617
1041 4595 1483 4668 Martyrologium
1526 4595 1829 4651 Romanum
1865 4595 2074 4650 Wirce-

477 4689 636 4760 burgi
668 4689 724 4743 in
768 4703 925 4743 usum
964 4686 1454 4757 llerbipolensiumf
1481 4685 1806 4755 impressum
1856 4694 1973 4750 est;
2018 4700 2070 4739 a.

479 4779 625 4835 1616
655 4779 920 4833 miracula
946 4777 1216 4833 Brunonis
1239 4795 1304 4833 ex
1339 4778 1668 4832 documento
1688 4791 1737 4829 a.
1767 4777 1905 4830 1202
1937 4778 2078 4848 typis

477 4869 681 4941 publici
707 4869 848 4941 juris
877 4868 1017 4927 facta
1047 4877 1193 4935 sunt,
1219 4870 1361 4942 quod
1389 4877 1441 4925 et
1469 4868 1664 4923 iterum
1695 4867 1830 4923 1657
1858 4870 2071 4940 praesti-

478 4975 599 5018 tum
629 4972 738 5017 est.

421 5048 430 5089 ἒ
552 5053 936 5110 Verumtamen
953 5067 1016 5108 ea
1032 5053 1132 5108 fuit
1155 5053 1458 5108 antistitum
1475 5051 1938 5123 llerbipolensinm
1951 5069 2075 5125 erga

482 5146 883 5203 ecclesiasticas
921 5147 1066 5219 leges
1103 5146 1481 5212 observantia,
1510 5154 1570 5200 ut
1597 5146 1761 5200 etiam
1788 5155 2075 5217 postquam

554 5302 668 5358 (75)
683 5301 864 5358 Gronn
879 5302 1037 5358 (Nov.
1053 5301 1189 5358 Coll.
1208 5311 1247 5357 t.
1262 5301 1326 5358 ll.
1341 5319 1397 5358 ι).
1415 5299 1684 5358 iUilleait
1698 5317 2070 5357 uccccxxxxx.

2181 3319 2372 3374 decani
2399 3318 2610 3386 dicunt,
2635 3335 2877 3376 mensam
2903 3319 3210 3384 exhiberet,
3263 3325 3428 3386 atque
3472 3316 3589 3385 ipse
3628 3329 3762 3368 san-

2171 3423 2296 3470 ctus
2325 3413 2379 3468 in
2402 3413 2592 3470 eodem
2631 3414 2750 3483 ipso
2800 3411 2958 3468 altari
3008 3413 3280 3482 repositus
3306 3427 3322 3476 ;
3356 3423 3483 3464 mox
3514 3423 3646 3464 vero
3673 3423 3764 3463 sa-

2173 3521 2326 3562 crum
2354 3521 2553 3576 corpus
2583 3506 2637 3561 in
2667 3507 2839 3562 altare
2885 3505 2947 3561 S.
2975 3504 3193 3559 Martini
3236 3503 3473 3559 delatum
3508 3501 3633 3568 fuit,
3672 3500 3769 3557 ubi

2173 3598 2240 3652 ad
2292 3599 2610 3653 hodiernam
2659 3613 2834 3668 usque
2889 3597 3031 3654 diem
3081 3597 3136 3650 in
3183 3610 3317 3666 pace
3371 3593 3640 3665 sepultum
3686 3600 3772 3648 est

2172 3698 2336 3768 atque
2355 3689 2594 3746 ﬁdelium
2620 3690 2908 3745 devotione
2931 3688 3307 3759 frcquentatus
3334 3686 3472 3758 ('15).

2595 3779 2682 3838 ΙΙΙ.
2716 3781 2794 3835 lle
2823 3780 3090 3836 Brunonis
3113 3781 3344 3852 scriptis.

2245 3866 2333 3931 12.
2366 3875 2521 3940 Quod
2560 3872 2617 3929 ln
2663 3873 2777 3928 vita
2827 3872 3099 3929 Brunonis
3127 3871 3482 3929 describenda
3526 3870 3765 3928 vidimus

2123 3990 2128 3994 ε
2174 3963 2492 4034 εωρίεδὶωε.
2527 3977 2675 4029 eum,
2726 3978 2848 4018 cum
2896 3962 3119 4034 plurimi
3159 3976 3224 4017 ea
3269 3971 3430 4016 aztate
3479 3960 3768 4016 Brunones

2172 4053 2402 4110 scientia
2425 4052 2510 4108 vel
2551 4053 2839 4109 virtutibus
2881 4053 3146 4124 insignes,
3187 4051 3427 4107 vixerint
3476 4065 3599 4106 cum
3645 4047 3770 4103 aliis

2172 4143 2587 4216 cognominibus
2616 4143 2898 4199 confusum
2927 4143 3118 4210 fuisse,
3142 4141 3195 4198 id
3220 4142 3527 4214 praeprimis
3549 4157 3672 4197 cum
3702 4139 3772 4196 de

2174 4235 2394 4305 scriptis
2423 4235 2804 4306 inquirendum
2829 4241 2934 4302 est,
2962 4235 3124 4290 nobis
3146 4234 3407 4290 occurrit.
3449 4233 3772 4288 Statuamur

2176 4327 2343 4399 igitur
2364 4343 2464 4398 pro
2491 4328 2648 4382 ﬁrmo
2691 4326 3067 4394 fundamento,
3113 4326 3322 4382 nullum
3351 4333 3437 4381 est
3463 4324 3606 4380 aliud
3635 4323 3773 4378 Bru-

2176 4421 2338 4475 nonis
2368 4420 2654 4488 scriptum,
2687 4419 2830 4487 quod
2878 4416 2946 4473 ad
2989 4427 3233 4472 nostram
3273 4425 3488 4472 aetatem
3534 4417 3774 4472 devene-

2177 4511 2272 4576 rit,
2307 4509 2392 4564 vel
2419 4509 2541 4562 ﬁdis
2565 4509 2930 4578 antiquiorum
2985 4507 3308 4562 testimoniis
3357 4507 3773 4562 commendetur

2181 4608 2380 4670 praeter
2400 4597 2851 4654 commentarium
2883 4597 2936 4650 in
2977 4596 3242 4660 Psalmos,
3285 4597 3524 4662 cantica,
3567 4595 3772 4650 oratio-

2180 4705 2308 4746 nem
2342 4689 2681 4745 Dominicam
2732 4699 2789 4744 ct
2841 4688 3117 4758 Symbola,
3168 4691 3311 4759 quod
3366 4688 3576 4744 iteratis
3619 4687 3770 4744 curis

2180 4782 2344 4838 edere
2394 4783 2755 4852 suscepimus.
2797 4782 2948 4836 Illum
2999 4782 3161 4836 etiam
3191 4790 3380 4836 contra
3429 4780 3770 4836 Simoniacos

2179 4873 2462 4942 scripsisse
2491 4872 2772 4927 contendit
2819 4887 3121 4944 anonymus
3149 4869 3474 4926 Mellicensis
3511 4871 3585 4924 De
3624 4869 3766 4924 scri-

2180 4964 2429 5033 ptoribus
2457 4963 2844 5018 ecclesiasticis
2889 4964 3023 5032 (76).
3073 4961 3181 5016 Nos
3208 4977 3338 5016 vero
3380 4961 3682 5016 certissime
3709 4960 3767 5015 in

2182 5051 2250 5110 eo
2278 5062 2517 5109 erratum
2569 5051 2735 5106 fuisse
2791 5051 3148 5116 admittimus,
3200 5066 3322 5104 cum
3370 5050 3575 5104 nullum
3625 5065 3769 5119 pra:-

2183 5153 2335 5200 terea
2371 5141 2660 5210 vestigium
2710 5147 2880 5206 extet,
2928 5154 3036 5212 quo
3089 5140 3192 5194 hoc
3224 5154 3359 5209 opus
3405 5137 3766 5194 Brunoniad-

2181 5298 2247 5353 ad
2273 5299 2414 5354 diem
2448 5298 2511 5352 17
2547 5297 2670 5352 Maii
2703 5312 2754 5356 D.
2792 5296 2862 5351 58
2892 5312 3012 5356 sua.
3064 5294 3265 5356 Gropp,
3295 5294 3508 5349 Noviss.
3534 5292 3668 5348 Coll.
3717 5299 3760 5346 t.
