4000 5370
211 334 283 393 ss
1133 399 1140 408 ,
1583 305 1586 308 ’
1621 331 2158 412 pnorscousxx.

3428 357 3504 414 26

215 445 384 503 scribi
417 457 607 519 queat,
655 445 878 521 jamque
901 447 1257 520 'l‘rithemius,
1287 454 1378 526 qui
1436 472 1562 512 sec.
1605 457 1723 523 XV,
1757 458 1808 513 in
1840 464 1887 522 Α
1917 461 2128 522 editore
2157 465 2488 540 Reyseriano
2516 469 2604 524 vix
2638 477 2718 524 ter
2763 465 2942 522 decies
2992 455 3252 533 occurrit,
3309 479 3370 525 ut
3395 488 3506 527 non

215 535 320 594 bac
375 547 566 594 nostra
620 541 842 596 civitate
888 543 1263 616 Herbipolensl
1321 547 1487 602 abbas
1535 548 1592 604 S.
1625 547 1808 605 Jacobi

217 625 506 684 Scotorum
540 629 668 696 fuit,
707 641 938 688 testetur
973 653 985 689 :
1015 654 1034 687 ι
1068 636 1123 691 Si
1154 639 1281 707 quid
1308 639 1451 692 aliud
1477 642 1713 710 scripsit,
1744 643 1812 696 ad

217 731 304 771 me
328 732 440 771 non
464 722 740 787 pervenit.
769 741 787 774 ι
823 722 1013 778 Falsus
1037 735 1118 779 est
1148 730 1343 797 oppido
1369 728 1631 800 Georgius
1652 731 1812 785 Galo—

215 807 395 875 pinus,
449 826 577 865 cum
634 813 734 868 sub
783 817 952 870 nostri
987 817 1252 873 Brunonis
1285 821 1500 884 nomine
1545 837 1813 877 commen-

212 899 410 952 tarium
467 900 523 955 in
570 899 1000 959 Pentateuehum
1050 907 1214 961 Duaci
1271 909 1406 962 1608
1450 912 1636 964 edidit.
1675 911 1809 967 Nam

213 985 491 1045 Brunonis
520 992 793 1058 Astensis,
839 996 1048 1052 abbatis
1102 997 1476 1064 Cassincnsis,
1523 1013 1645 1070 post
1680 1018 1810 1060 vero

210 1079 453 1150 episcopi
495 1081 822 1153 Signiensis,
874 1089 962 1156 qui
1011 1091 1202 1144 eodem
1247 1093 1445 1146 s:eculo
1472 1105 1701 1150 exeunte
1733 1097 1810 1150 vi-

212 1169 308 1234 xit,
331 1185 481 1238 esse,
515 1175 698 1230 nullus
724 1179 960 1247 negabit,
987 1182 1077 1250 qui
1107 1197 1168 1236 ea
1191 1181 1353 1252 leget,
1386 1200 1503 1253 qua:
1534 1187 1663 1241 inibi
1690 1189 1806 1258 (77)

213 1263 278 1315 de
304 1267 696 1320 controversia
727 1268 1011 1334 habentur,
1060 1281 1337 1325 auctorem
1389 1274 1530 1328 inter
1554 1287 1609 1329 et
1636 1279 1808 1332 archi-

210 1349 506 1407 diaconum
533 1355 970 1413 Beneventanum
1010 1361 1076 1416 de
1104 1363 1332 1418 ecclesia
1363 1363 1650 1434 Sipontina
1684 1367 1805 1435 agi-

209 1450 343 1496 tata.
390 1443 497 1511 Qui
551 1461 686 1502 vero
714 1449 763 1503 ei
815 1453 1213 1506 conmentarios
1258 1453 1309 1507 in
1355 1453 1503 1509 Pauli
1551 1457 1808 1526 epistolas

205 1534 288 1588 vel
319 1538 618 1605 proverbia
653 1540 957 1598 Salomonis
994 1544 1330 1610 adscribunt,
1359 1556 1418 1600 ut
1445 1545 1588 1601 Guil.
1619 1548 1807 1602 Eisen-

203 1626 354 1696 grein
410 1628 548 1697 (78),
602 1629 686 1684 vel
740 1647 862 1686 cum
908 1632 1160 1689 Brunone
1197 1636 1384 1690 eodem
1434 1637 1675 1702 Astensi,
1720 1637 1806 1692 vel

205 1729 328 1770 eum
381 1716 678 1775 fundatnre
713 1720 1200 1779 Carthasianorum
1260 1726 1616 1782 confundunt.
1665 1729 1803 1784 Huic

1916 558 2121 630 integra
2149 571 2448 618 auctorum.
2479 562 2664 627 verba,
2706 561 2799 616 sed
2824 575 3013 616 eorum
3058 569 3263 616 tantum
3313 577 3504 619 sensus

1915 653 2200 708 referatur.

1989 742 2117 796 Post
2153 744 2393 814 singulos
2443 758 2680 814 psatmos
2727 759 2791 799 ex
2834 745 3214 814 antiquissimo
3258 761 3354 800 usu
3386 746 3502 818 (80)

1915 836 2098 890 addita
2125 846 2206 890 est
2229 839 2406 891 oratio
2437 839 2705 908 quaedam,
2738 852 2857 907 quae
2879 836 3071 906 psalmi
3103 836 3336 891 fructum
3365 855 3502 908 quo-

1913 927 2202 982 dammodo
2249 929 2488 998 colligat,
2545 929 2688 998 quod
2733 944 2763 982 a
2817 927 3048 982 concilio
3090 929 3388 996 Agathensi
3445 944 3498 982 a.

1911 1015 2038 1080 506,
2070 1033 2192 1072 can.
2227 1019 2315 1081 50,
2344 1019 2719 1089 prmscriptum
2771 1017 2970 1083 fuerat,
2995 1026 3053 1071 ut
3084 1027 3205 1088 post
3237 1018 3501 1088 Antipho-

1912 1124 2009 1160 nas
2037 1109 2388 1163 colectiones
2418 1124 2512 1178 per
2541 1109 2788 1163 ordinem
2822 1109 2890 1162 ab
2937 1109 3205 1178 episcopis
3249 1109 3333 1164 vel
3377 1124 3503 1178 pre-

1911 1197 2148 1267 shyteris
2202 1199 2473 1252 dicantur.
2505 1199 2562 1253 Id
2617 1199 2670 1253 in
2704 1198 2982 1268 Hispaniis
3036 1215 3137 1253 usu
3170 1200 3383 1255 venisse
3427 1215 3497 1259 ex

1910 1289 2124 1360 liturgia
2160 1290 2530 1346 Mozrarabica
2575 1300 2799 1361 apparet
2831 1307 3016 1346 verum
3051 1291 3188 1346 idem
3213 1301 3268 1346 et
3296 1292 3348 1347 in
3377 1291 3500 1348 Gal-

1911 1379 1993 1434 liis
2019 1382 2317 1450 przcstitum
2366 1383 2532 1438 fuisse
2575 1383 2806 1439 dubitari
2839 1384 3043 1453 nequit.
3077 1384 3167 1438 Ea:
3196 1401 3315 1454 qua:
3357 1387 3500 1457 apud
3538 1386 3544 1394 ’

1907 1471 2215 1528 Brunonem
2269 1475 2558 1538 habentur,
2610 1475 2785 1546 prima
2837 1475 2955 1530 vice
3007 1486 3303 1532 occurrunt
3357 1480 3500 1550 apud

1905 1563 2191 1619 Alcunium
2227 1566 2280 1619 in
2313 1564 2502 1620 olliciis
2528 1581 2624 1635 per
2646 1567 2817 1621 serias
2846 1565 2980 1638 (81).
3027 1575 3140 1621 tum
3197 1567 3336 1638 apud
3368 1568 3501 1624 Bru-

1906 1670 2102 1709 nonem
2129 1665 2394 1719 nostrum,
2419 1657 2614 1712 deinde
2641 1659 2782 1727 apud
2825 1657 3110 1712 Lndolfum
3140 1660 3206 1714 de
3234 1659 3494 1726 Saxonia,

1905 1747 2087 1801 sazculi
2119 1763 2209 1801 xtv
2233 1759 2532 1814 auctorem,
2579 1749 2630 1802 in
2663 1750 3056 1804 commentario
3086 1749 3139 1803 in
3175 1749 3419 1807 Psalmos
3442 1759 3498 1808 et

205 1809 373 1910 etiam
404 1824 595 1866 versus
622 1812 697 1867 illi
739 1815 998 1872 adversus
1023 1820 1196 1874 malos
1217 1829 1272 1874 et
1305 1820 1590 1876 haereticos
1613 1837 1800 1877 sacer—
1831 1819 1878 1878 Β
1911 1839 2052 1907 πη)ηά
2080 1837 2369 1909 Georgium
2411 1809 2777 1894 Cassandra".
2806 1841 2860 1894 in
2908 1841 3230 1897 collectione
3269 1857 3494 1910 precum

205 1897 360 1955 dotes
409 1903 685 1958 tribuendi
735 1916 879 1968 sunt,
932 1923 1068 1976 quos
1121 1908 1378 1980 Ludewig
1433 1911 1486 1964 in
1543 1911 1688 1965 notis
1733 1912 1801 1966 ad

203 1989 368 2048 Frisii
409 1994 708 2050 chronicon
759 2013 826 2053 ex
855 1999 1176 2056 Selneccero
1197 2011 1250 2056 et
1270 2002 1485 2072 AEgidio
1507 2002 1803 2058 Periandro

204 2090 467 2153 tanquam
495 2089 665 2143 nostri
691 2089 962 2148 Brunonis
987 2093 1186 2148 factum
1215 2096 1415 2150 attulit.

267 2176 361 2231 13.
419 2177 518 2234 llis
557 2179 725 2248 igitur
752 2184 1005 2252 explosis,
1063 2187 1216 2256 cujus
1268 2189 1481 2257 generis
1505 2191 1799 2260 genuinum

203 2265 318 2336 eius
343 2285 484 2340 opus
513 2272 567 2326 in
619 2273 867 2332 Psalmos
909 2280 1000 2338 sit,
1031 2279 1206 2336 oualis
1233 2297 1428 2353 scopus
1471 2283 1606 2352 ejus,
1639 2287 1798 2356 quale

201 2362 438 2430 pretium
469 2365 776 2422 videamus.
1791 2389 1794 2392 ’

267 2451 534 2510 Florebat
566 2466 694 2512 tuus
745 2459 961 2528 quidem
999 2461 1275 2535 Herbipoli
1327 2465 1381 2520 in
1411 2467 1572 2521 domo
1606 2467 1797 2523 Salva-

203 2544 336 2598 toris
369 2546 581 2612 schola,
605 2549 870 2620 magistro
894 2560 1021 2607 tunc
1047 2556 1495 2622 prmstantissimo
1516 2556 1793 2625 Bernulfo,

204 2633 286 2687 cui
332 2649 698 2704 praecesserat
742 2639 908 2696 italus
934 2644 1153 2712 quidam
1206 2646 1274 2700 ab
1313 2647 1567 2719 episcopo
1605 2648 1795 2704 Herbi-

205 2725 366 2795 polim
388 2740 650 2785 evocatus
679 2742 734 2786 et
776 2733 988 2806 integra
1029 2738 1198 2793 series
1235 2739 1476 2795 virorum
1501 2757 1601 2812 pro
1647 2743 1793 2800 illius

206 2821 298 2874 avi
331 2823 648 2880 conditione
670 2828 1180 2898 eruditissimorum,
1215 2834 1287 2888 ita
1312 2844 1368 2888 ut
1393 2835 1548 2908 longe
1578 2838 1792 2909 lateque

206 2913 401 2967 schola:
437 2914 850 2986 Herbipolensis
888 2924 1028 2976 fama
1075 2924 1392 2982 dilataretur
1439 2930 1700 3000 multique
1723 2947 1790 2986 ex

205 3014 270 3054 ea
294 3003 647 3060 ecclesiarum
696 3010 951 3078 praasulcs
980 3015 1278 3082 prodirent.
1312 3017 1490 3073 Nihilo
1519 3035 1677 3076 secus
1706 3031 1792 3076 est

204 3098 636 3164 praesumendum
668 3099 796 3156 cleri
827 3118 930 3157 non
963 3106 1211 3175 exiguam
1260 3119 1467 3178 partem
1524 3128 1621 3181 pro
1655 3123 1790 3170 tem-

1904 1930 2418 1984 ecclesiasticarum.
2471 1931 2576 1985 Eas
2605 1931 2801 1985 sarculo
2839 1946 2936 1985 VIII
2967 1932 3300 2002 antiquiores
3348 1947 3495 1999 esse,

1905 2019 2029 2073 inde
2082 2021 2297 2074 deducit
2347 2020 2408 2073 Β.
2453 2022 2602 2075 card.
2654 2019 3011 2083 rl'homasins,
3072 2023 3215 2091 quod
3262 2022 3494 2077 Romani

1901 2109 2140 2180 psalterii
2168 2111 2452 2165 lectionem
2482 2122 2800 2181 sequantur,
2831 2114 2986 2183 cujus
3011 2129 3141 2168 usus
3172 2114 3331 2185 longo
3366 2123 3494 2170 ante

1903 2201 2260 2256 Walafridum
2293 2203 2618 2258 Strabonem
2653 2214 2894 2274 tempore
2917 2206 2968 2258 in
3015 2205 3204 2260 Galliis
3231 2206 3490 2260 desierat.

1899 2293 2006 2348 Eas
2027 2311 2093 2350 ex
2128 2295 2405 2350 codicibus
2435 2293 2714 2350 Vaticanis
2759 2297 2989 2350 restituit
3034 2296 3096 2350 B.
3139 2295 3300 2351 Card.
3349 2295 3494 2351 Tho-

1899 2387 2101 2440 masius
2150 2386 2202 2440 in
2235 2401 2334 2440 suo
2365 2385 2648 2451 Psalterio,
2693 2402 2792 2441 nos
2839 2402 2990 2452 vero,
3042 2388 3238 2457 quibus
3283 2388 3494 2442 incum-

1898 2476 2076 2541 bebat,
2104 2477 2414 2531 Brunonem
2465 2476 2646 2542 edere,
2675 2475 2792 2546 ejus
2846 2474 3134 2532 lectionem
3177 2476 3376 2547 ubique
3404 2491 3492 2532 re-

1901 2568 2182 2623 tinuimus.

1968 2659 2153 2714 Simile
2192 2660 2321 2730 quid
2364 2661 2466 2716 hac
2507 2660 2560 2714 in
2605 2675 2664 2715 re
2707 2659 2958 2730 prrestitit
2990 2659 3050 2714 S.
3093 2659 3485 2724 Volbodonius,

1895 2752 2178 2822 episcopus
2215 2753 2525 2808 Leodiensis
2549 2768 2598 2806 a.
2630 2751 2768 2807 1020
2815 2751 3101 2807 defunctus
3149 2752 3486 2822 proindeque

1894 2843 2131 2898 Brunoni
2186 2859 2434 2908 comvus,
2483 2859 2643 2914 quem
2696 2844 2963 2899 liainerus
3008 2845 3344 2908 monachus,
3395 2844 3488 2912 qni

1894 2934 2011 3004 ejus
2038 2934 2201 2988 vitam
2227 2935 2445 3004 scripsit
2467 2935 2540 2988 ait
2559 2935 2776 3004 propria
2802 2949 2960 2988 manu
2983 2933 3486 3003 scripsisse’librum

1895 3027 2250 3095 psalmorum,
2287 3027 2339 3080 in
2387 3043 2494 3096 quo
2536 3027 2825 3096 unicuique
2872 3023 3082 3096 psalmo
3128 3024 3488 3095 compositam

1894 3135 1958 3173 ex
1990 3120 2176 3175 eodem
2213 3127 2265 3173 et
2296 3135 2324 3172 a
2359 3134 2416 3174 se
2445 3119 2701 3173 dictatam
2732 3117 2959 3187 subjecit
2983 3118 3308 3173 orationem.
3357 3115 3490 3182 Qua:

204 3196 393 3278 110mm
431 3188 688 3244 barbarie
741 3190 1004 3260 ejllsmm“
1057 3196 1246 3264 fuisse.
1274 3201 1357 3253 Olli
1395 3203 1784 3269 Providendum
1815 3175 1860 3239 Ο
1894 3221 2070 3266 tamen
2112 3212 2408 3278 orationes,
2457 3213 2502 3266 si
2541 3226 2727 3266 eormn
2769 3226 2954 3266 revera
2993 3211 3363 3267 Volbodonius
3388 3224 3486 3263 au-

201 3270 560 3333 diversimode
590 3289 731 3334 erat.
777 3282 964 3338 Simile
989 3286 1116 3354 quid
1156 3289 1357 3344 accidit
1386 3291 1438 3345 in
1488 3291 1784 3353 Veronensi

201 3364 445 3435 ditecesi,
471 3373 562 3428 ubi
607 3374 764 3429 multi
790 3387 968 3443 erant,
1000 3381 1195 3448 quibus
1233 3384 1527 3441 Ratberius
1575 3390 1786 3458 episco-

201 3472 318 3526 pus,
350 3460 596 3518 ecclesia:
623 3479 736 3519 sua:
763 3469 1139 3526 severissimus
1186 3471 1513 3530 reformator
1543 3478 1595 3532 in
1622 3479 1785 3536 Itine-

201 3550 342 3605 rario
362 3552 476 3622 (79)
491 3557 863 3626 praecipiebat,
886 3578 903 3612 α
931 3571 990 3615 ιιι
1013 3566 1402 3636 unusquisque,
1432 3569 1476 3622 si
1507 3569 1624 3625 fieri
1663 3589 1787 3644 pos-

199 3652 300 3707 set,
351 3646 746 3714 expositionem
787 3652 1014 3721 symboli
1077 3662 1134 3708 et
1179 3657 1444 3713 orationis
1492 3660 1786 3720 Dominica:

197 3735 342 3804 juxta
373 3739 725 3796 traditionem
762 3744 1190 3802 orthodoxorum
1232 3765 1398 3820 penes
1438 3767 1498 3807 se
1524 3755 1782 3826 scriptam

200 3824 446 3882 haberet.
484 3847 504 3880 ι
539 3829 627 3884 Uti
683 3847 818 3887 vero
866 3838 1126 3905 temporis
1177 3841 1313 3895 ratio
1362 3841 1589 3911 ferebat,
1638 3824 1782 3915 quae,

200 3931 312 3972 cum
373 3921 747 3990 antiquiorum
796 3926 1116 3995 populorum
1172 3930 1386 4001 ingenia
1437 3937 1782 4002 senuissent,

199 4011 560 4067 recentiorum
587 4029 716 4070 vero
768 4016 1053 4072 infantiam
1100 4022 1275 4078 adhuc
1304 4033 1544 4094 agerent,
1571 4028 1784 4082 nonnisi

200 4101 366 4157 aliena
394 4118 694 4176 congerere
723 4109 958 4175 valebat,
987 4112 1059 4166 ita
1112 4123 1166 4169 et
1195 4115 1461 4170 Brunonis
1482 4134 1616 4188 opus
1638 4135 1784 4174 mera

200 4194 506 4262 eompilatio
530 4205 635 4261 est,
673 4200 1033 4271 undequaque
1062 4219 1127 4258 ex
1179 4205 1403 4260 Patrum
1434 4209 1648 4278 scriptis
1675 4210 1786 4264 col-

199 4280 354 4349 lecta,
409 4286 486 4340 ita
519 4295 700 4344 tamen
738 4300 798 4344 ut
843 4307 1042 4363 negare
1089 4311 1193 4350 non
1224 4298 1515 4366 possimus,
1542 4300 1784 4370 judicum

200 4382 353 4443 atque
378 4378 548 4434 crisin
586 4394 652 4434 ex
692 4380 973 4452 colligendi
1001 4387 1159 4441 modo
1184 4388 1510 4446 elucesccre.
1769 4401 1772 4428 ί

264 4468 603 4526 Pracfationis
630 4471 988 4531 Brunoniana:
1039 4487 1222 4546 partes
1267 4495 1366 4535 suo
1396 4482 1514 4538 loco
1552 4485 1783 4554 propriis

201 4563 507 4618 auctoribus
558 4565 974 4622 vindicahimus.
1015 4569 1131 4638 Ipse
1183 4585 1311 4625 vero
1360 4576 1783 4630 commentarius

203 4648 251 4702 in
303 4650 544 4708 Psalmos
575 4669 644 4708 ex
701 4659 1052 4725 sequentibus
1101 4661 1359 4717 collectus
1388 4675 1490 4731 est,
1551 4681 1779 4734 quormn

206 4746 406 4798 nomina
461 4747 703 4815 praefixis
753 4748 1050 4807 initialibus
1102 4753 1296 4807 litteris
1337 4754 1783 4822 indicantur,ni-

206 4833 382 4890 mirum
411 4855 424 4890 :
457 4838 796 4906 Augustinus
830 4843 919 4914 (Α)
948 4860 962 4909 ;
1009 4844 1360 4900 Pseudobeda
1393 4848 1499 4920 (Β),
1559 4850 1648 4918 qui
1676 4865 1778 4903 sm-

203 4924 309 4991 pius
333 4928 382 4981 in
413 4932 753 5000 argumentis
782 4937 1034 4998 occurrit,
1066 4936 1244 4991 rarius
1275 4937 1328 4991 in
1351 4941 1777 5004 commentario;

202 5014 544 5107 Cassiodorus
558 5020 670 5091 (C),
693 5038 797 5092 quo
817 5029 1047 5085 maxime
1073 5044 1205 5083 usus
1227 5041 1307 5085 est
1326 5049 1339 5097 ;
1357 5026 1650 5107 Gregorius
1665 5033 1778 5104 (Ο),

199 5106 278 5166 Qui
319 5111 536 5165 nonnisi
575 5112 756 5166 sexies
797 5122 1027 5166 occurrit
1055 5139 1068 5165 τ
1138 5106 1484 5166 Βνρνίςινςιηηί
1527 5127 1580 5166 in
1635 5124 1781 5166 peni-

1887 3318 2005 3363 ctor
2032 3308 2167 3374 fuit,
2195 3324 2225 3361 a
2250 3307 2452 3363 nostris
2484 3307 2726 3361 diversas
2752 3305 2919 3360 fuisse
2946 3313 3181 3376 oportet.

1897 3399 1900 3401 Α
1956 3403 2237 3474 Expositio
2258 3401 2520 3457 orationis
2540 3399 2834 3454 Dominiczc
2862 3408 2916 3454 et
2947 3397 3174 3469 symboli
3205 3396 3480 3468 apostolo-

1888 3489 2006 3557 rum
2039 3517 2134 3572 per
2165 3500 2614 3571 interrogationes
2662 3506 2715 3553 et
2762 3495 3092 3567 quaestiones
3114 3493 3388 3564 disposita:
3416 3493 3490 3548 si-

1887 3593 2110 3648 millima
2155 3599 2240 3646 est
2287 3591 2619 3644 catechismo
2661 3588 2780 3652 illi,
2820 3587 2910 3658 qui
2951 3586 3004 3640 in
3039 3585 3321 3640 serutiniis
3360 3591 3488 3638 ante

1885 3685 2209 3755 baptismum
2252 3693 2377 3738 tunc
2412 3683 2589 3738 adhuc
2630 3681 2993 3742 habebantur,
3028 3693 3258 3748 quortnn
3294 3692 3483 3732 exem-

1886 3778 1973 3848 pla
2026 3778 2166 3848 apud
2216 3775 2585 3848 liturgicorum
2647 3781 3120 3828 monumentorum
3168 3769 3486 3824 collectores

1888 3871 2128 3939 reperire
2166 3876 2270 3923 est.

1961 3959 2046 4013 M.
2089 3959 2306 4013 Maximi
2359 3974 2490 4014 sane
2541 3957 2799 4013 momenti
2849 3955 3005 4010 nobis
3053 3953 3153 4007 fuit
3202 3951 3482 4020 indagare,

1887 4051 2064 4121 qualis
2093 4053 2371 4106 habendus
2412 4052 2485 4106 sit
2527 4060 2705 4104 textus
2731 4049 3080 4118 psalmorum,
3106 4060 3264 4113 quem
3298 4044 3480 4096 Bruno

1887 4158 1986 4197 suo
2030 4143 2420 4198 commentario
2460 4141 2759 4211 supposuit,
2816 4147 2999 4208 utpote
3043 4138 3134 4206 qui
3180 4133 3483 4190 vetustissi-

1887 4247 2035 4286 mum
2080 4241 2133 4285 et
2176 4232 2228 4285 in
2274 4233 2456 4287 multis
2487 4231 2647 4302 plane
2680 4230 2953 4300 singulare
3002 4237 3200 4283 nostr-.e
3243 4225 3484 4298 Vulgata

1887 4324 2161 4394 exemplar
2181 4323 2270 4378 sit.
2310 4322 2613 4378 Notatidum
2638 4321 2942 4392 prchrimis
2971 4322 3144 4392 ipsum
3171 4320 3480 4373 Brunonem

1889 4415 2033 4471 hunc
2074 4431 2230 4470 suum
2277 4423 2480 4470 textum
2529 4416 2583 4469 in
2629 4413 3188 4469 animadversionihus
3234 4411 3483 4478 criticis,

1812 4531 1860 4590 ι)
1887 4529 2007 4584 qua:
2039 4512 2162 4567 hinc
2190 4512 2312 4566 inde
2337 4518 2632 4566 occurrunt
2657 4509 2790 4580 (8‘2),
2831 4525 2860 4563 a
2901 4509 3142 4563 liomano
3168 4507 3483 4577 Hieronymi

1884 4601 2145 4674 psalterio
2184 4612 2240 4657 et
2267 4618 2330 4656 ea
2373 4618 2536 4670 quam
2567 4616 2632 4655 ex
2661 4600 2885 4656 Hebraeo
2910 4599 3218 4654 immediate
3247 4607 3496 4666 transtu;

1885 4696 1970 4762 lit,
2022 4696 2270 4751 versione
2326 4695 2698 4766 distinguere,
2761 4694 2868 4749 imo
2922 4682 3087 4747 semel
3131 4699 3186 4747 et
3234 4707 3264 4746 a
3317 4691 3496 4746 Galli-

1885 4804 2022 4843 cana
2051 4787 2184 4858 (83),
2208 4802 2438 4856 eamque
2472 4808 2488 4839 ι
2519 4794 2758 4841 nostram
2798 4784 3231 4848 translationem,
3263 4802 3282 4834 ι
3331 4785 3503 4849 quasi

1881 4872 1956 4935 ab
1985 4879 2106 4934 aliis
2136 4878 2388 4934 omnibus
2424 4881 2690 4934 diversam
2734 4877 3004 4932 dictitare.
3046 4874 3200 4941 Quod
3229 4881 3282 4929 et
3313 4871 3519 4934 editor

1887 4967 2274 5040 Beyserianus,
2300 4970 2385 5022 vir
2406 4969 2809 5026 oculatissit‘nus
2826 4967 2993 5031 vidit;
3026 4981 3151 5019 nam
3182 4965 3232 5018 in
3265 4960 3528 5035 prologo

1887 5073 1986 5114 suo
2033 5058 2460 5114 animadvertit:
2492 5079 2509 5110 α
2546 5069 2788 5111 nostrum
2831 5056 2970 5111 istud
3012 5051 3306 5109 beatissimi
3351 5062 3548 5116 anu-

2116 5151 2154 5166 n
2275 5163 2288 5166 -
2344 5151 2356 5161 ο
2493 5151 2525 5166 ι.
2598 5151 2610 5162 ο
2735 5149 2746 5159 ο
2861 5164 2864 5165 ν
2910 5150 2920 5166 I
2948 5148 2982 5165 ’κ
3043 5161 3156 5166 η.....
3185 5146 3339 5166 1......Α
3366 5156 3442 5166 Α--
