4000 5370
192 313 251 370 29
1548 308 2089 369 PROLEGOMENA.

3358 295 3448 375 ’δα

249 425 548 485 Editionum
584 440 894 493 numerum,
935 425 1115 485 locum
1144 434 1198 482 et
1235 434 1447 497 tempus
1488 439 1596 479 non
1642 424 1759 480 sine
1786 432 1833 487 Α
1868 442 1886 477 ι
1935 432 1988 480 et
2014 424 2309 481 dictionum
2349 426 2524 483 solum
2551 442 2659 482 non
2704 434 2778 483 srt
2819 428 2887 483 ad
2931 427 3161 483 formam
3212 428 3443 486 aliorum

193 518 449 588 multiplici
498 533 689 575 errore
732 519 1039 575 indicarunt
1079 527 1330 574 auctores
1372 515 1755 588 biblingrapbi,

190 609 349 664 hocin
371 609 718 666 bibliothecis
751 620 863 665 tum
886 609 1178 680 hujatibus,
1205 619 1316 664 tum
1343 609 1757 665 Monacensibus

191 701 630 755 accuratissimam
654 703 865 758 institui
910 704 1315 774 inquisitionem
1357 703 1665 760 curavimus
1702 711 1758 757 et

188 792 300 847 alias
325 804 519 863 praeter
537 804 828 863 sequentes
851 795 1103 866 detegere
1129 810 1235 850 non
1275 794 1395 850 fuit.

245 885 409 940 Editio
443 886 772 958 Reyseriana
797 890 1067 959 princeps,
1095 904 1238 943 anno
1268 888 1342 942 uti
1376 888 1590 943 videtur
1618 885 1757 942 {180

188 980 232 1034 in
252 977 365 1032 folio
394 978 593 1033 minori
619 980 888 1050 herbipoli
914 981 1195 1050 impressa.
1213 978 1448 1034 Censent
1469 978 1628 1049 periti
1654 979 1757 1034 hoc

186 1069 328 1124 fuisse
352 1068 584 1123 alterum
610 1069 783 1125 Jeorii
810 1070 1017 1142 Reyser
1039 1087 1194 1140 opus,
1228 1071 1371 1142 quod
1394 1080 1516 1141 post
1545 1071 1760 1125 brevia-

186 1158 303 1213 rium
325 1155 502 1213 hacin
535 1159 674 1214 urbe
703 1159 994 1229 impressit.
1023 1161 1118 1215 Est
1142 1170 1324 1216 autem
1352 1163 1469 1216 haec
1497 1162 1663 1216 editio
1685 1176 1754 1216 ex

186 1250 491 1321 autographa
522 1251 818 1320 Brunonis,
844 1263 902 1308 ut
940 1252 1055 1323 ipse
1074 1253 1249 1308 editor
1266 1262 1440 1319 notat,
1471 1269 1754 1324 expressa.

240 1341 448 1414 Reyseri
472 1346 778 1403 editionem
806 1348 890 1403 his
930 1348 982 1403 in
1021 1358 1218 1419 quarto
1240 1350 1451 1404 recndit
1481 1349 1756 1406 Antonius

184 1432 447 1504 Koberger,
492 1436 657 1507 cujus
683 1438 949 1494 editiones
987 1454 1086 1508 pro
1119 1440 1310 1508 primis
1339 1441 1526 1497 haberi
1556 1441 1751 1497 solent.

183 1514 212 1550 ‘
240 1523 403 1580 Edttio
450 1524 854 1598 Eobergcriana
893 1528 914 1583 ι
952 1546 1004 1584 a.
1046 1529 1186 1587 H94
1228 1529 1596 1602 Norimbergte
1638 1532 1753 1605 (9f)

183 1611 249 1668 vel
270 1612 521 1680 Coloniae,
549 1625 610 1670 ut
632 1617 799 1673 habet
834 1617 1063 1675 Caveus.

1864 537 1884 571 ι
1937 517 2363 585 emendandum,
2393 534 2493 574 nec
2535 519 2763 575 aliorum
2805 520 2873 575 ad
2919 520 3048 574 illud
3083 537 3101 572 ι
3131 528 3187 575 et
3223 520 3438 575 similia.

1857 609 2079 665 Diversa
2127 610 2285 680 plane
2327 610 2592 680 principia
2636 620 2855 666 secutus
2886 621 2971 666 est
3008 610 3303 676 Cochleus,
3349 611 3440 681 qui

1859 700 2001 755 hunc
2030 698 2132 754 sibi
2163 698 2323 755 linem
2360 709 2744 770 przeposuerat,
2778 711 2836 756 ut
2856 701 3070 756 clericis
3092 712 3147 756 et
3175 702 3442 773 religiosis

1861 791 1924 844 ad
1955 788 2191 859 psalmos
2220 789 2525 845 recitandos
2551 790 2801 861 obligatis
2833 800 3014 860 aptum
3055 792 3323 860 quoddam
3373 807 3439 846 ac

1856 878 2294 948 compendiosum
2344 863 2678 935 Psalmorum
2723 882 3168 935 commentarium
3217 896 3439 951 compa-

1857 980 2025 1024 raret.
2055 969 2191 1025 lluic
2218 970 2306 1025 ille
2332 970 2567 1025 maxima
2598 986 2728 1025 cura
2754 981 2915 1041 atque
2958 972 3317 1027 sollicitudine
3358 982 3439 1027 te-

1857 1063 1974 1119 nuit
1992 1062 2278 1118 lectionem
2305 1072 2359 1118 et
2384 1064 2789 1135 punctationem
2814 1065 3157 1135 autographi,
3172 1066 3314 1134 quod
3330 1078 3440 1134 pm

1856 1154 2029 1210 oculis
2051 1155 2307 1220 habebat,
2333 1165 2387 1210 et
2409 1156 2528 1212 ideo
2550 1157 2683 1211 dure
2712 1171 2770 1212 se
2802 1157 2854 1212 in
2886 1156 2987 1211 hoc
3010 1155 3265 1227 psalterio
3292 1155 3443 1210 labo-

1857 1261 2008 1301 rasse
2044 1244 2141 1301 ait.
2190 1245 2289 1300 llic
2334 1262 2464 1300 vero
2499 1262 2617 1316 quae
2657 1248 2725 1301 ad
2775 1248 3016 1301 strictam
3062 1244 3442 1317 grammatices

1856 1353 2103 1393 nortnam
2129 1338 2273 1393 dicta
2301 1353 2404 1393 non
2429 1348 2603 1405 erant,
2632 1340 2890 1404 correxit,
2927 1339 3175 1394 duriores
3203 1346 3441 1395 structu-

1857 1445 1948 1485 ras
1974 1430 2255 1495 emollivit,
2280 1431 2485 1486 addidit
2512 1440 2674 1500 atque
2703 1432 2931 1485 mutavit
2951 1431 3137 1486 obolos
3164 1439 3220 1486 et
3242 1431 3437 1486 asteri-

1855 1535 1969 1577 cos.
1993 1520 2145 1588 Quod
2175 1536 2240 1576 ex
2266 1522 2548 1592 utriusque
2576 1522 2865 1577 collatione
2887 1535 3128 1593 apparet,
3152 1537 3275 1578 cum
3299 1522 3441 1593 Rey-

1852 1630 1943 1669 ser
1972 1613 2120 1669 illam
2165 1624 2476 1670 constanter
2514 1615 2798 1671 lectionem
2839 1616 3055 1681 habeat,
3104 1632 3223 1687 qua:
3266 1616 3444 1672 minus

237 1701 399 1758 Editio
441 1704 846 1779 Habergen‘aua
888 1709 930 1764 ιι
975 1726 1027 1765 ει,
1074 1711 1212 1767 M97
1258 1711 1635 1797 Norimbergg
1663 1714 1751 1772 vel
1776 1789 1819 1797 _
1852 1705 2106 1777 elegans,
2154 1706 2335 1763 minus
2372 1709 2757 1779 grammatices
2806 1709 3004 1778 regulis
3046 1709 3329 1780 adaptata,
3384 1709 3445 1769 in

1640 1793 1666 1802 δ

183 1795 422 1867 Augustae,
450 1808 511 1855 ut
534 1803 825 1857 contendit
848 1802 1169 1861 Reimmaun
1201 1805 1317 1879 (92)

235 1887 399 1943 Editio
428 1890 649 1946 Cachtei
680 1891 876 1964 Lipsiae
906 1894 1045 1951 1553
1073 1897 1126 1953 in
1165 1897 1225 1952 4°
1263 1900 1407 1956 edita
1437 1916 1467 1956 a
1496 1898 1619 1958 Joh.
1645 1903 1751 1960 Co-

181 1977 327 2045 cbleo,
354 1981 650 2039 notissimo
685 1982 908 2042 Lutheri
940 1988 1278 2057 adversario,
1301 2001 1464 2062 atque
1500 1993 1749 2051 Conrado

184 2072 527 2146 aThuengen,
592 2078 853 2151 episc0po
900 2080 1276 2152 Herbipolensi
1317 2084 1531 2152 dicata,
1565 2096 1751 2156 patro-

182 2164 450 2222 cinantibus
470 2167 737 2240 Georgio,
772 2170 1022 2228 Saxonis:
1059 2174 1216 2240 duce,
1266 2175 1390 2231 fidei
1434 2178 1750 2235 orthodoxae

182 2256 427 2313 defensore
470 2263 960 2320 constantissimo:
987 2264 1197 2323 Joanne
1242 2282 1275 2323 a
1326 2267 1606 2340 Schleyer,
1636 2271 1750 2341 epi-

182 2362 313 2419 scOpo
336 2349 623 2418 Misnensi,
662 2362 719 2408 et
747 2352 915 2410 Paulo
940 2354 1234 2422 Dulciario,
1263 2357 1469 2414 decano
1491 2359 1746 2415 Budissea

182 2440 322 2503 uensi,
342 2440 432 2509 qui
458 2440 704 2512 legatum
727 2457 851 2499 esse
875 2444 1061 2512 voluit,
1087 2463 1117 2502 a
1141 2462 1198 2503 se
1218 2448 1544 2519 pauperibus
1572 2464 1750 2505 sacer-

184 2528 362 2585 dotibus
408 2533 668 2588 relictum
718 2533 855 2606 (93).
914 2536 1056 2592 Duas
1105 2539 1172 2594 de
1215 2539 1317 2594 hac
1363 2555 1461 2594 sua
1510 2540 1748 2598 editione

185 2615 363 2677 Cochlei
392 2625 661 2693 epistolas
690 2641 746 2681 a.
787 2626 949 2695 1552,
974 2630 1215 2686 servavit
1253 2629 1376 2687 Job.
1409 2631 1568 2703 Bapt.
1613 2632 1745 2691 Rie-

185 2710 309 2765 dcrer
326 2713 455 2783 (Μ).

236 2800 344 2859 llaec
355 2804 575 2863 Cochlei
592 2808 766 2865 editio
782 2809 834 2865 in
849 2809 1180 2870 Bibliolhccis
1196 2814 1747 2885 Patrum,Colom'ensi

186 2889 291 2947 1618
325 2903 361 2948 ι.
394 2896 465 2951 Μ
492 2907 551 2953 et
580 2898 919 2970 Lugduncmt'
969 2904 1100 2960 1677
1131 2914 1170 2961 ι.
1200 2906 1364 2965 XVIII
1403 2926 1593 2968 recusa
1632 2921 1739 2968 est.

236 2983 420 3042 Prodiit
446 2991 692 3061 denique
728 2992 1004 3065 Herbipoli
1045 2996 1177 3053 1721
1213 2998 1536 3058 Psalterium
1584 3004 1747 3059 Davi-

185 3072 375 3167 discum
401 3083 549 3136 notis
574 3090 634 3137 et
674 3088 1081 3144 commentariis
1130 3088 1190 3145 S.
1228 3092 1516 3162 Brunonis,
1567 3112 1743 3167 quoa-

1776 1789 1825 1851 B
1855 1807 2003 1854 textu
2037 1812 2166 1854 vero
2216 1799 2383 1864 illam,
2434 1816 2555 1870 qua:
2598 1800 2777 1855 minus
2826 1811 3084 1856 consueta
3132 1808 3236 1855 est.
3287 1800 3443 1868 Quod

1852 1905 1984 1945 vero
2010 1888 2129 1959 ejus
2164 1892 2543 1947 auctoritatem
2577 1892 2777 1959 firn‘iat,
2807 1891 2861 1947 id
2900 1902 2987 1947 est
3029 1894 3172 1964 quod
3201 1892 3443 1948 codicem

1852 1982 2214 2040 Ebracensem
2254 1994 2568 2040 constanter
2600 1986 2702 2040 sibi
2738 2000 3036 2041 consonum
3081 1985 3316 2051 habeat,
3352 1983 3445 2039 ubi

1852 2076 1956 2131 iste
1984 2077 2290 2131 Brunonem
2323 2077 2376 2131 in
2416 2077 2795 2147 compendium
2834 2093 2940 2131 non
2987 2077 3214 2147 redegit,
3245 2077 3444 2146 quibus

1853 2170 1919 2226 de
1948 2170 2129 2225 causis
2158 2185 2257 2225 nos
2283 2170 2426 2225 nullo
2455 2171 2613 2226 modo
2645 2170 3029 2234 dubitavimus,
3061 2169 3287 2242 Reyseri
3317 2178 3439 2224 tex-

1853 2270 1968 2316 tum
1997 2270 2056 2315 ut
2082 2261 2373 2332 plurimum
2410 2263 2721 2326 restituere,
2752 2261 2878 2317 licet
2906 2278 2971 2317 eo
3006 2262 3122 2331 ipso
3160 2260 3386 2316 multant
3411 2276 3444 2315 a

1824 2352 2072 2431 ovulgata
2098 2353 2316 2407 (lochlei
2354 2351 2583 2407 lectione
2610 2354 2878 2408 recessuri
2905 2369 3141 2407 eramus.
3172 2353 3444 2423 Ejecimus

1853 2447 2015 2500 etiam
2044 2462 2163 2517 qua:
2210 2445 2473 2501 Cochlcus
2516 2446 2582 2501 de
2611 2460 2710 2501 suo
2757 2445 2980 2510 addidit,
3021 2445 3442 2500 commentarios

1853 2538 2214 2603 canticorum,
2251 2537 2589 2593 collationem
2622 2553 2743 2593 cum
2789 2536 3014 2592 Hebraeo
3065 2544 3212 2592 textu
3242 2544 3298 2592 et
3335 2536 3443 2591 alia

1851 2629 2090 2699 ejusdem
2112 2630 2345 2700 generis,
2366 2645 2490 2684 cum
2515 2629 2671 2683 nobis
2693 2644 2799 2683 non
2825 2628 3110 2695 Cochleus,
3134 2629 3230 2685 sed
3252 2627 3438 2685 Bruno

1851 2720 2091 2778 edendos
2135 2722 2225 2776 sit.
2274 2720 2492 2775 Maximi
2541 2735 2670 2775 vero
2700 2720 2856 2775 nobis
2886 2720 3090 2775 laboris
3129 2735 3266 2789 opus
3311 2718 3435 2785 fuit,

1850 2811 2120 2868 Brunonis
2150 2810 2520 2882 praefationem
2566 2813 2875 2875 restituere,
2903 2825 3002 2881 pro
3031 2825 3136 2880 qua
3178 2809 3444 2865 Cochlcus

1851 2905 2126 2976 propriam
2169 2902 2526 2959 substituerat
2577 2902 2757 2958 Codex
2805 2902 2973 2957 multa
3009 2902 3292 2969 omiserat,
3338 2902 3443 2958 alia

1853 2998 2161 3064 addiderat,
2209 3007 2372 3065 atque
2406 2996 2522 3066 ipse
2550 2995 2759 3066 Reyser
2786 2995 2892 3051 hac
2938 2995 2990 3049 in
3021 3002 3176 3064 parte
3223 2994 3442 3065 propria

1853 3090 2098 3164 quazdam
2131 3092 2521 3155 immiscuerat,
2552 3090 2627 3145 ita
2659 3099 2836 3145 tamen
2860 3098 2921 3143 ut
2950 3088 3207 3159 distingui
3241 3105 3271 3142 a
3304 3088 3442 3143 Bru-

185 3165 282 3261 daut
321 3173 557 3243 episcopi
602 3173 1011 3248 Herbipolensis
1032 3221 1048 3248 ,
1097 3183 1253 3240 almae
1300 3155 1739 3261 congregationis
1773 3155 1820 3218 Ο
1851 3155 2103 3239 nonianis
2118 3191 2337 3253 queant.
2362 3181 2472 3238 Nos
2495 3182 2678 3254 igitur,
2705 3181 3081 3237 deficientibus
3109 3155 3231 3236 aliis
3251 3181 3439 3251 prazsi-

184 3259 342 3353 majori
380 3267 716 3324 academica:
760 3269 825 3324 B.
864 3270 939 3325 Μ.
975 3273 1036 3329 γ.
1085 3278 1422 3335 annuntiata:
1463 3259 1744 3353 llerbipoli

182 3349 383 3409 oblatum
411 3357 466 3412 in
501 3357 622 3425 12⁸,
665 3361 810 3430 quod
853 3372 1031 3420 tamen
1060 3367 1149 3422 vix
1181 3366 1453 3426 Brunonis
1497 3349 1746 3429 editioni-

183 3439 260 3539 ξω
288 3449 755 3505 annumerandum
794 3463 897 3519 est,
951 3472 1074 3512 cum
1113 3463 1541 3521 commentarius
1584 3463 1747 3537 plane

182 3536 462 3593 immutatus
491 3536 668 3594 fuerit
690 3555 761 3596 ex
793 3540 1031 3601 Leblanc
1056 3554 1115 3602 et
1140 3547 1284 3605 aliis.

234 3621 312 3678 l7.
341 3625 494 3693 Quod
523 3629 598 3685 ad
642 3631 1016 3701 praesidiorum
1069 3640 1463 3697 recensitorum
1502 3644 1744 3703 valorem

185 3713 362 3785 attinet,
407 3735 521 3790 pm
576 3723 773 3794 primis
812 3726 1165 3786 excludamus
1197 3743 1449 3803 Opportet
1481 3739 1744 3794 secunda-

185 3806 268 3895 [ξοδ
307 3812 572 3871 editiones
618 3829 845 3883 omnes,
891 3823 1358 3895 remanebuntque
1401 3828 1744 3887 conferendae

184 3890 474 3986 liqseriana
496 3913 555 3958 et
588 3903 912 3975 Cochleana,
936 3925 1101 3981 porro
1122 3890 1316 3982 codex,
1344 3917 1437 3986 qui
1459 3918 1607 3974 solus
1638 3934 1737 3975 no-

183 3982 247 4076 bis
262 3999 441 4057 praesto
464 3992 598 4059 fuit,
620 3993 960 4055 Ebracensis.
987 4002 1134 4058 Inter
1155 4004 1268 4060 hrec
1296 3982 1531 4076 primum
1559 4008 1739 4066 locum

185 4073 350 4174 absque
382 4081 546 4139 dubio
569 4085 751 4141 editor
778 4086 1145 4161 Reyserianus
1170 4073 1417 4165 occupat,
1460 4097 1546 4151 vir
1582 4113 1741 4169 saga-

186 4168 394 4228 cissimus
432 4183 488 4230 et
534 4176 636 4246 qui
680 4192 827 4234 sana:
870 4182 1085 4239 critices
1113 4185 1380 4255 principia
1410 4168 1742 4257 sequebatur

185 4269 260 4346 illo
281 4268 512 4334 tempore
538 4268 634 4322 vix
662 4284 770 4324 non
793 4270 1054 4330 inaudita.
1094 4276 1309 4346 Optime
1331 4278 1475 4332 enim
1520 4280 1611 4336 ille
1659 4281 1741 4336 vi-

185 4343 262 4413 dit,
282 4352 495 4411 editoris
518 4373 631 4414 non
653 4374 775 4416 esse
808 4373 1081 4421 auctorem
1129 4343 1286 4422 suum
1319 4370 1608 4442 corrigere,
1643 4388 1740 4428 ne-

185 4450 267 4539 que
290 4447 575 4539 exhibere,
623 4453 753 4521 quid
804 4454 892 4511 ille
927 4458 1112 4514 dicere
1150 4460 1421 4528 debuerit,
1466 4464 1560 4518 sed
1607 4464 1735 4535 quid

185 4528 365 4590 dixerit.
393 4539 529 4599 Hinc
562 4542 616 4597 in
644 4547 1042 4618 prolegomcnis
1069 4551 1177 4607 late
1198 4557 1448 4623 exposuit
1478 4575 1490 4611 :
1520 4578 1537 4607 r
1576 4528 1733 4626 Quod

190 4639 206 4673 ι
239 4630 467 4695 psalteria
493 4650 720 4709 propter
745 4642 1113 4702 diversitatem
1148 4655 1451 4717 temporum
1482 4650 1653 4706 solam
1679 4654 1733 4708 in

191 4727 207 4762 ι
241 4723 398 4819 verbis
425 4740 695 4798 repertam
742 4751 845 4789 non
882 4747 1007 4792 sunt
1055 4739 1415 4795 emendanda.
1451 4760 1469 4795 ι
1516 4760 1536 4793 ι
1581 4741 1736 4808 Quod

192 4820 208 4854 ι
240 4815 362 4869 istud
401 4820 717 4886 psalterium
752 4837 969 4898 propter
994 4830 1371 4886 diversitatem
1410 4841 1736 4903 punctorum

242 4916 436 5009 (3|).Cf.
472 4930 672 4988 Rmder
701 4937 924 5009 catalog.
957 4940 1222 4994 librorum
1259 4956 1384 4998 saec.
1416 4960 1484 4998 xv
1514 4942 1733 4999 Norim-

1411 4982 1493 5069 li

409 5061 671 5142 praeponit
711 5061 1041 5150 antiit—4’35;
1060 5061 1734 5157 quid

1849 3274 1954 3331 diis
1982 3283 2191 3329 textura
2214 3271 2552 3344 praefationis
2578 3289 2686 3344 quo
2717 3273 2927 3329 meliori
2968 3273 3085 3329 fieri
3118 3274 3293 3344 potuit
3321 3288 3438 3327 mo-

1848 3367 1919 3423 do
1949 3366 2323 3433 restituimus;
2357 3366 2412 3420 iu
2443 3366 2576 3421 locis
2604 3380 2735 3421 vero
2761 3364 3005 3431 Patrum,
3033 3378 3101 3419 ex
3130 3364 3328 3434 quibus
3377 3361 3443 3417 il-

1848 3458 1956 3515 lam
1984 3458 2166 3515 Bruno
2192 3462 2484 3532 congessit,
2512 3461 2631 3532 ejus
2660 3459 2947 3517 lectionem
2973 3460 3315 3515 retinuimus.

1915 3552 2037 3609 Jam
2068 3569 2198 3609 vero
2222 3554 2407 3609 omnia
2449 3569 2550 3608 nos
2580 3553 2883 3624 explevisse
2929 3552 3275 3617 confidimus,
3319 3550 3442 3621 qui-

1844 3643 1949 3699 bus
1978 3642 2246 3698 Brunonis
2271 3643 2421 3712 operi
2444 3642 2851 3713 prmludendum
2879 3651 3021 3709 erat,
3053 3656 3229 3712 neque
3256 3654 3442 3711 super-

1843 3742 1931 3791 est
1958 3733 2104 3789 aliud
2128 3735 2517 3805 praestandum,
2567 3735 2673 3790 nisi
2721 3744 2781 3790 ut
2827 3735 3071 3806 publicas
3119 3733 3224 3790 illis
3258 3741 3439 3805 grates

1846 3841 2071 3899 agamus
2098 3827 2190 3896 qui
2216 3828 2463 3895 consilio,
2495 3843 2683 3898 opera,
2722 3827 2941 3897 scriptis
2962 3826 3237 3897 adjutores
3263 3824 3438 3881 nostri

1844 3918 2082 3986 fuerunt,
2117 3918 2386 3990 imprimis
2422 3933 2552 3976 vero
2600 3920 2897 3976 reverendo
2933 3920 3152 3976 domino
3198 3918 3436 3973 Antonio

1844 4011 2096 4078 Roland,
2151 4012 2431 4084 theologia:
2494 4012 2704 4069 doctori
2773 4020 2940 4083 atque
2996 4012 3051 4066 in
3090 4020 3274 4065 nostra
3328 4011 3433 4065 hac

1842 4103 2195 4160 universitate
2237 4103 2376 4158 Julia
2421 4119 2635 4159 summo
2682 4102 3129 4163 bibliothecario,
3181 4101 3300 4157 viro
3342 4101 3430 4158 rei

1841 4201 2044 4248 nostra:
2078 4193 2396 4262 antiquaria;
2418 4209 2483 4249 ac
2511 4194 2788 4249 litterariae
2818 4193 3169 4265 peritissimo.

1928 4304 1947 4337 r
1991 4284 2219 4353 Tihique
2245 4284 2398 4356 (95),
2431 4301 2464 4341 0
2505 4296 2659 4357 pater
2697 4296 2780 4342 ter
2822 4297 3121 4359 quaterque
3165 4288 3340 4349 beate,
3380 4294 3436 4342 el

1845 4396 1867 4429 ‹
1915 4377 2157 4450 pontifex
2189 4386 2300 4434 toto
2323 4394 2439 4434 aevo
2465 4380 2791 4447 venerande,
2820 4380 2947 4436 felix
2994 4380 3173 4435 Bruno
3193 4420 3209 4446 ,
3254 4388 3437 4450 grates

1848 4487 1869 4521 r
1921 4469 2227 4525 referimus.
2268 4468 2502 4540 lmpetra
2535 4479 2594 4525 ut
2630 4471 2790 4542 digne
2836 4487 3052 4541 quoque
3081 4472 3325 4526 moribus
3351 4486 3439 4525 re-
3508 4470 3512 4477 ’

1844 4577 1864 4613 ι
1922 4561 2303 4634 spondeamus.
2334 4561 2689 4633 Dignissimas
2727 4563 2871 4617 enim
2902 4563 3102 4634 gratias
3154 4576 3314 4632 agere
3352 4569 3441 4615 est

1846 4672 1867 4706 ι
1922 4656 2033 4711 Deo
2076 4655 2306 4711 ﬁdeliter
2341 4658 2549 4712 servire
2577 4667 2995 4726 sanctorumque
3016 4656 3179 4709 vitam
3209 4653 3439 4709 imitari.

1848 4765 1868 4799 ι
1911 4746 2145 4818 ldipsum
2170 4762 2385 4818 quoque
2413 4764 2483 4805 ex
2510 4749 2620 4805 Deo
2638 4749 2799 4820 digne
2823 4747 3051 4818 psallere
3072 4756 3126 4801 et
3153 4746 3210 4800 in
3233 4744 3447 4815 psaltes

1851 4856 1870 4889 ι
1919 4839 2000 4895 rio
2040 4840 2322 4909 prolicere.
2364 4859 2384 4891 ι

1846 4950 2344 5025 152l,4recensuit__
2369 4952 2598 5025 Leloug,
2628 4954 2766 5009 Bibl.
2790 4969 2943 5010 sacra
2973 4954 3059 5010 ed.
3099 4952 3296 5025 Boer_n.
3330 4957 3367 5003 ι.
3393 4942 3472 5017 1,”

1842 5036 1898 5104 p_.
1925 5023 2051 5090 617,
2083 5040 2205 5094 qua:
2240 5020 2433 5081 nullibi
2477 5020 2787 5097 comparet;
2828 5025 3037 5079 videtur
3063 5039 3185 5080 esse
3231 5021 3481 5104 Reyseuy
3572 5026 3575 5029 ‘

1843 5109 2039 5216 “dfligi
2074 5162 2449 5216 Nztclll‘idtlon
2472 5169 2582 5216 Zur
2602 5159 3283 5216 Kirchen-Gelehrtcu-und
3303 5142 3471 5215 Βιιθὲ
