4000 5370
176 336 232 388 11
1545 331 1747 388 PROLI

1854 328 2074 384 DMENA.
3339 337 3406 390 ﬂ

172 429 663 496 minibus-additum
689 442 917 506 noverit,
940 456 1092 511 atque
1118 457 1286 511 usque
1311 442 1377 495 ad
1399 442 1732 510 duo(rubra)
1764 457 1808 510 Α
1839 441 2059 511 Aquila,
2107 441 2198 510 qui
2253 441 2537 496 verborum
2579 442 2925 499 llelmeo'rum
2959 445 3400 515 diligentissimus

171 540 353 599 puncta
388 529 541 598 juxta
575 531 954 586 'I'lieodotionis
999 533 1260 585 duntaxat
1289 532 1602 598 editionem,
1633 534 1724 600 qui

171 622 494 691 simplicitate
523 623 785 676 sermonis
814 639 843 677 a
876 622 1014 677 LXX
1064 625 1448 693 interpretibus
1478 640 1586 678 non
1619 626 1729 680 dis-

170 710 359 764 cordat.
415 710 539 766 lltec
588 726 717 780 ergo
747 712 900 767 vobis
930 722 984 767 et
1027 712 1266 767 studioso
1293 713 1487 783 cuique
1528 729 1614 769 me
1654 714 1730 770 fe-

172 803 296 857 cisse
323 803 501 858 sciens
527 845 541 866 ,
581 819 685 857 non
715 806 925 877 ambigo
962 807 1160 861 multos
1203 807 1317 863 fore
1345 809 1434 878 qui
1479 810 1562 864 vel
1592 809 1730 865 invi-

173 891 283 956 dia,
332 891 416 945 vel
463 894 757 962 supercilio
801 895 987 948 malint
1029 906 1373 952 contemnere
1435 901 1730 970 praeclara,

172 998 316 1051 quam
341 983 525 1037 videre
549 983 684 1055 (99),
714 994 769 1038 et
803 985 868 1039 de
902 986 1210 1043 turbulento
1237 991 1408 1060 magis
1434 992 1547 1047 rivo
1571 1008 1732 1063 quam

171 1077 228 1132 de
259 1079 554 1149 purissimo
582 1078 729 1134 fonte
753 1089 960 1149 potare.

233 1189 587 1261 Hieronymus
609 1208 823 1262 quoque
845 1194 898 1247 in
921 1195 1143 1265 epistola
1159 1199 1228 1252 ad
1248 1196 1505 1253 Sunniam
1527 1209 1581 1253 et
1603 1199 1734 1256 Fre-

176 1279 318 1334 telam
348 1281 498 1351 (l00)
543 1282 610 1336 de
639 1282 937 1338 diﬂ‘erentia
977 1284 1120 1340 LXX
1149 1287 1504 1358 interpretum
1546 1298 1601 1344 et
1631 1290 1738 1344 ﬂe-

175 1371 353 1426 braica!
382 1373 653 1436 veritatis,
696 1374 762 1429 de
785 1375 938 1430 obelo
959 1385 1013 1430 et
1037 1378 1296 1432 asterisco
1330 1379 1408 1434 sic
1429 1380 1503 1433 ait
1540 1397 1553 1434 :
1586 1398 1603 1431 ι
1636 1380 1737 1436 Ubi

177 1459 288 1528 quid
318 1460 497 1514 minus
543 1462 777 1516 habetur
808 1463 858 1516 in
887 1462 1073 1519 Grarco
1112 1484 1130 1517 ι
1173 1476 1229 1519 et
1258 1467 1608 1525 translatione
1636 1468 1736 1524 Se-

178 1553 431 1623 ptuaginta
463 1553 614 1623 (101)
657 1573 677 1606 s
708 1555 774 1609 ab
803 1555 1064 1612 Hebraica
1101 1559 1358 1627 veritate,
1385 1560 1647 1630 Origenes
1675 1565 1740 1619 de

181 1643 509 1697 translatione
534 1643 922 1702 Theodotionis
966 1649 1171 1705 addidit
1220 1663 1273 1705 et
1302 1653 1513 1720 signum
1561 1656 1738 1724 posuit

179 1735 423 1801 asterisci,
447 1735 504 1788 id
524 1745 607 1790 est
628 1737 868 1802 stellam,
893 1754 1012 1810 qua:
1031 1741 1170 1810 quod
1195 1742 1343 1812 prius
1365 1745 1739 1800 absconditum

1831 533 2126 603 explicator
2149 542 2250 598 est,
2278 533 2409 599 sele,
2435 537 2536 589 hoc
2564 545 2666 600 est,
2692 537 2983 607 diapsalma
3008 538 3180 609 (108),
3205 556 3406 610 semper

1835 622 2204 688 transtulerit;
2225 622 2625 678 etinveniamus
2641 627 2690 678 in
2714 625 3040 693 psalmorum
3067 643 3280 698 quoque
3301 632 3407 684 tino

1833 714 2125 784 diapsalma
2169 714 2401 784 positum
2425 753 2442 780 ,
2476 727 2533 770 ut
2567 726 2649 771 cst
2676 717 2800 772 illud
2862 718 2914 772 in
2960 719 3119 773 tertio
3159 737 3170 772 :
3203 721 3404 777 Dentes

1832 814 2174 873 peccatorum
2219 804 2561 858 contrivisti:
2596 805 2803 860 Domini
2847 819 2930 862 est
2973 809 3118 864 salus
3143 819 3197 865 et
3239 827 3404 882 super

1836 894 2086 966 populum
2119 905 2264 950 tuum
2290 895 2590 952 benedictio
2615 907 2701 952 tua
2720 939 2737 963 ,
2764 899 2874 954 sela
2893 940 2909 964 ,
2961 900 3012 955 id
3039 910 3124 956 est
3151 918 3365 974 semper
3383 923 3407 971 ς

1838 995 1894 1040 et
1926 987 1978 1040 in
2008 987 2267 1057 vigesimo
2295 987 2453 1042 tertio
2484 1006 2496 1041 ε
2527 988 2658 1055 Quis
2681 1000 2764 1045 est
2804 991 2903 1044 iste
2932 1006 3024 1045 rex
3052 992 3273 1063 glorize‘!
3297 995 3403 1050 Do-

1837 1077 2018 1131 minus
2042 1078 2305 1131 virtutum
2335 1077 2448 1148 ipse
2479 1087 2562 1132 est
2600 1094 2693 1132 rex
2721 1079 2925 1150 glorize,
2961 1082 3274 1152 diapsalma,
3307 1085 3411 1141 hoc

1837 1178 1916 1224 est
1942 1184 2209 1239 :sempcr,
2230 1179 2286 1225 et
2305 1177 2490 1223 contra
2520 1171 2570 1224 in
2600 1171 2818 1240 psalmis
2843 1172 3130 1228 multorum
3156 1189 3406 1230 versuum

1839 1261 2050 1330 penitus
2085 1275 2188 1314 non
2223 1261 2557 1328 inveniatur;
2587 1261 2642 1317 in
2672 1263 2944 1318 tricesimo
2983 1264 3230 1319 videlicet
3255 1274 3411 1320 sex-to

1839 1361 1894 1404 et
1940 1350 2334 1419 septuagesimo
2382 1352 2632 1420 septimo,
2687 1362 2742 1408 et
2781 1351 2834 1406 in
2871 1353 3166 1408 centesimo
3202 1353 3412 1410 decimo

1840 1448 2062 1502 octavo;
2095 1453 2282 1493 rursus
2321 1455 2497 1494 nonus
2534 1439 2775 1509 psalmus
2808 1441 3174 1512 distinguatur
3199 1443 3412 1501 cantico

1842 1528 2208 1599 diapsalmatis
2234 1545 2248 1584 :
2271 1544 2394 1584 eum
2417 1530 2631 1600 utique,
2664 1531 2807 1588 sicut
2853 1533 3174 1603 quibusdam
3208 1535 3410 1604 placet,

1843 1620 2138 1690 diapsalma
2165 1635 2285 1676 esse
2314 1620 2417 1675 nisi
2446 1621 2703 1676 indicium
2725 1623 2921 1678 silentii
2953 1640 3060 1679 non
3090 1627 3278 1696 possit.

1912 1712 1992 1768 Ex
2029 1727 2137 1782 quo
2184 1713 2694 1780 animadvertimus,
2724 1714 2826 1770 hoc
2872 1716 3094 1772 verbum
3137 1720 3416 1788 superiora

179 1824 440 1879 'idebalur
494 1826 769 1882 “lumine,
824 1838 880 1883 ει
910 1804 987 1883 'in
1027 1804 1263 1886 [hediu'm
1315 1834 1573 1902 prorem.
1629 1834 1730 1891 Ubi
1763 1821 1808 1881 Β
1833 1806 2037 1878 pariter
2060 1804 2381 1861 etinferiora
2422 1817 2742 1863 connectere
2761 1816 3018 1862 autcerte
3039 1808 3234 1865 docere
3275 1826 3418 1866 sem-

181 1926 336 1970 autem
358 1917 505 1988 quod
547 1919 604 1974 in
634 1918 858 1976 Hebraeo
886 1937 992 1977 non
1032 1933 1116 1980 est
1146 1925 1199 1979 in
1228 1924 1431 1982 Graecis
1457 1927 1735 1984 codicibus

180 2007 424 2063 invenitur
453 2009 694 2076 obelum,
739 2010 788 2066 id
827 2022 908 2067 est
928 2011 1200 2081 iacentem
1231 2015 1412 2085 posuit
1447 2017 1738 2090 virgulam,

182 2115 320 2167 quam
349 2115 450 2155 nos
479 2100 682 2156 Latine
703 2116 832 2156 veru
861 2118 1145 2173 possumus
1176 2106 1355 2161 dicere
1381 2123 1394 2177 ;
1426 2121 1532 2181 quo
1564 2121 1744 2168 osten-

181 2191 686 2264 diturjngulandum
732 2208 852 2253 esse
899 2203 953 2254 et
996 2191 1448 2267 conlOdiendum,
1493 2205 1636 2273 quod
1690 2205 1743 2260 in

181 2285 484 2343 authenticis
527 2284 682 2344 libris
733 2305 839 2345 non
890 2292 1179 2348 invenitur.
1233 2293 1362 2360 Quae
1410 2293 1559 2365 signa
1593 2303 1647 2348 et
1690 2274 1762 2348 in“

180 2373 468 2434 timorum
517 2379 940 2452 Latinorumque
964 2383 1299 2453 poematibus
1327 2383 1696 2438 inveniuntur.
1721 2403 1741 2436 s

242 2471 425 2526 Verum
467 2486 548 2526 ne
573 2471 975 2528 existimaretur
1002 2473 1086 2530 vel
1129 2473 1276 2528 nulla
1307 2475 1633 2530 necessitate
1663 2473 1748 2531 vel

186 2564 389 2619 utilitate
431 2565 547 2620 ista
584 2563 737 2636 signa
765 2564 1030 2636 apposita,
1065 2565 1269 2622 addidit
1301 2564 1360 2619 Β.
1387 2563 1750 2637 Hieronymus

189 2653 233 2707 in
256 2656 431 2710 eadem
459 2654 698 2726 epistola
731 2655 876 2727 (102)
901 2655 1122 2712 dicens:
1150 2655 1298 2724 Quae,
1323 2654 1475 2728 signa
1505 2673 1523 2707 ι
1545 2655 1753 2711 scilicet

186 2744 302 2800 obeli
316 2745 695 2814 asteriscique,
709 2745 840 2812 sive,
861 2757 920 2800 ut
933 2744 1125 2817 Papias
1150 2747 1298 2812 dicit,
1340 2747 1586 2803 asterisci
1603 2745 1750 2818 (105)

189 2835 294 2890 dum
329 2852 421 2906 per
450 2836 789 2906 scriptorum
821 2837 1198 2909 negligentiam
1226 2853 1258 2892 a
1297 2837 1567 2909 plerisque
1597 2839 1753 2909 quasi

190 2928 426 2997 superﬂua
491 2929 905 2999 relinquuntur,
951 2945 1179 3001 magnus
1239 2930 1292 2985 in
1337 2929 1564 3003 legendo
1600 2946 1755 2987 error

189 3017 426 3074 oboritur.
473 3039 492 3072 ι

252 3131 404 3190 Νεωο
449 3137 622 3206 igitur
674 3136 970 3207 despiciat,
1019 3137 1160 3208 quod
1227 3138 1533 3210 ignoratum
1590 3139 1752 3195 etiam

195 3225 423 3284 damnum
455 3231 640 3285 ail'ert.
828 3227 834 3232 ’

255 3359 602 3433 Hieronymus
632 3363 699 3416 de
723 3363 1016 3433 diapsalma
1040 3365 1144 3418 sive
1177 3363 1522 3434 diapsalmate
1547 3365 1616 3419 ad
1641 3363 1756 3419 Ru-

191 3449 335 3514 ﬁnum
365 3453 502 3506 alias
543 3454 622 3508 ad
657 3451 963 3509 Marcellam
1018 3454 1286 3510 intitulata
1329 3454 1550 3525 epistola
1586 3455 1752 3527 (IN).

254 3541 370 3606 Quae
396 3544 686 3612 acceperis
708 3544 978 3599 reddenda
1006 3556 1133 3600 sunt
1158 3561 1278 3599 eum
1302 3544 1540 3600 faenore:
1569 3547 1759 3600 sortis-

197 3634 438 3705 que(l05)
466 3635 661 3694 dilatio
684 3651 900 3688 usuram
924 3637 1173 3705 parturit.
1199 3637 1275 3690 De
1297 3635 1646 3705 diapsalmate
1669 3650 1758 3690 no-

195 3731 343 3775 stram
359 3725 696 3780 sententiam
719 3722 1010 3794 ﬂagitaras,
1033 3724 1275 3794 epistolae
1297 3725 1614 3779 brevitatem
1633 3740 1760 3778 eau—

197 3815 283 3869 sati
321 3832 508 3871 sumus
544 3826 604 3872 et
642 3830 754 3870 rem
785 3816 904 3870 libri
929 3831 1034 3870 non
1074 3830 1231 3886 posse
1256 3815 1534 3886 eXplieari,
1562 3814 1761 3869 litteris

201 3910 592 3976 pretexuimus.
646 3906 846 3962 Verum
867 3907 994 3977 quid
1014 3909 1234 3977 prodest
1259 3907 1600 3961 taciturnitas
1615 3921 1757 3973 mea,

195 4016 302 4054 eum
343 4003 395 4056 in
446 4019 514 4058 eo
564 3998 741 4068 major
782 3998 877 4053 tibi
928 3998 1194 4067 cupiditas
1250 3997 1465 4052 silentio
1517 3998 1758 4051 concite-

205 4091 303 4143 tur?
323 4091 467 4162 (106)
486 4091 703 4159 itaque,
723 4105 790 4143 ne
815 4098 870 4143 te
893 4087 1093 4143 diutius
1113 4087 1343 4150 traham,
1369 4085 1566 4140 habeto
1587 4100 1758 4154 pauca

203 4193 284 4246 pro
331 4183 606 4252 pluribus.
649 4180 878 4247 Quidam
915 4176 1212 4249 diapsalma
1245 4175 1760 4232 commentationem

208 4273 342 4326 metri
361 4273 626 4328 dixerunt
647 4286 800 4334 esse;
825 4269 913 4324 alii
937 4267 1306 4340 pausationem
1339 4267 1597 4335 spiritus:
1626 4281 1763 4320 nou-

210 4361 317 4416 nulli
352 4364 586 4417 alterius
616 4376 808 4416 sensus
835 4361 1144 4425 exordium;
1174 4365 1297 4414 sunt
1346 4367 1399 4411 et
1431 4357 1522 4427 qui
1562 4355 1759 4427 rytlnni

214 4449 606 4508 distinctionem
626 4489 642 4515 ,
670 4460 725 4505 et
754 4449 878 4519 quia
900 4449 1089 4520 psalmi
1123 4459 1250 4503 tunc
1285 4443 1758 4518 temporisjuneta

1839 1896 2048 1968 piterna
2070 1911 2213 1960 esse,
2235 1911 2353 1964 qua:
2374 1896 2514 1951 dicta
2534 1907 2678 1964 sunt,
2704 1907 2761 1953 ut
2783 1908 2865 1953 est
2885 1898 3013 1952 illud
3031 1898 3082 1952 in
3102 1901 3260 1955 tertio
3279 1901 3419 1971 psalo

1841 2004 1960 2047 mo:
1982 1987 2131 2046 Multi
2147 1986 2326 2046 dicunt
2343 1987 2536 2046 anima:
2552 2004 2681 2048 metr
2697 2004 2803 2046 nou
2819 1998 2900 2047 est
2917 1989 3060 2049 salus
3082 1990 3184 2046 nisi
3202 1992 3254 2046 in
3274 1994 3413 2047 Deo:

1842 2103 1940 2144 suo
1961 2104 2190 2158 semper.
2218 2088 2286 2144 Et
2307 2105 2551 2144 rursum:
2579 2089 2722 2144 Voce
2751 2105 2867 2144 mea
2898 2089 2963 2142 ad
2991 2090 3271 2145 Dominum
3299 2091 3420 2146 cla-

1845 2179 1985 2232 mavi
2014 2188 2070 2234 et
2096 2178 2374 2235 exaudivit
2404 2195 2488 2234 me
2511 2180 2578 2233 de
2605 2189 2786 2236 monte
2811 2188 2999 2234 sancto
3021 2195 3145 2245 suo,
3167 2195 3414 2252 semper.

1843 2266 1912 2322 Et
1941 2268 1994 2322 in
2027 2276 2220 2338 quarto
2248 2286 2262 2321 :
2293 2266 2362 2323 Ut
2391 2268 2516 2336 quid
2547 2267 2770 2338 diligitis
2802 2268 3093 2322 vanitatem
3127 2277 3183 2322 et
3216 2270 3419 2340 quarri-

1847 2359 1918 2414 tis
1948 2357 2321 2414 mendacium?
2359 2357 2504 2412 Sela.
2532 2358 2596 2412 Et
2632 2358 2771 2412 infra
2800 2374 2816 2412 :
2847 2357 2977 2425 Qua:
3008 2357 3187 2412 dicitis
3219 2359 3270 2413 in
3300 2374 3423 2415 cor-

1847 2448 2007 2503 dibus
2039 2449 2240 2504 vestris
2273 2456 2330 2504 et
2369 2448 2422 2503 in
2460 2447 2727 2504 cubilibus
2755 2447 2950 2503 vestris
2977 2448 3417 2519 compungimini,

1847 2555 2080 2612 semper.
2110 2540 2177 2595 Et
2222 2539 2276 2595 in
2325 2539 2584 2595 Abaeuc:
2616 2538 2760 2594 Deus
2793 2538 2864 2594 ab
2905 2547 3092 2594 austro
3133 2538 3332 2604 veniet,
3369 2549 3425 2594 et

1848 2643 2072 2691 sanctus
2097 2634 2162 2689 de
2192 2643 2377 2690 monte
2406 2631 2642 2696 Pharan,
2674 2645 2906 2702 semper.
2938 2631 3006 2687 Et
3049 2629 3186 2685 infra
3218 2647 3233 2688 :
3263 2630 3424 2686 Jura-

1850 2733 2031 2782 menta
2073 2724 2341 2789 tribubus,
2365 2740 2486 2795 quia:
2514 2723 2726 2780 loeutus
2751 2738 2832 2790 es,
2861 2737 3092 2794 semper.
3139 2721 3292 2779 Scire
3323 2738 3426 2779 au-

1853 2823 1960 2870 tem
1987 2814 2271 2875 debemus.
2293 2814 2432 2885 apud
2461 2813 2712 2872 llebrteos
2745 2811 2800 2866 in
2838 2810 2944 2867 tiae
2975 2810 3232 2866 librorum
3259 2827 3428 2867 unum

1850 2919 1882 2960 e
1907 2905 2082 2960 tribus
2110 2903 2286 2960 solere
2325 2903 2590 2970 subnecti,
2620 2911 2678 2957 ut
2707 2909 2801 2957 aut
2832 2917 2990 2956 amen
3020 2901 3312 2968 scribatur,
3335 2912 3432 2957 aut

1853 2997 1998 3065 sela,
2047 3005 2141 3052 aut
2183 2997 2388 3062 salem,
2419 2995 2576 3068 quod
2621 2994 2876 3065 exprimit
2921 3009 3144 3065 pacem;
3195 2996 3338 3050 unde
3374 3005 3431 3050 et

1858 3088 2115 3145 Salomon
2167 3087 2424 3159 paciﬁcus
2469 3087 2686 3143 dicitur.
2733 3085 2918 3157 Igitur,
2951 3096 3010 3141 ut
3055 3102 3152 3142 nos
3197 3087 3432 3142 solemus

1779 3178 1828 3240 C
1861 3179 2142 3252 completis
2187 3178 2460 3249 opusculis
2509 3177 2577 3233 ad
2633 3176 3034 3233 distinctionem
3088 3177 3162 3231 rei
3211 3176 3434 3232 alterius

1858 3270 2241 3341 subsequentis
2266 3270 2500 3324 medium
2541 3269 2887 3339 interponere
2925 3269 3158 3339 explicil,
3188 3278 3282 3324 aut
3309 3268 3431 3339 feli-

1857 3365 2004 3428 citer,
2039 3372 2132 3418 aut
2176 3362 2378 3431 aliquid
2413 3360 2752 3417 istiusmodi:
2783 3361 2854 3415 ita
2895 3371 2952 3416 et
2988 3360 3195 3416 llebrmi
3225 3375 3286 3415 ea
3313 3376 3435 3430 qua:

1861 3457 2060 3526 scripta
2091 3463 2215 3510 sunt
2245 3453 2521 3519 roborant,
2553 3461 2612 3507 ut
2638 3453 2822 3508 dicunt
2860 3467 3040 3516 amen,
3069 3461 3161 3507 aut
3199 3451 3252 3506 in
3284 3467 3427 3507 Sem-

1859 3549 2162 3619 piternum;
2212 3554 2266 3602 et
2310 3547 2512 3616 scripta
2556 3555 2612 3601 et
2657 3545 2943 3601 scribenda
2984 3554 3433 3611 commemorant,

1860 3649 1920 3693 ut
1957 3647 2160 3708 ponant
2191 3637 2333 3704 sela;
2365 3647 2454 3690 aut
2487 3646 2761 3692 transacta
2789 3636 3019 3692 feliciter
3046 3644 3434 3708 protestantur,

1860 3744 2046 3799 pacem
2079 3727 2132 3783 in
2161 3726 2350 3781 ultimo
2381 3727 2750 3782 subnotautes.

1931 3817 2054 3872 llmc
2095 3832 2192 3872 nos
2222 3817 2288 3872 de
2321 3816 2509 3870 intimo
2552 3815 2895 3871 Hebraeorum
2940 3813 3088 3870 fonte
3124 3813 3433 3881 libavimus,

1861 3926 1966 3964 non
2016 3909 2326 3980 opinionum
2376 3906 2577 3960 rivulos
2621 3915 3023 3976 persequentes,
3059 3921 3232 3975 neque
3279 3921 3433 3960 erro-

1862 4015 2004 4064 rum,
2041 3999 2237 4069 quibus
2285 4004 2430 4052 totus
2476 3998 2710 4052 mundus
2753 3997 2988 4067 repletus
3027 4004 3131 4060 est,
3172 3995 3436 4050 varietate

1861 4089 2135 4161 perterriti
2173 4107 2185 4142 :
2233 4087 2330 4142 sed
2377 4087 2658 4156 cupientes
2704 4095 2760 4140 ct
2806 4087 2945 4140 scire
2995 4095 3049 4140 et
3094 4087 3286 4140 docere
3317 4099 3436 4154 quae

1863 4195 1990 4235 vera
2019 4189 2163 4233 sunt.
2195 4178 2346 4245 Quod
2378 4177 2420 4232 si
2454 4178 2548 4232 tibi
2580 4191 2684 4231 non
2714 4177 2926 4232 videtur
2950 4192 3262 4244 onerosum,
3294 4174 3436 4246 quod

1863 4270 2128 4339 Origenes
2167 4269 2232 4322 de
2261 4267 2612 4336 diapsalmate
2637 4268 2888 4332 senserit,
2919 4268 3144 4322 verbum
3175 4267 3440 4336 interpre-

1865 4361 2022 4414 tabor
2056 4358 2122 4410 ad
2159 4356 2405 4413 verbum.
2436 4354 2662 4411 Cuidam
2694 4355 2944 4412 scribens
2973 4371 3030 4412 se
3061 4357 3438 4428 interroganti.

1867 4451 1994 4521 quid
2017 4451 2121 4504 sibi
2144 4449 2370 4504 verbum
2399 4449 2556 4504 vellet
2583 4448 2954 4518 diapsalmatis
2990 4448 3041 4503 in
3084 4447 3325 4518 psalmis,
3357 4448 3443 4502 vel

209 4553 319 4595 voce
365 4543 431 4596 ad
491 4555 764 4612 organum
810 4540 1174 4603 canebantur.
1218 4537 1496 4608 cujusdam
1543 4536 1763 4592 nmsicac
1792 4530 1840 4590 Ι)
1868 4543 2116 4616 adquam
2146 4541 2409 4596 referatur
2433 4541 2720 4595 utilitatem
2747 4541 2907 4606 inter,
2926 4547 3121 4594 caetera
3147 4539 3222 4593 ait
3253 4539 3396 4610 (t09)
3421 4558 3441 4592 :

211 4633 460 4690 varietatis
496 4635 671 4705 (10³1).
723 4631 886 4688 Nobis
931 4634 1062 4688 nihil
1114 4633 1309 4688 borum
1347 4632 1602 4698 videtur;
1640 4645 1765 4687 cum

269 4836 376 4902 199)
412 4837 491 4892 ita
519 4836 618 4899 1L;
655 4851 778 4891 eoo.
809 4849 936 4890 vero
971 4852 1052 4890 ms
1085 4843 1471 4890 :contemnere
1496 4843 1552 4890 et
1578 4833 1768 4888 videre

215 4907 446 4977 praeclara
473 4923 643 4976 quam
666 4906 892 4977 discere.
926 4903 1232 4977 Legendum
1255 4915 1338 4960 est
1369 4923 1383 4959 :
1411 4915 1764 4960 contemnere

218 4983 264 5026 et
290 4975 526 5046 invidere
559 4976 818 5046 prteclara
842 5014 858 5046 ,
886 4975 1044 5044 quam
1072 4975 1302 5046 discere.

281 5045 414 5114 (l00)
449 5042 709 5115 Ep.'i06,
754 5061 811 5100 n.
841 5042 1062 5109 7,'tom.
1083 5045 1294 5115 Patrol.
1324 5044 1466 5100 XXII
1503 5043 1608 5101 col.
1628 5042 1760 5115 840.

217 5109 338 5196 {laico
361 5109 768 5196 eiusequeutia
789 5123 874 5196 ‘et
922 5117 1128 5196 numeri
1156 5114 1299 5196 ll-Vl
1327 5131 1494 5188 usque
1527 5115 1596 5170 ad
1625 5113 1712 5169 illa
1748 5131 1763 5168 :

1868 4632 1941 4690 Et
1970 4633 2098 4705 quia
2125 4632 2325 4689 novitia
2348 4641 2524 4688 musta
2551 4632 2871 4697 contemnis,
2905 4629 3098 4686 saltem
3119 4630 3447 4684 veterisvni

1865 4832 2022 4900 Lips.
2043 4831 2373 4888 Asteriscum
2401 4845 2529 4886 vero
2557 4829 2724 4884 herba
2749 4840 2835 4884 est
2855 4827 2996 4900 apud
3028 4824 3350 4900 Ριῇῃῑμιιιῌἶ
3383 4823 3447 4878 Ν.

1902 4894 2038 4967 'Xll,
2075 4903 2164 4968 17,
2196 4918 2302 4958 non
2329 4914 2463 4956 vero
2489 4902 2529 4956 si
2569 4894 2974 4956 num'criticnm
3011 4897 3254 4951 stellulte.
3294 4894 3452 4946 Plura

1870 4903 1943 5027 de
1969 4975 2196 5027 alienato
2223 4988 2255 5027 α
2277 4915 2720 5027 BrunonegPapia
2742 4969 2868 5026 vide
2893 4971 2946 5026 iu
2976 4962 3366 5027 nrolegomeuis
3391 4977 3450 5013 n.

1870 4966 1945 5102 (lg
1969 4966 2196 5043 allegato
2223 4988 2255 5028 a
2277 4966 2720 5039 BrunoneT’apia
2742 4969 2868 5026 vide
2893 4971 2946 5026 iu
2976 4966 3366 5038 prolegomeuis
3391 4977 3450 5013 n.

1951 5113 2097 5194 (104)
2150 5114 2362 5192 5181⁸8⁸9.
2399 5111 2483 5168 .25:
2512 5109 2579 5166 ad
2627 5106 2938 5167 Marcellam
2983 5105 3186 5172 integra
3215 5103 3288 5170 (t.
3312 5095 3460 5163 XXu
