4000 5370
231 225 292 280 t5
1591 205 2121 267 rnocucouem.
2167 260 2182 277 ,
3391 203 3459 256 ιδ

229 335 564 406 praecinente,
607 345 807 386 canens
851 330 1048 384 chorus
1087 326 1308 383 sociatis
1342 324 1560 380 vocibus
1607 324 1780 378 accla-
1811 330 1856 386 Α
1886 318 2215 389 largiendam
2255 317 2504 382 salutem,
2554 318 2705 388 regni
2763 316 2844 371 sui
2895 316 3171 370 adoranda
3201 317 3456 388 mysteria

229 426 417 490 mabat,
442 423 637 478 divinis
664 421 926 475 duntaxat
950 419 1290 474 sermonibus
1309 417 1617 472 obsecutus.

286 515 564 571 Canticum
587 511 822 582 psalmus
842 519 980 574 erat,
1010 523 1152 573 cum,
1179 509 1347 563 choro
1377 516 1503 562 ante
1529 513 1779 569 canente,

225 621 303 661 ars
321 603 666 659 instrumenti
693 600 884 656 musici
907 601 960 654 in
982 614 1144 653 unam
1169 596 1601 653 convenientiam
1629 609 1779 649 com-

222 697 443 752 muniter
463 695 772 765 aptabatur,
814 693 1086 762 verbaque
1134 688 1322 760 hymni
1374 686 1539 741 divini
1603 684 1783 742 suavis

217 789 393 860 cupida
421 788 760 858 personabat
787 784 957 856 (114).

961 915 1028 972 ν.

209 1033 665 1100 Quemadmodum
705 1033 759 1085 in
800 1029 1024 1100 Psalmis
1067 1030 1132 1082 de
1160 1026 1372 1100 Christo
1414 1025 1635 1080 Domino
1664 1041 1781 1080 sen-

575 1103 830 1167 tiendum,
855 1099 1201 1154 Cassiodorus
1233 1099 1405 1168 (115).

276 1233 468 1288 Tribus
499 1233 679 1288 modis
702 1229 895 1302 psalmi
918 1229 1210 1300 loquuntur
1238 1229 1305 1284 de
1337 1242 1566 1298 persona
1596 1227 1777 1282 Domi-

207 1327 261 1380 ui
283 1325 479 1380 Christi
511 1341 614 1394 pro
658 1323 1012 1379 instructione
1037 1321 1289 1376 fidelium.
1339 1321 1578 1375 Primum
1604 1336 1702 1390 per
1727 1319 1779 1375 id

205 1419 341 1488 quod
356 1419 422 1472 ad
455 1418 851 1472 humanitatem
887 1415 1003 1485 ejus
1026 1416 1268 1472 noscitur
1286 1415 1581 1486 pertinere.
1617 1423 1676 1468 ut
1699 1423 1781 1468 est

209 1511 326 1564 illud
347 1509 571 1564 secundi
598 1507 788 1577 psalmi
816 1525 830 1560 :
859 1507 1161 1562 Astitcrunt
1193 1520 1348 1574 reges
1377 1514 1533 1559 terra:
1558 1513 1612 1558 et
1633 1504 1780 1573 prin-

213 1602 343 1670 cipes
377 1606 756 1654 convenerunt
798 1597 850 1651 in
903 1612 1066 1650 unum
1115 1595 1374 1650 adversus
1407 1586 1690 1649 Do.i{inum
1723 1602 1778 1647 et

213 1695 454 1749 adversus
541 1693 821 1748 Christum
896 1689 1056 1758 ejus;
1125 1690 1176 1743 in
1253 1689 1510 1758 vigesimo
1565 1701 1777 1757 quoque
1809 1711 1850 1770 Β

201 1788 438 1858 .psalmo:
478 1785 823 1841 Desiderium
867 1784 1060 1838 animae
1094 1781 1212 1850 ejus
1251 1782 1484 1836 tribuisti
1516 1781 1564 1836 ei
1601 1790 1656 1834 et
1686 1795 1773 1834 vo-

211 1879 397 1934 luntate
443 1877 718 1938 lahiorum
758 1875 875 1944 ejus
921 1890 1028 1929 non
1069 1873 1329 1928 fraudasti
1355 1889 1499 1929 eum.
1530 1873 1779 1929 Secundo

202 1988 293 2041 per
323 1973 373 2027 id
410 1971 563 2041 quod
589 1968 814 2040 aequalis
845 1977 901 2024 et
926 1976 1229 2024 coaeternus
1275 1966 1581 2022 ostenditur
1606 1965 1774 2031 Patri,

201 2073 261 2126 ¹ιιι
282 2072 358 2118 est
393 2062 528 2116 illud
554 2060 795 2131 ejusdem
824 2057 1044 2115 secundi
1075 2057 1266 2128 psalmi
1300 2075 1316 2112 :
1351 2056 1499 2113 Dixit
1521 2056 1778 2111 Dominus

211 2155 267 2208 ad
289 2169 404 2208 me:
441 2153 621 2208 Filius
647 2166 801 2215 meus
849 2165 915 2206 es
946 2159 1024 2216 tu,
1061 2165 1164 2220 ego
1192 2149 1354 2204 hodie
1402 2148 1563 2222 genui
1607 2159 1680 2204 te.
1713 2148 1779 2202 Et

209 2244 254 2297 tn
292 2245 594 2300 centesimo
644 2257 789 2297 nono
815 2259 828 2295 :
859 2240 1058 2296 Tecum
1104 2241 1430 2312 principium
1475 2240 1530 2295 in
1565 2240 1650 2294 die
1672 2239 1778 2293 vir-

210 2339 322 2392 tutis
346 2347 450 2392 tua:
475 2338 538 2392 in
567 2334 944 2406 splendoribus
981 2341 1292 2389 sanctorum
1322 2349 1336 2386 :
1379 2347 1446 2386 ex
1473 2341 1630 2386 utero
1652 2341 1777 2384 ante

209 2430 469 2484 luciferum
501 2431 671 2501 genui
697 2438 769 2484 te.
795 2427 979 2482 Tertio
999 2442 1029 2480 a
1052 2426 1309 2482 membris
1330 2425 1600 2488 Ecclesiae,
1627 2423 1778 2491 cujus

210 2523 304 2590 ipse
327 2524 430 2576 dux
459 2531 518 2578 et
550 2531 713 2593 caput
739 2532 822 2576 est
870 2515 1138 2586 Christus,
1181 2529 1236 2574 ut
1266 2529 1349 2574 est
1379 2519 1508 2574 illud
1531 2518 1774 2589 vigesimi

203 2614 342 2681 pn’mi
372 2614 576 2684 pSaImi
606 2633 618 2667 :
653 2610 836 2682 Longe
859 2629 888 2667 a
918 2611 1093 2667 salute
1115 2626 1231 2665 mea
1257 2611 1419 2664 verba
1453 2609 1775 2664 delictorum

208 2719 421 2758 ineorum
453 2723 468 2770 ;
532 2714 592 2760 et
641 2706 694 2758 in
732 2703 1072 2774 sexagesimo
1107 2712 1332 2758 octavo:
1367 2695 1532 2764 Dens,
1587 2708 1641 2754 tu
1672 2699 1778 2754 scis

208 2795 561 2864 insipientiam
618 2780 905 2860 meamfet
946 2793 1140 2848 delicta
1187 2807 1305 2847 mea
1363 2807 1392 2845 a
1427 2801 1476 2846 te
1518 2806 1623 2845 non
1654 2797 1778 2844 sunt

206 2886 522 2941 abscondita.
585 2885 739 2952 Quod
777 2886 977 2940 dictum
1024 2900 1124 2956 pro
1173 2893 1497 2953 unoqquue
1540 2881 1774 2936 ﬁdelium

1881 412 2001 481 pius
2029 410 2354 479 Redemptor
2382 409 2638 463 insinuat.

1947 499 2079 554 Haec
2105 499 2226 554 ideo
2269 497 2476 569 praefati
2524 514 2731 562 sumus,
2781 507 2839 552 ut
2871 514 2994 553 cum
3044 508 3262 553 ventum
3295 498 3460 554 fuerit

1883 590 1948 644 ad
1994 591 2108 644 loca
2144 590 2268 645 talia
2312 589 2612 660 intrepidus
2654 589 2824 645 lector
2849 591 3044 645 audire
3092 593 3262 661 possit
3316 593 3458 662 quod

1883 694 1941 735 se
1963 680 2073 751 jam
2108 680 2396 736 salubriter
2424 679 2676 735 didicisse
2703 682 3037 752 cognoverit.

2627 791 2710 846 Vl.

1887 879 2035 938 Dicta
2065 881 2121 938 S.
2148 884 2424 955 Augustini
2452 885 2507 937 in
2533 882 2746 953 prologo
2791 883 3025 954 psalterii
3070 895 3116 938 et
3147 885 3368 942 aliorum
3393 891 3456 945 de

2230 954 2502 1008 uirtutibus
2536 954 2856 1025 psalmorum
2885 955 3055 1026 (117).
3126 959 3130 961 ‘
3190 979 3199 993 ι

1951 1044 2236 1099 Canticum
2276 1043 2604 1113 psalmorum
2643 1044 2853 1100 animas
2877 1044 3121 1110 decorat,
3144 1047 3338 1102 invitat
3363 1065 3456 1104 an-

1883 1138 2032 1209 gelos
2073 1138 2126 1194 in
2177 1137 2524 1209 adjutorium,
2555 1136 2705 1207 fugat
2741 1136 3035 1201 daemones,
3063 1139 3279 1208 expellit
3308 1149 3457 1196 tene.

1883 1231 2029 1294 bras,
2054 1230 2221 1284 edicit
2259 1230 2599 1284 sanctitatem
2649 1229 2850 1284 homini
2887 1232 3176 1298 peccaturi.
3212 1230 3458 1288 Refectio

1883 1321 2077 1374 mentis
2129 1329 2232 1385 est,
2283 1320 2426 1376 delet
2449 1328 2692 1390 peccata,
2743 1320 2920 1375 simile
2969 1329 3052 1375 est
3095 1322 3460 1394 eleemosynis

1881 1421 2211 1467 sanctorum.
2257 1412 2434 1485 Auget
2479 1411 2662 1479 ﬁdem,
2706 1427 2882 1482 spem,
2931 1413 3270 1470 charitatem.
3307 1415 3462 1471 Sicut

1881 1504 1961 1559 sol
2016 1504 2300 1570 illuminat,
2353 1505 2494 1560 sicut
2550 1519 2688 1574 aqua
2743 1505 3078 1568 mundilicat,
3133 1507 3275 1562 sicut
3320 1509 3459 1578 ignis

1883 1597 2082 1660 exttrit,
2138 1595 2277 1651 sicut
2326 1595 2503 1651 oleum
2562 1595 2820 1662 lenilicat,
2879 1598 3152 1652 diabolum
3211 1598 3456 1666 offendit,

1881 1686 2048 1739 Deum
2074 1685 2326 1748 ostendit,
2352 1685 2650 1756 voluptates
2670 1687 2916 1741 carnales
2931 1688 3244 1759 exstinguit.
3265 1689 3454 1746 Oleum

1881 1775 2265 1831 misericordiae
2323 1784 2430 1843 est,
2491 1791 2610 1832 sors
2671 1777 2892 1840 laetitize,
2968 1793 3095 1847 pars
3136 1779 3456 1850 angelorum

1878 1868 2073 1924 electa.
2131 1869 2492 1941 Asperitatem
2527 1870 2696 1940 ejicit,
2749 1886 2964 1926 omnem
3009 1870 3250 1927 furorem
3277 1873 3460 1945 depri-

1877 1960 1998 2025 mit,
2053 1960 2384 2014 iracundiam
2431 1959 2659 2032 ~frangit.
2724 1961 2866 2018 Laus
2924 1965 3014 2018 Dei
3069 1964 3287 2019 assidua
3347 1975 3456 2021 est.

1882 2052 2069 2106 Simile
2103 2061 2187 2107 est
2219 2052 2382 2106 melli.
2413 2052 2695 2109 Canticum
2728 2056 3054 2125 psahnormn
3092 2073 3320 2114 carmen
3348 2059 3460 2114 ele-

1879 2155 2025 2198 ctum
2057 2155 2140 2200 est
2169 2147 2308 2216 apud
2337 2146 2531 2201 Deum.
2557 2146 2730 2202 Omne
2766 2151 3309 2220 peccatum-expellit,
3345 2152 3462 2207 vin-

1879 2238 2057 2292 ealum
2084 2241 2382 2294 charitatis
2406 2241 2697 2294 connectit.
2728 2241 2920 2296 Omnia
2962 2251 3232 2312 penetrat,
3279 2245 3458 2298 omnia

1879 2334 2088 2404 implet,
2159 2335 2337 2389 omnia
2389 2336 2568 2400 docet,
2617 2338 2798 2391 omnia
2867 2338 3154 2409 signiﬁcat.
3205 2341 3458 2398 Animam

1879 2427 2208 2497 niagniticat,
2240 2442 2301 2482 os
2328 2427 2596 2498 puriﬁcat,
2635 2445 2731 2484 cor
2759 2429 3017 2497 laetificat,
3058 2433 3250 2486 turrim
3278 2434 3456 2488 excel-

1871 2531 1994 2573 ‘sam
2039 2520 2289 2585 aedificat,
2348 2521 2617 2575 hominem
2643 2521 2925 2578 clarificat.
2973 2524 3201 2579 Sensum
3256 2527 3453 2597 aperit,

1879 2623 2039 2665 omne
2066 2612 2262 2666 malum
2293 2613 2509 2679 occidit,
2539 2612 2920 2683 perfectionem
2971 2615 3322 2672 demonstrat.
3357 2616 3458 2684 Qui

1880 2700 2041 2756 habet
2089 2704 2402 2758 memoriam
2451 2712 2505 2758 et
2556 2719 2795 2761 amorem
2855 2706 3013 2772 illius,
3077 2708 3240 2763 habet
3289 2711 3457 2764 etiam

1883 2793 2130 2849 timorem
2180 2802 2235 2849 et
2281 2794 2493 2850 laudem
2524 2795 2615 2850 Dei
2662 2797 2713 2850 in
2744 2800 2905 2852 corde
2959 2813 3077 2863 suo,
3130 2815 3305 2870 neque
3335 2801 3460 2856 inde

1880 2885 2036 2940 cadet
2085 2900 2318 2954 unquam
2349 2927 2364 2950 ,
2415 2901 2515 2940 nec
2572 2887 2767 2956 peribit
2824 2891 3000 2946 oratio
3051 2891 3199 2961 ejus,
3254 2892 3348 2947 sed
3403 2893 3457 2947 in

206 2976 437 3033 debemus
482 2979 766 3048 accipere.
809 2976 1071 3032 Caeterum
1113 2976 1305 3030 delicta
1336 2990 1365 3027 a
1405 2973 1620 3028 Christo
1650 2987 1774 3042 pro-
1872 2983 2155 3042 postremo
2179 2976 2317 3045 apud
2346 2976 2514 3030 Deum
2543 2979 2814 3047 gaudebit.
2853 2979 3241 3050 Tranquillitas
3263 2983 3462 3037 mentis

196 3057 379 3122 'hantur
414 3063 679 3124 funditus
723 3066 932 3122 aliena:
993 3066 1135 3121 unde
1188 3065 1484 3120 Tichonius
1543 3063 1596 3116 in
1646 3061 1784 3118 libro
1811 3067 1854 3129 C
1885 3076 1988 3132 est,
2021 3075 2080 3121 et
2107 3066 2332 3136 signifer
2354 3069 2524 3136 pacis,
2547 3069 2670 3139 quia
2694 3072 2885 3140 psalmi
2915 3083 3072 3127 orant
3114 3090 3210 3144 pro
3241 3074 3458 3140 futuris,

207 3155 516 3228 chularum
581 3159 746 3212 latius
800 3155 1189 3228 diligenterque
1239 3155 1514 3209 disseruit.
1567 3153 1679 3208 lloc
1727 3152 1772 3208 si
1879 3167 2102 3227 gemunt
2149 3159 2216 3212 de
2275 3160 2650 3228 praesentibus,
2712 3162 2976 3231 pmnitent
3022 3164 3088 3219 de
3147 3166 3456 3234 praeteritis.

203 3248 367 3303 animo
393 3249 778 3314 recondimus,
809 3248 952 3302 nulla
979 3247 1293 3302 confusione
1321 3245 1621 3308 turbamur,
1646 3244 1772 3314 quia
1871 3248 2228 3304 Cratnlantur
2270 3251 2336 3305 de
2366 3251 2523 3306 bonis
2569 3252 2855 3322 operibus,
2906 3256 3158 3326 gaudium
3215 3255 3456 3312 caelestis

201 3353 338 3392 error
352 3339 652 3401 maximus
675 3340 798 3394 inde
823 3338 1066 3393 nascitur
1093 3337 1308 3407 quando
1331 3334 1776 3390 inconvenienter

201 3429 427 3483 redditur
481 3429 655 3484 alicui
721 3427 907 3500 (116),
957 3427 1104 3498 quod
1177 3426 1382 3482 dictum
1440 3433 1658 3481 constat
1706 3425 1774 3479 ad

198 3519 346 3575 ahud.
1021 3511 1026 3516 ’

257 3611 385 3668 Nam
406 3613 454 3668 si
483 3613 781 3668 uno‘modo
811 3612 1002 3668 fuisset
1031 3612 1261 3678 locutus,
1287 3609 1409 3682 quis
1447 3609 1564 3680 ejus
1589 3609 1776 3681 genui-

199 3717 311 3756 nam
358 3704 730 3758 substantiam
758 3702 1028 3771 potuisset
1073 3716 1388 3774 agnoscere,
1441 3717 1564 3756 cum
1610 3700 1772 3754 etiam

200 3793 404 3847 nuncin
440 3802 556 3847 tam
583 3792 986 3848 evidentissima
1029 3793 1378 3848 distinctione
1418 3802 1668 3847 naturam
1694 3792 1774 3847 di-

200 3882 426 3938 vinitatis
449 3893 511 3937 et
539 3882 900 3937 humanitatis
930 3882 1141 3937 Domini
1171 3881 1373 3938 Christi
1396 3882 1562 3953 aliqui
1593 3882 1772 3936 nitan—

199 3979 276 4024 tur
315 3974 588 4044 sacrilega
631 3973 909 4029 voluntate
957 3974 1332 4030 confundere?
1375 3973 1538 4028 Multa
1562 3987 1775 4043 quoque

201 4066 482 4120 secundum
539 4065 778 4120 litteram
833 4076 1159 4131 commonet,
1211 4066 1378 4120 multa
1425 4064 1776 4136 spiritualiter

190 4153 346 4221 jubet,
377 4174 650 4229 personas
681 4158 865 4214 subito
918 4160 1172 4214 decenter
1216 4160 1500 4224 immutat;
1528 4169 1586 4214 ιιι
1632 4171 1775 4214 nunc

193 4245 428 4304 Christus
461 4252 632 4316 Deus,
657 4251 884 4305 verbum
917 4251 1253 4307 incarnatum
1297 4261 1352 4307 et
1389 4253 1551 4307 homo
1577 4250 1770 4314 factus,

199 4351 341 4408 caput
386 4343 692 4409 Ecclesiae;
747 4357 891 4397 nunc
945 4343 1058 4412 ipsa
1108 4343 1371 4409 Ecclesia,
1417 4359 1559 4398 nunc
1613 4343 1774 4396 homo

195 4428 372 4498 justus,
412 4450 568 4503 nunc
598 4433 874 4503 paenitens
921 4431 1065 4502 loqui
1097 4432 1346 4487 videatur
1374 4441 1432 4487 ut
1458 4431 1639 4487 omnia
1677 4447 1773 4487 ne,
1809 4429 1856 4487 D

199 4524 420 4578 cessari:
473 4532 666 4593 tangat
713 4531 772 4577 et.
824 4523 1084 4578 includat.
1154 4521 1360 4593 Ubique
1400 4522 1770 4593 plenissimum

202 4611 490 4665 mlestium
526 4627 707 4666 rerum
737 4622 982 4668 sanctum
1010 4613 1190 4668 vibrat
1214 4612 1487 4682 eloquium
1509 4623 1566 4669 et
1596 4613 1777 4666 mulli-

201 4703 310 4768 plici
349 4706 673 4761 diversitate
724 4707 981 4761 virtutum
1019 4716 1240 4776 pr0pter
1292 4708 1511 4762 humani
1559 4706 1777 4778 generis

263 4860 404 4939 (alii)
438 4861 634 4939 Texttti
669 4859 972 4939 Cassiodori
1025 4865 1112 4939 hic
1143 4863 1410 4939 adduntur
1445 4865 1736 4939 sequentia
1752 4883 1770 4939 ε

206 4928 338 5010 «De
363 4928 473 5010 qua
499 4932 803 5010 diﬂ‘e‘rentia
839 4935 1009 5010 etiam
1044 4935 1186 5010 circa
1220 4935 1435 5010 titulum
1479 4928 1675 5010 ps'almi
1707 4934 1776 4989 66

203 5007 251 5075 et
277 4999 338 5052 67
369 4999 529 5075 infra
567 5003 744 5072 aliqua
777 5003 943 5075 habes
978 5004 1049 5075 Ain
1101 5004 1294 5073 glossa.
1332 5025 1350 5057 ι
1405 4999 1536 5075 Quae
1595 5014 1776 5061 utrum

204 5065 613 5144 BrunonisAsint,
639 5065 707 5126 an
735 5074 956 5144 editoris
976 5065 1286 5144 Reyseriani
1322 5065 1527 5139 nesciui

454 5142 768 5198 Cassiodor.
818 5143 853 5197 l.
893 5159 941 5200 c.
985 5140 1135 5200 c.13
1184 5148 1275 5201 sed
1315 5162 1420 5204 non
1474 5156 1774 5220 integrum,

202 5219 296 5260 COI.
323 5219 409 5264 17.

205 5279 830 5370 2ἢ(11ςξ)-ὃίειεξειιιιιιιιιιι
853 5299 971 5339 cum
998 5284 1266 5353 Brunone,
1289 5304 1392 5344 non
1415 5295 1579 5359 alibi,
1608 5297 1667 5344 ut
1693 5296 1777 5342 est

1877 3340 2028 3408 regni
2053 3351 2497 3398 commemorant.
2536 3343 2640 3403 Per
2681 3344 2912 3402 ollicinm
2957 3363 3099 3418 sazpe
3131 3349 3457 3405 cantationis

1875 3441 2087 3485 scutum
2137 3433 2439 3503 acquiritur
2489 3435 2761 3504 aequitatis
2820 3437 3081 3494 adversus
3147 3439 3448 3495 diabolicas

1869 3529 2192 3588 potestates.
2224 3523 2426 3578 Lumen
2477 3525 2722 3582 veritatis
2752 3528 3061 3584 ostendunt.
3107 3529 3339 3586 Senibus
3365 3547 3453 3586 so-

1875 3612 2054 3668 lamen
2087 3623 2188 3679 est,
2220 3613 2510 3684 juvenibus
2533 3630 2912 3674 ornamentum
2963 3631 3018 3677 et
3055 3623 3252 3678 mentis
3278 3624 3461 3679 senili-

1872 3715 1961 3761 tas
1994 3716 2049 3761 et
2078 3707 2336 3777 perfectio
2371 3718 2474 3765 est.
2506 3710 2626 3780 Ipso
2650 3713 2960 3781 '-adjuvante
2993 3726 3049 3770 et
3077 3716 3332 3784 donante,
3363 3718 3456 3788 qui

1877 3799 1992 3854 haec
2039 3815 2135 3870 per
2193 3817 2288 3856 ora
2325 3804 2638 3872 prephctica
2705 3805 2971 3870 instituit,
3023 3817 3078 3862 et
3131 3823 3228 3878 per
3273 3825 3458 3864 eorum

1869 3888 2053 3959 jngem
2086 3889 2573 3962 frequentationem
2601 3910 2722 3951 sese
2751 3911 2978 3951 exorare
3009 3899 3210 3952 docuit.
3248 3899 3344 3953 Cui
3376 3911 3461 3953 est

1876 3979 2012 4047 laus,
2046 3983 2218 4038 honor
2253 3995 2307 4038 et
2335 3987 2753 4055 magnificentia,
2787 3989 3093 4044 benedictio
3127 4000 3182 4045 ct
3213 3990 3456 4056 claritas,

1876 4071 2161 4141 sapientia,
2207 4075 2502 4143 gratiarum
2554 4078 2718 4143 actio,
2772 4080 2943 4134 virtus
2970 4089 3025 4134 et
3063 4079 3322 4138 fortitudo
3350 4099 3459 4139 una

1877 4177 1997 4216 cum
2041 4163 2152 4218 Deo
2206 4163 2370 4219 Patre
2418 4166 2640 4237 ejusque
2689 4171 2826 4226 Filio
2870 4172 3171 4243 unigenito,
3232 4175 3460 4232 Domino

1877 4264 2065 4308 nostro
2101 4253 2228 4311 Jesu
2258 4250 2475 4315 Christo
2511 4275 2609 4330 per
2635 4261 2847 4318 infinita
2892 4264 3088 4320 saecula
3115 4267 3458 4323 surculorum.

1876 4340 2066 4396 Amen.

2623 4447 2734 4504 VII.

1879 4527 1954 4581 De
1985 4523 2310 4588 institutione
2326 4543 2382 4606 et
2407 4546 2618 4590 auclore
2641 4556 2704 4592 ac
2733 4540 3054 4606 cantoribus,
3099 4559 3312 4598 numero
3343 4545 3464 4600 tilu-

2315 4604 2479 4676 lisque
2499 4605 2820 4677 psalmorum
2848 4609 3016 4683 (118).

1950 4711 2137 4780 David,
2175 4715 2314 4770 filius
2341 4715 2513 4785 Iesse,
2555 4733 2680 4774 cum
2729 4731 2872 4798 esset
2902 4735 2999 4776 rex
3022 4725 3374 4781 confirmatus
3404 4729 3459 4782 in

1878 4861 2082 4944 Drtmo,
2117 4882 2322 4944 ‘pauca
2371 4878 2549 4944 tamen
2599 4884 2666 4926 ex
2699 4889 2761 4930 ea
2791 4861 3142 4944 deprompsit.
3183 4872 3378 4928 Confer
3411 4887 3471 4928 et.

1878 4934 2227 5009 Ambrosium
2260 4939 2314 4992 in
2344 4943 2610 5009 psalmum
2640 4944 2696 5000 1.

1952 5005 2098 5076 (“3)
2133 5010 2261 5068 Haec
2284 5005 2412 5068 sunt
2442 5029 2507 5069 ex
2537 5015 2930 5071 commentario
2969 5013 3021 5066 in
3045 5011 3287 5067 Psalmos
3314 5011 3470 5065 Beda:

1880 5074 2016 5152 falsa
2065 5074 2349 5150 adscripto
2399 5081 2621 5152 (Patrol.
2665 5097 2703 5141 l.
2742 5085 2933 5143 xcnt.
2961 5083 3065 5137 col.
3114 5082 3213 5152 ιη
3249 5080 3332 5152 ο.)
3362 5081 3470 5152 ubi

1882 5145 2083 5224 ti_tnlus_
2101 5145 2342 5224 habetur
2369 5145 2628 5224 ejusmodi
2659 5175 2672 5209 :
2722 5177 2739 5209 ι
2779 5153 3065 5224 Enarratio
3085 5145 3469 5224 quttlitetj'Spi-

1881 5217 2018 5271 ritus
2050 5216 2112 5274 S.
2147 5216 2480 5281 Psalterium
2518 5223 2822 5280 dictaverit.
2855 5244 2874 5277 ι
2933 5221 3064 5287 Quae
3096 5216 3357 5275 tamcn'in
3381 5216 3472 5273 co-

1879 5287 1999 5370 dice
2030 5303 2224 5350 nostro
2249 5289 2549 5370 Ebracensi
2582 5292 2757 5370 forma
2795 5306 2903 5349 tum
2934 5310 2963 5344 a
3005 5291 3333 5370 lleyseriana
3359 5289 3474 5370 edi:
