4000 5370
525 350 594 406 47
1491 355 1544 412 ς.
1585 356 1935 417 BRUNONIS
1973 363 2513 425 llERBlPOLENSlS
2551 370 2858 428 EPISCOPI
3727 382 3792 438 48

526 484 691 564 regno
718 479 1111 564 suo,__quattu)r
1135 470 1301 564 elegit
1322 471 1745 564 psalmodiarum
1790 478 2060 549 principes
2085 498 2096 534 :
2129 469 2180 544 Α
2208 485 2519 540 scribuntur
2543 489 2641 556 ipsi
2673 488 2839 544 David
2865 496 2930 545 ad
2959 491 3157 548 Christi
3181 491 3455 564 pertinent
3482 493 3794 554 sacrameni

525 559 707 629 Asaph
758 561 985 626 scilicet,
1023 561 1216 630 Eman,
1264 561 1462 631 Ethan,
1496 573 1552 631 et
1597 565 1830 623 ldithun.
1882 570 2110 628 Ducenti

503 661 706 706 autem
737 661 792 706 et
817 653 1091 723 octoginta
1125 663 1250 711 octo
1283 656 1521 727 psalmos
1560 667 1617 714 et
1647 661 1860 717 cantica
1892 662 2109 721 Domini

524 746 805 799 docebant.
856 744 996 802 Sunt
1040 762 1172 803 vero
1229 763 1418 805 omnes
1458 750 1650 821 psalmi
1706 753 1810 808 CL.
1869 753 2110 822 Quorum

520 837 761 892 omnium
793 854 986 894 novem
1030 841 1201 912 ipsius
1232 841 1402 898 David
1438 843 1830 913 inscribuntur,
1885 855 2107 918 septua-

503 930 666 1000 ginta
711 931 818 986 duo
871 946 1000 987 vero
1056 933 1157 1003 ipsi
1203 933 1393 1001 David,
1445 935 1666 1007 triginta
1711 953 1841 994 vero
1895 947 1951 995 et
2002 939 2109 996 duo

518 1023 869 1093 superseripti
903 1039 1007 1078 non
1058 1035 1206 1092 sunt,
1259 1026 1539 1082 duodecim
1577 1043 1791 1099 quoque
1836 1030 1891 1084 in
1921 1029 2107 1101 Asaph

515 1113 1010 1182 superscribuntur,
1043 1116 1412 1173 duodecimin
1462 1118 1699 1185 ldithun,
1747 1137 1940 1176 novem
1962 1123 2106 1178 filio-

516 1221 635 1259 rum
691 1204 870 1270 Core,
917 1209 1024 1262 duo
1080 1208 1132 1262 in
1172 1209 1428 1280 A‘ggasum
1485 1221 1540 1264 et
1592 1211 1933 1284 Zachariam,
1965 1231 2105 1272 unus

516 1296 682 1371 Moysi
709 1308 764 1354 et
789 1317 930 1357 unus
957 1301 1264 1358 Salomoni.
1286 1303 1652 1374 Diapsalmata
1675 1321 1806 1366 vero
1830 1316 2104 1377 ponuntur

515 1390 567 1443 in
595 1390 852 1459 psalterio
874 1391 1086 1449 LXXV.
1139 1393 1364 1450 Cantica
1410 1409 1541 1450 vero
1570 1397 1833 1466 graduum
1875 1414 2102 1456 numero

513 1489 640 1535 sunt
663 1482 997 1552 quindecim,
1031 1500 1151 1555 quae
1197 1485 1363 1540 etiam
1391 1486 1496 1541 isto
1524 1486 1700 1552 titulo,
1737 1488 1832 1544 sed
1873 1504 1980 1544 non
2007 1505 2102 1546 au-

512 1572 678 1626 ctoris
733 1574 951 1630 nomine
1019 1558 1412 1631 inscribuntur.
1480 1575 1598 1632 Non
1647 1577 1791 1633 enim
1855 1579 2100 1634 omnium

513 1663 845 1730 psalmorum
879 1664 1021 1720 tituli
1044 1674 1191 1734 sunt,
1221 1677 1316 1721 aut
1339 1675 1623 1724 auctorum
1645 1668 1759 1724 sive
1775 1670 1938 1725 etiam
1970 1684 2099 1725 can-

509 1765 689 1811 torum
728 1767 822 1812 aut
846 1758 1191 1829 psallentium
1218 1760 1305 1817 vel
1331 1760 1697 1831 quorumlibet
1737 1762 1902 1817 etiam
1925 1763 2098 1819 homis

497 1862 636 1901 ;num
687 1847 916 1903 aliorum
958 1849 1269 1906 nominibus
1299 1851 1696 1922 :superscripti.
1741 1851 1879 1907 Nam
1905 1861 1960 1908 et
1980 1855 2097 1926 pri-

507 1955 631 1994 mus
681 1939 921 2008 psalmus
967 1940 1112 1995 nullo
1152 1941 1441 2012 insignitus
1465 1951 1550 1999 est
1579 1942 1755 1999 titulo.
1785 1945 1985 2001 Verum
2029 1946 2098 2003 de

505 2031 682 2098 primo
712 2030 816 2084 alia
848 2032 985 2086 ratio
1012 2047 1175 2102 quam
1212 2033 1277 2088 de
1330 2034 1545 2088 caeteris
1568 2034 1792 2104 psalmis
1820 2043 1936 2102 est;
1987 2036 2099 2107 pri-

505 2138 626 2179 mus
666 2124 812 2194 (119)
838 2125 1038 2180 etenim
1065 2124 1307 2195 psalmus
1328 2124 1459 2180 nulli
1501 2126 1810 2196 assignatus
1831 2135 1932 2194 est,
1963 2142 2097 2198 quo-

506 2214 653 2268 niam
683 2215 924 2270 omnium
967 2216 1300 2285 psalmorum
1342 2225 1525 2287 caput,
1577 2217 1904 2290 principium
1934 2227 2096 2290 atque

505 2306 908 2376 quodammodo
935 2307 1122 2363 titulus
1150 2315 1254 2364 est.
1285 2308 1489 2364 Deinde
1516 2309 1639 2379 quis
1675 2309 1812 2364 alius
1834 2309 2092 2381 intelligi-

501 2407 592 2454 tur
628 2400 682 2455 in
727 2401 989 2468 secundo,
1036 2401 1140 2457 nisi
1169 2401 1264 2457 Dei
1319 2401 1487 2457 Filius
1535 2403 1952 2475 primogenitus,
2006 2404 2094 2460 cui

501 2496 758 2560 tanquam
790 2490 1060 2561 principio
1109 2491 1348 2562 praeponi
1407 2490 1483 2546 nil
1529 2491 1754 2547 debuit?
1793 2493 1892 2548 Cui
1924 2493 2091 2550 etiam

502 2581 786 2650 inscriptio
812 2582 932 2637 ideo
957 2598 1065 2638 non
1098 2582 1686 2652 fuitneeessaria,quia
1715 2584 1831 2654 ipse
1852 2584 2093 2655 psalmus

491 2673 703 2730 Christi
757 2676 1087 2730 mentionem
1133 2675 1288 2742 facit,
1337 2684 1440 2731 ut:
1493 2675 1756 2732 adversus
1809 2677 2091 2732 Christum

493 2773 672 2820 tuum.
725 2763 1091 2836 Exprimendo
1164 2766 1328 2836 igitur
1379 2781 1711 2838 personam,
1761 2767 2091 2824 inscribendi

489 2873 720 2913 causam
743 2858 962 2914 omnino
988 2874 1094 2916 non
1125 2860 1331 2916 habuit.
1355 2859 1587 2932 Ideoque
1614 2870 1669 2916 et
1694 2860 1906 2916 titulum
1933 2859 2092 2918 obelo

500 2957 746 3004 notatum
776 2947 958 3004 habet.
991 2947 1248 3006 Ordinem
1288 2966 1503 3023 quoque
1543 2952 1786 3008 historiae
1829 2951 2088 3008 immuta-

501 3049 613 3094 tum
639 3039 868 3108 legimus
900 3040 952 3094 in
989 3040 1158 3098 titulis
1203 3041 1561 3114 psalmorum.
1605 3043 1712 3100 Sed
1741 3044 1934 3116 psalmi
1977 3059 2086 3102 non

500 3134 794 3189 secundum
864 3133 1146 3189 historiam
1184 3176 1198 3200 ,

499 3225 788 3295 leguntur:
836 3234 891 3279 et
919 3226 992 3280 ita
1037 3227 1282 3282 ordinem
1308 3227 1641 3297 psalmorum
1699 3227 1920 3284 turbare
1974 3243 2080 3284 non

492 3325 677 3385 potest
704 3316 838 3370 ordo
885 3315 1183 3372 titulorum.
1223 3315 1424 3372 Psalmi
1453 3332 1584 3373 vero
1631 3332 1845 3386 omnes,
1876 3317 1968 3388 qui
2004 3318 2087 3373 in-

496 3458 636 3515 rent,
663 3449 715 3503 id
741 3457 842 3514 est,
872 3448 1054 3518 Asaph
1078 3447 1304 3513 scilicet,
1330 3447 1526 3512 Eman,
1564 3447 1738 3502 Ethan
1765 3445 2078 3518 et-Idithun.

493 3519 782 3590 Octoginta
832 3529 957 3574 octo
986 3517 1142 3590 ergo
1179 3519 1434 3590 dicebant
1479 3519 1717 3588 psalmos
1746 3529 1803 3572 et
1847 3517 1950 3590 CC
1981 3517 2083 3590 sub

494 3587 704 3660 psalma
738 3587 1106 3661 (sympsalma)
1131 3598 1187 3644 et
1221 3589 1435 3661 cithara
1477 3587 1824 3661 percutiebat
1852 3587 2080 3642 Ahiuth.

494 3656 629 3718 Cum
661 3656 831 3715 David
881 3656 1186 3716 reduxisset
1241 3656 1422 3713 arcam
1475 3656 1528 3714 in
1578 3657 1899 3723 Jerusalem,
1961 3666 2084 3727 post

493 3747 667 3785 annos
691 3731 878 3802 viginti
903 3741 1206 3786 revocatam
1221 3730 1289 3802 ab
1307 3729 1522 3802 _Azot_is,
1543 3729 1827 3802 etuiansit
1847 3729 1900 3782 in
1921 3728 2082 3802 domo

494 3798 798 3872 Atninada'b
818 3799 843 3855 ἴ
864 3817 1008 3872 nunc
1030 3800 1285 3872 imposuit
1305 3800 1356 3854 in
1380 3799 1641 3870 subjugali
1671 3815 1810 3855 novo
1835 3806 1890 3855 et
1914 3798 2081 3872 addu-

487 3874 576 3928 xit
609 3873 665 3944 iu
690 3870 989 3944 Jerusalem
1020 3870 1208 3944 electis
1239 3871 1374 3944 viris
1399 3885 1469 3944 ex;
1509 3872 1660 3944 omui
1709 3883 1906 3944 geuere
1939 3870 2079 3924 filio-

498 3959 619 4014 rum
651 3941 814 3999 Israel
854 3943 1194 4014 septuaginta
1219 3940 1390 3995 millia
1422 3941 1585 4014 viros.
1611 3940 1686 4014 De
1727 3940 1877 4014 tri_bu'
1899 3950 2078 4014 autem

490 4013 620 4070 Levi
645 4015 873 4092 ducenta
896 4009 1231 4092 septuaginta
1255 4020 1378 4066 octo
1404 4010 1571 4092 millia
1591 4009 1757 4092 vi_r_os.
1783 4009 1861 4092 Ex
1883 4010 2078 4092 quibus

494 4095 731 4155 quatuor
764 4082 1038 4154 principes
1063 4082 1316 4155 praeesse
1363 4082 1767 4155 causationibus
1803 4082 2081 4155 (cantatio-

489 4150 674 4232 nibus)
709 4150 990 4210 instituit':
1039 4150 1246 4232 Asuph,
1277 4152 1473 4232 Eman,
1519 4151 1719 4232 Ethan,
1757 4160 1812 4232 e_t
1839 4150 2076 4232 ldithun,

493 4222 786 4295 unicuique
843 4241 1030 4281 eorum
1075 4222 1320 4295 dividens
1361 4223 1702 4295 septuaginta
1760 4222 1896 4295 duos
1930 4222 2077 4276 viros

493 4291 890 4351 succlamantes
933 4295 1144 4350 laudem
1175 4291 1488 4350 cantionum
1537 4291 1789 4348 Domino.
1842 4291 1910 4347 Et
1939 4308 2079 4347 unus

495 4365 716 4435 quidem
741 4381 928 4420 eorum
975 4363 1745 4436 feriebatcymbalum,_galius
1789 4362 2076 4427 citharam,

498 4434 640 4490 alius
677 4437 800 4490 tuba
833 4451 1033 4491 cornea
1053 4434 1320 4490 exultans.
1353 4435 1408 4488 ln
1455 4434 1632 4489 medio
1661 4443 1840 4488 autem
1865 4443 2077 4502 georum

494 4504 673 4561 stabat
714 4506 881 4562 David
924 4513 1114 4562 tenens
1159 4505 1275 4574 ipse
1321 4504 1671 4574 psalterium.
1709 4504 2073 4574 Arcarautem

487 4577 843 4648 antecedebat
896 4587 1102 4648 septem
1145 4571 1338 4630 choris
1365 4582 1420 4629 et
1447 4573 1770 4648 sacrificium
1825 4572 2027 4628 vitulus
2056 4588 2071 4638 ;
2097 4571 2152 4633 D

526 4646 717 4717 opulus
755 4658 932 4701 autem
959 4644 1262 4702 'universus
1310 4644 1638 4717 sequebatur
1682 4652 1801 4717 post
1863 4657 2068 4698 arcam.

526 4661 717 4717 opulus
755 4661 932 4701 autem
975 4661 1262 4702 universus
1310 4661 1638 4714 sequeuatur
1682 4661 1801 4713 posr
1863 4661 2068 4698 arcam.

487 4661 630 4771 lSunt
651 4731 840 4772 omnes
878 4717 1071 4788 psalmi
1108 4717 1277 4788 David
1307 4728 1540 4788 numero
1557 4712 1663 4770 CL.
1695 4713 1934 4788 Quorum
1961 4728 2074 4788 om-

489 4787 638 4842 nium
667 4784 894 4857 quidem
934 4803 1128 4866 novem
1157 4787 1288 4866 fecit
1332 4785 1500 4866 David
1525 4785 1664 4866 ipse,
1715 4784 1936 4866 triginta
1965 4784 2071 4866 d_u_o

490 4854 777 4929 nonsunt
829 4859 1206 4929 suprascripti,
1235 4856 1574 4929 septuaginta
1596 4855 1739 4929 _duo
1785 4854 1840 4909 in
1876 4854 2068 4920 David,

491 4927 772 5006 ditudegim
816 4929 868 4984 in
895 4925 1123 5006 ἈθερῙῇ
1167 4925 1453 5006 (ιμοᾷεοίῃὶ
1490 4925 1831 5006 in_ldithun,
1872 4939 2068 5006 novem

493 4997 618 5054 ﬁliis
643 4997 818 5064 Core;
847 4994 1033 5055 unum'
1051 4999 1242 5064 Moysi,
1272 4999 1379 5056 duo
1404 4997 1458 5054 in
1488 4994 1856 5063 Salomonem,
1877 4994 1982 5050 duo
2011 4995 2066 5048 in

1263 3135 1358 3191 sed
1418 3138 1715 3192 secundum
1777 3136 2130 3208 pr0phetias

2111 3210 2157 3273 C
2189 3221 2473 3277 mitissime
2502 3221 2664 3286 Deus,
2691 3221 2865 3292 prosit
2889 3222 2968 3279 eis
2990 3223 3057 3280 ad
3078 3225 3288 3280 veniam
3311 3232 3362 3280 et
3391 3227 3778 3286 remissionem

2214 580 2351 639 tum,
2371 575 2498 643 quia
2529 574 2698 633 David
2730 578 2906 636 dictus
2924 589 3007 636 est
3028 581 3296 640 Christus.

2213 684 2514 758 Sequuntur
2525 692 2785 746 orationes
2797 701 3074 763 antequam
3087 694 3277 764 psalmi
3293 695 3611 760 incipiantur
3623 697 3790 775 (120i.

2279 798 2550 870 Benignus
2575 809 2632 856 et
2657 801 2968 857 misericors
2998 803 3157 870 Deus,
3184 805 3275 874 qui
3305 820 3528 881 revocas
3548 817 3793 866 errantes

2209 898 2265 945 et
2290 890 2469 946 salvas
2488 892 2832 961 poenitentes,
2866 895 3130 949 medelam
3154 897 3348 953 tribuis
3373 899 3791 968 infirmantibus,

2209 979 2394 1049 gloria:
2418 995 2675 1036 coronam
2716 984 3229 1052 perseverantibus:
3280 989 3474 1044 exaudi
3519 1005 3606 1045 me
3634 991 3794 1047 mise-

2209 1086 2328 1125 rum
2375 1083 2431 1127 et
2473 1072 2754 1145 indignum
2800 1074 3058 1130 famulum
3092 1084 3240 1132 tuum
3261 1119 3276 1146 ,
3307 1095 3404 1149 per
3432 1081 3533 1136 hos
3559 1083 3793 1151 psalmos

2206 1160 2554 1217 clementiam
2588 1171 2732 1218 tuam
2766 1162 3163 1234 implorantem,
3199 1176 3257 1222 ut
3289 1171 3548 1242 quidquid
3578 1172 3793 1227 humili-

2209 1260 2290 1306 ter
2315 1251 2403 1307 hic
2425 1266 2544 1319 oro,
2576 1261 2628 1308 te
2655 1253 2918 1325 largiente
2949 1257 3174 1324 adipisci
3204 1273 3436 1314 merear.
3465 1261 3525 1316 P.
3557 1261 3620 1316 D.
3653 1261 3716 1317 Ν.

2825 1364 2945 1419 Alia
2972 1368 3162 1422 oratio.

2280 1453 2554 1524 Deprecor
2575 1455 2998 1512 misericordiam
3022 1466 3166 1512 tuam
3193 1469 3247 1516 et
3265 1461 3544 1531 pietatem,
3565 1461 3795 1522 Domine

2202 1543 2328 1600 Jesu
2359 1545 2592 1610 Christe,
2619 1546 2722 1602 Fili
2752 1547 2845 1602 Dei
2872 1548 3012 1613 vivi;
3037 1549 3170 1612 scio,
3201 1550 3326 1619 quia
3352 1551 3473 1622 pius
3497 1560 3553 1608 et
3574 1552 3793 1610 miseri-

2201 1653 2325 1694 cors
2366 1653 2447 1705 es,
2488 1639 2701 1710 patiens
2731 1648 2787 1695 et
2815 1639 3041 1694 multum
3075 1640 3369 1712 benignus;
3409 1651 3462 1698 te
3505 1645 3708 1711 adoro,
3739 1655 3794 1701 te

2200 1729 2380 1798 laudo,
2409 1739 2464 1786 te
2487 1730 2768 1801 deprecor.
2803 1731 2882 1785 Tu
2909 1731 3053 1786 enim
3077 1733 3339 1788 exaudisti
3367 1742 3583 1790 sanctos
3604 1744 3661 1790 et
3680 1735 3793 1791 ele-

2125 1853 2172 1914 B
2203 1828 2322 1876 ctos
2351 1829 2471 1876 tuos
2499 1820 2568 1875 ab
2597 1821 2749 1876 initio
2778 1821 2964 1875 mundi
3002 1835 3175 1890 usque
3205 1821 3258 1875 in
3296 1813 3584 1889 finem;'tu
3623 1825 3788 1880 etiam

2198 1915 2393 1969 exaudi
2435 1929 2521 1968 me
2561 1914 2840 1985 indignum
2880 1922 2936 1969 et
2973 1923 3315 1985 peccatorem
3358 1923 3410 1970 te
3453 1925 3701 1970 orantem
3736 1927 3793 1974 et

2196 2007 2624 2078 deprecantem:
2673 2005 2888 2076 suscipe
2921 2007 3224 2063 orationem
3265 2017 3322 2063 et
3365 2008 3790 2079 postulationem

2195 2114 2392 2164 meam,
2441 2113 2765 2169 omnemque
2811 2113 3028 2154 sensum
3069 2100 3366 2169 spiritalem
3403 2102 3596 2158 horum
3639 2103 3788 2173 psal-

2195 2204 2429 2256 morum,
2463 2205 2600 2261 quos
2642 2205 2828 2246 coram
2877 2199 2929 2245 te
2962 2191 3280 2275 suppliciter
3316 2206 3415 2249 oro
3459 2193 3544 2248 vel
3588 2203 3786 2263 canto,

2196 2281 2292 2337 tibi
2318 2281 2678 2353 aceeptabiles
2700 2280 2887 2338 facito.
2920 2281 3023 2349 Qui
3052 2282 3207 2337 vivis.

2816 2396 2937 2451 Alia
2967 2398 3158 2452 oratio.

2267 2487 2512 2561 Suscipe,
2546 2489 2785 2546 clemens
2824 2499 2878 2546 et
2919 2490 3233 2547 misericors
3261 2491 3421 2558 Deus,
3451 2491 3594 2549 hanc
3624 2493 3779 2551 obla-

2194 2579 2396 2636 tionem
2427 2579 2781 2652 psalmorum,
2811 2595 2974 2651 quam
3011 2596 3110 2653 ego
3140 2590 3398 2654 peccator
3423 2585 3780 2656 omniumque

2191 2670 2480 2726 criminum
2511 2685 2635 2726 reus
2665 2685 2762 2741 pro
2793 2669 3031 2724 remedio
3057 2671 3250 2728 animae
3284 2688 3417 2729 mea;
3455 2673 3659 2741 olfero,
3687 2676 3777 2730 vel

2189 2774 2290 2830 pro
2317 2759 2404 2815 his
2446 2761 2498 2813 in
2544 2767 2775 2830 utroque
2809 2774 2976 2825 sexu,
3008 2759 3096 2830 qui
3125 2762 3258 2818 mihi
3302 2766 3778 2836 consanguinitate

2191 2851 2274 2908 vel
2305 2849 2673 2906 familiaritate
2695 2849 2968 2921 conjuncti
2991 2860 3137 2916 sunt,
3164 2861 3220 2908 et
3247 2868 3346 2924 pro
3375 2856 3479 2920 his,
3507 2856 3598 2926 qui
3630 2871 3690 2912 se
3717 2857 3777 2913 in

2192 2961 2384 3001 manus
2409 2929 2624 3001 nostras
2647 2945 3055 3014 commiserunt,
3086 2947 3171 3003 vel
3211 2949 3366 3006 nobis
3395 2951 3627 3007 confessi
3657 2950 3780 3007 fue-

2191 3047 2337 3102 runt,
2370 3051 2465 3094 seu
2511 3053 2742 3108 quorum
2786 3036 3156 3110 eleemosynas
3202 3042 3536 3112 suscepimus
3579 3053 3635 3100 et
3670 3060 3779 3117 pro

2191 3129 2339 3185 omni
2379 3128 2576 3200 populo
2620 3128 2928 3186 Christiano
2963 3130 3100 3186 vivis
3141 3139 3196 3187 et
3222 3132 3512 3201 defunctis,
3540 3149 3776 3205 precor,

2182 3318 2550 3394 peccatorum.
2577 3311 2771 3367 Amen.

2181 3444 2423 3517 Aggeum
2455 3453 2510 3501 et
2540 3445 2881 3510 Zachariam,
2940 3444 3100 3517 Fiunt
3126 3454 3310 3516 itaque
3349 3458 3540 3517 omues
3567 3444 3776 3515 psalmi

2184 3515 2352 3571 David
2405 3530 2632 3587 nurnero
2677 3527 2891 3572 centum
2952 3515 3391 3587 quinquaginta;
3425 3515 3772 3587 rDiapsalma

2182 3601 2412 3642 numero
2434 3585 2650 3653 LXXV,
2675 3588 2886 3643 cantica
2910 3585 3170 3655 graduum
3188 3585 3492 3655 quindecim
3516 3601 3772 3642 numero.

2181 3655 2428 3712 Psalmus
2467 3659 2680 3728 primus,
2709 3657 2840 3728 nulli
2878 3657 3490 3728 assignatttquuoniam
3523 3657 3775 3711 omnium

2180 3737 2342 3797 caput
2369 3726 2484 3782 est;
2517 3727 2721 3783 Deinde
2749 3727 2871 3796 quis
2901 3727 3038 3781 alius
3086 3726 3404 3797 intelligitur
3433 3727 3490 3780 in
3524 3729 3778 3797 secundo

2181 3796 2284 3852 nisi
2311 3798 2721 3868 primogenitus,
2771 3797 3080 3868 cuirtnerito
3143 3796 3439 3868 inscriptio,
3471 3812 3580 3868 non
3601 3796 3778 3852 fuerit

2183 3866 2526 3924 necessaria?
2559 3868 2764 3923 Deinde
2793 3867 2917 3936 quia
2952 3867 3065 3936 ipse
3115 3867 3353 3934 psalmus
3385 3866 3585 3920 Christi
3615 3882 3777 3920 men-

2183 3938 2383 3994 tionem
2414 3939 2563 4004 facit,
2596 3947 2656 3992 ut
2693 3955 2706 3990 :
2736 3934 2985 3991 aduersus
3012 3934 3298 4002 Christum,
3339 3947 3544 3990 tantum
3599 3951 3770 4005 expo-

2180 4009 2358 4064 nendo
2382 4024 2692 4079 personam,
2729 4005 3056 4079 inscribendi
3105 4020 3326 4060 causam
3358 4007 3590 4079 omnino
3656 4023 3773 4079 non

2180 4081 2364 4135 habet.
2382 4076 2655 4136 ’Ordinem
2698 4077 2936 4134 historia:
2968 4077 3309 4130 immutatum
3356 4076 3584 4145 legimus
3613 4079 3666 4130 in
3702 4078 3776 4131 ti-

2182 4151 2306 4206 tulis
2343 4151 2694 4220 psalmorum.
2747 4150 2853 4204 Sed
2885 4149 3025 4202 sicut
3078 4146 3270 4220 psalmi
3313 4163 3419 4220 non
3467 4149 3770 4220 secundum

2180 4217 2482 4287 historiam,
2539 4222 2633 4278 sed
2666 4220 2964 4276 secundum
3016 4217 3328 4288 pr0phetias
3364 4217 3767 4288 leguntur,ita

2177 4292 2422 4348 ordinem
2464 4292 2793 4361 psalmorum
2833 4287 3052 4361 turbare
3101 4303 3207 4361 non
3262 4296 3439 4361 potest
3464 4287 3771 4361 ordotituf

2177 4361 2374 4418 lorum.
2407 4357 2604 4417 Psahni
2634 4375 2824 4417 omnes
2847 4359 2940 4428 qui
2975 4358 3342 4414 inscribuntur
3371 4358 3476 4428 ipsi
3500 4357 3668 4428 David
3695 4358 3768 4410 ad

2177 4433 2376 4489 Christi
2407 4435 2678 4502 pertinent
2714 4426 3150 4495 sacramentum,
3205 4428 3331 4496 quia
3367 4426 3536 4482 David
3585 4427 3768 4482 dictus

2177 4514 2260 4559 est
2283 4503 2551 4559 Christus.
2592 4523 2609 4556 ι

2249 4575 2297 4649 (l
2311 4575 2396 4649 l9)
2421 4573 2502 4649 βε.
2531 4571 2932 4649 Pseudobedam
2955 4568 3169 4649 Comm.
3189 4566 3434 4649 in_P.s..l_.
3459 4565 3563 4622 col.
3585 4564 3766 4649 485;.

2249 4635 2396 4717 (120)
2418 4645 2538 4717 Istae
2568 4644 2840 4698 orationes
2861 4642 2923 4717 _in
2950 4639 3154 4717 _codice
3193 4637 3262 4693 ad
3305 4637 3518 4717 initium
3561 4635 3766 4717 praefa-

2179 4709 2340 4789 tionis
2368 4709 2640 4789 translata:
2669 4722 2815 4789 sunt.
2857 4712 2914 4766 In
2942 4711 3055 4789 fine
3077 4723 3206 4789 vero
3250 4709 3452 4789 positae
3485 4714 3767 4789 surit_tres

2176 4787 2295 4840 alia:
2321 4803 2334 4839 :
2374 4785 2608 4850 Christe,
2638 4783 2730 4853 qui
2761 4797 2822 4838 es
2853 4795 3016 4836 verus
3042 4779 3267 4853 largitor
3290 4788 3342 4853 et
3365 4776 3599 4853 indultur
3620 4776 3766 4853 lucis

2174 4866 2412 4929 aeternae,
2445 4845 2672 4929 Domine
2714 4853 2804 4929 qui
2838 4861 3023 4929 petere
3047 4845 3204 4919 iubes
3229 4858 3281 4903 et
3315 4849 3556 4929 invenire
3597 4854 3660 4901 te~
3683 4845 3764 4901 fa-

2175 4928 2276 4994 cis,
2307 4927 2532 4982 obsecro
2562 4922 2745 4994 itaque
2769 4922 3018 4989 Domine,
3054 4929 3113 4976 ut
3144 4933 3352 4976 memor
3377 4922 3478 4984 sis,
3505 4929 3611 4971 etc.
