4000 5370
210 347 276 400 t9
1400 343 1760 402 exposmo
1802 341 2247 402 rsauuonuu.
3385 303 3452 392 50

965 668 1651 784 SANCTI
1721 663 2674 782 BBUNONIS

1338 903 1882 960 llERBlPOLENSlS
1943 898 2246 960 EPISCOPI

365 1095 1590 1244 EXPOSITIO
1801 1093 3254 1235 PSALMORUM.

276 1497 332 1550 lu
375 1495 579 1549 Christi
615 1495 832 1549 nomine
867 1495 1055 1564 incipit
1100 1493 1416 1566 psalterium
1445 1493 1510 1548 de
1553 1493 1778 1547 tran.»la-
1811 1494 1856 1554 Α
1885 1487 2131 1558 exempla
2160 1487 2311 1542 mala:
2353 1485 2612 1542 doctrina:
2635 1483 2885 1537 Christus
2911 1479 3141 1550 posteris
3173 1494 3278 1532 non
3307 1478 3468 1532 relin—

211 1590 354 1642 tione
377 1587 720 1658 septuaginta
750 1585 1128 1656 lnterpretum,
1166 1585 1508 1640 emendatum
1540 1600 1568 1636 a
1600 1590 1786 1638 sancto

212 1677 535 1748 Hieronymo
565 1678 619 1730 in
653 1691 870 1730 novum.

277 1769 439 1841 Origo
465 1770 765 1840 prophetiae
809 1769 976 1824 David
1020 1769 1161 1841 regis
1191 1768 1519 1840 psalmorum
1558 1781 1786 1824 numero

195 1870 418 1930 centum
448 1861 843 1931 quinquaginta
875 1859 1042 1930 (121).

593 1995 913 2053 rsawus
950 1994 1206 2052 paruus
1245 1995 1415 2067 (ηε).

273 2105 332 2161 C.
362 2105 422 2160 Β.
456 2105 566 2161 Iste
601 2107 844 2176 psalmus
872 2106 992 2162 ideo
1035 2106 1246 2161 titulum
1278 2122 1385 2162 non
1418 2105 1616 2172 habet,
1654 2122 1789 2177 quo-

209 2200 349 2253 niam
381 2200 547 2269 capiti
580 2199 808 2254 Domino
846 2209 1030 2254 nostro
1066 2198 1335 2254 Salvatori
1367 2199 1456 2270 (de
1496 2215 1604 2270 quo
1629 2199 1783 2254 abso-

210 2293 314 2347 lute
339 2295 585 2348 dicturus
599 2291 700 2362 est)
725 2292 856 2347 nihil
879 2292 1114 2363 praeponi
1141 2291 1350 2358 debuit;
1379 2302 1620 2347 sanctam
1641 2292 1785 2347 enim

210 2388 323 2452 ejus
355 2384 748 2439 incarnationis
784 2384 972 2449 vitam,
1001 2383 1396 2453 impiorumque
1441 2383 1670 2439 ultiones
1699 2385 1786 2438 in-

211 2477 406 2530 sinuat.
459 2474 613 2531 Unde
643 2485 696 2530 et
746 2476 971 2532 materia
1019 2476 1182 2547 hujus
1230 2475 1425 2547 psalmi
1469 2477 1657 2532 eadem
1703 2486 1788 2531 est

212 2581 326 2635 qua
363 2574 418 2620 et
447 2568 610 2621 totius
651 2566 796 2632 libri,
825 2566 1032 2622 scilicet
1073 2565 1323 2622 Christus
1356 2566 1583 2637 integer.
1612 2567 1668 2622 ω
1704 2575 1789 2621 est

210 2664 372 2724 caput
399 2655 727 2726 Redemptor
757 2665 941 2713 noster
961 2671 1086 2712 cum
1116 2657 1394 2723 membris,
1428 2656 1482 2713 id
1506 2664 1590 2712 est
1615 2657 1789 2712 omni-

214 2743 310 2798 bus
333 2744 495 2814 justis
522 2753 574 2800 et
605 2745 828 2801 sanctis.

1889 1579 2023 1650 quit.
2053 1577 2094 1632 C
2136 1577 2228 1631 Est
2251 1577 2393 1632 enim
2422 1575 2676 1629 cathedra
2718 1573 3026 1632 ductorum,
3071 1567 3469 1636 trihunaljndi-

1889 1684 2032 1732 cum,
2061 1676 2116 1722 et
2143 1681 2324 1738 regum
2351 1666 2542 1722 solium
2583 1665 2797 1736 proprie
2827 1661 3058 1716 dicitur.
3089 1660 3128 1713 ll
3172 1660 3319 1716 Unde
3348 1675 3470 1714 sen-

1888 1776 1980 1815 sus
2016 1758 2265 1814 versiculi
2320 1756 2478 1827 hujus
2526 1766 2609 1812 est
2644 1775 2656 1809 :
2691 1755 2889 1810 Beatus
2925 1755 3015 1817 qui
3047 1769 3151 1807 non
3190 1750 3467 1822 cogitavit,

1889 1869 1993 1907 non
2028 1852 2173 1916 fecit,
2207 1867 2310 1906 non
2345 1851 2528 1906 docuit
2558 1848 2718 1904 mala.

1895 2011 1897 2013 ι
1923 1943 1958 1996 2
2033 1941 2140 1998 Sed
2168 1942 2222 1996 in
2253 1941 2361 2012 lege
2385 1939 2595 1994 Domini
2616 1938 2854 1993 voluntas
2882 1937 2996 2007 ejus
3022 1950 3040 1988 :

2031 2033 2097 2086 Et
2127 2033 2179 2086 iu
2215 2031 2323 2101 lege
2349 2029 2464 2100 ejus
2493 2028 2832 2084 meditabitur
2855 2027 2940 2081 die
2971 2043 3032 2080 ac
3063 2035 3231 2080 nocte.

1957 2121 2000 2179 C
2035 2123 2146 2178 Lex
2175 2121 2268 2176 Dei
2299 2129 2383 2176 est
2415 2120 2468 2175 in
2492 2118 2831 2175 declinandis
2858 2116 3094 2188 peccatis
3124 2125 3311 2171 sancta
3339 2131 3473 2186 pra:-

1888 2214 2084 2284 ceptio,
2129 2214 2180 2268 in
2217 2227 2323 2282 qua
2353 2210 2602 2267 voluntas
2640 2209 2785 2266 illius
2809 2208 2930 2274 fuit,
2963 2210 3056 2280 qui
3097 2217 3315 2278 peccata
3364 2224 3471 2261 non

1889 2305 2036 2360 fecit.
2068 2305 2107 2359 Α
2138 2304 2178 2360 C
2213 2303 2433 2358 Intende
2458 2316 2589 2357 vero
2615 2301 2757 2372 quod
2795 2301 3036 2356 secundo
3065 2297 3200 2355 'dicit
3240 2300 3292 2352 in
3328 2299 3466 2368 lege.

1888 2413 1994 2453 non
2030 2397 2130 2453 sub
2156 2396 2295 2467 lege,
2320 2395 2447 2464 quia
2475 2393 2726 2450 Christus
2760 2394 2815 2448 in
2845 2392 2960 2464 lege
2989 2392 3089 2447 fuit
3125 2392 3216 2462 qui
3246 2403 3470 2462 peccata

1889 2507 1996 2548 non
2050 2492 2262 2555 habuit,
2302 2490 2484 2546 caeteri
2519 2489 2778 2546 mortales
2813 2489 2914 2545 sub
2962 2489 3078 2560 lege
3125 2489 3216 2559 qui
3265 2488 3474 2544 delictis

1887 2592 2135 2638 onerant.
2167 2583 2208 2638 C
2229 2583 2339 2639 Lex
2362 2582 2559 2638 dicitur
2584 2596 2649 2638 eo
2670 2581 2814 2652 quod
2839 2581 3054 2638 animos
3077 2589 3292 2637 nostros
3319 2580 3472 2651 liget,

1889 2678 2110 2749 suisque
2143 2687 2322 2734 teneat
2371 2678 2638 2734 obnoxios
2675 2678 3005 2734 constitutis.
3053 2677 3302 2732 Meditari
3333 2692 3478 2732 sem-

1889 2785 1989 2842 per
2018 2769 2196 2825 nullus
2220 2769 2365 2825 valet
2399 2769 2573 2841 legem
2614 2768 2827 2825 Domini
2868 2767 2971 2824 nisi
3004 2767 3273 2834 Christus,
3303 2767 3398 2823 sed
3422 2777 3478 2822 et

251 2857 276 2910 l
346 2854 542 2911 Beatus
571 2857 651 2911 vir
671 2859 762 2929 qui
786 2875 888 2913 non
908 2858 1037 2914 abiit
1065 2859 1122 2914 in
1150 2858 1365 2914 consilio
1392 2858 1710 2929 impiorum:
1737 2867 1784 2913 et
1817 2872 1861 2932 Β
1889 2861 1980 2918 ille
2016 2862 2108 2932 qui
2147 2863 2446 2918 membrum
2490 2861 2608 2933 ejus
2638 2869 2745 2928 est,
2781 2860 3132 2916 meditabitur
3160 2874 3373 2930 semper
3401 2860 3478 2914 le-
3535 2893 3544 2897 -

421 2947 474 3000 in
504 2950 584 3002 via
630 2959 957 3017 peccatorum
993 2965 1099 3004 non
1136 2949 1306 3017 stetit,
1345 2959 1394 3004 et
1437 2951 1493 3007 in
1535 2949 1784 3004 cathedra

419 3038 728 3108 pestilentiae
752 3057 853 3096 non
883 3041 1039 3097 sedit.

281 3130 324 3186 C
367 3129 566 3188 Beatus
606 3132 720 3197 vir,
764 3132 938 3190 dictus
976 3133 1132 3204 quasi
1168 3133 1324 3189 bene'
1341 3139 1498 3203 aptus
1546 3130 1677 3202 (qui
1703 3140 1789 3187 est

215 3219 482 3293 Christus)
516 3230 619 3288 est,
652 3221 739 3278 cui
765 3232 947 3292 optata
991 3222 1173 3277 omnia
1213 3221 1299 3277 vel
1327 3221 1628 3277 desiderata
1658 3236 1785 3276 suc—

215 3312 432 3380 cedunt,
460 3313 638 3368 virum
664 3314 880 3385 egregie
913 3313 1210 3382 subiunxit.
1232 3311 1330 3368 Vir
1350 3313 1494 3369 enim
1522 3328 1553 3368 a
1581 3312 1787 3369 viribus

217 3404 389 3458 dictus
410 3412 516 3470 est,
536 3403 626 3475 qui
655 3404 834 3460 nescit
858 3403 1137 3460 tolerando
1165 3403 1392 3459 adversa
1421 3402 1675 3469 deﬁcere,
1697 3413 1791 3458 aut

215 3494 268 3550 in
301 3495 570 3566 prosperis
597 3495 776 3567 aliqua
804 3511 863 3554 se
884 3497 1116 3554 elatione
1138 3497 1366 3568 jactare.
1396 3494 1596 3552 Tribus
1616 3496 1789 3552 modis

215 3584 301 3640 hic
339 3586 571 3641 ostendit
614 3587 835 3643 evenire
879 3589 1142 3652 humanos
1170 3600 1407 3653 errores,
1439 3587 1787 3658 cogitatione,

215 3676 378 3745 facto,
407 3689 463 3734 et
490 3679 653 3735 dicto.
690 3679 1031 3751 Cogitatione
1065 3681 1369 3751 peccatriee
1415 3681 1616 3748 abitur,
1646 3679 1790 3737 facto

214 3769 356 3824 malo
381 3779 559 3825 statur
585 3772 740 3843 longe
769 3787 800 3826 a
831 3771 959 3828 Deo.
992 3773 1148 3828 Dicto
1177 3787 1304 3828 vero
1331 3773 1487 3828 malae
1509 3772 1788 3839 doctrinae,

214 3862 325 3916 sive
353 3861 714 3931 gloriationis,
744 3863 858 3919 sive
893 3863 1098 3934 peccati
1142 3863 1563 3930 consuetudine,
1612 3864 1666 3918 in
1701 3878 1791 3918 ca-

217 3952 402 4005 thedra
436 3950 709 4008 inliciente
746 3953 1068 4022 pestilentia:
1105 3953 1342 4008 sedetur.
1387 3952 1435 4008 Δ
1466 3952 1666 4008 Beatus
1694 3952 1793 4023 igi-

217 4049 298 4094 tur
319 4041 411 4110 qui
444 4057 550 4096 non
579 4042 713 4097 abiit
735 4043 1062 4112 cogitatione
1095 4061 1125 4099 a
1155 4043 1265 4098 Deo
1297 4045 1350 4098 in
1378 4043 1651 4114 regionem
1677 4042 1793 4098 lon-

214 4134 469 4203 ginquatn
494 4135 972 4201 dissimilitudinis,
996 4137 1050 4191 id
1071 4146 1152 4191 est
1177 4135 1502 4206 cogitatione
1530 4148 1638 4188 non
1666 4148 1791 4204 pec-

1883 2969 2002 3027 gem
2023 2954 2141 3018 Dei,
2187 2955 2280 3026 qui
2321 2969 2441 3011 eam
2477 2953 2626 3009 omni
2654 2953 2892 3025 puritate
2921 2953 3244 3024 inquantum
3276 2954 3476 3024 poterit

1887 3047 2146 3118 implebit.
2171 3047 2214 3102 ll
2238 3047 2363 3103 Sive
2387 3047 2530 3102 enim
2555 3047 2868 3113 manducat,
2894 3047 3008 3103 sive
3029 3047 3185 3110 bibit,
3207 3046 3320 3101 sive
3348 3046 3475 3100 dor-

1884 3135 2004 3192 mit.
2037 3135 2092 3190 ln
2124 3137 2338 3192 nomine
2368 3137 2580 3193 Domini
2623 3137 2804 3193 omnia
2851 3136 3086 3204 faciens,
3129 3135 3476 3191 meditabitur

1886 3225 2056 3297 legem
2087 3225 2177 3280 Dei
2200 3227 2284 3281 die
2311 3242 2377 3282 ac
2399 3235 2576 3284 nocte.
2605 3226 2646 3284 C
2667 3226 2794 3284 Dies
2814 3227 2954 3282 dicta
2978 3235 3061 3283 est
3085 3243 3113 3280 a
3140 3241 3478 3297 paganorum

1887 3315 2010 3370 diis.
2039 3313 2154 3370 Nox
2181 3331 2246 3372 eo
2276 3318 2420 3388 quod
2446 3329 2642 3374 noceat
2667 3317 2998 3390 aspectibus,
3028 3317 3142 3373 sive
3172 3316 3476 3373 actionibus

1889 3406 2109 3470 nostris,
2140 3407 2280 3461 dicta
2309 3415 2410 3462 est.

1919 3495 1954 3550 5
2006 3495 2073 3550 Et
2095 3495 2190 3551 erit
2221 3506 2472 3568 tauquam
2509 3496 2708 3570 lignum
2733 3499 2872 3562 quod
2901 3498 3194 3570 plautatum
3227 3511 3287 3552 -ε-
3322 3505 3394 3550 est
3429 3497 3462 3565 ζ’,

2100 3604 2248 3644 secus
2281 3590 2536 3646 decursus
2571 3607 2826 3662 aquarum
2859 3605 2878 3642 :

2033 3677 2187 3744 Quod
2210 3678 2441 3748 fructum
2473 3696 2628 3735 suum
2657 3679 2800 3734 dabit
2833 3681 2887 3734 in
2917 3691 3144 3752 tempore
3173 3697 3273 3736 suo

1959 3770 2000 3827 C
2026 3771 2171 3827 Bene
2204 3771 2348 3842 ligno
2381 3772 2660 3828 fructifero
2693 3783 3040 3843 comparatus
3078 3781 3164 3828 est
3192 3772 3486 3840 Christus,

1891 3868 2112 3932 propter
2124 3875 2339 3916 crucem
2365 3877 2527 3933 quam
2551 3877 2649 3934 pro
2667 3862 2825 3918 nobis
2845 3861 3121 3916 sustinuit.
3142 3860 3473 3920 Plantatum,

1891 3957 1944 4012 id
1970 3966 2053 4012 est
2083 3955 2435 4026 praedicatum
2461 3993 2478 4018 ,
2529 3968 2687 4010 secus
2712 3952 2975 4008 decursus
3003 3966 3288 4021 aquarmn.
3321 3948 3476 4002 Sicut

1893 4049 2167 4104 terrestris
2206 4046 2349 4101 enim
2389 4059 2563 4114 aqua,
2611 4045 2721 4097 vita
2755 4054 2812 4097 et
2843 4043 3111 4112 lignorum
3163 4039 3474 4101 virentium,

1891 4141 1971 4196 sic
2013 4154 2151 4211 aqua
2196 4137 2449 4207 baptismi
2498 4135 2648 4191 salus
2680 4134 2842 4189 estin
2869 4130 3202 4188 Cruciﬁxum
3247 4128 3478 4185 creden-

215 4225 372 4278 cavit.
406 4225 663 4292 Quamvis
703 4234 844 4281 esset
889 4227 1095 4296 positus
1131 4227 1183 4281 in
1220 4225 1446 4282 concilio
1479 4225 1787 4296 impiorum,
1817 4235 1862 4296 C
1894 4234 2046 4288 tium.
2103 4231 2360 4285 Fructum
2401 4228 2570 4295 dabit,
2612 4228 2662 4283 id
2706 4233 2790 4282 est
2833 4224 3103 4281 Ecclesias
3143 4223 3433 4279 constituet
3460 4239 3488 4286 ;,

217 4315 267 4368 id
294 4325 374 4369 est
401 4316 651 4384 quamvis
675 4316 824 4387 impii
852 4317 956 4371 hoe
990 4315 1308 4372 molirentur
1331 4325 1390 4372 ut
1411 4317 1604 4379 abiret,
1629 4314 1794 4369 veluti

220 4406 454 4461 Christus
483 4409 736 4476 quamvis
784 4407 930 4462 inter
957 4417 1273 4479 peccatores
1319 4408 1390 4464 sit
1418 4416 1790 4474 conversatus,

221 4495 270 4548 in
306 4499 439 4551 viam
479 4513 675 4552 eorum
721 4508 903 4553 tamen
935 4514 1043 4554 non
1071 4499 1220 4554 abiit.
1267 4500 1440 4555 Adam
1477 4515 1606 4555 vero
1638 4499 1792 4565 abiit,

222 4586 336 4640 dum
365 4589 517 4642 uxori
550 4605 582 4642 a
614 4588 830 4645 diabolo
852 4589 1091 4660 decepta:
1134 4591 1441 4656 consensit,
1487 4591 1635 4662 impii
1668 4605 1795 4646 vero

222 4678 316 4734 hoc
342 4681 631 4736 molientes
663 4690 790 4735 sunt
833 4681 1053 4746 diaboli,
1081 4681 1287 4737 Scriba:
1325 4692 1380 4738 et
1407 4683 1684 4748 Pharisaei,
1713 4683 1795 4738 vel

223 4790 396 4830 omnes
438 4776 612 4842 mali,
670 4775 723 4829 in
754 4792 982 4844 quorum
1020 4777 1160 4831 viam
1207 4768 1472 4833 Christus'
1500 4779 1642 4834 sicut
1689 4792 1795 4831 non

225 4868 361 4932 abiit,
395 4869 468 4922 ita
515 4869 570 4922 in
620 4882 688 4921 ea
734 4884 839 4922 non
875 4869 1043 4923 stetit.
1086 4869 1352 4936 Quoniam
1378 4885 1500 4924 eum
1532 4868 1716 4927 saeculi
1745 4879 1800 4923 et

225 4971 553 5025 peccatorum
604 4960 863 5015 illecebra
911 4977 1016 5015 non
1059 4962 1250 5026 tenuit,
1298 4978 1397 5018 nec
1442 4965 1495 5020 in
1538 4962 1797 5021 cathedra

224 5049 529 5114 pestilentiae
561 5049 731 5112 sedit,
771 5049 821 5102 id
856 5059 936 5104 est
968 5066 1129 5119 prava
1164 5055 1553 5110 consuetudine
1590 5053 1677 5106 vel
1707 5067 1800 5122 po-

225 5138 320 5192 tius
363 5141 644 5204 doctrina,
689 5139 817 5208 quia
854 5141 1116 5198 salubrem
1161 5141 1460 5201 doctrinam
1500 5143 1706 5207 docuit,
1743 5149 1800 5198 et

281 5271 423 5354 (ιεμ)
638 5283 712 5323 ex
744 5269 1072 5370 ltltodige'ltts.
1115 5269 1625 5370 addidimgshguin
1667 5286 1796 5370 vero

221 5337 431 5370 ηιιέη-Ξ-ξι
485 5344 596 5370 υἷι-1
667 5337 844 5370 nun-Ia
873 5341 1044 5370 Ᾰιιιιῖίη
1099 5357 1222 5370 ,ιι-..ιι
1262 5342 1311 5370 ἶη
1357 5337 1619 5370 n..n:'f-..:

1897 4331 2138 4394 tempore
2164 4334 2291 4384 suo,
2325 4318 2377 4373 id
2413 4326 2496 4372 est
2525 4316 2743 4389 quando
2768 4317 2940 4371 beatis
2971 4315 3363 4371 lncarnationis
3391 4328 3480 4367 sa-

1893 4421 2170 4467 cramenta
2194 4410 2449 4480 suscepit.
2480 4408 2714 4464 Fructus
2737 4423 2766 4460 a
2803 4405 3031 4462 fruendo
3064 4405 3281 4460 dicitur.
3307 4403 3351 4458 li
3381 4403 3470 4457 Li-

1895 4519 2058 4575 gnum
2106 4503 2213 4574 (cui
2239 4501 2491 4558 Christus
2529 4509 2875 4570 comparatur
2907 4498 3200 4554 secundum
3232 4499 3487 4551 membra.

1894 4609 1989 4648 sua
2015 4634 2030 4659 ,
2070 4593 2123 4648 id
2168 4602 2252 4648 est
2303 4591 2522 4661 quosvis
2571 4605 2700 4645 vere
2743 4589 3103 4658 Christianos)
3158 4586 3479 4655 sapientiam

1895 4695 2057 4756 puto,
2101 4684 2167 4739 de
2195 4699 2297 4755 qua
2326 4690 2380 4737 et
2413 4681 2669 4737 Salomon
2699 4679 2964 4750 loquitur;
3006 4677 3208 4748 lignum
3245 4686 3327 4731 est
3359 4677 3482 4732 vita:

1898 4778 1982 4832 his
2009 4776 2099 4847 qui
2150 4781 2450 4845 sequuntur
2476 4788 2594 4828 eam
2619 4814 2634 4839 ,
2675 4779 2731 4826 et
2773 4770 3064 4842 Apostolus
3102 4767 3377 4823 Christum
3407 4769 3486 4822 ait

1898 4867 1993 4922 Dei
2019 4867 2270 4922 virtutem
2298 4873 2353 4920 et
2380 4865 2475 4920 Dei
2503 4863 2844 4934 sapientiam.
2868 4861 2988 4916 Erit
3013 4860 3194 4929 itaque
3213 4858 3482 4913 Christia-

1899 4977 2002 5016 nus
2022 4977 2184 5019 verus
2208 4972 2463 5031 tanquam
2490 4959 2715 5030 lignum,
2741 4955 2842 5012 hoc
2867 4966 2954 5014 est
2979 4953 3196 5010 Christo
3226 4951 3364 5005 Filio
3387 4952 3486 5008 Dei

1900 5053 2196 5110 conformis
2266 5052 2442 5109 factus
2511 5048 2725 5118 corpori
2798 5048 2984 5119 gloriae
3055 5045 3210 5111 ejus,
3275 5040 3492 5099 scilicet

1899 5145 2119 5200 Christi.

1901 5275 2125 5370 “dies:
2155 5280 2263 5370 ςειε
2294 5277 2414 5370 ηε)-

2382 5363 2468 5370 --....
2517 5342 2654 5370 ...ι-..1
2702 5340 3006 5370 D-nnnnmm
3048 5335 3190 5370 hnnn
3235 5332 3487 5370 nrdinnm
