4000 5370
515 361 578 417 5t
1476 350 1532 406 s.
1574 306 1924 403 enuuoms
1962 334 2503 398 HERBIPOLENSIS
2538 329 2845 390 EPISCOPI
3252 412 3257 419 .
3709 318 3781 376 52

550 474 586 527 4
663 473 729 526 Et
766 471 961 541 folium
988 468 1102 538 ejus
1144 481 1245 519 non
1287 463 1478 532 deﬂuet
1514 479 1541 520 :.

666 565 734 620 Et
772 562 950 618 omnia
980 570 1302 629 quacunque
1336 552 1491 622 faciet
1526 549 1987 620 prosperabuntur.

586 677 628 732 C
668 673 874 730 Folium
925 668 1071 739 ejus,
1137 677 1435 719 sermones.
1488 660 1656 729 ipsius
1714 657 2098 729 promissionis

518 767 779 837 intellige,
819 761 914 832 qui
958 759 1106 815 nullo
1149 771 1277 811 casu
1319 770 1349 809 a
1400 755 1631 809 veritate
1672 752 1957 814 decidunt.
2000 750 2095 806 sed

516 856 695 913 omnia
724 868 846 922 quae
886 849 998 920 agit
1025 849 1078 902 in
1107 855 1229 901 actu
1266 843 1648 915 prosperitatis
1690 841 1923 912 perﬁcit,
1976 855 2097 910 quze

514 944 697 1001 omnia
724 937 1034 1010 accipienda
1063 947 1191 992 sunt
1219 934 1429 990 fructus
1474 942 1537 996 et
1572 932 1722 998 folia,
1755 931 1809 992 id
1834 938 1921 988 est
1949 931 2103 987 facta

516 1045 572 1090 et
604 1036 773 1091 dicta.
822 1080 833 1085 -

550 1149 587 1235 ii
661 1147 785 1202 Non
811 1148 887 1202 sic
928 1145 1074 1214 imnij
1107 1158 1170 1204 σει-
1202 1158 1304 1198 non
1343 1140 1419 1194 sic
1449 1138 1467 1206 ζ
1501 1136 1906 1205 :sedtanquam
1923 1130 2094 1202 pulvis

662 1238 829 1304 Quem
856 1235 1066 1307 projicit
1098 1242 1277 1287 ventus
1304 1245 1366 1286 σξ-
1393 1247 1426 1283 a
1455 1228 1591 1299 facie
1622 1235 1798 1280 terra.

586 1352 629 1408 C
686 1350 811 1406 Non
833 1351 909 1406 sic
962 1347 1143 1418 impii,
1196 1359 1305 1401 vox
1357 1353 1442 1399 est
1492 1340 1778 1402 terrentis,
1826 1337 1971 1393 sicut
2011 1343 2095 1392 est

515 1442 820 1506 invitantis,
844 1440 1047 1497 beatus.
1077 1437 1184 1501 vir,
1211 1434 1468 1507 quoniam
1508 1448 1616 1487 non
1643 1430 1748 1505 erit
1769 1428 1848 1485 sic
1872 1426 2089 1497 impius,

515 1546 578 1592 ut
611 1535 866 1607 superius
896 1533 1034 1588 dixit
1069 1531 1259 1586 beatos
1291 1542 1431 1607 esse.
1471 1525 1656 1580 Pulvis
1697 1533 1781 1584 est
1831 1520 2093 1577 resolutio

513 1636 707 1703 teme,
724 1625 813 1682 cui
843 1626 1007 1679 homo
1035 1631 1284 1679 terrenus
1311 1626 1664 1687 comparatur
1703 1628 1827 1675 curn
1873 1610 2093 1666 inﬂatur

512 1729 697 1797 vento»
738 1718 1033 1790 superbire,
1079 1727 1134 1772 et
1160 1715 1538 1786 abjiciturgsua
1570 1710 1792 1774 levitate
1832 1723 1865 1764 a
1909 1707 2093 1762 ﬁrma-

2126 465 2186 524 Δ

2769 441 3092 500 PSALMUS
3127 441 3192 497 ll.

2647 551 3015 594 Αιιςυηκτωι
3051 550 3240 591 ιἐλιιιιι
3279 548 3338 589 ll.

2204 664 2221 674 ς
2265 630 2308 685 C
2357 628 2628 700 PrOpbeta
2716 632 2785 682 de
2858 633 3131 684 conventu
3218 621 3515 678 inﬁdelitin
3579 626 3786 676 contra

2194 719 2470 775 Christum
2498 718 2550 772 in
2580 716 2833 787 passione
2862 715 3122 786 loquitur.
3153 714 3220 769 Et
3244 712 3502 769 Dominus
3523 709 3780 767 Christus

2195 813 2262 866 de
2284 809 2639 880 omnipotenti
2668 823 2835 881 regno
2862 816 2919 864 et
2947 808 3014 864 de
3041 804 3387 863 inenarrabili
3423 803 3666 875 genvati
3680 816 3786 858 :ne

2193 914 2313 955 sua.
2621 935 2626 945 ν

2616 967 2726 1024 TT.
2764 982 2828 1024 +
2856 966 3105 1023 Psalmus
3126 966 3297 1022 David
3329 964 3351 1037 ζ

2264 1080 2306 1138 C
2336 1082 2432 1145 Est
2462 1082 2566 1137 iste
2602 1080 2845 1152 psalmus
2888 1081 3186 1146 habendus,
3236 1079 3444 1150 primus
3482 1080 3549 1132 in.
3584 1073 3781 1139 titulo,

2193 1172 2478 1229 secundus
2518 1172 2570 1226 in
2607 1171 2833 1236 ordine;
2867 1172 3010 1228 unde
3055 1172 3109 1226 in
3140 1170 3369 1226 Actibus
3401 1167 3787 1239 apostolorum.

2193 1264 2396 1321 dicitur
2423 1262 2653 1333 primus.
2681 1261 2725 1316 H
2758 1261 2854 1317 Vel
2883 1263 3008 1332 quia
3039 1262 3175 1331 apud
3204 1260 3483 1324 Hebraeos,
3515 1259 3620 1313 iste
3643 1274 3786 1314 cum.

2193 1356 2370 1427 primo
2391 1368 2529 1409 unus
2546 1354 2789 1425 psalmus
2809 1352 3078 1408 habentur
3097 1352 3216 1409 sine
3236 1351 3412 1407 titulo.
3436 1349 3539 1405 Per
3560 1349 3792 1404 titulum.

2193 1454 2371 1501 autem
2397 1444 2719 1516 intelligitur
2757 1444 3184 1514 uniuscujusque
3206 1442 3405 1497 Psalmi
3437 1441 3781 1498 intellectus.

2194 1535 2333 1608 Quid
2365 1544 2450 1591 est
2485 1536 2631 1591 enim
2663 1535 2851 1592 titulus
2880 1535 2982 1591 nisi
3021 1537 3210 1602 clavis,
3243 1545 3304 1591 ut
3330 1537 3403 1591 ita
3430 1535 3686 1591 dixerim.
3717 1535 3781 1589 In

2193 1627 2414 1684 domum
2461 1642 2570 1683 non
2624 1627 2925 1698 ingreditur
2991 1627 3093 1682 nisi
3152 1643 3250 1698 per
3303 1626 3547 1691 clavem,
3594 1625 3670 1680 ita
3721 1631 3783 1687 et

2197 1720 2621 1793 uniuscujusque
2672 1721 2865 1793 psalmi
2911 1722 3249 1788 intellectus,
3282 1736 3382 1792 per
3427 1721 3636 1777 clavem
3674 1720 3793 1775 hoc

515 1822 702 1870 mento
788 1818 1184 1885 praeceptorum
1263 1806 1381 1862 Dei.
1429 1803 1627 1877 {PulViS
1698 1803 1805 1857 huc
1861 1799 2093 1868 illucque
2126 1806 2171 1875 Β
2199 1820 2304 1874 est,
2348 1827 2446 1882 per
2490 1811 2704 1866 titulum
2753 1812 3096 1884 intelligitur,
3129 1812 3183 1867 in
3213 1811 3385 1881 cujus,
3419 1810 3625 1867 scilicet
3649 1826 3783 1881 per-

517 1904 870 1975 dispergitur,
915 1901 995 1962 sic
1031 1910 1086 1957 et
1119 1899 1317 1969 impius
1357 1897 1471 1968 (qui
1525 1893 1695 1952 semel
1722 1893 1889 1948 Deum
1934 1905 2096 1963 nega-

511 1998 676 2067 verit)
720 2010 1045 2067 quoounque
1084 2007 1209 2053 eum
1253 2005 1385 2053 aura
1433 1986 1631 2048 diaboli
1683 1984 1931 2050 traxerit,
1968 1981 2096 2037 illuc

511 2103 700 2145 errore
725 2085 1061 2159 perducitur.
2026 2074 2037 2086 ‘

549 2201 584 2256 6
655 2199 784 2255 Ideo
812 2215 914 2255 non
937 2207 1215 2268 resurgunt
1239 2195 1385 2265 impii
1422 2196 1477 2250 in
1489 2193 1734 2265 judicio:

586 2288 771 2361 Neque
806 2297 1101 2360 peccatores
1129 2286 1187 2340 in
1224 2284 1444 2341 consitio
1464 2284 1759 2353 justorum.

581 2400 800 2472 (oi‘lmpii
832 2409 982 2464 sunt,
1021 2398 1114 2468 qui
1153 2404 1398 2454 sanctam
1430 2394 1753 2450 Trinitatem
1781 2388 2095 2447 nullatenus

514 2493 870 2550 confitentur.
931 2490 974 2545 C
1025 2489 1069 2543 ll
1132 2489 1442 2556 Resurgunt
1492 2485 1690 2554 impii,
1735 2483 1830 2538 sed
1877 2496 1983 2536 non
2037 2480 2092 2535 in

510 2581 736 2651 judicio.
765 2582 893 2651 quia
932 2578 1056 2647 jam-
1090 2577 1316 2647 judicati
1347 2583 1496 2629 sunt.
1543 2573 1584 2628 C
1623 2572 1810 2627 Justus
1835 2571 2009 2641 surgit
2037 2578 2096 2623 ut

513 2674 741 2745 jndicet,
765 2680 1021 2742 peccator
1045 2677 1103 2723 ut
1133 2667 1429 2738 judicetur.
1460 2665 1684 2733 Impius,
1720 2672 1786 2716 ut
1809 2662 1929 2717 sine
1948 2658 2094 2729 judi-

516 2765 603 2821 cio
631 2762 905 2834 puniatur.
934 2759 1256 2814 Peccatores
1277 2766 1405 2812 sunt
1425 2752 1728 2810 Christiani
1743 2762 1836 2807 seu
1859 2748 2098 2821 peccatis

519 2860 762 2925 obnoxii,
785 2859 874 2930 qui
894 2859 1016 2913 ideo
1034 2871 1140 2911 non
1165 2861 1455 2924 resurgunt
1475 2852 1528 2906 in
1554 2847 1782 2905 consilio
1800 2845 2091 2916 iustorum,

519 2955 573 3010 id
595 2962 681 3011 est
732 2954 783 3008 in
823 2950 1027 3023 judicio
1069 2946 1363 3018 justorum,
1393 2945 1516 3015 quia
1563 2944 1676 3014 jam
1720 2940 1846 3005 illis,
1884 2937 2099 2994 scilicet

514 3046 695 3118 justis,
748 3042 845 3115 per
880 3042 1125 3115 gratiam
1164 3032 1525 3095 confessionis
1582 3040 1805 3104 peccata
1873 3028 2096 3084 dimissa

479 3135 482 3139 ’
519 3145 664 3192 sunt.
698 3135 755 3190 In
782 3150 890 3206 quo
921 3147 1147 3188 numero
1179 3139 1235 3186 et
1265 3128 1437 3184 sancti
1461 3135 1609 3189 sunt,
1636 3124 1762 3195 quia
1789 3121 1966 3176 nullus
1988 3118 2090 3175 nisi

523 3227 664 3283 Deus
710 3228 828 3283 sine
875 3233 1098 3296 peccato
1131 3232 1235 3280 est.
1268 3220 1310 3274 Β
1346 3219 1523 3290 Super
1568 3215 1670 3272 Job
1700 3233 1713 3269 :
1742 3215 1842 3269 Hic
1870 3212 2091 3268 ordines

519 3328 778 3374 notantur
801 3326 1033 3389 quatuor
1052 3316 1120 3372 de
1142 3315 1229 3370 die
1245 3311 1455 3382 judieii,
1480 3309 1533 3365 id
1550 3317 1634 3364 est
1660 3306 1834 3362 sancti
1859 3304 1951 3375 qui
1978 3303 2090 3372 jam

513 3413 740 3485 judicati
769 3420 896 3466 sunt
929 3409 994 3468 ad
1043 3421 1287 3476 regnum,
1333 3412 1388 3459 et
1439 3417 1562 3458 cum
1595 3398 1817 3456 Christo
1870 3394 2094 3451 veniunt

521 3506 590 3565 ad
620 3503 997 3574 judicandum.
1039 3500 1108 3554 Et
1165 3497 1314 3569 impii
1345 3493 1458 3566 jam
1513 3489 1802 3564 adjudicati
1846 3496 1975 3543 sunt
2024 3485 2092 3540 ad

518 3594 859 3668 supplicium.
943 3577 1331 3647 Peccatoribus
1413 3584 1614 3641 dicitur
1672 3581 1763 3652 qui
1823 3579 2093 3650 paeniten-

519 3692 650 3757 tiam
688 3684 941 3761 egerunt
990 3704 1002 3740 :
1063 3682 1274 3748 Venite,
1335 3676 1640 3743 benedicti;
1707 3684 1763 3730 et
1824 3674 1916 3742 qui
1982 3685 2091 3725 non

519 3791 746 3854 egerunt
794 3798 806 3833 :
867 3775 1134 3832 Discedite
1183 3790 1213 3829 a
1263 3786 1368 3827 me.
1401 3771 1456 3825 In
1511 3767 1759 3832 consilio,
1788 3765 1840 3819 id
1892 3772 1980 3819 est
2036 3762 2089 3817 in

518 3853 722 3931 :eterno
762 3871 927 3936 bono,
968 3867 1109 3939 quod
1158 3863 1308 3935 sequi
1357 3860 1645 3919 consilium
1710 3856 1812 3912 fuit
1863 3853 2089 3911 sanctis.

518 3969 561 4024 C
611 3966 708 4024 Vel
754 3969 809 4023 in
882 3963 1134 4026 consilio,
1186 3960 1238 4016 id
1289 3966 1374 4015 est
1445 3956 1497 4011 in
1555 3951 1794 4023 judicio,
1842 3957 1901 4003 ut
1970 3962 2091 4002 cum

518 4062 599 4119 eis
631 4058 895 4128 judicent.
946 4054 1216 4112 iudicium
1266 4049 1409 4107 enim
1459 4047 1512 4103 in
1552 4043 1778 4101 consilio
1832 4050 1936 4106 est,
1968 4039 2091 4094 dum

520 4152 674 4221 quasi
729 4164 794 4204 ex
848 4146 1075 4204 consilio
1139 4156 1472 4201 assessorum
1507 4179 1521 4205 ,
1591 4137 1805 4192 diversa
1866 4142 2093 4215 peccata

438 4254 459 4267 '
521 4238 750 4294 diversis
779 4236 957 4307 pmuis
982 4235 1285 4307 punientur

556 4357 589 4409 7
665 4352 927 4419 Quoniam
956 4349 1094 4404 nouit
1126 4347 1380 4401 Dominus
1400 4345 1535 4405 viam
1549 4343 1815 4422 justorum
1845 4351 1863 4389 :

661 4443 730 4506 Et
756 4445 857 4497 iter
886 4441 1170 4508 impiorum
1198 4437 1405 4509 peribit.
1449 4438 1453 4443 ’

596 4558 637 4616 ε
662 4558 932 4613 Bonorum
963 4555 1133 4618 viam,
1153 4552 1207 4607 id
1243 4559 1350 4617 est,
1374 4564 1538 4619 opera
1567 4549 1698 4607 dicit
1719 4559 1881 4617 nosse
1901 4543 2094 4603 Deum,

2127 4509 2175 4568 Β

2199 1918 2332 1958 sona
2354 1911 2625 1971 cantatur,
2655 1913 2749 1958 aut
2773 1904 2827 1958 in
2853 1919 3081 1974 persona
3104 1903 3328 1968 Christi,
3353 1902 3520 1958 autin
3543 1916 3783 1972 persona

2199 1993 2487 2057 Ecclesiae,
2549 2002 2651 2047 aut
2693 1994 2744 2051 in
2793 2008 3023 2063 persona
3085 1993 3405 2065 Propheta,
3450 2001 3509 2048 et
3553 1992 3622 2048 de
3666 2007 3791 2062 qua

2202 2097 2261 2138 re
2286 2083 2377 2138 sit.

2232 2177 2267 2235 1,
2341 2176 2530 2243 Quare.
2548 2177 2874 2247 fremuerunt
2902 2188 3077 2249 gentes
3106 2193 3122 2231 :

2339 2265 2407 2320 Et
2440 2267 2625 2338 populi
2654 2268 2890 2322 meditati
2915 2280 3033 2323 sunt
3066 2270 3270 2323 inania.

2273 2360 2314 2416 C
2363 2360 2604 2432 Corripit
2662 2359 2751 2417 hic
2806 2359 3079 2430 Propheta
3128 2361 3387 2431 populos,
3443 2377 3549 2417 non
3602 2361 3787 2421 solum

2194 2450 2433 2519 Judaeos,
2477 2453 2573 2509 sed
2623 2463 2685 2509 et
2721 2453 2973 2524 gentiles,
3027 2469 3127 2508 cur
3185 2452 3532 2510 tremuissent
3583 2465 3794 2518 contra

2194 2543 2492 2609 Christum,
2539 2544 2682 2613 quod
2727 2544 2944 2615 praprie
2993 2543 3229 2601 ferarum
3279 2556 3391 2611 est;
3443 2544 3788 2605 fremuerunt

2199 2634 2344 2690 enim
2386 2635 2624 2697 helluino
2667 2633 2881 2703 furore,
2904 2633 3031 2704 quia
3062 2642 3206 2691 recta
3242 2636 3451 2690 ratione
3487 2637 3778 2698 carebant.

2196 2722 2438 2778 lleditali
2479 2731 2607 2778 sunt
2640 2723 2846 2787 inania,
2882 2737 2987 2778 non
3014 2722 3380 2793 intelligentes
3417 2722 3537 2793 ejus
3574 2725 3788 2791 adven-

2200 2823 2314 2870 tum
2351 2827 2471 2869 esse
2496 2813 2833 2870 fructuosum
2862 2814 3115 2870 omnibus
3138 2815 3503 2871 credentibus.

2232 2905 2280 2965 2.
2340 2906 2632 2967 Astiterunt
2668 2921 2810 2977 reges
2836 2914 2990 2970 term
3027 2916 3075 2960 et
3113 2906 3380 2977 principes
3428 2914 3796 2960 convenerunt

2407 3001 2461 3054 in
2491 3016 2653 3054 unum
3126 3048 3130 3052 .
3770 2994 3774 3001 ’

2342 3091 2605 3146 Adversus
2640 3091 2919 3148 Dominum
2949 3106 2968 3143 :
2998 3100 3044 3151 et
3074 3092 3322 3154 aduersus
3345 3090 3611 3147 Christum
3640 3091 3786 3161 ejus.

2413 3195 2477 3237 -t--
2501 3180 2811 3251 Diapsalma
2844 3179 2862 3249 ζ

2266 3273 2327 3329 C.
2356 3273 2532 3343 Reges
2552 3279 2729 3326 autem
2755 3279 2930 3335 terrae,
2954 3269 3396 3336 Herodemdicit,
3421 3267 3513 3345 qui
3542 3268 3796 3327 infantes

2195 3362 2418 3427 occidit,
2472 3360 2810 3429 alterumque
2873 3359 3139 3415 Herodem
3189 3367 3438 3430 nepotem
3505 3356 3623 3433 ejus
3688 3346 3793 3430 qui

2195 3453 2372 3510 Pilato
2395 3454 2450 3509 in
2477 3466 2611 3509 nece
2637 3451 2838 3507 Christi
2860 3453 3153 3508 consensit.
3179 3450 3462 3522 Principes
3479 3434 3799 3508 Pharismos

2194 3547 2326 3603 dicit
2374 3561 2389 3601 :
2441 3545 2694 3624 princeps
2741 3543 2919 3601 dictus
2946 3545 3099 3615 quasi
3154 3544 3329 3617 prima
3358 3540 3620 3615 capiens.
3677 3542 3794 3604 Ve-

2195 3646 2393 3694 nerunt
2436 3638 2493 3692 in
2540 3652 2707 3699 unam
2761 3636 3112 3699 voluntatem,
3167 3652 3272 3692 non
3325 3636 3379 3691 in
3423 3651 3592 3690 unum
3650 3651 3794 3701 con-

2194 3737 2456 3794 ventum,
2535 3727 2800 3787 adversus
2869 3725 3187 3793 Dominum,
3255 3726 3308 3781 id
3384 3734 3467 3782 est
3543 3725 3795 3792 Patrem,

2194 3816 2475 3883 Christum
2498 3815 2632 3886 ejus,
2665 3817 2717 3871 id
2746 3824 2831 3895 est
2849 3815 3095 3887 Filium,

2230 3910 2265 3965 5
2335 3909 2738 3979 Disrumpumus
2786 3900 2992 3965 uincula
3024 3924 3203 3963 eorum
3237 3921 3257 3959 :

2346 4002 2414 4061 Et
2456 3987 2796 4073 proﬁciamus
2823 4015 2886 4055 σεο
2916 4017 2947 4053 a
2993 3999 3138 4059 nobis
3170 4000 3199 4077 ζ
3230 4000 3420 4079 jugum
3458 3999 3729 4068 ipsorum.‘

2268 4095 2310 4152 (ἶ
2346 4095 2524 4155 Yet-ba
2570 4095 2682 4157 ista.
2723 4103 2850 4153 sunt
2883 4093 3213 4158 dementitun
3262 4090 3590 4153 Judteorum.
3621 4089 3799 4145 Puta-

2197 4189 2329 4244 baut
2370 4188 2515 4242 enim
2559 4201 2618 4243 se
2660 4185 2873 4241 vincula
2912 4186 3256 4253 dirumpere,
3308 4182 3362 4246 id
3394 4190 3477 4237 est
3495 4222 3525 4250 ,,
3558 4196 3799 4259 evange-

2197 4278 2300 4334 lica
2342 4287 2639 4350 prtecepta,
2690 4277 2737 4332 si
2786 4277 2842 4331 in
2890 4282 3167 4329 auctorem
3197 4271 3331 4339 legis
3377 4280 3433 4326 et
3476 4272 3530 4326 in
3572 4280 3798 4339 aposto-

2198 4371 2279 4426 los
2306 4369 2423 4439 ejus
2450 4366 2701 4423 malivola
2745 4365 3023 4420 voluntate
3060 4374 3480 4432 consurgerent,
3518 4372 3573 4418 et
3596 4362 3797 4434 jngum

2200 4461 2440 4530 ipsorum
2490 4456 2788 4527 projicere,
2837 4471 2959 4510 cum
2991 4454 3180 4527 jngttm
3237 4450 3449 4509 Domini
3499 4455 3572 4511 sit
3622 4469 3799 4510 suave

2203 4559 2259 4606 et
2280 4564 2417 4606 onus
2446 4549 2564 4619 ejus
2584 4534 2700 4604 leve
2722 4545 2938 4621 (Matth.
2969 4545 3067 4617 xl).
3099 4546 3356 4616 Vanaque
3383 4544 3663 4601 voluntate
3691 4546 3797 4600 de-

526 4649 635 4704 iter
685 4647 971 4716 impiorum
1034 4644 1229 4716 perire,
1284 4640 1438 4712 quasi
1494 4638 1754 4694 Dominus
1825 4643 2100 4701 utcunque
2203 4639 2677 4711 cepti,-putbant
2718 4639 2837 4710 ejus
2888 4636 3307 4692 dominationem
3363 4636 3742 4708 gravissimam
3779 4676 3798 4700 ,

530 4736 759 4795 neseiat.
791 4735 899 4792 Sed
936 4746 1020 4791 est
1059 4748 1274 4799 sensus,
1307 4733 1410 4787 hoc
1455 4731 1556 4786 scit
1583 4727 1845 4794 Dominus
1869 4725 2010 4795 quod
2044 4723 2095 4776 in

528 4825 868 4884 beatitudine
897 4822 1382 4896 permanebit,hoc
1442 4820 1635 4884 nescit,
1682 4817 1826 4894 quod
1878 4814 2096 4886 peribit,

529 4916 688 4977 idest
713 4914 957 4971 diabolus
984 4930 1105 4971 cum
1150 4912 1476 4984 sequacibus
1530 4911 1674 4977 suis,_
1719 4908 1817 4978 qui,
1865 4915 1951 4971 est
1995 4905 2100 4959 iter

506 5007 816 5078 impiorum
866 5008 917 5071 in
948 5008 1127 5081 ‘ptnna
1152 5016 1430 5077 perpetua.
1450 4997 1499 5059 Ἀ
1529 5005 1735 5061 Peribit
1763 5003 1948 5073 igitur,
2000 5013 2097 5075 pro

528 5112 636 5153 non
688 5099 857 5163 novit,
884 5098 1044 5163 dixit,
1072 5096 1166 5152 sed
1214 5105 1271 5151 et
1314 5096 1526 5169 planius
1565 5095 1786 5158 dicitur,
1813 5095 1939 5172 quia
1996 5092 2100 5155 hoc

529 5198 614 5245 cst
645 5188 840 5244 nesciri
864 5190 1007 5260 quod
1030 5186 1228 5259 perire,
1254 5196 1310 5244 et
1335 5187 1458 5244 sciri
1493 5201 1710 5242 manere
1737 5193 1966 5247 etesse.

1009 5338 1209 5370 mra-rm
1244 5340 1310 5370 Εἰ
1351 5339 1550 5370 mnam
1590 5340 1626 5370 Ι-

2204 4745 2367 4801 quam
2420 4745 2491 4797 se
2523 4727 2756 4799 abjicere
2809 4727 3159 4792 festinabant,
3191 4726 3334 4782 unde
3387 4725 3581 4781 salvari
3634 4734 3797 4799 poete-

2204 4833 2346 4891 rant.
3720 4804 3725 4813 ’

2241 4917 2280 4981 4,
2348 4914 2452 4983 Qui
2501 4913 2700 4976 habitat
2746 4913 2802 4966 in
2844 4910 2985 4965 cretis
3032 4908 3269 4966 irridebit
3300 4920 3363 4963 σι-
3391 4907 3530 4976 eos:

2343 5006 2410 5063 Et
2465 5005 2723 5061 Dominus
2774 5001 3118 5059 subsanuohit
3162 5016 3269 5053 eos.

2274 5099 2315 5155 C
2349 5098 2528 5163 Caelus
2574 5096 2663 5151 hic
2706 5103 2925 5155 sanctos
2966 5091 3135 5157 dicit,
3184 5090 3245 5163 in
3294 5087 3489 5159 quibus
3540 5085 3804 5142 Christus

2207 5189 2432 5244 habitat.
2462 5185 2714 5240 lrridehit
2756 5191 2812 5239 et
2859 5178 3241 5243 subsannahit,
3272 5192 3339 5231 ex
3377 5178 3615 5231 humano
3644 5191 3803 5232 more

2209 5278 2549 5348 suscipienda
2608 5285 2753 5331 sunt.
2828 5273 3096 5329 Caeterum
3131 5309 3145 5332 ,
3214 5282 3312 5323 nec
3382 5266 3579 5320 irridet
3626 5266 3801 5322 ullum
