4000 5370
205 277 279 334 55-
1371 231 2239 337 sxrosnrto-‘irsatnouuu.ﬂ
3377 276 3446 323 as

198 390 388 460 iudicii.
442 391 526 447 Ira
571 405 701 463 ergo
753 391 846 448 Dei
904 401 960 448 et
1009 391 1159 448 furor
1204 403 1430 447 vocatur
1481 395 1764 448 retributio
1792 393 2008 456 Avitus
2061 388 2554 462 proptertimorem
2600 388 2847 442 videatur
2879 425 2894 450 ,
2941 381 3110 447 addit,
3158 390 3211 438 et
3259 396 3444 434 (ιχςιιι-

188 475 557 546 ieccatorum,
607 499 733 539 nam
779 485 897 540 illos
942 492 1120 539 motus
1166 483 1428 538 Divinitas
1474 499 1581 538 non
1628 463 1776 552 pati-
1867 493 2014 551 tate,
2061 485 2156 540 sed
2183 498 2250 538 ne
2294 483 2490 536 iterum
2533 483 2582 536 in
2614 482 2973 535 temeritatem
3022 487 3197 539 eatur,
3242 473 3440 533 subdit,

178 580 310 656 iter,
347 573 441 626 sed
470 573 710 627 humana
755 573 1140 628 consuetudine
1169 572 1257 627 hic
1289 571 1548 642 loquitur.
1581 570 1624 625 li
1650 571 1768 627 Non

201 675 361 720 autem
411 666 492 721 ait
538 668 726 735 puniet
772 668 868 723 sed
915 667 1186 733 turbabit,
1241 675 1302 721 ut
1347 665 1550 738 absque
1593 667 1768 737 pinnis

201 755 282 824 qui
329 754 576 810 turbatus
628 764 716 811 est
758 757 1067 828 corrigatur
1097 798 1112 822 ,
1167 771 1293 810 nam
1343 755 1423 810 ira
1481 755 1767 825 aliquando

199 845 491 900 necessaria
535 847 803 916 correptio
846 857 961 914 est,
998 859 1058 902 ut
1103 847 1274 917 patris
1317 849 1372 901 in
1418 845 1621 911 ﬁlium,
1656 859 1766 900 me-

199 935 288 990 dici
336 935 391 991 in
448 945 734 1007 aegrotum.
779 931 799 972 ί

225 1024 258 1078 6
318 1023 432 1097 Ego
461 1038 640 1082 autem
669 1030 976 1086 constitutus
1006 1047 1122 1086 sum
1158 1046 1248 1086 rea:
1271 1045 1334 1087 σε·
1363 1031 1427 1085 ab
1468 1047 1528 1085 eo
1561 1031 1578 1102 ζ
1609 1046 1764 1100 super

387 1117 530 1172 Sion
580 1132 805 1176 montem
854 1133 1092 1178 sanctum
1131 1125 1284 1194 ejus,

321 1205 637 1264 Prtedicans
678 1223 990 1281 pra-ceptum
1031 1212 1163 1282 ejus.

254 1301 299 1356 il
335 1302 445 1374 Ego
484 1313 673 1359 autem
719 1306 844 1376 (vox
880 1305 1103 1375 Christi)
1145 1311 1470 1364 constltutus
1513 1323 1633 1365 sum
1665 1325 1760 1365 rex

200 1407 226 1444 θ
268 1391 370 1448 Deo
418 1395 592 1450 Patre
635 1408 736 1464 pro
786 1405 940 1466 parte
989 1398 1186 1454 carnis.
1233 1397 1273 1454 C
1323 1397 1452 1454 Sion
1495 1398 1760 1455 Hebraica

199 1484 392 1553 lingua,
447 1484 649 1540 Latine
695 1487 902 1554 specula
949 1489 1175 1554 dicitur,
1226 1498 1280 1544 et
1334 1490 1422 1544 hic
1463 1489 1758 1546 Ecclesiam

198 1573 479 1644 signiﬁcat,
531 1590 694 1646 quam
739 1585 792 1633 et
839 1585 1072 1634 montem
1122 1579 1386 1648 appellat,
1435 1589 1656 1650 propter
1683 1580 1761 1634 al-

199 1666 458 1722 titudinem
512 1667 743 1724 honoris
791 1678 846 1724 et
905 1669 1026 1725 ﬁdei
1081 1669 1409 1726 ﬁrmitatem.
1456 1670 1762 1728 Praedicans

198 1764 532 1825 perceptum,
581 1755 627 1811 Η
663 1756 704 1813 C
743 1760 845 1813 hoc
894 1767 976 1814 est
1027 1759 1392 1827 Evangelium.

228 1843 255 1895 7
319 1843 580 1899 Dominus
629 1846 764 1900 dixit
813 1848 884 1901 ad
927 1865 1008 1902 me
1057 1862 1072 1901 :
1121 1846 1296 1904 Filius
1343 1866 1488 1906 meus
1535 1867 1588 1905 es
1633 1859 1726 1916 tu;

322 1933 430 2002 Ego
468 1934 634 1988 hodie
670 1936 824 2005 genui
863 1946 931 1990 te.

257 2019 295 2076 C
327 2025 592 2082 Dominus
620 2069 636 2093 ,
681 2029 948 2101 signiﬁcat
999 2030 1236 2088 Patrem.
1285 2032 1456 2090 Filius
1495 2050 1649 2092 meus
1705 2050 1766 2093 es

203 2123 274 2179 tu,
309 2126 367 2172 ut
395 2118 447 2173 in
495 2118 832 2191 Evangelio:
862 2122 960 2178 Hic
1005 2133 1088 2179 est
1129 2123 1296 2182 Filius
1342 2142 1494 2182 meus
1537 2127 1767 2184 dilectus

203 2207 368 2276 (lata.
393 2226 476 2274 In,
515 2211 628 2281 l7).
663 2213 897 2269 Dicendo
918 2223 1096 2270 autem
1125 2216 1304 2283 hodie,
1331 2219 1764 2275 comternitatem

201 2315 293 2354 sua:
335 2302 642 2371 majestatis
670 2307 923 2361 ostendit.
971 2305 1142 2362 Genui
1192 2317 1274 2375 te,
1317 2308 1465 2364 illam
1511 2310 1764 2366 nativita-

201 2398 292 2444 tem
335 2392 646 2464 signiﬁcat,
698 2396 763 2452 de
791 2411 895 2467 qua
945 2397 1623 2457 dicitur:Gencrationem
1650 2399 1769 2471 ejus

202 2478 304 2546 quis
327 2484 613 2538 enarrabit
639 2484 780 2553 (Isa.
822 2485 978 2556 Lm)?

224 2568 254 2623 8
307 2569 524 2627 Postulo
543 2591 578 2628 a
593 2592 695 2640 me,
712 2585 760 2630 et
778 2577 911 2630 dabo
926 2578 1018 2632 tibi
1029 2588 1203 2650 gentes
1215 2579 1571 2636 hereditatem
1585 2589 1728 2636 tuam
1743 2595 1766 2634 :

322 2662 387 2716 Et
432 2668 821 2734 possessionem
861 2679 1004 2724 tuom
1040 2671 1289 2726 terminos
1335 2680 1506 2726 terrae.

259 2752 295 2808 C
327 2753 550 2811 Postula
584 2773 616 2812 a
646 2774 768 2824 me,
798 2759 858 2818 id
876 2770 959 2816 est
992 2760 1146 2818 obedi
1173 2771 1233 2817 ut
1260 2763 1438 2834 possis
1471 2763 1762 2835 postulare.

206 2844 462 2904 Postulare
518 2851 670 2907 enim
728 2853 818 2908 hic
863 2852 1114 2923 jubetur,
1163 2863 1238 2913 ut.
1278 2865 1444 2925 petat‘
1474 2857 1765 2912 secundum

204 2936 572 2996 humanitatem
596 2982 613 3006 ,
639 2951 694 2997 et
726 2953 943 3013 accepta
967 2944 1257 3012 possideat.
1281 2945 1483 3003 Gentes
1517 2949 1766 3003 nationes

1865 593 1988 633 cum
2017 587 2271 633 tremore.
2315 574 2504 645 Itaque
2547 589 2614 628 ne
2643 571 2934 628 exsultatio
2962 570 3167 624 faceret
3212 581 3311 652 nos
3334 563 3446 619 cla-

1869 671 1984 730 tos,
2033 664 2214 732 addit,
2251 679 2372 721 cum
2405 673 2671 733 tremore,
2720 676 2779 722 ut
2822 679 3132 724 reverenter
3175 667 3286 722 Deo
3314 680 3433 720 ser-

1866 753 2064 810 viatur.

1867 847 1934 902 12
2007 848 2381 920 Appreltendite
2407 851 2740 921 disciplinam
2765 870 2783 906 :

2005 941 2276 1010 nequando
2306 942 2567 996 irascatur
2604 955 2666 998 -t-
2701 942 2951 996 Dominus
2983 939 3001 1010 ζ
3033 949 3080 995 et
3108 939 3328 1011 pereatis
3371 953 3451 992 et

2075 1031 2156 1084 via
2185 1045 2242 1087 -t-
2269 1031 2420 1101 justo
2452 1031 2470 1104 ζ
3327 1093 3333 1100 ,

1933 1120 1974 1177 C
2013 1121 2105 1176 Ille
2126 1123 2480 1194 apprehendit
2508 1123 2848 1194 disciplinam
2870 1123 2959 1193 qui
2987 1137 3046 1178 se
3072 1121 3248 1174 munit
3269 1119 3436 1188 poeni-

1765 1237 1770 1243 ·
1863 1214 2028 1269 tentia
2053 1228 2178 1268 vera
2199 1222 2386 1270 contra
2411 1215 2570 1270 noxia
2586 1215 2739 1269 vitia.
2764 1211 3056 1284 Nequando
3088 1211 3139 1264 in
3171 1210 3324 1277 longa
3344 1207 3433 1259 Dei

1860 1307 2120 1376 patientia
2165 1317 2352 1378 pereat
2379 1309 2445 1364 de
2475 1309 2559 1364 via
2598 1308 2768 1380 justa,
2796 1309 2848 1363 id
2873 1316 2958 1362 est
2982 1307 3047 1362 de
3077 1304 3315 1365 Christo,
3346 1300 3436 1369 qui

1862 1407 1946 1454 est
1992 1414 2119 1456 vera
2175 1400 2259 1454 via
2319 1409 2466 1457 recte
2531 1401 2920 1456 ambulantium
2968 1398 3034 1452 ad
3081 1397 3286 1457 vitam,
3331 1391 3452 1450 dux.

1862 1493 2126 1557 euntium,
2161 1493 2263 1547 iter
2287 1495 2355 1549 ad
2374 1494 2767 1549 beatitudinem
2795 1489 3188 1546 festinantium.

1863 1581 1932 1634 15
2002 1581 2134 1636 Cum
2173 1584 2423 1638 exarserit
2450 1584 2502 1638 in
2534 1584 2668 1638 brevi
2698 1585 2777 1637 ira
2805 1582 2918 1649 eius

2003 1673 2140 1727 beati
2165 1688 2340 1728 omnes
2360 1674 2451 1744 qui
2481 1673 2750 1742 conﬁdunt
2773 1675 2826 1727 in
2847 1689 2931 1727 eo.

1791 1763 1838 1824 Β
1934 1761 1976 1816 C
2020 1761 2240 1817 Exarsit
2277 1763 2420 1818 enim
2472 1763 2526 1818 in
2566 1763 2716 1819 brevi
2757 1764 2837 1818 ira
2875 1762 3010 1833 ejus,
3047 1763 3100 1817 in
3126 1760 3215 1815 illo
3237 1757 3438 1828 judicio

1868 1854 2043 1920 brevi,
2058 1854 2146 1910 ubi
2161 1870 2266 1910 non
2281 1862 2365 1911 est
2377 1854 2705 1926 singulorum
2729 1854 3010 1920 discussio,
3029 1854 3122 1909 sed
3141 1851 3298 1908 simul
3318 1865 3436 1906 om-

1867 1941 2367 2012 niajudicatjudex.
2387 1944 2431 1999 H
2459 1944 2607 2000 Beati
2628 1959 2836 2010 omnes,
2859 1946 2949 2016 qui
2981 1960 3086 2000 non
3116 1943 3169 1999 in
3195 1942 3440 1998 homines

1867 2049 2042 2106 neque
2089 2036 2141 2092 in
2175 2039 2514 2109 semetipsos,
2537 2038 2632 2094 sed
2681 2039 2736 2094 in
2790 2039 2955 2092 Deum
3001 2035 3296 2093 conﬁdunt.
3334 2034 3440 2086 Iste

1868 2127 2105 2197 psalmus
2132 2128 2270 2196 ﬁnit,
2286 2131 2427 2185 unde
2453 2130 2699 2202 superior
2733 2132 2937 2200 incipit,
2963 2131 3113 2198 idest
3137 2146 3165 2183 a
3200 2127 3436 2185 beatitu-

1868 2219 2013 2286 dine,
2044 2230 2100 2277 et
2124 2222 2246 2278 ideo
2276 2223 2414 2292 apud
2439 2223 2692 2280 Hebraeos
2716 2238 2814 2294 pro
2843 2237 2949 2278 uno
2971 2222 3258 2278 habentur.

2363 2329 2562 2372 ORATIO
2596 2330 2666 2370 ΒΧ
2705 2329 2852 2370 ιδεΑι.
2886 2330 2948 2369 ll.

1935 2402 2250 2475 Disrumpe,
2283 2405 2532 2470 Domine,
2573 2413 2880 2460 nostrorum
2924 2402 3135 2457 vincula
3184 2407 3462 2470 peccato-ut

1815 2527 1820 2530 -
1865 2509 2009 2561 rum,
2038 2506 2097 2551 ut
2116 2497 2244 2569 jugo
2265 2505 2367 2551 luat
2387 2497 2660 2552 servitutis
2680 2495 2880 2560 innexi,
2903 2493 3176 2549 valeamus
3197 2491 3288 2545 tibi
3313 2505 3436 2544 cum
3461 2526 3478 2543 ,λ

1868 2588 2061 2644 timore
2075 2598 2131 2644 et
2150 2589 2449 2644 reverentia
2473 2587 2740 2647 famulari.
2764 2585 2867 2646 Per
2890 2584 3173 2642 Dominum
3193 2593 3442 2644 nosunm

1865 2677 2051 2737 Jesum
2079 2679 2373 2747 Christum,
2399 2691 2506 2737 etc.

2422 2771 2742 2829 PSALMUS
2788 2771 2884 2828 Ill:

2328 2879 2689 2921 ABGUIENTUI
2721 2879 2880 2920 Ρελι.
2897 2877 2978 2918 Ill.

1937 2957 1978 3013 C
2022 2955 2269 3013 Christus
2299 2957 2365 3011 ad
2397 2956 2615 3014 Patrem
2639 2954 2707 3010 de
2734 2952 3166 3025 persecutoribus
3197 2949 3312 3007 suis
3357 2950 3440 3004 lo-

202 3029 478 3099 signiﬁcat;
505 3047 644 3104 gens
665 3034 812 3089 enim
850 3050 882 3090 a
925 3052 1108 3106 genere
1153 3038 1442 3094 vocitatur.
1473 3039 1606 3094 Cum
1637 3041 1763 3096 dicit

1878 3048 2070 3118 quitur.
2103 3047 2393 3103 instruitur
2423 3047 2598 3102 ﬁdelis
2621 3046 2847 3117 populus
2890 3061 2959 3101 ne
2989 3052 3215 3100 mortem
3246 3042 3436 3097 formi-

201 3117 550 3176 hzereditatem
601 3131 777 3189 tuam,
810 3134 1054 3180 naturam
1099 3141 1210 3182 sua:
1257 3128 1480 3183 Deitatis
1507 3129 1761 3184 ostendit.

1878 3117 1977 3202 det,
2003 3136 2127 3206 quia
2152 3144 2339 3192 auctor
2368 3135 2482 3205 ejus
2506 3135 2832 3207 resurgendo
2853 3149 3002 3206 spem
3027 3147 3168 3188 verae
3193 3124 3437 3188 resurre-

201 3208 478 3270 ilzereditas
508 3216 583 3270 ab
612 3216 750 3272 hero.
777 3218 918 3276 dicta
959 3227 1072 3284 est,
1105 3219 1159 3274 id
1188 3229 1270 3275 est
1300 3236 1329 3274 a
1361 3221 1590 3276 Domino
1619 3229 1762 3291 quod

199 3301 247 3356 in
285 3318 341 3357 ea
389 3315 671 3375 potestate
713 3306 877 3364 libera
926 3310 1251 3366 dominetur.
1291 3309 1423 3365 Cum
1461 3311 1592 3366 dicit
1642 3328 1765 3382 pos-

199 3397 472 3455 sessionem
495 3439 510 3463 ,
574 3401 875 3457 universas.
906 3411 1094 3472 gentes
1141 3403 1439 3458 crediturae
1478 3404 1761 3474 signiﬁcat.

201 3482 416 3544 Termini
454 3500 654 3558 terras,
701 3491 1052 3550 substantiam
1102 3493 1154 3548 in
1191 3493 1294 3549 hoc
1329 3495 1568 3550 omnium
1612 3510 1765 3550 crea-

197 3588 418 3638 turarum
471 3586 590 3640 vult
637 3586 883 3659 intelligi.

227 3672 255 3726 9
319 3675 477 3747 Reges
521 3695 614 3732 eos
657 3680 712 3733 in
751 3682 894 3752 virga
937 3681 1107 3751 ferrea
1141 3696 1159 3734 :

321 3767 388 3822 Et
430 3780 689 3841 tanquam
737 3789 829 3826 uas
865 3774 1012 3844 ﬁguli
1059 3774 1354 3846 confringes
1399 3791 1506 3831 eos.

253 3857 292 3914 C
325 3859 500 3934 Reges
538 3877 668 3924 eos,
711 3863 764 3918 id
794 3874 876 3921 est
927 3874 1244 3929 potestatem
1283 3867 1621 3938 tyrannicam
1668 3882 1763 3923 au-

201 3957 322 4006 teres
350 3954 416 4007 ab
445 3955 553 4008 eis.
603 3954 683 4008 llli
714 3955 859 4010 enim
883 3965 1140 4023 reguntur
1163 3957 1254 4027 qui
1281 3958 1573 4012 salvantur.
1601 3957 1763 4028 Virga

200 4037 354 4094 ferrea
407 4042 674 4098 fortitudo
721 4052 806 4098 est
849 4047 1132 4114 aequitatis.
1181 4046 1532 4116 Confringes,
1579 4048 1632 4102 id
1679 4055 1764 4104 est

201 4143 283 4197 per
326 4135 700 4190 conversionis
728 4137 962 4191 studium
1009 4147 1259 4194 conteres
1300 4140 1353 4193 in
1397 4139 1478 4194 eis
1517 4151 1764 4195 terrenas

201 4222 519 4289 cupiditates.
568 4224 716 4280 Bene
757 4226 900 4280 enim
952 4237 1205 4298 peccator
1251 4229 1365 4283 vasi
1420 4228 1567 4284 luteo
1610 4244 1762 4285 com-

203 4321 430 4377 paratur,
492 4325 555 4370 ut
606 4316 906 4372 confractio
953 4319 1068 4388 ejus
1126 4318 1299 4374 facilis
1351 4329 1407 4375 et
1454 4321 1564 4376 vita
1619 4319 1761 4376 lutea

112 4391 119 4401 ’
205 4411 531 4470 monstretur,
569 4405 663 4460 sed
711 4408 764 4460 in
798 4407 988 4463 melius
1037 4418 1352 4478 reparatur,
1405 4425 1527 4469 cum
1576 4411 1757 4466 divina

204 4489 352 4554 gratia
377 4492 431 4546 in
461 4494 796 4564 spiriwalem
825 4497 1093 4554 hominem
1121 4499 1450 4569 perducitur.

205 4574 263 4628 ll)
327 4579 390 4633 Et
436 4599 609 4647 nunc,
659 4601 831 4654 reges,
877 4586 1192 4658 intelligite:

326 4671 626 4729 Erudimini
654 4691 716 4732 -ι-
738 4679 830 4746 qui
858 4678 875 4748 ζ
897 4680 1151 4749 judicatis
1195 4693 1410 4737 terram.

264 4761 300 4815 C
333 4763 516 4831 Nunc,
570 4782 744 4838 reges.
782 4769 952 4840 Reges
980 4773 1342 4828 dominatores
1387 4775 1642 4830 vitiorum
1683 4776 1760 4831 di-

1867 3229 2064 3284 ctionis
2088 3229 2356 3284 exhibuit.

1866 3318 2104 3377 TITULUS
2126 3335 2312 3376 psam
2341 3339 2354 3374 :
2391 3317 2638 3375 Psalmus
2675 3318 2848 3373 David
2876 3334 2994 3373 cum
3025 3317 3220 3388 fugeret
3248 3332 3279 3370 a
3307 3315 3440 3383 facie

2409 3390 2636 3446 Absalon
2665 3389 2766 3460 filii
2799 3391 2902 3443 sui.

1934 3479 1975 3535 C
2027 3478 2193 3536 Totus
2240 3480 2329 3536 hic
2374 3481 2615 3551 psalmus
2652 3480 2720 3536 ad
2765 3494 3051 3552 personam
3099 3477 3301 3533 Christi
3350 3491 3437 3536 re.-

1866 3573 2052 3632 fertur.
2095 3573 2317 3644 Oportet
2359 3585 2539 3630 autem
2595 3589 2717 3629 eum
2768 3571 2984 3628 tertium
3025 3570 3201 3627 locum
3231 3577 3472 3632 tcnere,_

1863 3667 1987 3738 quia
2017 3675 2217 3726 sanctae
2244 3665 2544 3733 Trinitatis,
2578 3675 2632 3722 et
2659 3665 2922 3721 triduana;
2945 3661 3357 3723 resurrectionis
3384 3662 3438 3717 in
3468 3697 3474 3704 -

1863 3771 1926 3812 se
1954 3758 2210 3830 mysteria
2243 3759 2508 3815 continet.
2541 3758 2673 3812 Nam
2722 3771 2819 3828 per
2848 3755 3223 3814 liberationem
3267 3751 3438 3806 David

1862 3849 2190 3905 resurrectio
2214 3848 2415 3904 Christi
2443 3849 2797 3920 signiﬁcatur.

1899 3941 1924 3996 1
2002 3940 2240 4006 Domine,
2261 3941 2388 4012 quid
2413 3940 2743 4012 multiplicati
2780 3950 2899 3995 sunt
2924 3939 3013 4012 qui
3039 3937 3288 3993 tribulam
3319 3934 3444 3989 me?

2005 4033 2162 4087 Multi
2187 4035 2463 4104 insurgunt
2488 4034 2760 4088 adversum
2790 4049 2890 4086 nte.
3153 4033 3155 4036 ⁴

1933 4125 1972 4179 C
1995 4123 2098 4180 ista
2130 4125 2291 4178 verba
2329 4125 2458 4180 dicit
2485 4125 2754 4196 Propheta
2783 4123 3120 4189 admirando,
3146 4136 3244 4175 cur
3271 4117 3438 4175 Judaei

1861 4218 2149 4273 Dominum
2202 4217 2550 4272 tribulassent
2571 4224 2626 4270 et
2662 4223 2848 4286 gentes
2871 4255 2887 4280 ,
2921 4230 2950 4268 a
2975 4229 3082 4284 quo
3111 4212 3306 4268 salvari
3347 4210 3441 4266 de-

1861 4307 2113 4371 debeant,
2162 4314 2273 4360 tam
2315 4306 2470 4361 multi
2513 4306 2656 4361 enim
2688 4303 2906 4360 fuerunt
2942 4311 3223 4375 surgentes
3249 4309 3438 4357 contra

1861 4395 2155 4458 Christum,
2181 4404 2238 4450 ut
2258 4397 2321 4450 de
2349 4411 2572 4452 numero
2601 4393 2983 4466 discipulorum
3001 4393 3168 4448 Judas
3195 4391 3298 4446 illis
3320 4388 3437 4454 fue:

1786 4478 1839 4538 D
1867 4488 1938 4544 rit
1957 4503 2095 4543 unus
2125 4497 2463 4560 aggregatus.

1897 4577 1933 4630 2
2006 4575 2166 4632 Mulli
2197 4578 2377 4631 dicunt
2401 4580 2592 4634 animo:
2615 4593 2743 4632 mete
2771 4590 2790 4629 :

2004 4666 2128 4722 Non
2156 4679 2229 4722 est
2255 4670 2397 4723 salus
2423 4671 2523 4741 ipsi
2545 4674 2600 4724 in
2624 4669 2729 4723 Deo
2759 4681 2821 4729 -t_-
2854 4669 2965 4739 ejus

2003 4757 2221 4829 Diapsal
2227 4776 2333 4814 ma.

1931 4847 1974 4905 C
2021 4848 2258 4924 Repetit,
2291 4850 2443 4907 multi
2485 4854 2691 4917 dicunt,
2713 4851 3045 4913 utostendat
3065 4847 3452 4904 densissimam

1873 4942 2354 5012 stultissimamque
2390 4944 2676 5018 impiorum
2710 4947 3012 5001 vesaniam.
3065 4941 3189 4996 ldeo
3218 4938 3406 4992 dicunt
3436 4955 3458 4988 -.

1864 5029 1985 5088 Non
2008 5041 2091 5088 est
2118 5033 2189 5088 illi
2221 5032 2395 5100 salus;
2422 5038 2682 5106 putabant
2703 5034 2849 5090 enim
2872 5052 2977 5092 non
3002 5031 3200 5088 habere
3226 5027 3470 5081 Patrem

1865 5123 2208 5182 dilectionem
2240 5123 2381 5190 Filii,
2406 5143 2563 5197 queat
2595 5125 2893 5186 carnaliter
2919 5121 3156 5198 permisit
3177 5115 3368 5173 occidi.

1901 5216 1936 5270 3
2010 5215 2089 5271 Tu
2116 5226 2309 5277 autem,
2327 5214 2545 5273 Domine
2569 5225 2837 5286 susceptor
2862 5233 3004 5271 meus
3035 5225 3096 5266 -'r
3121 5226 3180 5262 ’σε
3233 5211 3250 5280 ἶ

2009 5305 2193 5362 Gloria
2215 5321 2328 5358 mea
2353 5316 2400 5360 et
2423 5309 2659 5366 exultans
2681 5313 2839 5370 caput
2869 5320 3038 5360 meum
3131 5305 3136 5311 ’

210 4854 296 4916 cit,
340 4859 427 4926 qni
478 4859 598 4914 haec
646 4861 942 4930 intelligere
985 4874 1038 4920 et
1081 4865 1308 4934 implere
1353 4867 1578 4924 Domino
1615 4882 1760 4936 pra:-

210 4955 361 5002 stante
387 4951 591 5005 valent.
622 4951 665 5005 11
697 4953 938 5020 Erudiri,
967 4957 1145 5014 doceri
1175 4966 1290 5022 est;
1321 4959 1419 5026 ipsi
1449 4963 1592 5016 enim
1622 4960 1761 5017 bene

205 5030 422 5097 iudicant
467 5050 709 5105 terram,
749 5045 799 5098 id
844 5055 924 5100 est
967 5049 1284 5114 ecclesiam,
1323 5050 1412 5118 qui
1448 5052 1590 5108 bona
1639 5067 1760 5121 qua:

212 5123 487 5198 intelligunt
516 5130 656 5187 al‘los
684 5134 889 5191 docent.
919 5138 958 5194 C
993 5139 1162 5198 Terra
1209 5147 1391 5198 autem
1429 5144 1574 5202 dicta
1606 5153 1689 5199 est
1726 5162 1754 5200 a

208 5220 410 5273 terendo.

215 5299 266 5358 ll
331 5307 524 5364 Servite
575 5311 796 5368 Domino
837 5318 890 5370 in
930 5320 1109 5370 timore
1133 5340 1152 5370 ξ
