4000 5370
1473 414 1529 470 S.
1570 411 1913 470 BBUNONIS
1952 407 2490 467 HERBIPOLENSIS
2528 405 2828 463 EPISCOPI
3703 410 3774 466 56

551 541 590 592 4.
671 537 804 594 Voce
835 550 1034 592 ntearaa
1059 524 1342 590 Dominum
1361 531 1604 593 clamavi,
1641 525 1646 529 ’

666 628 733 683 Et
777 627 1038 682 exaudivit
1096 640 1179 676 me
1231 623 1295 674 de
1357 629 1529 674 monte
1570 633 1760 674 sancto
1805 635 1922 672 suo.
1964 616 2097 672 Dia-

731 716 957 783 psalma.
1127 767 1135 784 ,

589 810 632 867 C
659 809 792 864 Cum
850 807 982 861 dicit
1012 822 1025 859 :
1059 804 1204 858 Voce
1243 817 1364 860 mea
1409 802 1475 856 ad
1505 801 1792 857 Dominum
1846 799 2104 865 clamavi,

521 902 624 956 hoc
649 907 734 955 est
759 916 774 952 :
804 897 988 962 Pater,
1004 893 1240 949 clariﬁca
1255 892 1453 947 Filium
1487 900 1655 945 tuum.
1675 890 1957 945 Exandivit
1981 904 2102 955 me;

521 1002 582 1047 ut
610 991 708 1056 ibi,
738 988 1043 1045 Clariﬁcavi
1084 997 1140 1042 et
1183 986 1390 1040 iterum
1412 983 1724 1038 clariﬁcabo
1753 981 1937 1054 (Joan.
1977 981 2098 1052 xu).

519 1083 598 1140 De
639 1091 849 1148 monte,
886 1079 939 1136 id
978 1089 1065 1135 est
1103 1079 1172 1134 de
1218 1076 1530 1132 Divinitatis
1578 1074 1842 1130 altissima
1869 1073 2098 1129 summi-

523 1186 574 1231 ta
584 1185 653 1232 te.

555 1269 589 1322 5
655 1267 768 1338 Ego
797 1268 1018 1320 dormivi
1045 1275 1093 1319 et
1119 1260 1392 1334 soporatus
1421 1276 1484 1318 -t'—
1512 1277 1628 1317 sum
1658 1259 1680 1328 ζ
1709 1269 1758 1314 et
1785 1259 2056 1314 exsurrexi
2085 1277 2097 1312 :

665 1361 802 1428 Quia
828 1361 1082 1416 Dominus
1112 1360 1335 1429 suscepit
1365 1375 1466 1413 me.

591 1455 634 1510 C
668 1455 779 1524 Ego
806 1453 1056 1518 dormivi,
1087 1453 1242 1516 dixit,
1264 1453 1315 1506 id
1340 1459 1442 1515 est,
1459 1460 1582 1520 post
1607 1451 1910 1522 passionem
1945 1449 1996 1504 in
2019 1464 2101 1504 se-

520 1545 708 1616 pulcro
765 1546 941 1616 quievi
973 1586 987 1609 ,
1015 1545 1140 1615 quia
1164 1544 1415 1599 celeriter
1444 1545 1758 1598 resurrexit.
1803 1541 2102 1611 Soporatus

522 1639 872 1710 sum,_signat
909 1653 1156 1693 securam
1201 1637 1604 1692 domuitionem.
1648 1635 1743 1689 Est
1767 1634 1912 1688 enim
1941 1647 2104 1702 sopor

521 1727 694 1783 dulcis
720 1728 876 1798 quies
900 1736 956 1782 et
981 1727 1154 1782 somni
1195 1725 1454 1780 suavitas.
1495 1723 1812 1787 Exsurrexi,
1836 1736 1958 1776 cum
1987 1720 2101 1774 ala-

521 1818 738 1883 critate,
762 1819 1004 1890 deposita
1040 1817 1385 1872 mortalitate.
1416 1814 1664 1886 Suscepit
1694 1813 1889 1870 Filium
1920 1812 2100 1866 divina

2124 525 2372 596 A(ﬂom.
2422 527 2501 596 ι).
2537 523 2782 580 Psalmus
2831 531 2914 578 est
2969 523 3232 578 musicum
3285 537 3544 594 organum
3597 527 3777 596 capite

2199 629 2478 678 sonorum,
2504 614 2587 670 vel
2621 613 2801 684 potius
2844 621 2927 668 est
2955 611 3182 668 melodia
3221 628 3326 684 qua
3347 613 3526 668 divina
3569 628 3776 684 pmo-

2199 707 2288 761 nia
2335 706 2688 762 canebantur.
2739 704 3052 770 Canticum,
3091 703 3236 775 quod
3277 719 3540 774 supernas
3587 704 3778 772 laudes

2199 796 2452 852 humanis
2478 797 2702 852 vocibus
2733 797 3076 866 personabat.

2234 886 2263 942 ‘l
2339 885 2472 942 Cum
2521 889 2810 942 invocarem
2869 887 3132 942 exaudivit
3197 906 3278 944 me
3347 888 3490 944 Deus
3549 887 3780 960 justitia

2417 995 2572 1040 mete.

2346 1067 2413 1126 In
2437 1069 2772 1126 tribulatione
2793 1071 3030 1126 dilatasti
3058 1073 3205 1128 mihi.
3249 1129 3252 1134 ,

2269 1161 2311 1217 C
2342 1161 2458 1218 Vox
2488 1162 2743 1219 Ecclesiae
2785 1164 2854 1218 ad
2899 1163 3206 1230 Christum;
3237 1163 3362 1219 licet
3393 1162 3532 1219 sciat
3568 1176 3631 1218 se
3657 1175 3784 1218 esse

2201 1255 2459 1318 auditam,
2512 1265 2692 1310 tamen
2737 1270 2897 1312 orare
2931 1273 3038 1313 non
3085 1264 3280 1312 cessat.
3328 1255 3630 1310 Tribulatio
3672 1262 3781 1318 est,

2202 1362 2320 1417 (plac
2374 1347 2562 1402 dilatat
2611 1348 2665 1401 in
2716 1348 2980 1420 martyrio
3029 1357 3271 1404 sanctam
3320 1347 3414 1402 Dei
3458 1345 3782 1409 Ecclesium,

2201 1439 2415 1508 quando
2442 1437 2630 1494 eodem
2662 1447 2904 1508 tempore
2939 1439 3275 1497 confessorcs
3305 1438 3438 1493 ﬁunt
3475 1445 3534 1492 et
3573 1445 3786 1507 marty-

2203 1543 2291 1582 res
2323 1537 2668 1592 coronantur,
2701 1535 2924 1600 totaque
2961 1531 3116 1586 turba
3151 1529 3420 1600 iustorum
3443 1527 3788 1585 contritioni-

2200 1621 2302 1676 bus
2329 1637 2541 1692 semper
2570 1630 2816 1690 augetur.

2236 1713 2274 1768 2
2345 1713 2592 1768 Miserere
2615 1714 2754 1768 mei:
2781 1723 2828 1768 et
2852 1714 3046 1768 exaudi
3083 1715 3368 1769 orationem
3404 1726 3595 1766 meam.

2273 1803 2314 1860 C
2343 1804 2706 1860 Misereudum
2755 1805 2856 1860 sibi
2903 1819 3024 1861 esse
3063 1805 3192 1861 dicit
3212 1805 3315 1875 ,pia
3350 1810 3544 1867 mater,
3585 1801 3630 1856 si
3665 1800 3793 1870 ejus

520 1911 787 1979 potentia,
817 1911 942 1981 quia
982 1926 1079 1980 per.
1101 1925 1159 1966 se
1187 1925 1292 1964 non
1333 1907 1510 1979 potuit
1543 1919 1829 1976 resurgere
1866 1904 2100 1958 humana
2133 1891 2176 1950 Β
2203 1899 2378 1954 oratio
2407 1915 2504 1969 pro
2545 1898 2669 1954 liliis
2713 1898 3014 1964 audiretur,
3040 1897 3294 1968 quoniam
3319 1893 3580 1966 quidquid
3615 1908 3792 1948 mem-

524 2011 740 2057 natura.

557 2092 591 2146 6
667 2091 787 2146 Non
818 2092 1005 2147 timebo
1029 2091 1195 2146 millia
1227 2089 1403 2161 populi
1428 2088 1782 2144 crcumdantis
1809 2102 1910 2140 me.

667 2199 730 2242 +
789 2185 875 2240 Ea:
906 2185 924 2255 ζ
954 2200 1134 2254 surge,
1183 2183 1437 2248 Domine,
1481 2179 1680 2235 salvum
1718 2195 1798 2233 me
1829 2177 1936 2248 fac,
1966 2175 2103 2230 Deus

737 2293 901 2332 meus.

595 2370 636 2426 C
679 2369 896 2425 Timere
925 2386 1031 2426 non
1063 2369 1239 2441 potuit
1268 2366 1511 2437 iniquum
1553 2365 1829 2438 populum,
1860 2363 1947 2420 cui
1985 2370 2106 2417 erat

522 2462 578 2518 in
604 2479 698 2518 sua
727 2463 1011 2518 divinitate
1034 2462 1327 2517 maximum
1351 2460 1684 2532 praesidium.
1717 2457 1832 2512 Non
1860 2456 1991 2511 dicit
2016 2454 2103 2509 Fi-

520 2558 628 2614 lius
652 2559 941 2614 excitando
967 2557 1497 2628 Patrem,.Exsurge,
1511 2555 1766 2620 Domine,
1789 2554 1882 2610 sed
1917 2563 2100 2622 tropo-

521 2650 700 2722 logice
730 2658 788 2704 et
827 2649 1129 2719 ﬁguraliter
1149 2648 1390 2718 postulat
1415 2649 1468 2702 in
1495 2648 1893 2704 resurrectione
1917 2653 2102 2715 pater-

521 2758 653 2796 num
680 2743 960 2798 auxilium.
985 2742 1083 2797 E'st
1106 2742 1248 2797 enim
1282 2749 1479 2810 tropus
1497 2739 1690 2804 dictio,
1713 2739 1782 2792 ab
1811 2753 1877 2792 eo
1904 2736 2025 2791 loco
2049 2736 2104 2789 in

524 2847 632 2902 quo
655 2832 873 2902 propria
894 2840 1009 2896 est,
1040 2829 1302 2886 translata
1329 2831 1389 2884 in
1404 2844 1526 2883 eum
1558 2827 1735 2882 locum
1766 2827 1819 2880 in
1846 2840 1953 2896 quo
1973 2838 2103 2894 pro-

522 2925 641 2995 pria
664 2939 770 2980 non
799 2931 902 2979 est.
944 2922 1041 2978 Est
1077 2922 1261 2992 itaque
1301 2919 1598 2990 Scripturis
1624 2917 1823 2974 divinis
1853 2931 1970 2971 mos
2000 2915 2105 2970 iste

524 3014 592 3069 ad
621 3013 1052 3085 experimendam
1076 3026 1317 3076 causam,
1336 3025 1432 3081 per
1458 3008 1811 3080 tropologiam
1827 3022 1899 3062 ex
1919 3013 2105 3061 nostra

523 3106 917 3162 consuetudine
945 3104 1122 3175 aliqua
1151 3105 1217 3160 de
1243 3103 1356 3160 Deo
1381 3103 1562 3159 dicere

531 3195 590 3250 ‘7
665 3195 926 3263 Quoniam
953 3209 1016 3251 -ιν
1042 3203 1100 3249 tu
1148 3192 1194 3261 ζ’
1217 3193 1512 3265 percussisti
1556 3206 1732 3246 omnes
1775 3189 2104 3243 adversantes

736 3290 866 3344 mihi
891 3289 1002 3342 sine
1031 3303 1194 3343 causa
1292 3327 1295 3330 -

670 3381 862 3436 Dentes
885 3388 1217 3450 peccatorum
1245 3377 1554 3433 contrivisti.

595 3472 638 3529 C
663 3471 935 3528 Percussit
971 3470 1230 3528 Dominus
1267 3469 1430 3524 Pater
1466 3469 1816 3524 adversantes
1853 3467 2018 3532 Filio,
2054 3465 2109 3520 id

527 3573 611 3620 est
641 3563 960 3629 haereticos,
1011 3560 1102 3631 qui
1147 3559 1504 3630 insequuntur
1552 3557 1853 3614 catholicas
1893 3555 2110 3627 regulas

529 3656 647 3710 sine
681 3669 868 3721 causa,
914 3653 968 3710 id
1013 3660 1097 3707 est
1144 3650 1264 3706 sine
1309 3651 1536 3706 ratione.
1585 3650 1779 3706 Dentes
1818 3649 2107 3722 contrivit,

529 3749 584 3804 id
610 3756 696 3804 est
721 3747 883 3803 verba
913 3744 1186 3831 mordacia
1215 3744 1614 3800 detrahentium
1657 3743 1854 3798 divinis
1884 3743 2107 3813 degrun-

529 3841 698 3896 tibus.
731 3841 872 3895 Deus
911 3839 1092 3894 dictus
1132 3852 1162 3893 a
1194 3836 1444 3909 demendo
1483 3845 1585 3901 est,
1627 3835 1881 3905 quoniam
1925 3835 2109 3889 omnia

531 3931 754 3986 demunt
782 3929 990 3986 dentes.

567 4023 601 4078 8
671 4023 886 4079 Domini
913 4029 988 4078 est
1016 4021 1184 4077 salus.

670 4115 740 4171 Et
770 4130 829 4172 οε-
858 4132 1013 4186 super
1030 4113 1278 4186 populum
1315 4121 1464 4168 tuum
1488 4111 1775 4167 benedictio
1801 4122 1912 4166 tua.

680 4211 747 4276 >θ<
777 4207 1083 4278 Diapsalma
1112 4205 1135 4276 ζ
1158 4239 1160 4241 >

606 4297 652 4352 ll
689 4299 900 4353 Domini
929 4308 1013 4354 est
1039 4299 1206 4362 salus,
1231 4298 1286 4353 id
1320 4307 1401 4354 est
1431 4313 1534 4350 non
1569 4295 1636 4351 ab
1674 4295 1920 4360 homine,
1943 4295 2035 4350 sed
2078 4311 2111 4348 a

536 4389 647 4446 Deo
672 4387 855 4455 Patre,
880 4397 932 4442 et
953 4403 1114 4458 super
1141 4387 1390 4458 populum
1415 4387 1780 4443 Christianum
1807 4384 2111 4443 benedictio

538 4480 751 4536 Domini
789 4481 1090 4536 descendit.

1020 4585 1218 4626 οιιιιτιο
1255 4585 1321 4622 EX
1355 4584 1500 4623 PSAL.
1539 4584 1621 4624 Ill.

606 4661 852 4728 Eﬂ'unde,
885 4663 1127 4725 Domine,
1173 4661 1597 4715 benedictionem
1625 4669 1774 4713 tuam
1823 4671 1986 4726 super
2013 4670 2109 4726 po-

537 4756 722 4827 pulum
757 4765 932 4824 tuum,
982 4765 1040 4809 ut
1088 4765 1174 4810 tua
1224 4753 1620 4809 resurrectione
1649 4750 1863 4815 muniti,
1908 4764 2011 4803 non
2045 4749 2113 4802 ti-

538 4862 782 4901 meamus
811 4848 879 4902 ab
900 4849 1295 4901 adversantium
1335 4847 1583 4900 vitiortun
1621 4841 1855 4897 millibus
1881 4843 2112 4896 circum-

539 4940 676 4996 dari.
712 4939 815 4996 Per
846 4939 1028 4996 Jesum
1057 4939 1353 4999 Christum,
1386 4948 1491 4992 etc.

1092 5027 1410 5084 PSALMUS
1447 5026 1532 5082 Illi

986 5135 1344 5175 ARGUMENTUM
1386 5133 1534 5171 PSAL.
1573 5131 1675 5170 ιιιι.

613 5213 653 5260 t‘.
693 5211 930 5260 Ecclesia
952 5218 1072 5260 orat
1101 5217 1159 5260 ut
1187 5210 1302 5260 eius
1330 5208 1578 5260 audiatur
1609 5204 1805 5260 oratio.
1833 5203 2118 5260 increpans

2127 3256 2175 3321 C

2201 1989 2318 2044 bris
2346 1989 2599 2044 tribuitur
2627 1989 2724 2045 toti
2759 1989 2862 2044 hoc
2889 1987 3103 2059 corpori
3152 1988 3268 2043 sine
3295 1985 3628 2043 dubitatione
3647 1995 3794 2054 pra:-

2203 2092 2402 2137 statur.

2238 2173 2273 2228 3
2345 2171 2475 2227 Filii
2497 2172 2784 2236 hominum,
2812 2187 3076 2243 usquequo
3103 2171 3248 2241 gravi
3267 2170 3420 2224 corde
3438 2169 3464 2222 Ρ

2345 2261 2411 2316 Ut
2463 2263 2589 2334 quid
2636 2263 2852 2333 diligitis
2892 2263 3173 2317 vanitatem
3213 2270 3260 2316 et
3295 2261 3528 2331 quaritis
3571 2258 3791 2313 menda-

2417 2355 2552 2408 cium
2572 2355 2596 2407 ?
2619 2344 2950 2423 Diupsalirta.

2273 2443 2315 2501 C
2343 2445 2548 2502 Graves
2583 2445 2748 2506 corde
2793 2444 2924 2500 dicit
2965 2442 3102 2499 ﬁlios
3144 2444 3258 2513 qui,
3301 2447 3478 2511 agnita
3532 2439 3794 2502 veritate,

2202 2537 2308 2594 hoc
2339 2547 2424 2593 est
2449 2535 2688 2601 Christo,
2733 2538 2960 2591 adorare
2995 2533 3169 2604 magis
3198 2533 3478 2603 elegerunt
3509 2530 3649 2588 idola
3692 2547 3792 2585 vav-

2203 2629 2410 2684 nitatis.
2440 2628 2659 2683 Vanitas
2697 2625 2915 2695 quidem
2965 2638 3161 2678 nomen
3199 2632 3281 2678 est
3329 2620 3580 2693 generale
3627 2619 3796 2674 vitio-

2204 2733 2349 2781 rum,
2394 2717 2488 2770 sed
2529 2715 2658 2769 illud
2707 2713 2924 2784 proprie
2967 2728 3165 2768 vanum
3213 2713 3413 2777 dicitur
3449 2710 3589 2780 quod
3617 2724 3647 2764 a
3678 2709 3796 2764 Deo

2203 2807 2464 2879 probatur
2497 2807 2755 2862 alienum.
2785 2805 3144 2871 Mendacium,
3173 2805 3276 2861 hoc
3311 2813 3398 2860 est
3427 2803 3648 2868 idolum,
3678 2801 3798 2858 tale

2204 2901 2350 2958 enim
2403 2898 2603 2956 merito
2641 2907 3026 2969 susceperunt,
3081 2897 3207 2967 quia
3248 2905 3438 2953 contra
3497 2895 3798 2950 veritatem

2203 3001 2389 3049 erecta
2429 2999 2574 3048 sunt.
2614 2988 2848 3061 Diligere
2897 2989 3043 3044 enim
3076 2988 3336 3057 debemus
3367 2985 3633 3058 proﬁcua,
3675 2998 3795 3040 non

2205 3085 2393 3142 noxia.

2243 3177 2281 3232 4
2352 3176 2418 3232 Et
2444 3175 2623 3231 scitote
2657 3175 2904 3245 quoniam
2940 3172 3236 3241 miriﬁeavit
3268 3171 3520 3226 Dominus
3547 3175 3795 3224 sanctum

2347 3359 2604 3415 Dominus
2624 3357 2867 3413 exaudiet
2882 3370 2945 3412 -εν
2959 3372 3040 3410 me
3069 3353 3090 3423 ζ
3121 3369 3237 3408 cum
3253 3351 3540 3407 clamauero
3553 3346 3623 3401 ad
3641 3363 3793 3404 eum.

2278 3451 2320 3508 C
2357 3451 2457 3507 Hic
2485 3451 2685 3506 indicat
2712 3449 2983 3520 Propheta
3012 3459 3269 3502 arcanum
3296 3450 3500 3497 sancue
3531 3437 3793 3495 lncarna—

2212 3543 2392 3599 tionis.
2420 3543 2680 3597 Sanctum
2707 3539 2864 3605 dicit,
2909 3539 2963 3593 id
3008 3546 3092 3592 est
3140 3534 3356 3591 Filium.
3396 3529 3586 3586 Merito
3611 3543 3669 3583 se
3692 3543 3797 3583 ex-

2209 3636 2454 3691 auditam
2477 3633 2631 3698 dicit,
2652 3632 2909 3702 quoniam
2929 3629 3200 3684 Christum
3227 3622 3434 3694 populis
3455 3620 3790 3690 praedicavit.

2209 3723 2422 3778 Clamat
2447 3721 2515 3776 ad
2552 3719 2849 3784 Christum,
2879 3717 2970 3787 qui
3005 3715 3151 3770 illum
3179 3713 3334 3768 bouis
3372 3710 3627 3782 operibus
3659 3723 3794 3779 sup-

2208 3815 2395 3886 plicat.
2727 3861 2730 3864 _

2244 3906 2279 3960 5
2351 3902 2653 3959 Irascimini
2673 3911 2722 3956 et
2748 3899 2906 3955 nolite
2932 3914 3164 3967 peccare.

2355 3995 2486 4062 Quae
2529 3994 2703 4048 dicitis
2751 3993 2812 4046 in
2854 3990 3095 4046 cordibus
3124 3988 3300 4043 uestris
3347 3995 3394 4040 et
3437 3985 3492 4039 in
3531 3981 3795 4037 cubilibus

2420 4088 2606 4143 uestris
2632 4081 3058 4156 compungimini.
3088 4079 3412 4151 Diapsalma.

2281 4182 2322 4239 C
2369 4181 2537 4237 irasci
2591 4181 2849 4236 debemus
2901 4176 3194 4246 prmteritis
3247 4172 3483 4245 peccatis
3515 4210 3530 4237 ,
3583 4169 3796 4226 scilicet

2209 4274 2542 4346 pcnnitcndo,
2569 4280 2630 4326 ut
2673 4271 2894 4326 horreat
2936 4284 3058 4331 nos,
3108 4267 3200 4337 qui
3246 4264 3607 4336 peccavimus.
3650 4259 3792 4316 Cum

2211 4367 2342 4422 dicit
2371 4366 2424 4422 in
2456 4365 2712 4421 cordibus
2739 4372 2797 4416 et
2822 4361 2876 4416 in
2903 4359 3189 4422 cubilibus,
3234 4355 3468 4411 ostendit
3494 4364 3793 4422 agnoscere

2210 4459 2380 4513 Deum
2411 4455 2765 4526 cogitationes
2789 4451 3087 4506 hominum.
3111 4446 3300 4503 Cubile
3326 4444 3470 4498 enim
3491 4459 3522 4497 a
3548 4441 3794 4497 cubando

2211 4549 2428 4611 dicitur,
2451 4547 2592 4616 quod
2621 4552 2702 4599 est
2731 4542 3060 4598 domicilium
3087 4540 3342 4603 ferarum,
3371 4547 3424 4590 et
3446 4543 3528 4590 est
3557 4547 3789 4589 sensus:

2136 4610 2189 4670 D
2213 4638 2454 4693 Deserite
2479 4651 2674 4706 pravas
2707 4633 3082 4703 cogitationes,
3118 4637 3404 4698 antequam
3435 4625 3639 4681 scelera
3668 4637 3794 4692 per-

2212 4731 2458 4801 petretis,
2491 4731 2542 4784 id
2571 4738 2648 4784 est
2682 4736 2972 4795 antequam
3015 4725 3067 4778 in
3105 4737 3266 4792 opera
3303 4719 3471 4775 malas
3509 4714 3795 4785 cogitatio-

2214 4839 2310 4880 nes
2336 4821 2575 4885 ducatis;
2617 4820 2742 4874 dum
2777 4818 2953 4871 adhuc
2984 4817 3037 4868 in
3075 4813 3239 4869 corde
3263 4819 3412 4873 sunt,
3445 4803 3790 4876 exstinguite.

2215 4915 2258 4970 ll
2291 4914 2381 4970 Vel
2413 4921 2572 4968 nocte
2601 4910 2817 4980 expiare
2848 4922 2943 4978 per
2971 4907 3258 4976 lacrymas,
3303 4901 3444 4972 quod
3491 4899 3546 4951 in
3577 4896 3664 4951 die
3700 4908 3793 4949 co-

2218 5009 2440 5079 gitando
2477 5005 2760 5079 peccastis.

2255 5102 2289 5154 6
2361 5099 2668 5167 Sucri/icate
2699 5095 3018 5164 sacriﬁcium
3040 5092 3265 5162 justitite
3296 5099 3343 5144 et
3370 5096 3574 5157 sperate
3605 5087 3660 5140 in
3685 5084 3794 5138 Do-

2432 5208 2592 5245 τητπο.
