4000 5370
181 322 239 377 57
1376 297 1764 361 EXPOSITIO'
1777 295 2221 356 PSALMORUM.
3361 284 3429 346 58

183 439 302 488 cunt
330 427 492 484 multi
522 422 836 486 dubitando,
859 418 1002 492 quod
1030 430 1130 474 nec
1163 414 1321 487 pauci
1351 415 1552 470 debuer
1575 421 1650 467 tnt
1669 453 1685 478 ,
1709 410 1759 465 id
1791 416 1840 472 Λ
1867 413 1976 470 ΤΤ.
2016 409 2261 466 Psalmus
2291 409 2458 464 Davia
2485 423 2580 477 pro
2611 423 2672 492 ea
2691 421 2807 478 qute
2850 404 3208 462 hereditatem
3253 420 3434 458 conse-

183 531 257 576 est
277 515 737 573 resurrectionem
762 526 882 566 esse
907 519 1185 564 venturam
1207 515 1263 561 et
1305 506 1570 560 bonorum
1622 517 1758 573 pra:-

185 610 316 666 rnia?
367 607 475 662 Cui
530 600 941 668 interrogationi
983 599 1168 655 statim
1204 603 1395 653 sancta
1441 603 1616 649 mater
1675 607 1758 647 re-

185 697 402 768 spondet
441 695 640 748 dicens
675 710 688 746 :
729 691 1030 762 Signatum,
1054 697 1164 745 etc.

213 817 242 868 7
307 811 598 882 Signatum
625 819 699 862 est
719 823 875 876 super
895 822 986 860 nos
1001 804 1177 858 lumen
1196 801 1368 858 uultus
1393 799 1492 864 tui,
1514 797 1758 862 Domine,

317 906 533 963 Dedisti
556 905 797 958 (mitium
821 903 875 955 in
904 901 1060 954 corde
1089 915 1222 953 meo.

241 998 281 1054 C
311 996 612 1066 Signatum
634 1001 726 1049 est
747 1006 908 1062 super
937 1005 1036 1044 nos
1065 989 1244 1042 lumen
1277 985 1454 1039 vultus
1494 983 1590 1046 tui,
1633 982 1762 1051 quia

184 1093 308 1147 sicut
337 1101 608 1142 nummus
642 1082 983 1154 imperatoris
1009 1079 1172 1136 habet
1199 1076 1505 1145 imaginem,
1537 1075 1608 1128 ita
1634 1073 1765 1128 ﬁde-

184 1183 310 1236 libus
333 1180 494 1249 signa
527 1175 778 1232 caelestis
802 1173 942 1242 regis
971 1170 1356 1240 imprimuntur
1389 1166 1443 1220 in
1493 1164 1764 1233 baptismo

184 1283 230 1326 et
269 1272 386 1325 aliis
443 1266 838 1330 sacramentis,
891 1263 995 1318 hoc
1040 1271 1154 1326 est,
1187 1257 1524 1330 signaculum
1562 1263 1765 1310 sanetae

187 1351 381 1435 crucis;
401 1377 518 1432 quo
568 1358 820 1416 diabolus
862 1358 1144 1426 ellugatnr.
1196 1353 1399 1407 Lumen
1456 1358 1541 1405 est
1585 1346 1765 1402 vultus

187 1455 288 1518 Dei,
321 1451 619 1521 impressio
664 1449 864 1512 crucis,
910 1447 1036 1516 quia
1084 1459 1179 1499 eos
1236 1439 1504 1496 illuminat
1551 1451 1767 1505 semper

189 1545 266 1613 qui
298 1558 354 1598 se
397 1558 512 1596 non
562 1539 812 1611 pollnunt
855 1537 961 1591 ulla
1010 1535 1292 1606 pravitate.
1333 1529 1596 1586 Laetitiam
1636 1527 1768 1582 dicit

190 1643 332 1688 recta:
373 1632 527 1695 ﬁdei,
553 1641 687 1686 tunc
731 1629 876 1686 enim
921 1628 1166 1682 laetamur
1207 1623 1510 1685 veraciter,
1552 1619 1766 1691 quando

191 1733 319 1778 recte
361 1721 672 1777 credimus.
722 1719 768 1773 A
825 1716 916 1771 Val
963 1715 1141 1770 lumen
1173 1711 1302 1768 illud
1329 1709 1502 1781 gratia
1531 1707 1628 1763 Dei
1660 1714 1762 1769 est,

193 1814 348 1870 infusa
377 1813 552 1868 menti
589 1809 905 1881 reparanda!
923 1849 938 1874 ,
961 1822 1067 1878 qua
1103 1807 1241 1860 ratio
1270 1803 1553 1874 insignitur
1582 1809 1639 1856 ut
1665 1801 1762 1855 de-

193 1909 356 1962 uarius
377 1907 533 1976 regis
571 1904 829 1973 imagine,
855 1911 910 1956 et
939 1901 1040 1956 hoc
1077 1898 1256 1953 lumen
1283 1904 1365 1955 est
1393 1904 1563 1952 totum
1588 1903 1643 1950 et
1675 1907 1769 1948 ve-

197 2016 298 2053 rum
316 1998 564 2054 hominis
597 1996 821 2051 bonum.

225 2109 252 2164 8
313 2110 352 2163 Α
383 2111 570 2178 {ructu
598 2105 850 2176 frumenti
875 2114 920 2157 et
948 2104 1050 2156 vini
1077 2117 1138 2156 -ι-
1169 2109 1216 2154 et
1240 2099 1340 2154 olei
1367 2100 1448 2152 sui
1481 2097 1501 2167 ζ

318 2199 668 2270 Hultiplicati
690 2205 834 2251 sunt.

253 2291 291 2347 C
335 2291 619 2345 Admonet
643 2301 739 2343 eos
762 2286 855 2357 qui
902 2283 1216 2341 carnalibus
1245 2283 1405 2337 rebus
1435 2280 1626 2336 intenti
1650 2293 1772 2333 esse

198 2383 500 2453 probantur,
530 2378 880 2449 multiplicati
906 2385 1030 2432 sunt
1050 2375 1195 2431 enim
1244 2373 1494 2444 pessimis
1539 2371 1768 2435 actibus,

201 2473 243 2527 id
264 2482 341 2528 est
367 2472 656 2527 mundana
681 2468 956 2540 voluptate
983 2465 1257 2536 completi.
1279 2465 1405 2519 Ideo
1421 2462 1649 2524 addidit.
1664 2460 1770 2525 sui,

201 2565 306 2632 quia
331 2572 654 2634 peceatores
693 2561 817 2616 istis
842 2568 1071 2615 utuntur
1101 2556 1332 2612 terrenis
1359 2551 1772 2616 l'ructibus,non

202 2656 472 2711 secundum
533 2661 808 2726 praecepta
860 2652 976 2718 Dei,
1023 2651 1118 2707 sed
1159 2648 1457 2706 secundum
1505 2644 1774 2701 desideria

203 2760 304 2801 sua.
334 2746 451 2811 Vel,
493 2745 621 2810 sui,
648 2745 702 2801 id
733 2752 816 2800 est
843 2743 1068 2808 Christi,
1089 2741 1246 2813 panis
1287 2738 1440 2808 cujus
1468 2738 1624 2794 vivus
1665 2745 1771 2803 est,

203 2846 248 2891 ct
279 2837 455 2892 vinum
491 2835 800 2899 inebrians,
827 2843 882 2890 et
908 2833 1085 2891 oleum
1110 2839 1295 2903 caput,
1321 2831 1374 2886 id
1411 2813 1495 2885 est
1538 2837 1773 2886 mentem

205 2929 552 3002 impinguans.
586 2927 944 2984 Frumentum
970 2941 1097 2982 vero
1124 2927 1327 2982 dictum
1356 2932 1440 2980 est
1467 2938 1497 2977 a
1526 2923 1773 2992 frumine,

206 3020 250 3074 id
271 3031 345 3076 est
367 3035 396 3074 a
422 3036 644 3076 summa
667 3028 823 3090 parte
842 3018 1010 3092 gulae;
1043 3017 1250 3088 antiqui
1278 3016 1423 3072 enim
1455 3025 1616 3087 caput
1640 3013 1776 3087 gul:

206 3112 399 3171 irumen
434 3114 730 3170 vocabant.

236 3226 266 3282 9
329 3227 397 3282 In
425 3245 560 3299 pace
582 3227 640 3281 in
666 3227 895 3297 idipsum
922 3240 941 3278 :

325 3319 606 3375 Dormiam
633 3329 682 3374 et
714 3320 1056 3390 requiescam.

261 3412 300 3468 C
343 3413 421 3471 Ne
444 3423 675 3486 putares
695 3429 882 3483 pacem
907 3413 1065 3468 istam
1088 3408 1436 3480 temporalem
1460 3405 1771 3477 signiﬁcari,

205 3504 287 3558 sed
310 3504 812 3561 incommutabilem
839 3504 1228 3574 cmlestemque
1264 3503 1317 3557 in
1361 3501 1526 3557 corde
1561 3514 1777 3572 perma-

205 3603 430 3660 nentem,
470 3596 598 3652 ideo
624 3595 756 3651 dicit
794 3596 847 3650 in
899 3595 1155 3666 idipsum,
1187 3601 1248 3647 ut
1297 3592 1585 3664 intelligas,
1630 3589 1773 3644 nulla

205 3686 450 3743 varietate
479 3687 535 3742 in
559 3689 737 3758 seipsa
758 3703 941 3743 veram
963 3701 1151 3757 pacem
1176 3692 1456 3738 mutatam.
1476 3682 1772 3748 Dormiam,

207 3776 251 3830 id
279 3785 358 3832 est
393 3777 448 3832 in
484 3779 605 3848 ipsa
659 3792 794 3850 pace
843 3778 1011 3832 vitam
1066 3776 1270 3831 ﬁniam.
1315 3773 1673 3844 Requieseam
1719 3772 1774 3827 in

207 3868 368 3924 futura
397 3871 760 3935 beatitudine,
791 3869 1005 3940 quando
1024 3870 1138 3941 jam
1171 3867 1384 3939 requies
1414 3866 1631 3922 dabitur
1650 3880 1776 3921 san-

208 3962 297 4016 ctis
318 3971 371 4016 et
392 3963 646 4032 pausatio
669 3962 923 4032 gloriosa.

211 4054 286 4111 10.
359 4056 630 4123 Quoniam
666 4068 745 4124 tu,
779 4057 1022 4123 Domine,

332 4149 692 4221 Singulariter
720 4150 775 4204 in
800 4167 887 4220 spe
913 4151 1229 4205 constituisti
1252 4167 1353 4204 me.

271 4241 307 4297 C
355 4241 667 4314 Singularis
693 4257 817 4312 spes
848 4253 930 4298 est
959 4242 1212 4298 Ecclesize
1242 4242 1293 4296 in
1340 4241 1598 4296 membris
1641 4239 1774 4303 suis,

212 4335 319 4403 quia
351 4335 462 4391 sola
489 4335 687 4405 recipit
717 4349 942 4405 regnum
977 4333 1106 4398 Dei,
1133 4334 1273 4403 quod
1307 4333 1454 4403 impii
1500 4348 1605 4388 non
1645 4345 1775 4400 pos-

214 4435 322 4479 sunt
362 4427 614 4485 adipisci.
644 4425 776 4480 Cum
816 4426 968 4492 dicit,
998 4424 1335 4482 Constituisti
1367 4441 1474 4491 me,
1504 4424 1774 4494 signiﬁcat

215 4515 408 4586 dignam
441 4517 903 4587 deliberatumque
933 4519 1277 4583 sententiam,
1314 4533 1474 4586 quam
1497 4516 1590 4574 hic
1607 4515 1775 4570 habe-

215 4623 320 4665 mus
345 4611 396 4665 in
426 4627 545 4683 spe,
574 4610 647 4666 ibi
678 4611 980 4680 possidetur
1008 4611 1060 4664 in
1093 4626 1168 4666 re.

679 4736 876 4778 ORATIO
910 4738 978 4776 EX
1013 4737 1160 4777 PSAL.
1193 4736 1297 4776 IIII.

282 4831 481 4888 Exaudi
528 4847 648 4896 nos,
677 4834 920 4899 Domine,
945 4843 1000 4889 et
1028 4834 1082 4888 in
1110 4833 1546 4891 tribulationibus
1574 4831 1778 4888 nostris

221 4921 462 4978 miserere
486 4922 673 4986 nobis,
695 4931 748 4978 et
773 4924 863 4993 qui
889 4924 1045 4980 solus
1069 4922 1431 4995 magniﬁcaris
1458 4927 1510 4980 in
1543 4921 1776 4994 pepulis.

1761 4999 1789 5011 .-

221 5009 503 5078 spiritalem
527 5012 771 5068 laetitiam
803 5016 997 5081 tribue,
1019 5025 1075 5071 et
1106 5016 1158 5070 in
1192 5028 1286 5083 spe
1320 5029 1602 5072 munerum
1631 5009 1777 5068 futué

2553 478 2749 547 quitur.

1930 576 1971 631 C
2008 575 2113 629 Pro
2139 588 2202 628 ea
2225 587 2342 642 qua:
2362 570 2731 625 hazreditatem
2753 568 3123 639 consequitur,
3139 565 3434 622 Ecclesiam

1862 669 2151 740 signiﬁcat,
2179 664 2330 736 cujus
2359 678 2584 733 persona
2613 663 2666 717 in
2698 663 2800 717 hoc
2825 662 3030 732 psalmo
3054 657 3435 719 introducitur,

1862 763 2010 832 quia,
2052 765 2365 828 resurgente
2395 754 2634 820 Christo,
2683 754 2750 808 ad
2774 768 2892 808 eam
2943 750 3246 822 spiritualia
3295 747 3438 803 bona

1862 857 2243 922 pervenerunt,
2277 847 2328 901 id
2357 855 2441 902 est
2473 845 2624 910 ﬁdes,
2654 859 2798 914 spes,
2822 842 3082 897 charitas.

1871 942 1891 997 I
2015 939 2182 995 Verba
2209 954 2323 991 mea
2353 951 2414 993 σε-
2451 937 2666 990 auribus
2693 953 2711 987 :
2741 933 2964 1003 percipe,
2991 929 3212 984 Domine
3240 926 3261 998 ζ

2006 1033 2248 1102 Intellige
2273 1029 2551 1084 clamorem
2580 1042 2769 1080 meum.

1934 1130 1974 1185 C
2004 1127 2250 1183 Psalmus
2279 1125 2404 1190 iste,
2431 1131 2490 1178 ut
2517 1120 2795 1192 superior,
2821 1117 2888 1172 ad
2915 1114 3113 1172 Christi
3143 1111 3440 1168 Eeclesiam

1864 1223 2118 1292 pertinet.
2147 1218 2382 1273 Dicendo
2419 1223 2597 1269 autem
2627 1211 2789 1266 verba
2821 1223 2961 1270 mea,
3008 1206 3120 1260 oris
3171 1201 3442 1274 signiﬁcat

1864 1312 2236 1385 psalmodiam.
2268 1307 2508 1378 lntellige
2534 1305 2827 1360 clamorem
2859 1313 3061 1360 meum,
3090 1304 3150 1349 ut
3191 1292 3439 1347 allectum

1864 1404 2044 1461 cordis
2071 1401 2308 1472 aperiret
2341 1397 2498 1467 petit.
2529 1393 2693 1449 Triua
2725 1392 2825 1446 ista
2856 1386 3104 1457 repetitio
3147 1397 3312 1437 unum
3362 1379 3440 1434 si-

1864 1495 2102 1566 gniﬁcat,
2135 1507 2256 1547 cum
2287 1488 2418 1542 dicit
2453 1486 2692 1558 percipe,
2742 1480 3006 1549 iutellige,
3058 1473 3310 1536 intende,
3347 1484 3445 1539 per

1867 1587 2095 1658 ﬁguram
2128 1580 2468 1645 metabolem,
2494 1592 2614 1648 quae
2651 1583 2734 1631 est
2759 1572 2916 1627 unius
2949 1568 3026 1624 rei
3050 1567 3150 1622 sub
3180 1563 3446 1619 varietate

1867 1679 2154 1734 verborum
2186 1672 2422 1736 iteratio,
2451 1669 2598 1724 auris
2636 1667 2702 1721 ab
2733 1663 2915 1719 auditu
2944 1658 3168 1715 dicitur.

1797 1772 1842 1831 Β
1900 1770 1936 1824 2
2008 1783 2070 1823 +
2099 1763 2316 1821 Intende
2343 1761 2451 1816 voci
2481 1757 2730 1812 orationis
2752 1769 2878 1808 mea:
2911 1750 2929 1821 ζ

2010 1859 2125 1914 Rea:
2163 1873 2308 1911 meus
2344 1863 2391 1908 et
2431 1852 2571 1906 Deus
2607 1863 2772 1902 meus.

1935 1952 1976 2008 C
2014 1948 2233 2005 Intende
2258 1946 2400 2011 voci,
2423 1942 2581 1999 modo
2612 1939 2763 2000 dicit,
2788 1944 2847 1990 ut
2874 1933 3109 1990 declaret
3139 1928 3444 1985 orationem

1770 2023 1780 2034 ⁸
1866 2045 2008 2098 hanc
2037 2054 2157 2097 esse
2183 2027 2477 2110 perlectam
2510 2047 2630 2103 qua:
2655 2027 2953 2084 inﬂammat
2981 2022 3204 2078 affectus
3229 2017 3448 2074 mentis.

1867 2134 1986 2189 Rex
2020 2145 2176 2187 meus
2220 2137 2275 2184 et
2303 2127 2445 2182 Deus
2479 2138 2631 2178 meus
2661 2130 2716 2176 ct
2754 2117 3008 2190 quoniam
3065 2115 3130 2168 ad
3178 2121 3230 2166 te
3280 2110 3453 2165 oratio

1868 2223 2116 2286 Domine,
2142 2221 2243 2274 ista
2269 2215 2535 2274 sententia
2562 2211 2912 2282 distinguitur
2951 2207 3003 2261 in
3034 2203 3302 2275 personis,
3330 2200 3454 2253 uni,

1869 2326 1954 2371 tas
2001 2324 2179 2368 tamen
2218 2311 2470 2365 credatur
2515 2309 2569 2361 in
2612 2313 2831 2365 natura,
2874 2298 3119 2369 quamvis
3163 2294 3307 2348 enim
3341 2302 3452 2345 tres

1870 2405 2134 2468 nominet,
2171 2418 2276 2456 non
2309 2411 2486 2456 tamen
2514 2394 2796 2459 intendite,
2819 2391 2912 2448 sed
2935 2387 3168 2451 intende,
3195 2393 3450 2453 tanquam

1871 2498 1938 2554 ad
1974 2510 2140 2552 unum
2170 2492 2327 2548 dixit.

1906 2592 1941 2646 5
2016 2585 2279 2652 Quoniam
2306 2582 2374 2637 ad
2400 2591 2448 2636 te
2477 2585 2658 2643 orabo,
2687 2575 2908 2630 Domine
2934 2588 2952 2627 :

2014 2679 2170 2736 Mane
2192 2675 2441 2731 exaudies
2465 2686 2637 2726 vocem
2661 2682 2851 2722 meam.

1944 2771 1986 2828 C
2023 2769 2104 2825 Ad
2131 2777 2184 2823 te
2211 2764 2400 2830 orabo,
2429 2761 2484 2818 id
2510 2769 2614 2826 est,
2644 2771 2752 2813 non
2775 2753 2844 2810 ad
2875 2751 3068 2817 alium,
3088 2756 3148 2803 ut
3174 2744 3371 2820 pagani
3401 2751 3460 2798 et

1873 2861 2160 2926 increduli,
2184 2868 2312 2913 tunc
2333 2871 2393 2912 se
2419 2852 2610 2909 merito
2631 2848 2807 2907 credit
2833 2843 3076 2902 Ecclesia
3103 2855 3265 2897 mane
3291 2852 3458 2894 exau-

1875 2955 2002 3022 diri,
2035 2968 2157 3011 cum
2186 2951 2238 3006 in
2271 2949 2447 3004 lucem
2472 2942 2711 3002 cmlestis
2739 2932 3166 2996 conversationis
3193 2930 3456 3001 eruperit,

1875 3057 1930 3104 et
1979 3047 2034 3102 in
2067 3042 2290 3100 exordio
2318 3041 2582 3096 bonorum
2627 3042 2848 3090 actuum
2897 3028 3184 3086 veritatem
3231 3019 3460 3092 eruperit

1806 3121 1856 3186 (ἶ
1885 3157 2040 3200 mens
2061 3138 2359 3194 illuminata
2387 3143 2733 3204 cognoscere.
2760 3124 2916 3180 Mane
2938 3121 3082 3177 enim
3114 3121 3457 3187 deprecatur,

1875 3236 1969 3308 qui
2025 3234 2080 3288 in
2132 3230 2311 3288 lucida
2377 3222 2790 3284 conversatione
2851 3218 3046 3288 degere
3100 3208 3457 3280 dignoscitur,

1876 3341 2036 3384 mane
2060 3323 2205 3380 enim
2234 3320 2468 3389 dicimus
2491 3358 2506 3384 ,
2534 3330 2682 3381 eum,
2717 3309 2977 3367 discussis
3027 3303 3305 3370 tenebris,f
3327 3297 3459 3355 clari

1875 3416 2095 3474 luminis
2121 3414 2384 3469 adventus
2414 3406 2643 3464 infulsit.

1877 3517 1880 3521 ’
1907 3511 1942 3566 4
2017 3506 2176 3562 Mane
2203 3503 2382 3559 astabo
2410 3500 2503 3556 tibi
2526 3508 2573 3554 et
2600 3495 2778 3552 videbo
2803 3509 2822 3548 :

2021 3601 2284 3669 Quoniam
2322 3613 2425 3651 non
2455 3594 2597 3649 Deus
2632 3590 2804 3647 uolens
2826 3593 3151 3657 iniquitatem
3175 3595 3233 3636 tu
3270 3597 3344 3634 es.

1947 3695 2012 3750 Η.
2037 3692 2254 3763 Repetit
2275 3703 2450 3753 mane,
2478 3686 2530 3741 id
2552 3693 2655 3749 est,
2672 3681 2960 3752 incipiente
2978 3677 3096 3733 luce
3120 3675 3374 3730 virtutum
3400 3669 3456 3724 in

1879 3788 2056 3844 anima
2090 3800 2234 3850 mea,
2280 3779 2491 3854 quando
2522 3778 2615 3832 tibi
2657 3786 2797 3831 stare
2828 3789 2931 3827 non
2957 3769 3050 3824 alii
3082 3768 3171 3822 sed
3203 3765 3294 3820 tibi
3321 3772 3464 3818 stare

1876 3899 2094 3954 coepero.
2122 3878 2236 3934 Non
2280 3877 2492 3940 sedere,
2537 3875 2641 3928 nun
2666 3869 2864 3937 iacere,
2895 3864 2988 3920 sed
3031 3870 3213 3924 stare,
3257 3866 3311 3913 et
3352 3865 3476 3910 sta-.

1877 3953 2045 4029 tueris
2070 3988 2231 4041 supra
2259 3980 2469 4041 petrant
2497 3965 2662 4037 pedes
2687 3975 2852 4022 meos,
2891 3968 3017 4012 tunc
3047 3968 3143 4023 per
3180 3953 3312 4006 istos
3339 3964 3462 4018 gra-

1876 4069 1976 4122 dus
1997 4065 2246 4120 merebor
2274 4071 2324 4116 te
2348 4061 2554 4115 videre.
2579 4057 2674 4111 Vel
2701 4054 2890 4109 astabo
2917 4049 3010 4103 tibi
3042 4055 3187 4101 recte
3207 4041 3474 4103 vivendo,

1877 4169 1928 4214 et
1956 4156 2165 4221 videbo,
2194 4153 2513 4210 subauditur
2555 4159 2605 4203 te
2644 4146 2814 4202 oculis
2841 4144 3037 4199 cordis.
3076 4139 3117 4194 C
3157 4137 3252 4192 Est
3293 4133 3424 4189 ordo
3445 4173 3474 4196 ,δ

1878 4260 1933 4305 tu
1965 4265 2024 4304 es
2052 4249 2214 4312 Deus,
2246 4247 2336 4316 qui
2370 4243 2710 4311 iniquitatem
2759 4237 2900 4292 nolle
2925 4230 3289 4304 cognosceris,
3331 4227 3475 4296 quid:

1876 4341 2021 4396 enim
2062 4337 2206 4393 aliud
2246 4342 2422 4406 potest
2452 4334 2594 4387 Dens
2622 4331 2776 4393 velle,
2808 4328 2908 4382 nisi
2939 4325 3080 4397 quod
3115 4323 3230 4392 ipse
3265 4318 3464 4389 proba-

1880 4442 1966 4486 tur
2004 4428 2340 4501 praecipere?
2386 4427 2528 4481 sicut
2563 4425 2637 4479 ait
2669 4421 2836 4477 Isaias
2862 4461 2876 4486 ,
2919 4432 3020 4489 ego
3067 4415 3328 4469 Dominus
3370 4408 3477 4480 qui,

1879 4526 2357 4601 loquorjustitiam
2383 4533 2437 4578 et
2467 4521 2729 4577 annuntio
2754 4528 2897 4572 recta
2931 4516 3067 4579 (Isa.
3101 4511 3248 4580 xrv).

1916 4621 1948 4676 5
2027 4618 2210 4685 Neque
2231 4615 2484 4671 habitabit
2512 4614 2660 4682 iuxta
2689 4620 2735 4663 te
2772 4607 3070 4678 malignus;

2029 4709 2213 4782 Neque
2241 4707 2609 4778 permanebunt
2634 4701 2820 4772 injusti
2846 4710 2964 4754 ante
2988 4694 3165 4750 oculos
3189 4703 3326 4746 tuos.

1953 4805 1994 4860 C
2036 4800 2323 4875 Nequeunt
2373 4798 2620 4852 habitare
2671 4796 2823 4865 juxta
2875 4790 3149 4846 Christum
3200 4788 3252 4838 in
3311 4784 3503 4836 beato.

1883 4911 2094 4969 regno,
2145 4894 2236 4964 qui
2285 4891 2546 4961 gehenna:
2590 4886 2924 4944 cruciatione
2973 4877 3264 4936 damnandi
3321 4880 3486 4927 sunt.

1885 4988 1931 5044 H
1964 4989 2134 5043 Recte
2157 4985 2232 5040 illi
2259 4999 2444 5038 coram
2475 4983 2592 5049 ipso
2621 4996 2724 5036 non
2753 4988 3074 5046 permanere
3099 4969 3354 5022 dicuntur
3381 4963 3512 5027 qui

2164 5089 2334 5110 ..οη-τη
2384 5073 2634 5110 ηνςιςηηιις
2676 5077 2819 5110 cum,
2859 5067 2915 5110 Si
2958 5064 3100 5110 enim
3147 5059 3288 5110 Deus
3334 5050 3536 5110 ittuis.

1883 5082 1952 5110 ιιι.
2001 5076 2120 5110 ηἷηα
