4000 5370
448 307 520 366 59
1403 309 1461 367 S.
1502 309 1848 370 BRUNONIS
1884 312 2420 371 HERBIPOLENSIS
2461 313 2762 373 EPISCOPI
3635 315 3701 372 60

447 425 540 495 qui
569 431 865 494 operantur
907 423 1265 493 iniquitatem.
1328 423 1461 480 Nam
1506 427 1772 480 habemur
1829 427 1955 481 odio
1996 441 2033 480 a-
2056 430 2103 489 Α
2133 431 2244 481 lum
2273 428 2476 485 veritas
2511 442 2616 482 non
2655 435 2738 482 est
2771 441 2824 481 tn
2853 438 2949 481 ore
2975 439 3181 491 eorum,
3208 439 3396 480 verum
3423 425 3586 481 etiam
3620 443 3703 483 se-

450 515 698 579 Domino,
725 515 816 585 qui
853 524 1204 585 persevevaut
1231 515 1282 583 in
1308 517 1543 585 peccatis
1569 532 1738 587 usque
1778 517 1831 572 in
1858 517 2023 572 ﬁnem

452 606 607 672 vitae;
653 612 905 659 amantur
933 604 1024 674 qui
1057 604 1198 674 quod
1229 606 1436 674 operati
1483 614 1608 661 sunt
1635 606 1790 672 male,
1841 622 2026 664 emen-

456 698 606 752 dant.
669 694 870 750 Perdes
926 709 1061 760 eos,
1109 696 1393 752 haereticos
1437 697 1749 769 signiﬁcat,
1805 698 1896 768 qui
1950 705 2030 754 tot

456 787 706 842 homines
737 801 860 842 cum
892 784 1176 843 mendacio
1201 787 1475 854 occidunt,
1520 799 1651 858 quot
1674 789 1732 843 in
1779 788 2027 845 haeresim

452 879 840 935 introducunt.

489 970 521 1022 7
601 967 786 1024 Virum
814 968 1131 1039 sanguinum
1168 980 1215 1024 et
1242 970 1482 1026 dolosum
1512 971 1900 1026 abominabitur
1926 971 2034 1026 Do—

668 1062 877 1125 minus;
1156 1070 1161 1077 '

602 1150 717 1222 Ego
747 1161 922 1206 autem
954 1152 1007 1206 in
1037 1154 1368 1208 multitudine
1399 1154 1772 1209 misericordia
1801 1164 1926 1210 tuae.

531 1243 572 1300 C
616 1243 707 1298 Vir
740 1245 1060 1316 sanguinum
1087 1255 1193 1311 est,
1223 1247 1314 1316 qui
1349 1247 1584 1302 humano
1612 1261 1806 1302 cruore
1840 1246 2047 1317 pollui-1

459 1347 568 1404 tur,
600 1338 689 1393 ille
715 1338 985 1403 similiter,
1015 1339 1105 1407 qui
1150 1338 1348 1408 decipit
1394 1339 1448 1394 in
1499 1337 1672 1410 gratia
1716 1338 1932 1403 vivum,
1979 1346 2040 1394 ut

459 1426 721 1483 hzeretici.
767 1426 992 1483 Dolosus
1042 1436 1148 1493 est,
1191 1427 1282 1496 qui
1331 1428 1510 1483 sciens
1553 1425 1773 1493 malum,
1808 1427 2038 1483 alienum

461 1519 674 1590 operari
706 1519 897 1573 nititur
922 1520 1168 1585 exitium,
1199 1528 1260 1574 ut
1283 1533 1404 1574 eum
1436 1519 1624 1574 fraude
1670 1519 1924 1589 decipiat.
1975 1521 2044 1576 Et

463 1618 548 1664 est
581 1610 738 1665 dolus
776 1610 992 1679 proprie
1023 1610 1074 1663 in
1106 1608 1274 1675 facto,
1308 1609 1456 1666 fraus
1488 1611 1541 1665 in
1573 1610 1760 1666 verbo.
1801 1610 1880 1666 Illi
1912 1611 2044 1668 alio-

465 1699 760 1763 minantur,
795 1700 884 1767 qui
916 1699 1116 1754 Christi
1142 1701 1363 1770 praemia
1390 1702 1647 1772 consequi
1679 1717 1782 1757 non
1822 1717 2040 1756 meren-

2127 517 2398 588 pulcrum,
2424 527 2529 574 etc.

2128 609 2193 663 Η
2270 607 2580 678 Sepulcrum
2607 617 2787 679 patens
2812 617 2887 663 est
2916 616 3100 678 guttur
3120 623 3320 662 eorum.
3354 606 3570 680 Linguis
3595 610 3724 663 suis.-

2340 698 2518 753 dolose
2542 699 2796 770 agebant;
3234 696 3236 698 ’

2269 790 2465 846 Iudico
2497 791 2635 854 illos,
2681 791 2844 848 Deus.

2201 881 2241 936 C
2298 880 2616 952 Sepulcrum
2669 882 2910 949 mortui,
2976 891 3062 938 est
3109 890 3295 954 guttur
3353 883 3736 952 mentientis,_

2131 976 2258 1046 quia
2294 975 2436 1031 sicut
2461 976 2527 1032 de
2556 977 2802 1047 sepulcro
2833 976 2974 1033 fetor
3005 977 3202 1042 malus,
3255 976 3330 1030 ita
3357 978 3423 1032 de
3459 991 3557 1032 ore
3603 978 3715 1033 ha:-

2133 1067 2290 1123 retici
2319 1082 2484 1137 prava
2514 1067 2760 1123 doctrina
2791 1069 3076 1139 profertur.
3119 1067 3339 1135 Patens,
3367 1069 3413 1124 si
3462 1069 3732 1124 clausum'

2135 1167 2302 1226 esset,
2342 1159 2520 1215 minus
2545 1159 2770 1226 feteret;
2817 1161 2865 1216 si
2899 1161 3177 1224 tacuisset,
3209 1159 3387 1214 minus
3415 1159 3714 1215 nocuisset.

2137 1248 2381 1320 Agebant
2402 1248 2592 1304 dolose
2620 1249 2837 1321 linguis,
2872 1249 2999 1320 quia
3027 1249 3288 1304 malitiam
3320 1263 3427 1303 non
3455 1247 3630 1304 solum
3660 1248 3716 1301 in

2138 1340 2321 1412 lingua
2365 1342 2459 1398 sed
2489 1343 2654 1397 etiam
2688 1342 2742 1397 in
2791 1349 2914 1398 actu
2948 1341 3346 1408 ostendebant,
3395 1357 3502 1396 non
3533 1348 3734 1395 autem-

2140 1430 2347 1501 optavit
2374 1430 2620 1486 Ecclesia
2646 1439 2772 1486 voto
2802 1430 3220 1495 maledictionis,
3251 1430 3345 1486 sed
3373 1430 3553 1486 futura
3578 1444 3733 1499 pne—-

2142 1522 2300 1578 dixit.
2330 1522 2374 1578 Η
2403 1523 2592 1579 Judica
2641 1523 2781 1589 illos,
2813 1523 2972 1589 Deus,
3004 1531 3063 1579 ut
3093 1522 3342 1579 sentiant
3374 1531 3426 1578 te
3456 1521 3726 1590 iudicem,

2141 1615 2232 1686 qui
2261 1624 2313 1671 te
2341 1625 2550 1685 patrem
2577 1615 2780 1671 sentire
2822 1615 3012 1670 nolunt
3038 1631 3054 1669 :
3083 1615 3174 1684 qui
3192 1612 3534 1682 judicaturus
3562 1626 3622 1666 es
3664 1610 3740 1665 in:

2144 1709 2270 1774 ﬁne,
2299 1709 2481 1780 judiea
2526 1709 2690 1764 etiam
2729 1723 2892 1772 nunc,
2925 1707 3198 1764 ut~sciant
3234 1715 3295 1762 te-
3327 1721 3408 1762 res
3462 1705 3738 1759 humanas-

464 1799 573 1844 tur.
602 1789 647 1844 A
692 1789 879 1845 Solent
907 1790 1051 1844 enim
1080 1790 1375 1845 abominati
1419 1791 1524 1846 dici
1563 1791 1910 1846 exhaeredati.
1939 1789 2043 1858 Qui
2074 1784 2119 1844 Β
2149 1799 2422 1869 respicere.

467 1889 646 1936 autem
675 1883 1025 1950 consequitur
1051 1881 1420 1937 [nereditatem
1462 1882 1761 1948 caelestem,
1807 1884 2048 1939 exsultat

467 1973 522 2028 in
548 1988 641 2042 spe
670 1975 853 2030 dicens
880 1993 893 2029 :
930 1976 1042 2046 Ego
1073 1985 1274 2042 autem,
1305 1985 1411 2032 etc.

505 2066 538 2120 8
609 2064 844 2120 Introibo
868 2067 922 2120 in
943 2067 1155 2121 domum
1184 2078 1364 2133 luam;

647 2159 892 2215 Adorabo
921 2161 988 2214 ad
1019 2161 1268 2232 templum
1321 2172 1560 2217 sanctum
1594 2171 1741 2216 tuum
1776 2163 1830 2216 in
1867 2161 2054 2216 timore

687 2267 797 2310 tuo.

547 2349 592 2404 Η
622 2350 662 2406 C
700 2347 1002 2404 lntroibunt
1045 2347 1176 2416 justi
1228 2349 1284 2404 in
1332 2350 1549 2406 domum
1600 2347 1823 2414 Christi,
1871 2347 1924 2403 id
1971 2355 2056 2403 est

474 2451 718 2498 sanctam
762 2441 1081 2507 Ecclesiam,
1125 2441 1238 2496 sive
1284 2441 1560 2497 caelestem
1611 2438 1967 2495 Hierusalem.
2015 2437 2056 2494 C

478 2533 757 2604 Tcmplum
807 2541 1087 2596 sanetum,
1127 2546 1320 2601 corpus
1367 2541 1450 2587 est
1501 2529 1714 2586 Domini
1760 2529 1902 2598 quod
1933 2528 2057 2598 jure

479 2625 671 2678 adorat
696 2623 940 2677 Ecclesia
969 2623 1020 2676 in
1054 2624 1264 2679 timore.
1298 2621 1433 2688 Quia
1461 2631 1589 2676 tunc
1616 2619 1748 2675 ﬁdes
1768 2620 1921 2674 ﬁrma
1953 2629 2058 2683 est,

481 2715 696 2786 quando
724 2729 908 2769 amore
935 2724 1084 2770 casto
1121 2724 1175 2769 et
1207 2715 1416 2779 timore,
1461 2713 1718 2768 divinitas
1774 2712 2060 2767 adorator.

485 2807 527 2860 A
561 2804 658 2862 Vel
701 2806 958 2877 templum
995 2806 1213 2862 caeleste
1248 2824 1260 2859 :
1293 2805 1359 2860 ad
1411 2804 1554 2875 quod
1599 2805 1788 2869 adoro,
1835 2805 1959 2859 dum
2011 2802 2061 2858 ei

483 2897 738 2968 operibus
773 2897 930 2953 bonis
958 2905 1012 2953 et
1039 2897 1375 2953 orationibus
1413 2897 1786 2967 appropinquo
1811 2935 1825 2960 ,
1873 2910 1977 2949 non
2009 2894 2062 2948 in

485 3003 552 3044 eo
591 3003 717 3044 vero
746 2989 838 3044 sed
872 3005 1036 3060 prope
1065 2997 1118 3045 et
1152 2991 1217 3044 ad
1258 2990 1430 3060 ipsum
1459 2988 1646 3054 adoro,
1681 2988 1808 3043 dum
1839 2986 2064 3058 gloriam

489 3079 582 3134 Dei
620 3097 726 3136 non
757 3080 931 3136 video.

525 3191 560 3246 9
634 3192 870 3258 Domine,
892 3194 1058 3248 deduc
1080 3209 1160 3248 me
1187 3195 1240 3248 in
1256 3193 1465 3264 justitia
1486 3202 1577 3249 tua
1596 3201 1805 3264 propter
1828 3191 2066 3246 inimicos

662 3360 664 3362 _
708 3301 881 3351 meos;
2058 3269 2060 3272 ’

639 3377 818 3448 Dirige
848 3378 902 3431 in
930 3386 1205 3448 conspectu
1233 3392 1345 3454 meo
1369 3377 1506 3431 viam
1531 3384 1698 3430 tuam.

564 3467 608 3524 C
653 3468 895 3524 Postulat
943 3485 975 3523 a
1008 3469 1234 3526 Domino
1281 3469 1471 3546 deduci
1517 3469 1585 3524 ad
1626 3477 1830 3523 aeterna
1877 3465 2072 3538 gaudia

499 3569 674 3635 mater
696 3560 960 3626 Ecclesia,
991 3577 1111 3630 qua:
1143 3560 1229 3616 hic
1258 3559 1514 3632 fatigatur
1538 3558 1764 3615 diversis
1790 3556 2070 3628 angustiis.

496 3653 710 3709 Justum
740 3661 858 3720 est,
887 3663 944 3708 ut
982 3654 1032 3707 in
1077 3668 1172 3708 sua
1210 3651 1419 3721 justitia
1451 3651 1579 3706 velit
1621 3649 1868 3708 Christus
1908 3648 2076 3704 susci-

497 3765 629 3819 pere
659 3748 1042 3819 supplicantes,
1074 3755 1298 3818 propter
1332 3745 1600 3809 inimicos,
1631 3746 1734 3801 hoc
1758 3753 1843 3799 est
1864 3741 2078 3798 lucreti-

502 3859 597 3898 cos
631 3851 686 3898 et
729 3855 986 3914 paganos.
1017 3840 1169 3897 Unus
1192 3855 1358 3911 pravo
1402 3839 1652 3909 dogmate
1687 3834 2078 3899 maledicendo,

503 3934 643 3999 alter
671 3949 778 3988 non
809 3931 1096 3997 credendo,
1129 3931 1332 3987 inimici
1363 3930 1514 3984 dicti.
1558 3928 1600 3982 H
1630 3927 1808 3992 Viam,
1836 3925 2081 3996 Scriptu-

506 4041 624 4079 ram
679 4033 923 4080 sanetam
973 4023 1141 4089 dicit,
1203 4038 1272 4078 ne
1324 4020 1463 4076 male
1510 4017 1875 4088 intelligendo,
1920 4015 1972 4069 in
2016 4030 2079 4070 ea

506 4126 744 4171 corruat.
788 4117 834 4170 A
876 4115 971 4172 Vel
1003 4117 1145 4171 viam
1182 4131 1289 4186 qua
1322 4115 1430 4169 itur
1471 4114 1540 4169 ad
1579 4121 1653 4177 te,
1684 4117 1950 4182 przecepta
1993 4123 2086 4164 ac-

503 4209 643 4276 cipe.
674 4208 833 4263 Istam
865 4217 1010 4262 tuam
1041 4209 1184 4263 viam
1213 4207 1404 4278 dirige,
1437 4206 1490 4261 id
1519 4213 1602 4261 est
1621 4204 1844 4259 ostende
1870 4201 1924 4255 in
1953 4217 2084 4256 con-

507 4307 692 4369 spcctu
725 4315 864 4366 meo,
897 4309 956 4354 ut
984 4315 1093 4368 prae
1117 4301 1287 4355 oculis
1316 4301 1542 4355 habeam
1590 4304 1878 4368 prazccpta,
1913 4304 1968 4349 et
1991 4309 2086 4365 per

507 4409 575 4449 ea
607 4407 693 4448 me
725 4407 897 4461 regas.
916 4391 961 4445 Η
987 4390 1167 4462 Dirige
1197 4393 1248 4445 in
1275 4400 1567 4460 conSpectu
1596 4399 1686 4442 tuo
1715 4391 1857 4442 viam
1887 4400 2083 4448 meam,

2150 1890 2218 1946 12
2292 1889 2546 1945 Occidunt
2571 1908 2602 1944 a
2632 1890 3032 1961 cogitationibus
3074 1889 3184 1944 suis
3215 1903 3228 1916 '
3255 1885 3560 1943 secundum‘
3585 1883 3732 1940 mul-

2365 1982 2641 2036 titudinem
2673 1982 2998 2051 impietatum
3028 1998 3209 2037 eorum
3235 1981 3432 2051 expelle
3469 1997 3589 2044 eos;

2293 2072 2556 2139 Quoniam
2579 2073 2912 2128 irritaverant
2943 2083 3014 2140 te,
3053 2073 3293 2128 Domine.

2221 2163 2262 2222 C
2293 2164 2550 2220 Decidere
2580 2165 2800 2235 praprie
2843 2165 3062 2230 dicitur,
3111 2165 3202 2235 qui
3247 2164 3359 2234 spei
3410 2179 3522 2220 suae
3559 2163 3736 2220 amis-

2155 2259 2307 2315 sione
2329 2256 2635 2320 lraudatur,
2667 2256 2918 2313 decidant
2945 2257 3108 2324 igitur
3138 2256 3360 2320 inimici,
3386 2270 3454 2310 ne
3483 2255 3738 2326 impieta-

2156 2360 2238 2406 tes
2267 2350 2636 2421 impietatibus
2659 2358 2913 2420 augeant.
2963 2348 3008 2403 Η
3037 2347 3258 2418 Expelle
3284 2361 3400 2412 eos,
3432 2347 3499 2402 ab
3545 2346 3742 2416 impie-

2159 2444 2358 2501 tatibus
2394 2443 2526 2508 suis,
2554 2441 2639 2497 vel
2667 2441 2735 2496 ab
2773 2441 3033 2496 Ecclesia.
3069 2440 3111 2496 C
3160 2439 3298 2506 Quia
3350 2445 3562 2492 tantum
3611 2452 3744 2507 peo-

2156 2545 2312 2590 cator
2359 2532 2426 2588 ab
2457 2532 2544 2586 illa
2576 2532 2788 2602 longius
2836 2531 3100 2596 redditur,
3141 2537 3404 2599 quantum
3447 2541 3744 2584 numeroso

2160 2624 2386 2679 crimine
2411 2623 2687 2679 dilatatur.
2705 2623 3062 2676 lrritaverunt
3085 2620 3272 2690 aegroti
3302 2618 3450 2685 mali,
3467 2618 3742 2674 medicum

2161 2715 2386 2776 bonum,
2415 2712 2470 2767 id
2493 2720 2579 2769 est
2603 2710 2898 2775 Christum,
2947 2710 3074 2780 quia
3109 2704 3359 2765 remedia
3387 2723 3506 2766 sua:
3546 2706 3745 2765 salutis

2164 2800 2508 2875 respuerant:

2166 2898 2233 2953 15
2302 2897 2370 2951 At
2409 2894 2651 2950 laetentur
2686 2910 2862 2949 omnes
2892 2895 2982 2966 qui
3009 2901 3217 2964 sperant
3244 2892 3298 2948 in
3325 2903 3405 2959 te;

2314 2987 2379 3042 In
2404 2997 2655 3042 aeternum
2678 2986 3012 3040 exsultabunt
3042 2995 3089 3039 et
3125 2984 3387 3038 habitabis
3420 2984 3474 3038 in
3504 2984 3598 3038 eis.

2240 3079 2282 3137 C
2311 3079 2583 3135 Lmtentur
2603 3086 2658 3130 et
2699 3075 3046 3132 exsultabunt
3076 3076 3128 3130 in
3154 3084 3439 3140 aeternum,
3463 3081 3750 3143 sperantes

2171 3175 2224 3230 in
2249 3173 2498 3237 Domino,
2521 3170 2777 3241 quoniam
2799 3167 3050 3224 videntur
3071 3176 3126 3221 et
3151 3167 3301 3236 impii
3327 3166 3378 3219 in
3415 3165 3518 3219 hoc
3547 3164 3754 3220 saeculo

2170 3267 2424 3339 gaudere,
2465 3263 2567 3320 soli
2610 3270 2790 3318 autem
2816 3259 2948 3333 justi
3000 3261 3052 3315 in
3098 3258 3280 3314 futuro
3327 3254 3522 3312 saeculo
3551 3255 3756 3326 gaude-

2170 3360 2323 3416 hunt.
2349 3357 2396 3412 Η
2424 3356 2633 3412 Felices
2657 3346 2912 3424 sunt,qui
2942 3360 3220 3408 merentur
3249 3346 3598 3405 tabernacula
3626 3361 3754 3407 esse

2172 3448 2393 3506 Christi.
2425 3447 2472 3503 A
2495 3446 2772 3503 Laetentur
2817 3444 2981 3514 igitur
3010 3457 3175 3506 nunc,
3199 3439 3291 3510 qui
3339 3439 3392 3493 in
3424 3438 3528 3492 isto
3553 3435 3754 3492 saeculo

2174 3549 2396 3614 sperant
2426 3540 2484 3595 in
2530 3538 2779 3604 Domino,
2807 3535 3060 3608 quoniam
3085 3541 3208 3604 post
3251 3539 3483 3587 mortem
3511 3529 3564 3583 in
3593 3536 3750 3583 aeter-

2175 3648 2305 3688 num
2333 3629 2701 3687 exsultabant.

2177 3725 2246 3781 M
2318 3724 2382 3778 At
2418 3721 2786 3794 gloriabuntur
2808 3721 2862 3775 in
2887 3728 3206 3775 te-t-omnes
3238 3714 3378 3790 :__qui
3410 3713 3632 3786 diligunt
3660 3727 3757 3764 no-

2388 3831 2506 3869 men
2541 3824 2688 3868 tuum
2702 3853 2720 3880 ,

2321 3904 2584 3972 Quoniam
2623 3913 2678 3956 tu
2713 3900 2983 3956 benedices
3010 3901 3178 3970 justo.

2246 4012 2287 4056 t.
2320 3998 2712 4054 Gloriahuntur
2763 4007 2953 4050 omnes
2979 4033 2993 4058 ,
3050 3991 3318 4063 signiﬁcat
3348 3989 3403 4044 in
3450 3987 3539 4041 illa
3581 3986 3762 4055 patria

2180 4107 2301 4148 esse
2328 4089 2531 4153 felices,
2563 4088 2655 4158 qui
2687 4086 2899 4141 Domini
2924 4083 3133 4138 visione
3153 4080 3425 4136 fruuntur.
3458 4075 3761 4132 BenediCes

2177 4187 2343 4258 justo,
2370 4199 2437 4239 ne
2469 4182 2591 4253 quis
2628 4188 2777 4251 putet
2818 4182 3097 4247 praemissa
3149 4173 3369 4244 praemia
3415 4169 3759 4258 gaudiorum,

2185 4257 2284 4332 sibi
2328 4275 2443 4332 suis
2470 4272 2682 4328 meritis
2721 4285 2844 4326 esse
2873 4268 3153 4329 attributa,
3187 4267 3280 4319 sed
3309 4278 3338 4316 a
3382 4257 3763 4316 benedictione

2188 4370 2403 4427 Domini
2435 4365 2550 4422 ﬁeri
2585 4363 2918 4434 accipienda.
2950 4359 2990 4414 Α
3019 4357 3407 4415 Gloriabuutur
3438 4351 3603 4422 igitur
3633 4358 3764 4402 tunc

512 4499 613 4539 nec
634 4439 1018 4548 LXX‘ltabent,
1063 4439 1165 4536 nzc
1191 4481 1382 4550 Aquila
1399 4439 1544 4547 ,rnee
1576 4479 1947 4542 Simmachus,
1988 4491 2086 4532 nec
2115 4484 2160 4544 ι)
2189 4464 2277 4532 fl“i
2319 4461 2408 4516 hic
2452 4457 2705 4525 ἀίιῑευιη,
2741 4453 2998 4550 (ἔυοηίίὶΨ
3047 4446 3442 4550 θάηἶτιιθηὼυη
3487 4439 3765 4550 ¹¹³ξ³εδυ¹¹ι

513 4558 857 4633 Theodocion
883 4617 897 4641 ,
936 4577 1028 4632 sed
1059 4574 1176 4630 sola
1205 4574 1360 4629 coiue
1405 4572 1603 4634 editio,
1637 4570 1866 4640 denique
1895 4569 1948 4622 in
1982 4566 2062 4622 He

2187 4557 2327 4626 quod
2375 4552 2623 4622 diligunt,
2669 4563 2789 4618 qua:
2823 4554 2907 4601 est
2943 4541 3232 4600 haereditas
3280 4547 3504 4598 aeterna,
3544 4534 3612 4589 de
3657 4546 3764 4601 qua

511 4669 658 4725 brato
688 4670 915 4724 habetur
945 4686 958 4722 :
993 4667 1170 4738 Dirige
1194 4666 1246 4720 in
1273 4673 1562 4733 conspectu
1591 4677 1712 4716 meo
1743 4661 1885 4715 viam
1917 4667 2084 4722 tuam,

510 4762 654 4817 sicut
699 4761 753 4814 in
802 4761 1048 4814 oratione
1105 4758 1253 4812 enim
1304 4754 1580 4810 Dominica
1631 4767 1824 4807 nomen
1876 4749 2088 4805 Domini

511 4852 839 4909 sanctiﬁcari
871 4835 1093 4921 petitur,
1123 4865 1227 4903 non
1270 4864 1376 4918 quo
1399 4847 1553 4901 nobis
1581 4843 1864 4900 orantibus
1892 4843 2094 4897 sancti-

513 4945 708 4999 ﬁcetur
737 4945 880 5011 quod
921 4957 1019 5008 per
1064 4956 1122 4997 se
1157 4949 1399 4995 sanctum
1427 4946 1534 5003 est,
1565 4936 1657 4992 sed
1690 4950 1797 5006 quo
1822 4942 2090 5004 petamus,

534 5046 568 5064 .l
622 5042 764 5064 nun}
794 5051 886 5064 nam
913 5044 1159 5064 -ιηΙι-ιοηινι
1203 5033 1282 5064 an:
1334 5039 1580 5064 onnnlllni
1621 5038 1700 5064 οεΙ
1783 5024 2092 5064 αηηριῖίῖινρ-

2187 4645 2426 4716 psalmus
2467 4639 2795 4696 intitulatur.

2195 4738 2259 4792 15
2331 4734 2551 4790 Domine

2335 4824 2400 4880 Ut
2439 4834 2584 4880 scuto
2615 4821 2763 4875 bona:
2803 4816 3084 4874 uoluntatis
3121 4822 3225 4868 tuo:
3259 4808 3522 4865 coronasti
3558 4821 3664 4859 eos.

2267 4917 2308 4972 C
2356 4917 2610 4986 Proteget
2653 4927 2754 4968 uos
2791 4908 3052 4964 Dominus
3086 4913 3240 4960 scuto
3265 4904 3422 4957 bona:
3450 4893 3764 4955 voluntatis,

2196 5026 2314 5064 cum
2346 5024 2442 5063 nos
2472 5007 2661 5062 ditabit
2691 4999 3046 5058 ineﬁ'abilibus
3082 4994 3492 5053 muneribus,et
3515 4989 3582 5041 ad
3606 4999 3766 5053 regna
