  <div class='ocr_page' id='page_1' title='image "/cluster/home/n/w/nwhite01/storage/ocr_20150623/142/hvd.32044015471808/039.png"; bbox 0 0 4000 5370; ppageno 0'>
   <div class='ocr_carea' id='block_1_1' title="bbox 535 388 3800 472">
    <p class='ocr_par' dir='ltr' id='par_1_1' title="bbox 535 388 3800 472">
     <span class='ocr_line' id='line_1_1' title="bbox 535 388 3800 472; baseline 0 -11"><span class='ocrx_word' id='word_1_1' title='bbox 535 388 603 462; x_wconf 75' lang='lat' dir='ltr'><strong>s&#39;s</strong></span> <span class='ocrx_word' id='word_1_2' title='bbox 1453 406 1511 462; x_wconf 90' lang='lat' dir='ltr'><strong>s.</strong></span> <span class='ocrx_word' id='word_1_3' title='bbox 1553 404 1901 464; x_wconf 62' lang='lat' dir='ltr'><strong>pannosus</strong></span> <span class='ocrx_word' id='word_1_4' title='bbox 1938 399 2479 462; x_wconf 83' lang='lat' dir='ltr'><strong>HERBIPOLENSIS</strong></span> <span class='ocrx_word' id='word_1_5' title='bbox 2520 405 2833 466; x_wconf 80' lang='lat' dir='ltr'><strong>EPISCOPI</strong></span> <span class='ocrx_word' id='word_1_6' title='bbox 3725 416 3800 472; x_wconf 59' lang='lat' dir='ltr'><strong>si</strong></span> 
     </span>
    </p>
   </div>
   <div class='ocr_carea' id='block_1_2' title="bbox 530 516 3800 596">
    <p class='ocr_par' dir='ltr' id='par_1_2' title="bbox 530 516 3800 596">
     <span class='ocr_line' id='line_1_2' title="bbox 530 516 3800 596; baseline 0.001 -19"><span class='ocrx_word' id='word_1_7' title='bbox 530 531 863 579; x_wconf 78' lang='lat' dir='ltr'><strong>monstraret</strong></span> <span class='ocrx_word' id='word_1_8' title='bbox 886 529 1124 579; x_wconf 90' lang='lat' dir='ltr'><strong>sanctam</strong></span> <span class='ocrx_word' id='word_1_9' title='bbox 1165 519 1488 576; x_wconf 75' lang='lat' dir='ltr'><strong>Trinitatem</strong></span> <span class='ocrx_word' id='word_1_10' title='bbox 1533 519 1772 576; x_wconf 80' lang='lat' dir='ltr'><strong>adfuisse</strong></span> <span class='ocrx_word' id='word_1_11' title='bbox 1811 534 1922 576; x_wconf 73' lang='lat' dir='ltr'><strong>sua:</strong></span> <span class='ocrx_word' id='word_1_12' title='bbox 1972 516 2107 588; x_wconf 90' lang='lat' dir='ltr'><strong>peti-</strong></span> <span class='ocrx_word' id='word_1_13' title='bbox 2134 519 2186 576; x_wconf 85' lang='lat' dir='ltr'><strong>A</strong></span> <span class='ocrx_word' id='word_1_14' title='bbox 2212 526 2322 584; x_wconf 87' lang='lat' dir='ltr'><strong>net,</strong></span> <span class='ocrx_word' id='word_1_15' title='bbox 2351 521 2441 589; x_wconf 87' lang='lat' dir='ltr'><strong>qui</strong></span> <span class='ocrx_word' id='word_1_16' title='bbox 2464 521 2664 576; x_wconf 86' lang='lat' dir='ltr'><strong>nullam</strong></span> <span class='ocrx_word' id='word_1_17' title='bbox 2688 522 3028 592; x_wconf 83' lang='lat' dir='ltr'><strong>iniquitatem</strong></span> <span class='ocrx_word' id='word_1_18' title='bbox 3056 525 3404 596; x_wconf 79' lang='lat' dir='ltr'><strong>perpetravit,</strong></span> <span class='ocrx_word' id='word_1_19' title='bbox 3434 533 3490 583; x_wconf 90' lang='lat' dir='ltr'><strong>et</strong></span> <span class='ocrx_word' id='word_1_20' title='bbox 3507 526 3574 583; x_wconf 89' lang='lat' dir='ltr'><strong>ad</strong></span> <span class='ocrx_word' id='word_1_21' title='bbox 3600 527 3800 585; x_wconf 72' lang='lat' dir='ltr'><strong>David.</strong></span> 
     </span>
    </p>
   </div>
   <div class='ocr_carea' id='block_1_3' title="bbox 533 615 690 671">
    <p class='ocr_par' dir='ltr' id='par_1_3' title="bbox 533 615 690 671">
     <span class='ocr_line' id='line_1_3' title="bbox 533 615 690 671; baseline 0 -2"><span class='ocrx_word' id='word_1_22' title='bbox 533 615 690 671; x_wconf 78' lang='lat' dir='ltr'><strong>tioni.</strong></span> 
     </span>
    </p>
   </div>
   <div class='ocr_carea' id='block_1_4' title="bbox 541 699 2114 774">
    <p class='ocr_par' dir='ltr' id='par_1_4' title="bbox 541 699 2114 774">
     <span class='ocr_line' id='line_1_4' title="bbox 541 699 2114 774; baseline -0.004 -14"><span class='ocrx_word' id='word_1_23' title='bbox 541 704 611 761; x_wconf 70' lang='grc'><strong>10</strong></span> <span class='ocrx_word' id='word_1_24' title='bbox 684 705 1006 760; x_wconf 84' lang='lat' dir='ltr'><strong>Erubescant</strong></span> <span class='ocrx_word' id='word_1_25' title='bbox 1033 713 1084 760; x_wconf 88' lang='lat' dir='ltr'><strong>et</strong></span> <span class='ocrx_word' id='word_1_26' title='bbox 1107 703 1480 759; x_wconf 84' lang='lat' dir='ltr'><strong>conturbentur</strong></span> <span class='ocrx_word' id='word_1_27' title='bbox 1513 706 1582 774; x_wconf 61' lang='grc' dir='ltr'><strong><em>χ</em></strong></span> <span class='ocrx_word' id='word_1_28' title='bbox 1605 704 1925 759; x_wconf 80' lang='lat' dir='ltr'><strong>vehementer</strong></span> <span class='ocrx_word' id='word_1_29' title='bbox 1953 699 1973 773; x_wconf 70' lang='grc' dir='ltr'>ζ</span> <span class='ocrx_word' id='word_1_30' title='bbox 2005 715 2114 771; x_wconf 66' lang='grc' dir='ltr'><strong>οτῃς</strong></span> 
     </span>
    </p>
   </div>
   <div class='ocr_carea' id='block_1_5' title="bbox 754 794 1232 859">
    <p class='ocr_par' dir='ltr' id='par_1_5' title="bbox 754 794 1232 859">
     <span class='ocr_line' id='line_1_5' title="bbox 754 794 1232 859; baseline -0.002 -11"><span class='ocrx_word' id='word_1_31' title='bbox 754 811 842 849; x_wconf 85' lang='lat' dir='ltr'><strong>nes</strong></span> <span class='ocrx_word' id='word_1_32' title='bbox 869 794 1071 849; x_wconf 85' lang='lat' dir='ltr'><strong>inimici</strong></span> <span class='ocrx_word' id='word_1_33' title='bbox 1092 794 1193 848; x_wconf 88' lang='lat' dir='ltr'><strong>mei</strong></span> <span class='ocrx_word' id='word_1_34' title='bbox 1217 835 1232 859; x_wconf 93' lang='lat'><strong>,</strong></span> 
     </span>
    </p>
   </div>
   <div class='ocr_carea' id='block_1_6' title="bbox 677 881 1922 939">
    <p class='ocr_par' dir='ltr' id='par_1_6' title="bbox 677 881 1922 939">
     <span class='ocr_line' id='line_1_6' title="bbox 677 881 1922 939; baseline -0.002 -1"><span class='ocrx_word' id='word_1_35' title='bbox 677 884 1064 939; x_wconf 79' lang='lat' dir='ltr'><strong>Convertuntur</strong></span> <span class='ocrx_word' id='word_1_36' title='bbox 1085 891 1134 937; x_wconf 87' lang='lat' dir='ltr'><strong>et</strong></span> <span class='ocrx_word' id='word_1_37' title='bbox 1155 882 1466 938; x_wconf 76' lang='lat' dir='ltr'><strong>erubescant</strong></span> <span class='ocrx_word' id='word_1_38' title='bbox 1495 883 1648 938; x_wconf 81' lang='lat' dir='ltr'><strong>valde</strong></span> <span class='ocrx_word' id='word_1_39' title='bbox 1658 881 1922 937; x_wconf 79' lang='lat' dir='ltr'><strong>velociter.</strong></span> 
     </span>
    </p>
   </div>
   <div class='ocr_carea' id='block_1_7' title="bbox 607 973 2114 1046">
    <p class='ocr_par' dir='ltr' id='par_1_7' title="bbox 607 973 2114 1046">
     <span class='ocr_line' id='line_1_7' title="bbox 607 973 2114 1046; baseline -0.001 -16"><span class='ocrx_word' id='word_1_40' title='bbox 607 975 648 1030; x_wconf 90' lang='lat' dir='ltr'><strong>C</strong></span> <span class='ocrx_word' id='word_1_41' title='bbox 675 973 807 1030; x_wconf 92' lang='lat' dir='ltr'><strong>Cum</strong></span> <span class='ocrx_word' id='word_1_42' title='bbox 863 975 996 1030; x_wconf 86' lang='lat' dir='ltr'><strong>dicit</strong></span> <span class='ocrx_word' id='word_1_43' title='bbox 1043 975 1414 1030; x_wconf 86' lang='lat' dir='ltr'><strong>erubescant:</strong></span> <span class='ocrx_word' id='word_1_44' title='bbox 1453 975 1569 1031; x_wconf 83' lang='lat' dir='ltr'><strong>vult</strong></span> <span class='ocrx_word' id='word_1_45' title='bbox 1612 983 1926 1046; x_wconf 89' lang='lat' dir='ltr'><strong>peccatores</strong></span> <span class='ocrx_word' id='word_1_46' title='bbox 1965 981 2114 1029; x_wconf 90' lang='lat' dir='ltr'><strong>tanta</strong></span> 
     </span>
    </p>
   </div>
   <div class='ocr_carea' id='block_1_8' title="bbox 533 1067 2117 1142">
    <p class='ocr_par' dir='ltr' id='par_1_8' title="bbox 533 1067 2117 1142">
     <span class='ocr_line' id='line_1_8' title="bbox 533 1067 2117 1142; baseline -0.003 -17"><span class='ocrx_word' id='word_1_47' title='bbox 533 1071 952 1142; x_wconf 87' lang='lat' dir='ltr'><strong>compunclione</strong></span> <span class='ocrx_word' id='word_1_48' title='bbox 1000 1070 1316 1136; x_wconf 87' lang='lat' dir='ltr'><strong>illuminari,</strong></span> <span class='ocrx_word' id='word_1_49' title='bbox 1347 1076 1407 1124; x_wconf 91' lang='lat' dir='ltr'><strong>ut</strong></span> <span class='ocrx_word' id='word_1_50' title='bbox 1439 1085 1539 1140; x_wconf 92' lang='lat' dir='ltr'><strong>pro</strong></span> <span class='ocrx_word' id='word_1_51' title='bbox 1564 1070 1651 1125; x_wconf 88' lang='lat' dir='ltr'><strong>his</strong></span> <span class='ocrx_word' id='word_1_52' title='bbox 1683 1083 1804 1139; x_wconf 69' lang='lat' dir='ltr'><strong>quae</strong></span> <span class='ocrx_word' id='word_1_53' title='bbox 1833 1068 1986 1139; x_wconf 90' lang='lat' dir='ltr'><strong>prius</strong></span> <span class='ocrx_word' id='word_1_54' title='bbox 2037 1067 2117 1122; x_wconf 82' lang='lat' dir='ltr'><strong>fa-</strong></span> 
     </span>
    </p>
   </div>
   <div class='ocr_carea' id='block_1_9' title="bbox 536 1159 2118 1217">
    <p class='ocr_par' dir='ltr' id='par_1_9' title="bbox 536 1159 2118 1217">
     <span class='ocr_line' id='line_1_9' title="bbox 536 1159 2118 1217; baseline -0.002 -2"><span class='ocrx_word' id='word_1_55' title='bbox 536 1162 800 1216; x_wconf 87' lang='lat' dir='ltr'><strong>ciebant:</strong></span> <span class='ocrx_word' id='word_1_56' title='bbox 831 1178 886 1217; x_wconf 86' lang='lat' dir='ltr'><strong>se</strong></span> <span class='ocrx_word' id='word_1_57' title='bbox 931 1162 1236 1217; x_wconf 88' lang='lat' dir='ltr'><strong>erubescant</strong></span> <span class='ocrx_word' id='word_1_58' title='bbox 1288 1171 1336 1216; x_wconf 91' lang='lat' dir='ltr'><strong>et</strong></span> <span class='ocrx_word' id='word_1_59' title='bbox 1371 1161 1660 1216; x_wconf 87' lang='lat' dir='ltr'><strong>emendent.</strong></span> <span class='ocrx_word' id='word_1_60' title='bbox 1713 1159 2118 1216; x_wconf 87' lang='lat' dir='ltr'><strong>Conturbentur</strong></span> 
     </span>
    </p>
   </div>
   <div class='ocr_carea' id='block_1_10' title="bbox 535 1250 2115 1323">
    <p class='ocr_par' dir='ltr' id='par_1_10' title="bbox 535 1250 2115 1323">
     <span class='ocr_line' id='line_1_10' title="bbox 535 1250 2115 1323; baseline -0.001 -17"><span class='ocrx_word' id='word_1_61' title='bbox 535 1251 747 1307; x_wconf 82' lang='lat' dir='ltr'><strong>scilicet</strong></span> <span class='ocrx_word' id='word_1_62' title='bbox 777 1253 970 1309; x_wconf 86' lang='lat' dir='ltr'><strong>timore</strong></span> <span class='ocrx_word' id='word_1_63' title='bbox 1005 1252 1170 1308; x_wconf 82' lang='lat' dir='ltr'><strong>futuri</strong></span> <span class='ocrx_word' id='word_1_64' title='bbox 1214 1252 1424 1323; x_wconf 87' lang='lat' dir='ltr'><strong>judicii.</strong></span> <span class='ocrx_word' id='word_1_65' title='bbox 1458 1253 1595 1308; x_wconf 89' lang='lat' dir='ltr'><strong>Dum</strong></span> <span class='ocrx_word' id='word_1_66' title='bbox 1627 1253 1777 1319; x_wconf 87' lang='lat' dir='ltr'><strong>dicit,</strong></span> <span class='ocrx_word' id='word_1_67' title='bbox 1803 1251 1942 1306; x_wconf 89' lang='lat' dir='ltr'><strong>mei:</strong></span> <span class='ocrx_word' id='word_1_68' title='bbox 1971 1250 2115 1307; x_wconf 87' lang='lat' dir='ltr'><strong>rela-</strong></span> 
     </span>
    </p>
   </div>
   <div class='ocr_carea' id='block_1_11' title="bbox 537 1342 2114 1413">
    <p class='ocr_par' dir='ltr' id='par_1_11' title="bbox 537 1342 2114 1413">
     <span class='ocr_line' id='line_1_11' title="bbox 537 1342 2114 1413; baseline 0 -17"><span class='ocrx_word' id='word_1_69' title='bbox 537 1344 688 1397; x_wconf 81' lang='lat' dir='ltr'><strong>xavit</strong></span> <span class='ocrx_word' id='word_1_70' title='bbox 714 1343 919 1409; x_wconf 90' lang='lat' dir='ltr'><strong>odium,</strong></span> <span class='ocrx_word' id='word_1_71' title='bbox 950 1344 1034 1398; x_wconf 91' lang='lat' dir='ltr'><strong>cui</strong></span> <span class='ocrx_word' id='word_1_72' title='bbox 1081 1343 1369 1399; x_wconf 87' lang='lat' dir='ltr'><strong>multitudo</strong></span> <span class='ocrx_word' id='word_1_73' title='bbox 1421 1352 1541 1400; x_wconf 90' lang='lat' dir='ltr'><strong>erat</strong></span> <span class='ocrx_word' id='word_1_74' title='bbox 1567 1343 1764 1398; x_wconf 87' lang='lat' dir='ltr'><strong>donata</strong></span> <span class='ocrx_word' id='word_1_75' title='bbox 1813 1342 2114 1413; x_wconf 89' lang='lat' dir='ltr'><strong>culparum.</strong></span> 
     </span>
    </p>
   </div>
   <div class='ocr_carea' id='block_1_12' title="bbox 535 1420 2116 1506">
    <p class='ocr_par' dir='ltr' id='par_1_12' title="bbox 535 1420 2116 1506">
     <span class='ocr_line' id='line_1_12' title="bbox 535 1420 2116 1506; baseline 0.001 -20"><span class='ocrx_word' id='word_1_76' title='bbox 535 1420 885 1500; x_wconf 72' lang='lat' dir='ltr'><strong>Avertantur,</strong></span> <span class='ocrx_word' id='word_1_77' title='bbox 928 1433 979 1488; x_wconf 91' lang='lat' dir='ltr'><strong>id</strong></span> <span class='ocrx_word' id='word_1_78' title='bbox 1001 1441 1104 1499; x_wconf 88' lang='lat' dir='ltr'><strong>est,</strong></span> <span class='ocrx_word' id='word_1_79' title='bbox 1135 1442 1195 1489; x_wconf 89' lang='lat' dir='ltr'><strong>ut</strong></span> <span class='ocrx_word' id='word_1_80' title='bbox 1221 1449 1326 1488; x_wconf 92' lang='lat' dir='ltr'><strong>non</strong></span> <span class='ocrx_word' id='word_1_81' title='bbox 1350 1434 1736 1506; x_wconf 75' lang='lat' dir='ltr'><strong>permittuntur</strong></span> <span class='ocrx_word' id='word_1_82' title='bbox 1769 1432 1850 1488; x_wconf 91' lang='lat' dir='ltr'><strong>ire</strong></span> <span class='ocrx_word' id='word_1_83' title='bbox 1869 1447 1975 1501; x_wconf 89' lang='lat' dir='ltr'><strong>quo</strong></span> <span class='ocrx_word' id='word_1_84' title='bbox 2001 1443 2116 1488; x_wconf 87' lang='lat' dir='ltr'><strong>ten-</strong></span> 
     </span>
    </p>
   </div>
   <div class='ocr_carea' id='block_1_13' title="bbox 538 1520 2120 1593">
    <p class='ocr_par' dir='ltr' id='par_1_13' title="bbox 538 1520 2120 1593">
     <span class='ocr_line' id='line_1_13' title="bbox 538 1520 2120 1593; baseline -0.001 -18"><span class='ocrx_word' id='word_1_85' title='bbox 538 1520 696 1586; x_wconf 91' lang='lat' dir='ltr'><strong>dunt,</strong></span> <span class='ocrx_word' id='word_1_86' title='bbox 741 1520 843 1577; x_wconf 90' lang='lat' dir='ltr'><strong>hoc</strong></span> <span class='ocrx_word' id='word_1_87' title='bbox 887 1530 971 1577; x_wconf 90' lang='lat' dir='ltr'><strong>est</strong></span> <span class='ocrx_word' id='word_1_88' title='bbox 1008 1537 1256 1593; x_wconf 87' lang='lat' dir='ltr'><strong>peccare.</strong></span> <span class='ocrx_word' id='word_1_89' title='bbox 1288 1521 1332 1576; x_wconf 87' lang='lat' dir='ltr'><strong>H</strong></span> <span class='ocrx_word' id='word_1_90' title='bbox 1383 1522 1755 1578; x_wconf 84' lang='lat' dir='ltr'><strong>Erubescant:</strong></span> <span class='ocrx_word' id='word_1_91' title='bbox 1789 1535 1898 1576; x_wconf 92' lang='lat' dir='ltr'><strong>non</strong></span> <span class='ocrx_word' id='word_1_92' title='bbox 1929 1520 2120 1576; x_wconf 89' lang='lat' dir='ltr'><strong>leviter</strong></span> 
     </span>
    </p>
   </div>
   <div class='ocr_carea' id='block_1_14' title="bbox 538 1611 2120 1684">
    <p class='ocr_par' dir='ltr' id='par_1_14' title="bbox 538 1611 2120 1684">
     <span class='ocr_line' id='line_1_14' title="bbox 538 1611 2120 1684; baseline 0.001 -19"><span class='ocrx_word' id='word_1_93' title='bbox 538 1612 634 1668; x_wconf 90' lang='lat' dir='ltr'><strong>sed</strong></span> <span class='ocrx_word' id='word_1_94' title='bbox 654 1613 1024 1678; x_wconf 84' lang='lat' dir='ltr'><strong>vehementer,</strong></span> <span class='ocrx_word' id='word_1_95' title='bbox 1057 1628 1164 1668; x_wconf 88' lang='lat' dir='ltr'><strong>non</strong></span> <span class='ocrx_word' id='word_1_96' title='bbox 1221 1614 1460 1669; x_wconf 90' lang='lat' dir='ltr'><strong>crastino</strong></span> <span class='ocrx_word' id='word_1_97' title='bbox 1502 1623 1744 1684; x_wconf 90' lang='lat' dir='ltr'><strong>tempore</strong></span> <span class='ocrx_word' id='word_1_98' title='bbox 1776 1612 1869 1668; x_wconf 89' lang='lat' dir='ltr'><strong>sed</strong></span> <span class='ocrx_word' id='word_1_99' title='bbox 1917 1611 2046 1667; x_wconf 91' lang='lat' dir='ltr'><strong>cito.</strong></span> <span class='ocrx_word' id='word_1_100' title='bbox 2077 1611 2120 1667; x_wconf 91' lang='lat' dir='ltr'><strong>C</strong></span> 
     </span>
    </p>
   </div>
   <div class='ocr_carea' id='block_1_15' title="bbox 537 1699 2120 1774">
    <p class='ocr_par' dir='ltr' id='par_1_15' title="bbox 537 1699 2120 1774">
     <span class='ocr_line' id='line_1_15' title="bbox 537 1699 2120 1774; baseline 0 -18"><span class='ocrx_word' id='word_1_101' title='bbox 537 1699 606 1756; x_wconf 88' lang='lat' dir='ltr'><strong>Et</strong></span> <span class='ocrx_word' id='word_1_102' title='bbox 632 1703 752 1758; x_wconf 88' lang='lat' dir='ltr'><strong>vide</strong></span> <span class='ocrx_word' id='word_1_103' title='bbox 803 1719 922 1774; x_wconf 70' lang='lat' dir='ltr'><strong>qua:</strong></span> <span class='ocrx_word' id='word_1_104' title='bbox 965 1705 1066 1760; x_wconf 90' lang='lat' dir='ltr'><strong>iste</strong></span> <span class='ocrx_word' id='word_1_105' title='bbox 1121 1707 1392 1774; x_wconf 85' lang='lat' dir='ltr'><strong>paenitens</strong></span> <span class='ocrx_word' id='word_1_106' title='bbox 1458 1706 1640 1762; x_wconf 85' lang='lat' dir='ltr'><strong>statim</strong></span> <span class='ocrx_word' id='word_1_107' title='bbox 1681 1703 1970 1760; x_wconf 78' lang='lat' dir='ltr'><strong>exauditus</strong></span> <span class='ocrx_word' id='word_1_108' title='bbox 2005 1709 2062 1758; x_wconf 92' lang='lat' dir='ltr'><strong>et</strong></span> <span class='ocrx_word' id='word_1_109' title='bbox 2088 1717 2120 1756; x_wconf 88' lang='lat' dir='ltr'><strong>a</strong></span> 
     </span>
    </p>
   </div>
   <div class='ocr_carea' id='block_1_16' title="bbox 535 1787 2118 1868">
    <p class='ocr_par' dir='ltr' id='par_1_16' title="bbox 535 1787 2118 1868">
     <span class='ocr_line' id='line_1_16' title="bbox 535 1787 2118 1868; baseline 0 -22"><span class='ocrx_word' id='word_1_110' title='bbox 535 1793 775 1862; x_wconf 88' lang='lat' dir='ltr'><strong>peccatis</strong></span> <span class='ocrx_word' id='word_1_111' title='bbox 822 1793 1100 1859; x_wconf 87' lang='lat' dir='ltr'><strong>liberatus,</strong></span> <span class='ocrx_word' id='word_1_112' title='bbox 1127 1787 1452 1863; x_wconf 63' lang='lat' dir='ltr'><strong>evangelicae</strong></span> <span class='ocrx_word' id='word_1_113' title='bbox 1481 1795 1682 1868; x_wconf 69' lang='lat' dir='ltr'><strong>regula:</strong></span> <span class='ocrx_word' id='word_1_114' title='bbox 1721 1792 2118 1856; x_wconf 87' lang='lat' dir='ltr'><strong>obsecundans,</strong></span> 
     </span>
    </p>
   </div>
   <div class='ocr_carea' id='block_1_17' title="bbox 535 1875 2193 1952">
    <p class='ocr_par' dir='ltr' id='par_1_17' title="bbox 535 1875 2193 1952">
     <span class='ocr_line' id='line_1_17' title="bbox 535 1875 2193 1952; baseline -0.001 -14"><span class='ocrx_word' id='word_1_115' title='bbox 535 1898 637 1952; x_wconf 91' lang='lat' dir='ltr'><strong>pro</strong></span> <span class='ocrx_word' id='word_1_116' title='bbox 664 1883 899 1940; x_wconf 89' lang='lat' dir='ltr'><strong>inimicis</strong></span> <span class='ocrx_word' id='word_1_117' title='bbox 948 1885 1061 1941; x_wconf 89' lang='lat' dir='ltr'><strong>suis</strong></span> <span class='ocrx_word' id='word_1_118' title='bbox 1095 1894 1155 1940; x_wconf 88' lang='lat' dir='ltr'><strong>ut</strong></span> <span class='ocrx_word' id='word_1_119' title='bbox 1208 1895 1595 1942; x_wconf 86' lang='lat' dir='ltr'><strong>convertantur</strong></span> <span class='ocrx_word' id='word_1_120' title='bbox 1623 1893 1852 1941; x_wconf 81' lang='lat' dir='ltr'><strong>exorat:</strong></span> <span class='ocrx_word' id='word_1_121' title='bbox 1891 1889 1950 1937; x_wconf 89' lang='lat' dir='ltr'><strong>ut</strong></span> <span class='ocrx_word' id='word_1_122' title='bbox 1978 1880 2119 1938; x_wconf 86' lang='lat' dir='ltr'><strong>sicut</strong></span> <span class='ocrx_word' id='word_1_123' title='bbox 2145 1875 2193 1936; x_wconf 90' lang='lat' dir='ltr'><strong>B</strong></span> 
     </span>
    </p>
   </div>
   <div class='ocr_carea' id='block_1_18' title="bbox 537 1972 2120 2045">
    <p class='ocr_par' dir='ltr' id='par_1_18' title="bbox 537 1972 2120 2045">
     <span class='ocr_line' id='line_1_18' title="bbox 537 1972 2120 2045; baseline 0 -17"><span class='ocrx_word' id='word_1_124' title='bbox 537 1974 653 2044; x_wconf 90' lang='lat' dir='ltr'><strong>ipse</strong></span> <span class='ocrx_word' id='word_1_125' title='bbox 671 1977 882 2045; x_wconf 89' lang='lat' dir='ltr'><strong>accepit</strong></span> <span class='ocrx_word' id='word_1_126' title='bbox 915 1977 1150 2044; x_wconf 83' lang='lat' dir='ltr'><strong>veniam,</strong></span> <span class='ocrx_word' id='word_1_127' title='bbox 1204 1977 1282 2032; x_wconf 86' lang='lat' dir='ltr'><strong>ita</strong></span> <span class='ocrx_word' id='word_1_128' title='bbox 1311 1977 1559 2033; x_wconf 78' lang='lat' dir='ltr'><strong>carnales</strong></span> <span class='ocrx_word' id='word_1_129' title='bbox 1605 1977 1857 2032; x_wconf 89' lang='lat' dir='ltr'><strong>inimicos</strong></span> <span class='ocrx_word' id='word_1_130' title='bbox 1904 1973 2022 2045; x_wconf 86' lang='lat' dir='ltr'><strong>ejus</strong></span> <span class='ocrx_word' id='word_1_131' title='bbox 2051 1972 2120 2028; x_wconf 90' lang='lat' dir='ltr'><strong>ad</strong></span> 
     </span>
    </p>
   </div>
   <div class='ocr_carea' id='block_1_19' title="bbox 543 2063 1532 2139">
    <p class='ocr_par' dir='ltr' id='par_1_19' title="bbox 543 2063 1532 2139">
     <span class='ocr_line' id='line_1_19' title="bbox 543 2063 1532 2139; baseline 0.004 -22"><span class='ocrx_word' id='word_1_132' title='bbox 543 2063 753 2120; x_wconf 90' lang='lat' dir='ltr'><strong>Domini</strong></span> <span class='ocrx_word' id='word_1_133' title='bbox 780 2066 1009 2137; x_wconf 83' lang='lat' dir='ltr'><strong>gratiam</strong></span> <span class='ocrx_word' id='word_1_134' title='bbox 1037 2067 1215 2123; x_wconf 90' lang='lat' dir='ltr'><strong>redire</strong></span> <span class='ocrx_word' id='word_1_135' title='bbox 1236 2068 1532 2139; x_wconf 75' lang='lat' dir='ltr'><strong>contingat.</strong></span> 
     </span>
    </p>
   </div>
   <div class='ocr_carea' id='block_1_20' title="bbox 1030 2192 1629 2237">
    <p class='ocr_par' dir='ltr' id='par_1_20' title="bbox 1030 2192 1629 2237">
     <span class='ocr_line' id='line_1_20' title="bbox 1030 2192 1629 2237; baseline 0.003 -3"><span class='ocrx_word' id='word_1_136' title='bbox 1030 2192 1228 2237; x_wconf 73' lang='lat' dir='ltr'><strong>ORATIO</strong></span> <span class='ocrx_word' id='word_1_137' title='bbox 1264 2194 1334 2236; x_wconf 71' lang='lat' dir='ltr'><strong>EX</strong></span> <span class='ocrx_word' id='word_1_138' title='bbox 1364 2195 1509 2236; x_wconf 77' lang='grc' dir='ltr'><strong>ΡεΔι.</strong></span> <span class='ocrx_word' id='word_1_139' title='bbox 1551 2195 1629 2236; x_wconf 75' lang='grc' dir='ltr'><strong>γι.</strong></span> 
     </span>
    </p>
   </div>
   <div class='ocr_carea' id='block_1_21' title="bbox 620 2287 2113 2359">
    <p class='ocr_par' dir='ltr' id='par_1_21' title="bbox 620 2287 2113 2359">
     <span class='ocr_line' id='line_1_21' title="bbox 620 2287 2113 2359; baseline -0.001 -15"><span class='ocrx_word' id='word_1_140' title='bbox 620 2291 918 2349; x_wconf 82' lang='lat' dir='ltr'><strong>Exauditor</strong></span> <span class='ocrx_word' id='word_1_141' title='bbox 950 2293 1192 2348; x_wconf 89' lang='lat' dir='ltr'><strong>omnium</strong></span> <span class='ocrx_word' id='word_1_142' title='bbox 1238 2293 1402 2359; x_wconf 88' lang='lat' dir='ltr'><strong>Deus,</strong></span> <span class='ocrx_word' id='word_1_143' title='bbox 1457 2293 1650 2351; x_wconf 84' lang='lat' dir='ltr'><strong>exaudi</strong></span> <span class='ocrx_word' id='word_1_144' title='bbox 1685 2301 1994 2349; x_wconf 91' lang='lat' dir='ltr'><strong>nostrorum</strong></span> <span class='ocrx_word' id='word_1_145' title='bbox 2023 2287 2113 2344; x_wconf 83' lang='lat' dir='ltr'><strong>lle-</strong></span> 
     </span>
    </p>
   </div>
   <div class='ocr_carea' id='block_1_22' title="bbox 540 2383 2120 2457">
    <p class='ocr_par' dir='ltr' id='par_1_22' title="bbox 540 2383 2120 2457">
     <span class='ocr_line' id='line_1_22' title="bbox 540 2383 2120 2457; baseline 0 -22"><span class='ocrx_word' id='word_1_146' title='bbox 540 2393 693 2438; x_wconf 88' lang='lat' dir='ltr'><strong>tuum</strong></span> <span class='ocrx_word' id='word_1_147' title='bbox 732 2385 1025 2457; x_wconf 88' lang='lat' dir='ltr'><strong>supplicem</strong></span> <span class='ocrx_word' id='word_1_148' title='bbox 1049 2401 1236 2442; x_wconf 89' lang='lat' dir='ltr'><strong>vocem</strong></span> <span class='ocrx_word' id='word_1_149' title='bbox 1263 2405 1277 2442; x_wconf 92' lang='lat'><strong>:</strong></span> <span class='ocrx_word' id='word_1_150' title='bbox 1302 2395 1357 2443; x_wconf 90' lang='lat' dir='ltr'><strong>et</strong></span> <span class='ocrx_word' id='word_1_151' title='bbox 1385 2388 1560 2443; x_wconf 80' lang='lat' dir='ltr'><strong>tribue</strong></span> <span class='ocrx_word' id='word_1_152' title='bbox 1594 2383 1999 2442; x_wconf 89' lang='lat' dir='ltr'><strong>inﬁrmitatibus</strong></span> <span class='ocrx_word' id='word_1_153' title='bbox 2025 2395 2120 2435; x_wconf 86' lang='lat' dir='ltr'><strong>no-</strong></span> 
     </span>
    </p>
   </div>
   <div class='ocr_carea' id='block_1_23' title="bbox 539 2469 2122 2548">
    <p class='ocr_par' dir='ltr' id='par_1_23' title="bbox 539 2469 2122 2548">
     <span class='ocr_line' id='line_1_23' title="bbox 539 2469 2122 2548; baseline -0.001 -22"><span class='ocrx_word' id='word_1_154' title='bbox 539 2473 672 2529; x_wconf 84' lang='lat' dir='ltr'><strong>stris</strong></span> <span class='ocrx_word' id='word_1_155' title='bbox 693 2484 1007 2545; x_wconf 90' lang='lat' dir='ltr'><strong>perpetuam</strong></span> <span class='ocrx_word' id='word_1_156' title='bbox 1039 2476 1375 2548; x_wconf 86' lang='lat' dir='ltr'><strong>sospitalem,</strong></span> <span class='ocrx_word' id='word_1_157' title='bbox 1404 2484 1463 2532; x_wconf 89' lang='lat' dir='ltr'><strong>ut</strong></span> <span class='ocrx_word' id='word_1_158' title='bbox 1492 2477 1618 2533; x_wconf 91' lang='lat' dir='ltr'><strong>dum</strong></span> <span class='ocrx_word' id='word_1_159' title='bbox 1642 2475 1928 2547; x_wconf 80' lang='lat' dir='ltr'><strong>dignanter</strong></span> <span class='ocrx_word' id='word_1_160' title='bbox 1953 2469 2122 2541; x_wconf 89' lang='lat' dir='ltr'><strong>gemi-</strong></span> 
     </span>
    </p>
   </div>
   <div class='ocr_carea' id='block_1_24' title="bbox 544 2562 2119 2640">
    <p class='ocr_par' dir='ltr' id='par_1_24' title="bbox 544 2562 2119 2640">
     <span class='ocr_line' id='line_1_24' title="bbox 544 2562 2119 2640; baseline 0.001 -23"><span class='ocrx_word' id='word_1_161' title='bbox 544 2574 654 2619; x_wconf 90' lang='lat' dir='ltr'><strong>tum</strong></span> <span class='ocrx_word' id='word_1_162' title='bbox 683 2567 853 2622; x_wconf 92' lang='lat' dir='ltr'><strong>nostri</strong></span> <span class='ocrx_word' id='word_1_163' title='bbox 881 2567 1082 2625; x_wconf 90' lang='lat' dir='ltr'><strong>laboris</strong></span> <span class='ocrx_word' id='word_1_164' title='bbox 1134 2569 1364 2640; x_wconf 86' lang='lat' dir='ltr'><strong>suspicis</strong></span> <span class='ocrx_word' id='word_1_165' title='bbox 1399 2587 1412 2623; x_wconf 90' lang='lat'><strong>:</strong></span> <span class='ocrx_word' id='word_1_166' title='bbox 1448 2579 1538 2625; x_wconf 88' lang='lat' dir='ltr'><strong>tua</strong></span> <span class='ocrx_word' id='word_1_167' title='bbox 1575 2584 1676 2625; x_wconf 89' lang='lat' dir='ltr'><strong>nos</strong></span> <span class='ocrx_word' id='word_1_168' title='bbox 1715 2580 1929 2638; x_wconf 89' lang='lat' dir='ltr'><strong>semper</strong></span> <span class='ocrx_word' id='word_1_169' title='bbox 1957 2562 2119 2619; x_wconf 86' lang='lat' dir='ltr'><strong>mise-</strong></span> 
     </span>
    </p>
   </div>
   <div class='ocr_carea' id='block_1_25' title="bbox 540 2654 1282 2716">
    <p class='ocr_par' dir='ltr' id='par_1_25' title="bbox 540 2654 1282 2716">
     <span class='ocr_line' id='line_1_25' title="bbox 540 2654 1282 2716; baseline 0.007 -6"><span class='ocrx_word' id='word_1_170' title='bbox 540 2654 774 2713; x_wconf 87' lang='lat' dir='ltr'><strong>ricordia</strong></span> <span class='ocrx_word' id='word_1_171' title='bbox 803 2658 1121 2716; x_wconf 89' lang='lat' dir='ltr'><strong>consoleris.</strong></span> <span class='ocrx_word' id='word_1_172' title='bbox 1154 2659 1282 2716; x_wconf 86' lang='lat' dir='ltr'><strong>Per.</strong></span> 
     </span>
    </p>
   </div>
   <div class='ocr_carea' id='block_1_26' title="bbox 1095 2771 1571 2830">
    <p class='ocr_par' dir='ltr' id='par_1_26' title="bbox 1095 2771 1571 2830">
     <span class='ocr_line' id='line_1_26' title="bbox 1095 2771 1571 2830; baseline -0.004 -2"><span class='ocrx_word' id='word_1_173' title='bbox 1095 2771 1419 2830; x_wconf 82' lang='lat' dir='ltr'><strong>PSALMUS</strong></span> <span class='ocrx_word' id='word_1_174' title='bbox 1459 2771 1571 2828; x_wconf 78' lang='lat' dir='ltr'><strong>VII.</strong></span> 
     </span>
    </p>
   </div>
   <div class='ocr_carea' id='block_1_27' title="bbox 989 2876 1668 2932">
    <p class='ocr_par' dir='ltr' id='par_1_27' title="bbox 989 2876 1668 2932">
     <span class='ocr_line' id='line_1_27' title="bbox 989 2876 1668 2932; baseline -0.009 -11"><span class='ocrx_word' id='word_1_175' title='bbox 989 2878 1354 2932; x_wconf 63' lang='lat' dir='ltr'><strong>accusarunt</strong></span> <span class='ocrx_word' id='word_1_176' title='bbox 1388 2878 1534 2920; x_wconf 69' lang='lat' dir='ltr'><strong>assa.</strong></span> <span class='ocrx_word' id='word_1_177' title='bbox 1569 2876 1668 2916; x_wconf 85' lang='lat' dir='ltr'><strong>vn.</strong></span> 
     </span>
    </p>
   </div>
   <div class='ocr_carea' id='block_1_28' title="bbox 521 2950 2120 3024">
    <p class='ocr_par' dir='ltr' id='par_1_28' title="bbox 521 2950 2120 3024">
     <span class='ocr_line' id='line_1_28' title="bbox 521 2950 2120 3024; baseline -0.004 -14"><span class='ocrx_word' id='word_1_178' title='bbox 521 2959 527 2984; x_wconf 71' lang='lat'><strong><em>’</em></strong></span> <span class='ocrx_word' id='word_1_179' title='bbox 610 2951 654 3010; x_wconf 91' lang='lat' dir='ltr'><strong>C</strong></span> <span class='ocrx_word' id='word_1_180' title='bbox 685 2952 792 3012; x_wconf 84' lang='lat' dir='ltr'><strong>Iste</strong></span> <span class='ocrx_word' id='word_1_181' title='bbox 809 2953 1060 3012; x_wconf 89' lang='lat' dir='ltr'><strong>Psabnus</strong></span> <span class='ocrx_word' id='word_1_182' title='bbox 1086 2955 1156 3012; x_wconf 90' lang='lat' dir='ltr'><strong>ad</strong></span> <span class='ocrx_word' id='word_1_183' title='bbox 1201 2954 1403 3024; x_wconf 82' lang='lat' dir='ltr'><strong>Christi</strong></span> <span class='ocrx_word' id='word_1_184' title='bbox 1429 2952 1822 3011; x_wconf 64' lang='lat' dir='ltr'><strong>humanitatem</strong></span> <span class='ocrx_word' id='word_1_185' title='bbox 1863 2950 2120 3023; x_wconf 88' lang='lat' dir='ltr'><strong>pertinet,</strong></span> 
     </span>
    </p>
   </div>
   <div class='ocr_carea' id='block_1_29' title="bbox 539 3044 2122 3121">
    <p class='ocr_par' dir='ltr' id='par_1_29' title="bbox 539 3044 2122 3121">
     <span class='ocr_line' id='line_1_29' title="bbox 539 3044 2122 3121; baseline -0.005 -15"><span class='ocrx_word' id='word_1_186' title='bbox 539 3045 633 3116; x_wconf 79' lang='lat' dir='ltr'><strong>qni</strong></span> <span class='ocrx_word' id='word_1_187' title='bbox 658 3063 755 3117; x_wconf 88' lang='lat' dir='ltr'><strong>per</strong></span> <span class='ocrx_word' id='word_1_188' title='bbox 789 3047 842 3103; x_wconf 91' lang='lat' dir='ltr'><strong>id</strong></span> <span class='ocrx_word' id='word_1_189' title='bbox 875 3048 1018 3121; x_wconf 90' lang='lat' dir='ltr'><strong>quod</strong></span> <span class='ocrx_word' id='word_1_190' title='bbox 1044 3051 1216 3105; x_wconf 86' lang='lat' dir='ltr'><strong>tactus</strong></span> <span class='ocrx_word' id='word_1_191' title='bbox 1244 3057 1331 3105; x_wconf 86' lang='lat' dir='ltr'><strong>est</strong></span> <span class='ocrx_word' id='word_1_192' title='bbox 1352 3046 1572 3104; x_wconf 88' lang='lat' dir='ltr'><strong>humilis</strong></span> <span class='ocrx_word' id='word_1_193' title='bbox 1599 3064 1614 3102; x_wconf 88' lang='lat'><strong>:</strong></span> <span class='ocrx_word' id='word_1_194' title='bbox 1644 3044 1936 3103; x_wconf 80' lang='lat' dir='ltr'><strong>secundum</strong></span> <span class='ocrx_word' id='word_1_195' title='bbox 1965 3057 2122 3100; x_wconf 89' lang='lat' dir='ltr'><strong>suam</strong></span> 
     </span>
    </p>
   </div>
   <div class='ocr_carea' id='block_1_30' title="bbox 529 3131 1824 3211">
    <p class='ocr_par' dir='ltr' id='par_1_30' title="bbox 529 3131 1824 3211">
     <span class='ocr_line' id='line_1_30' title="bbox 529 3131 1824 3211; baseline 0.002 -22"><span class='ocrx_word' id='word_1_196' title='bbox 529 3131 804 3203; x_wconf 86' lang='lat' dir='ltr'><strong>justitiam</strong></span> <span class='ocrx_word' id='word_1_197' title='bbox 837 3139 1238 3209; x_wconf 88' lang='lat' dir='ltr'><strong>veritatemque</strong></span> <span class='ocrx_word' id='word_1_198' title='bbox 1263 3154 1324 3195; x_wconf 91' lang='lat' dir='ltr'><strong>se</strong></span> <span class='ocrx_word' id='word_1_199' title='bbox 1351 3138 1556 3211; x_wconf 76' lang='lat' dir='ltr'><strong>expetit</strong></span> <span class='ocrx_word' id='word_1_200' title='bbox 1570 3135 1824 3210; x_wconf 86' lang='lat' dir='ltr'><strong>judicari.</strong></span> 
     </span>
    </p>
   </div>
   <div class='ocr_carea' id='block_1_31' title="bbox 685 3216 2192 3299">
    <p class='ocr_par' dir='ltr' id='par_1_31' title="bbox 685 3216 2192 3299">
     <span class='ocr_line' id='line_1_31' title="bbox 685 3216 2192 3299; baseline 0.003 -19"><span class='ocrx_word' id='word_1_201' title='bbox 685 3223 796 3280; x_wconf 88' lang='lat' dir='ltr'><strong>TT.</strong></span> <span class='ocrx_word' id='word_1_202' title='bbox 845 3224 1094 3282; x_wconf 76' lang='lat' dir='ltr'><strong>Psalmus</strong></span> <span class='ocrx_word' id='word_1_203' title='bbox 1131 3227 1302 3283; x_wconf 89' lang='lat' dir='ltr'><strong>David</strong></span> <span class='ocrx_word' id='word_1_204' title='bbox 1325 3245 1478 3299; x_wconf 85' lang='lat' dir='ltr'><strong>quem</strong></span> <span class='ocrx_word' id='word_1_205' title='bbox 1507 3228 1732 3283; x_wconf 86' lang='lat' dir='ltr'><strong>cantavit</strong></span> <span class='ocrx_word' id='word_1_206' title='bbox 1760 3225 1986 3282; x_wconf 87' lang='lat' dir='ltr'><strong>Domino</strong></span> <span class='ocrx_word' id='word_1_207' title='bbox 2023 3242 2119 3298; x_wconf 86' lang='lat' dir='ltr'><strong>pro</strong></span> <span class='ocrx_word' id='word_1_208' title='bbox 2143 3216 2192 3284; x_wconf 85' lang='lat' dir='ltr'><strong>C</strong></span> 
     </span>
    </p>
   </div>
   <div class='ocr_carea' id='block_1_32' title="bbox 755 3318 1485 3390">
    <p class='ocr_par' dir='ltr' id='par_1_32' title="bbox 755 3318 1485 3390">
     <span class='ocr_line' id='line_1_32' title="bbox 755 3318 1485 3390; baseline 0.004 -17"><span class='ocrx_word' id='word_1_209' title='bbox 755 3318 920 3374; x_wconf 80' lang='lat' dir='ltr'><strong>verbis</strong></span> <span class='ocrx_word' id='word_1_210' title='bbox 943 3318 1104 3375; x_wconf 70' lang='lat' dir='ltr'><strong>Clausi</strong></span> <span class='ocrx_word' id='word_1_211' title='bbox 1130 3320 1232 3390; x_wconf 74' lang='lat' dir='ltr'><strong>ﬁlii</strong></span> <span class='ocrx_word' id='word_1_212' title='bbox 1267 3320 1485 3376; x_wconf 84' lang='lat' dir='ltr'><strong>Jemini.</strong></span> 
     </span>
    </p>
   </div>
   <div class='ocr_carea' id='block_1_33' title="bbox 614 3397 2114 3483">
    <p class='ocr_par' dir='ltr' id='par_1_33' title="bbox 614 3397 2114 3483">
     <span class='ocr_line' id='line_1_33' title="bbox 614 3397 2114 3483; baseline 0.003 -21"><span class='ocrx_word' id='word_1_213' title='bbox 614 3406 660 3462; x_wconf 82' lang='lat' dir='ltr'><strong>ll</strong></span> <span class='ocrx_word' id='word_1_214' title='bbox 691 3397 981 3466; x_wconf 77' lang='lat' dir='ltr'><strong>Sciendum</strong></span> <span class='ocrx_word' id='word_1_215' title='bbox 1033 3412 1214 3483; x_wconf 87' lang='lat' dir='ltr'><strong>itaque</strong></span> <span class='ocrx_word' id='word_1_216' title='bbox 1234 3411 1400 3468; x_wconf 88' lang='lat' dir='ltr'><strong>Chusi</strong></span> <span class='ocrx_word' id='word_1_217' title='bbox 1431 3412 1782 3483; x_wconf 89' lang='lat' dir='ltr'><strong>interpretari</strong></span> <span class='ocrx_word' id='word_1_218' title='bbox 1814 3409 2114 3482; x_wconf 84' lang='lat' dir='ltr'><strong>Ethiopem,</strong></span> 
     </span>
    </p>
   </div>
   <div class='ocr_carea' id='block_1_34' title="bbox 540 3485 2119 3574">
    <p class='ocr_par' dir='ltr' id='par_1_34' title="bbox 540 3485 2119 3574">
     <span class='ocr_line' id='line_1_34' title="bbox 540 3485 2119 3574; baseline 0.001 -20"><span class='ocrx_word' id='word_1_219' title='bbox 540 3508 596 3554; x_wconf 85' lang='lat' dir='ltr'><strong>et</strong></span> <span class='ocrx_word' id='word_1_220' title='bbox 624 3509 792 3556; x_wconf 87' lang='lat' dir='ltr'><strong>totum</strong></span> <span class='ocrx_word' id='word_1_221' title='bbox 820 3485 981 3563; x_wconf 74' lang='lat' dir='ltr'><strong>istum</strong></span> <span class='ocrx_word' id='word_1_222' title='bbox 1027 3503 1291 3574; x_wconf 85' lang='lat' dir='ltr'><strong>psalmum</strong></span> <span class='ocrx_word' id='word_1_223' title='bbox 1343 3511 1534 3560; x_wconf 81' lang='lat' dir='ltr'><strong>contra</strong></span> <span class='ocrx_word' id='word_1_224' title='bbox 1574 3501 1702 3559; x_wconf 90' lang='lat' dir='ltr'><strong>Saul</strong></span> <span class='ocrx_word' id='word_1_225' title='bbox 1731 3516 1852 3559; x_wconf 90' lang='lat' dir='ltr'><strong>esse</strong></span> <span class='ocrx_word' id='word_1_226' title='bbox 1877 3500 2119 3558; x_wconf 89' lang='lat' dir='ltr'><strong>conscri-</strong></span> 
     </span>
    </p>
   </div>
   <div class='ocr_carea' id='block_1_35' title="bbox 541 3590 2120 3665">
    <p class='ocr_par' dir='ltr' id='par_1_35' title="bbox 541 3590 2120 3665">
     <span class='ocr_line' id='line_1_35' title="bbox 541 3590 2120 3665; baseline 0.005 -23"><span class='ocrx_word' id='word_1_227' title='bbox 541 3599 730 3659; x_wconf 88' lang='lat' dir='ltr'><strong>ptum:</strong></span> <span class='ocrx_word' id='word_1_228' title='bbox 759 3606 917 3662; x_wconf 85' lang='lat' dir='ltr'><strong>quem</strong></span> <span class='ocrx_word' id='word_1_229' title='bbox 953 3590 1265 3664; x_wconf 63' lang='lat' dir='ltr'><strong>Ethiopem</strong></span> <span class='ocrx_word' id='word_1_230' title='bbox 1306 3602 1487 3660; x_wconf 89' lang='lat' dir='ltr'><strong>vocat,</strong></span> <span class='ocrx_word' id='word_1_231' title='bbox 1529 3601 1754 3665; x_wconf 90' lang='lat' dir='ltr'><strong>propter</strong></span> <span class='ocrx_word' id='word_1_232' title='bbox 1802 3601 1971 3648; x_wconf 88' lang='lat' dir='ltr'><strong>tetros</strong></span> <span class='ocrx_word' id='word_1_233' title='bbox 2000 3591 2120 3663; x_wconf 87' lang='lat' dir='ltr'><strong>ejus</strong></span> 
     </span>
    </p>
   </div>
   <div class='ocr_carea' id='block_1_36' title="bbox 541 3683 2120 3758">
    <p class='ocr_par' dir='ltr' id='par_1_36' title="bbox 541 3683 2120 3758">
     <span class='ocr_line' id='line_1_36' title="bbox 541 3683 2120 3758; baseline 0.002 -21"><span class='ocrx_word' id='word_1_234' title='bbox 541 3699 740 3739; x_wconf 85' lang='lat' dir='ltr'><strong>mores.</strong></span> <span class='ocrx_word' id='word_1_235' title='bbox 767 3683 964 3740; x_wconf 79' lang='lat' dir='ltr'><strong>Jemini</strong></span> <span class='ocrx_word' id='word_1_236' title='bbox 991 3699 1119 3756; x_wconf 90' lang='lat' dir='ltr'><strong>vero</strong></span> <span class='ocrx_word' id='word_1_237' title='bbox 1143 3685 1340 3741; x_wconf 89' lang='lat' dir='ltr'><strong>dicitur</strong></span> <span class='ocrx_word' id='word_1_238' title='bbox 1370 3685 1574 3741; x_wconf 82' lang='lat' dir='ltr'><strong>familia</strong></span> <span class='ocrx_word' id='word_1_239' title='bbox 1593 3686 1890 3758; x_wconf 87' lang='lat' dir='ltr'><strong>Benjamin,</strong></span> <span class='ocrx_word' id='word_1_240' title='bbox 1914 3686 1979 3740; x_wconf 91' lang='lat' dir='ltr'><strong>de</strong></span> <span class='ocrx_word' id='word_1_241' title='bbox 2012 3699 2120 3755; x_wconf 87' lang='lat' dir='ltr'><strong>qua</strong></span> 
     </span>
    </p>
   </div>
   <div class='ocr_carea' id='block_1_37' title="bbox 543 3774 2116 3849">
    <p class='ocr_par' dir='ltr' id='par_1_37' title="bbox 543 3774 2116 3849">
     <span class='ocr_line' id='line_1_37' title="bbox 543 3774 2116 3849; baseline 0.003 -20"><span class='ocrx_word' id='word_1_242' title='bbox 543 3774 674 3829; x_wconf 90' lang='lat' dir='ltr'><strong>Saul</strong></span> <span class='ocrx_word' id='word_1_243' title='bbox 717 3784 870 3832; x_wconf 91' lang='lat' dir='ltr'><strong>ortus</strong></span> <span class='ocrx_word' id='word_1_244' title='bbox 897 3785 1002 3833; x_wconf 87' lang='lat' dir='ltr'><strong>cst.</strong></span> <span class='ocrx_word' id='word_1_245' title='bbox 1054 3776 1096 3833; x_wconf 93' lang='lat' dir='ltr'><strong>C</strong></span> <span class='ocrx_word' id='word_1_246' title='bbox 1127 3777 1223 3833; x_wconf 80' lang='lat' dir='ltr'><strong>Vel</strong></span> <span class='ocrx_word' id='word_1_247' title='bbox 1263 3777 1451 3844; x_wconf 89' lang='lat' dir='ltr'><strong>Cbusi,</strong></span> <span class='ocrx_word' id='word_1_248' title='bbox 1488 3777 1652 3835; x_wconf 87' lang='lat' dir='ltr'><strong>Patre</strong></span> <span class='ocrx_word' id='word_1_249' title='bbox 1697 3778 1997 3849; x_wconf 82' lang='lat' dir='ltr'><strong>Augustino</strong></span> <span class='ocrx_word' id='word_1_250' title='bbox 2019 3779 2116 3833; x_wconf 87' lang='lat' dir='ltr'><strong>do-</strong></span> 
     </span>
    </p>
   </div>
   <div class='ocr_carea' id='block_1_38' title="bbox 537 3867 2116 3938">
    <p class='ocr_par' dir='ltr' id='par_1_38' title="bbox 537 3867 2116 3938">
     <span class='ocr_line' id='line_1_38' title="bbox 537 3867 2116 3938; baseline 0.003 -18"><span class='ocrx_word' id='word_1_251' title='bbox 537 3875 716 3931; x_wconf 82' lang='lat' dir='ltr'><strong>cente,</strong></span> <span class='ocrx_word' id='word_1_252' title='bbox 758 3867 1146 3938; x_wconf 88' lang='lat' dir='ltr'><strong>interpretatur</strong></span> <span class='ocrx_word' id='word_1_253' title='bbox 1178 3870 1486 3937; x_wconf 89' lang='lat' dir='ltr'><strong>silentium;</strong></span> <span class='ocrx_word' id='word_1_254' title='bbox 1544 3870 1639 3926; x_wconf 90' lang='lat' dir='ltr'><strong>ﬁlii</strong></span> <span class='ocrx_word' id='word_1_255' title='bbox 1691 3879 1871 3928; x_wconf 91' lang='lat' dir='ltr'><strong>autem</strong></span> <span class='ocrx_word' id='word_1_256' title='bbox 1897 3869 2116 3936; x_wconf 82' lang='lat' dir='ltr'><strong>Jemini,</strong></span> 
     </span>
    </p>
   </div>
   <div class='ocr_carea' id='block_1_39' title="bbox 536 3956 1387 4033">
    <p class='ocr_par' dir='ltr' id='par_1_39' title="bbox 536 3956 1387 4033">
     <span class='ocr_line' id='line_1_39' title="bbox 536 3956 1387 4033; baseline 0 -19"><span class='ocrx_word' id='word_1_257' title='bbox 536 3956 636 4014; x_wconf 81' lang='lat' dir='ltr'><strong>ﬁlii</strong></span> <span class='ocrx_word' id='word_1_258' title='bbox 667 3957 872 4023; x_wconf 68' lang='lat' dir='ltr'><strong>dextra:</strong></span> <span class='ocrx_word' id='word_1_259' title='bbox 899 3959 1306 4033; x_wconf 83' lang='lat' dir='ltr'><strong>interpretatur.</strong></span> <span class='ocrx_word' id='word_1_260' title='bbox 1384 3987 1387 3989; x_wconf 93' lang='lat'><em>-</em></span> 
     </span>
    </p>
   </div>
   <div class='ocr_carea' id='block_1_40' title="bbox 579 4065 1702 4140">
    <p class='ocr_par' dir='ltr' id='par_1_40' title="bbox 579 4065 1702 4140">
     <span class='ocr_line' id='line_1_40' title="bbox 579 4065 1702 4140; baseline 0.006 -22"><span class='ocrx_word' id='word_1_261' title='bbox 579 4066 603 4126; x_wconf 78' lang='grc'><strong>1</strong></span> <span class='ocrx_word' id='word_1_262' title='bbox 684 4065 906 4124; x_wconf 86' lang='lat' dir='ltr'><strong>Domine</strong></span> <span class='ocrx_word' id='word_1_263' title='bbox 933 4067 1072 4123; x_wconf 89' lang='lat' dir='ltr'><strong>Deus</strong></span> <span class='ocrx_word' id='word_1_264' title='bbox 1099 4085 1264 4136; x_wconf 89' lang='lat' dir='ltr'><strong>meus,</strong></span> <span class='ocrx_word' id='word_1_265' title='bbox 1304 4071 1359 4124; x_wconf 89' lang='lat' dir='ltr'><strong>in</strong></span> <span class='ocrx_word' id='word_1_266' title='bbox 1385 4081 1434 4125; x_wconf 88' lang='lat' dir='ltr'><strong>te</strong></span> <span class='ocrx_word' id='word_1_267' title='bbox 1467 4070 1702 4140; x_wconf 75' lang='lat' dir='ltr'><strong>speravi;</strong></span> 
     </span>
    </p>
   </div>
   <div class='ocr_carea' id='block_1_41' title="bbox 682 4158 2117 4233">
    <p class='ocr_par' dir='ltr' id='par_1_41' title="bbox 682 4158 2117 4233">
     <span class='ocr_line' id='line_1_41' title="bbox 682 4158 2117 4233; baseline 0 -19"><span class='ocrx_word' id='word_1_268' title='bbox 682 4158 903 4215; x_wconf 85' lang='lat' dir='ltr'><strong>Salvum</strong></span> <span class='ocrx_word' id='word_1_269' title='bbox 921 4176 1003 4217; x_wconf 82' lang='lat' dir='ltr'><strong>me</strong></span> <span class='ocrx_word' id='word_1_270' title='bbox 1027 4160 1115 4230; x_wconf 77' lang='lat' dir='ltr'><strong>[ac</strong></span> <span class='ocrx_word' id='word_1_271' title='bbox 1136 4175 1201 4216; x_wconf 76' lang='lat' dir='ltr'><strong>ex</strong></span> <span class='ocrx_word' id='word_1_272' title='bbox 1229 4161 1469 4217; x_wconf 77' lang='lat' dir='ltr'><strong>omnibus</strong></span> <span class='ocrx_word' id='word_1_273' title='bbox 1498 4160 1925 4233; x_wconf 77' lang='lat' dir='ltr'><strong>persequentibus</strong></span> <span class='ocrx_word' id='word_1_274' title='bbox 1967 4175 2048 4216; x_wconf 80' lang='lat' dir='ltr'><strong>me</strong></span> <span class='ocrx_word' id='word_1_275' title='bbox 2070 4171 2117 4214; x_wconf 92' lang='lat' dir='ltr'><strong>et</strong></span> 
     </span>
    </p>
   </div>
   <div class='ocr_carea' id='block_1_42' title="bbox 751 4251 1047 4308">
    <p class='ocr_par' dir='ltr' id='par_1_42' title="bbox 751 4251 1047 4308">
     <span class='ocr_line' id='line_1_42' title="bbox 751 4251 1047 4308; baseline 0.003 -3"><span class='ocrx_word' id='word_1_276' title='bbox 751 4251 914 4307; x_wconf 83' lang='lat' dir='ltr'><strong>libera</strong></span> <span class='ocrx_word' id='word_1_277' title='bbox 945 4269 1047 4308; x_wconf 89' lang='lat' dir='ltr'><strong>me.</strong></span> 
     </span>
    </p>
   </div>
   <div class='ocr_carea' id='block_1_43' title="bbox 611 4341 2117 4428">
    <p class='ocr_par' dir='ltr' id='par_1_43' title="bbox 611 4341 2117 4428">
     <span class='ocr_line' id='line_1_43' title="bbox 611 4341 2117 4428; baseline 0.002 -32"><span class='ocrx_word' id='word_1_278' title='bbox 611 4341 654 4396; x_wconf 95' lang='lat' dir='ltr'><strong>C</strong></span> <span class='ocrx_word' id='word_1_279' title='bbox 685 4342 926 4398; x_wconf 87' lang='lat' dir='ltr'><strong>Postulat</strong></span> <span class='ocrx_word' id='word_1_280' title='bbox 950 4345 1211 4414; x_wconf 88' lang='lat' dir='ltr'><strong>propheta</strong></span> <span class='ocrx_word' id='word_1_281' title='bbox 1232 4345 1449 4402; x_wconf 88' lang='lat' dir='ltr'><strong>liberari</strong></span> <span class='ocrx_word' id='word_1_282' title='bbox 1475 4346 1542 4402; x_wconf 91' lang='lat' dir='ltr'><strong>de</strong></span> <span class='ocrx_word' id='word_1_283' title='bbox 1569 4345 1832 4402; x_wconf 88' lang='lat' dir='ltr'><strong>universis</strong></span> <span class='ocrx_word' id='word_1_284' title='bbox 1862 4343 2117 4428; x_wconf 74' lang='lat' dir='ltr'><strong>inimicis,</strong></span> 
     </span>
    </p>
   </div>
   <div class='ocr_carea' id='block_1_44' title="bbox 538 4434 2118 4508">
    <p class='ocr_par' dir='ltr' id='par_1_44' title="bbox 538 4434 2118 4508">
     <span class='ocr_line' id='line_1_44' title="bbox 538 4434 2118 4508; baseline 0.001 -20"><span class='ocrx_word' id='word_1_285' title='bbox 538 4435 775 4488; x_wconf 66' lang='lat' dir='ltr'><strong>Inarime</strong></span> <span class='ocrx_word' id='word_1_286' title='bbox 817 4434 883 4490; x_wconf 93' lang='lat' dir='ltr'><strong>de</strong></span> <span class='ocrx_word' id='word_1_287' title='bbox 910 4435 1241 4506; x_wconf 87' lang='lat' dir='ltr'><strong>spiritalibus</strong></span> <span class='ocrx_word' id='word_1_288' title='bbox 1265 4438 1544 4508; x_wconf 89' lang='lat' dir='ltr'><strong>nequitiis,</strong></span> <span class='ocrx_word' id='word_1_289' title='bbox 1584 4438 1708 4508; x_wconf 85' lang='lat' dir='ltr'><strong>quia</strong></span> <span class='ocrx_word' id='word_1_290' title='bbox 1745 4436 1994 4492; x_wconf 87' lang='lat' dir='ltr'><strong>carnales</strong></span> <span class='ocrx_word' id='word_1_291' title='bbox 2021 4436 2118 4490; x_wconf 87' lang='lat' dir='ltr'><strong>ho-</strong></span> 
     </span>
    </p>
   </div>
   <div class='ocr_carea' id='block_1_45' title="bbox 539 4526 2116 4600">
    <p class='ocr_par' dir='ltr' id='par_1_45' title="bbox 539 4526 2116 4600">
     <span class='ocr_line' id='line_1_45' title="bbox 539 4526 2116 4600; baseline 0 -21"><span class='ocrx_word' id='word_1_292' title='bbox 539 4535 652 4580; x_wconf 85' lang='lat' dir='ltr'><strong>stes</strong></span> <span class='ocrx_word' id='word_1_293' title='bbox 683 4540 880 4596; x_wconf 92' lang='lat' dir='ltr'><strong>corpus</strong></span> <span class='ocrx_word' id='word_1_294' title='bbox 901 4526 1187 4597; x_wconf 89' lang='lat' dir='ltr'><strong>impetunt,</strong></span> <span class='ocrx_word' id='word_1_295' title='bbox 1213 4529 1484 4600; x_wconf 87' lang='lat' dir='ltr'><strong>spiritales</strong></span> <span class='ocrx_word' id='word_1_296' title='bbox 1523 4542 1653 4584; x_wconf 86' lang='lat' dir='ltr'><strong>vero</strong></span> <span class='ocrx_word' id='word_1_297' title='bbox 1680 4529 1889 4583; x_wconf 89' lang='lat' dir='ltr'><strong>animas</strong></span> <span class='ocrx_word' id='word_1_298' title='bbox 1920 4541 2116 4582; x_wconf 87' lang='lat' dir='ltr'><strong>necare</strong></span> 
     </span>
    </p>
   </div>
   <div class='ocr_carea' id='block_1_46' title="bbox 540 4612 2111 4692">
    <p class='ocr_par' dir='ltr' id='par_1_46' title="bbox 540 4612 2111 4692">
     <span class='ocr_line' id='line_1_46' title="bbox 540 4612 2111 4692; baseline 0.001 -20"><span class='ocrx_word' id='word_1_299' title='bbox 540 4619 892 4675; x_wconf 88' lang='lat' dir='ltr'><strong>contendunt.</strong></span> <span class='ocrx_word' id='word_1_300' title='bbox 917 4619 1137 4676; x_wconf 90' lang='lat' dir='ltr'><strong>Salvum</strong></span> <span class='ocrx_word' id='word_1_301' title='bbox 1166 4620 1255 4677; x_wconf 86' lang='lat' dir='ltr'><strong>fac</strong></span> <span class='ocrx_word' id='word_1_302' title='bbox 1289 4637 1320 4676; x_wconf 91' lang='lat' dir='ltr'><strong>a</strong></span> <span class='ocrx_word' id='word_1_303' title='bbox 1337 4629 1583 4692; x_wconf 87' lang='lat' dir='ltr'><strong>peccato,</strong></span> <span class='ocrx_word' id='word_1_304' title='bbox 1607 4620 1773 4677; x_wconf 89' lang='lat' dir='ltr'><strong>libera</strong></span> <span class='ocrx_word' id='word_1_305' title='bbox 1801 4636 1833 4675; x_wconf 90' lang='lat' dir='ltr'><strong>a</strong></span> <span class='ocrx_word' id='word_1_306' title='bbox 1873 4612 2111 4686; x_wconf 86' lang='lat' dir='ltr'><strong>diabolo,</strong></span> 
     </span>
    </p>
   </div>
   <div class='ocr_carea' id='block_1_47' title="bbox 515 4709 2116 4783">
    <p class='ocr_par' dir='ltr' id='par_1_47' title="bbox 515 4709 2116 4783">
     <span class='ocr_line' id='line_1_47' title="bbox 515 4709 2116 4783; baseline -0.002 -15"><span class='ocrx_word' id='word_1_307' title='bbox 515 4717 599 4768; x_wconf 82' lang='grc' dir='ltr'><strong>-ιιι</strong></span> <span class='ocrx_word' id='word_1_308' title='bbox 626 4709 693 4764; x_wconf 90' lang='lat' dir='ltr'><strong>ab</strong></span> <span class='ocrx_word' id='word_1_309' title='bbox 719 4710 889 4781; x_wconf 86' lang='lat' dir='ltr'><strong>ipsius</strong></span> <span class='ocrx_word' id='word_1_310' title='bbox 920 4720 1188 4783; x_wconf 86' lang='lat' dir='ltr'><strong>potestate</strong></span> <span class='ocrx_word' id='word_1_311' title='bbox 1230 4711 1511 4778; x_wconf 90' lang='lat' dir='ltr'><strong>tollamur;</strong></span> <span class='ocrx_word' id='word_1_312' title='bbox 1557 4711 1774 4781; x_wconf 86' lang='lat' dir='ltr'><strong>quando</strong></span> <span class='ocrx_word' id='word_1_313' title='bbox 1805 4712 2116 4768; x_wconf 87' lang='lat' dir='ltr'><strong>misericor-</strong></span> 
     </span>
    </p>
   </div>
   <div class='ocr_carea' id='block_1_48' title="bbox 537 4801 1896 4870">
    <p class='ocr_par' dir='ltr' id='par_1_48' title="bbox 537 4801 1896 4870">
     <span class='ocr_line' id='line_1_48' title="bbox 537 4801 1896 4870; baseline -0.001 -14"><span class='ocrx_word' id='word_1_314' title='bbox 537 4801 626 4856; x_wconf 82' lang='lat' dir='ltr'><strong>dia</strong></span> <span class='ocrx_word' id='word_1_315' title='bbox 650 4801 865 4856; x_wconf 90' lang='lat' dir='ltr'><strong>Domini</strong></span> <span class='ocrx_word' id='word_1_316' title='bbox 905 4818 934 4857; x_wconf 91' lang='lat' dir='ltr'><strong>a</strong></span> <span class='ocrx_word' id='word_1_317' title='bbox 967 4802 1285 4858; x_wconf 90' lang='lat' dir='ltr'><strong>delictorum</strong></span> <span class='ocrx_word' id='word_1_318' title='bbox 1312 4802 1567 4858; x_wconf 83' lang='lat' dir='ltr'><strong>sordibus</strong></span> <span class='ocrx_word' id='word_1_319' title='bbox 1591 4802 1896 4870; x_wconf 80' lang='lat' dir='ltr'><strong>expiamur.</strong></span> 
     </span>
    </p>
   </div>
   <div class='ocr_carea' id='block_1_49' title="bbox 571 4890 1862 4964">
    <p class='ocr_par' dir='ltr' id='par_1_49' title="bbox 571 4890 1862 4964">
     <span class='ocr_line' id='line_1_49' title="bbox 571 4890 1862 4964; baseline -0.002 -18"><span class='ocrx_word' id='word_1_320' title='bbox 571 4891 606 4954; x_wconf 67' lang='grc'>2</span> <span class='ocrx_word' id='word_1_321' title='bbox 679 4890 974 4962; x_wconf 84' lang='lat' dir='ltr'><strong>Nequando</strong></span> <span class='ocrx_word' id='word_1_322' title='bbox 1004 4893 1172 4964; x_wconf 86' lang='lat' dir='ltr'><strong>rapiat</strong></span> <span class='ocrx_word' id='word_1_323' title='bbox 1200 4902 1255 4946; x_wconf 88' lang='lat' dir='ltr'><strong>ut</strong></span> <span class='ocrx_word' id='word_1_324' title='bbox 1279 4892 1359 4948; x_wconf 84' lang='lat' dir='ltr'><strong>leo</strong></span> <span class='ocrx_word' id='word_1_325' title='bbox 1391 4893 1624 4946; x_wconf 83' lang='lat' dir='ltr'><strong>animum</strong></span> <span class='ocrx_word' id='word_1_326' title='bbox 1653 4907 1819 4946; x_wconf 85' lang='lat' dir='ltr'><strong>meam</strong></span> <span class='ocrx_word' id='word_1_327' title='bbox 1844 4909 1862 4957; x_wconf 78' lang='lat'><strong>,-</strong></span> 
     </span>
    </p>
   </div>
   <div class='ocr_carea' id='block_1_50' title="bbox 681 4983 2110 5055">
    <p class='ocr_par' dir='ltr' id='par_1_50' title="bbox 681 4983 2110 5055">
     <span class='ocr_line' id='line_1_50' title="bbox 681 4983 2110 5055; baseline -0.001 -17"><span class='ocrx_word' id='word_1_328' title='bbox 681 4984 820 5039; x_wconf 84' lang='lat' dir='ltr'><strong>Dum</strong></span> <span class='ocrx_word' id='word_1_329' title='bbox 853 5001 976 5039; x_wconf 82' lang='lat' dir='ltr'><strong>mm</strong></span> <span class='ocrx_word' id='word_1_330' title='bbox 1022 4994 1094 5038; x_wconf 88' lang='lat' dir='ltr'><strong>est</strong></span> <span class='ocrx_word' id='word_1_331' title='bbox 1139 4984 1230 5054; x_wconf 88' lang='lat' dir='ltr'><strong>qui</strong></span> <span class='ocrx_word' id='word_1_332' title='bbox 1273 4984 1494 5040; x_wconf 83' lang='lat' dir='ltr'><strong>redimat</strong></span> <span class='ocrx_word' id='word_1_333' title='bbox 1551 5000 1712 5039; x_wconf 90' lang='lat' dir='ltr'><strong>neaue</strong></span> <span class='ocrx_word' id='word_1_334' title='bbox 1763 4985 1852 5055; x_wconf 87' lang='lat' dir='ltr'><strong>qui</strong></span> <span class='ocrx_word' id='word_1_335' title='bbox 1912 4983 2110 5038; x_wconf 77' lang='lat' dir='ltr'><strong>salvum</strong></span> 
     </span>
    </p>
   </div>
   <div class='ocr_carea' id='block_1_51' title="bbox 747 5076 932 5145">
    <p class='ocr_par' dir='ltr' id='par_1_51' title="bbox 747 5076 932 5145">
     <span class='ocr_line' id='line_1_51' title="bbox 747 5076 932 5145; baseline 0.011 -17"><span class='ocrx_word' id='word_1_336' title='bbox 747 5076 932 5145; x_wconf 81' lang='lat' dir='ltr'><strong>faciat.</strong></span> 
     </span>
    </p>
   </div>
   <div class='ocr_carea' id='block_1_52' title="bbox 604 5164 1440 5208">
    <p class='ocr_par' dir='ltr' id='par_1_52' title="bbox 604 5164 1440 5208">
     <span class='ocr_line' id='line_1_52' title="bbox 604 5164 1440 5208; baseline 0 0"><span class='ocrx_word' id='word_1_337' title='bbox 604 5165 646 5208; x_wconf 70' lang='lat' dir='ltr'>ﬂ</span> <span class='ocrx_word' id='word_1_338' title='bbox 688 5166 848 5208; x_wconf 65' lang='lat' dir='ltr'><strong>[prmi</strong></span> <span class='ocrx_word' id='word_1_339' title='bbox 878 5164 1162 5208; x_wconf 70' lang='lat' dir='ltr'><strong>onnfurtnr</strong></span> <span class='ocrx_word' id='word_1_340' title='bbox 1195 5165 1440 5208; x_wconf 73' lang='lat' dir='ltr'><strong>diahnlnc</strong></span> 
     </span>
    </p>
   </div>
   <div class='ocr_carea' id='block_1_53' title="bbox 2211 609 3790 685">
    <p class='ocr_par' dir='ltr' id='par_1_53' title="bbox 2211 609 3790 685">
     <span class='ocr_line' id='line_1_53' title="bbox 2211 609 3790 685; baseline 0.008 -22"><span class='ocrx_word' id='word_1_341' title='bbox 2211 610 2304 679; x_wconf 90' lang='lat' dir='ltr'><strong>qui</strong></span> <span class='ocrx_word' id='word_1_342' title='bbox 2333 609 2482 668; x_wconf 89' lang='lat' dir='ltr'><strong>Sauli</strong></span> <span class='ocrx_word' id='word_1_343' title='bbox 2511 613 2598 678; x_wconf 87' lang='lat' dir='ltr'><strong>bis</strong></span> <span class='ocrx_word' id='word_1_344' title='bbox 2627 615 2680 669; x_wconf 94' lang='lat' dir='ltr'><strong>in</strong></span> <span class='ocrx_word' id='word_1_345' title='bbox 2734 629 2898 670; x_wconf 90' lang='lat' dir='ltr'><strong>manu</strong></span> <span class='ocrx_word' id='word_1_346' title='bbox 2927 615 3043 685; x_wconf 85' lang='lat' dir='ltr'><strong>ejus</strong></span> <span class='ocrx_word' id='word_1_347' title='bbox 3067 617 3302 684; x_wconf 89' lang='lat' dir='ltr'><strong>cadenti,</strong></span> <span class='ocrx_word' id='word_1_348' title='bbox 3330 617 3475 674; x_wconf 91' lang='lat' dir='ltr'><strong>nulla</strong></span> <span class='ocrx_word' id='word_1_349' title='bbox 3500 618 3638 674; x_wconf 86' lang='lat' dir='ltr'><strong>mala</strong></span> <span class='ocrx_word' id='word_1_350' title='bbox 3667 621 3790 676; x_wconf 85' lang='lat' dir='ltr'><strong>red-</strong></span> 
     </span>
    </p>
   </div>
   <div class='ocr_carea' id='block_1_54' title="bbox 2212 700 2365 756">
    <p class='ocr_par' dir='ltr' id='par_1_54' title="bbox 2212 700 2365 756">
     <span class='ocr_line' id='line_1_54' title="bbox 2212 700 2365 756; baseline -0.013 0"><span class='ocrx_word' id='word_1_351' title='bbox 2212 700 2365 756; x_wconf 85' lang='lat' dir='ltr'><strong>didit.</strong></span> 
     </span>
    </p>
   </div>
   <div class='ocr_carea' id='block_1_55' title="bbox 2246 793 3438 864">
    <p class='ocr_par' dir='ltr' id='par_1_55' title="bbox 2246 793 3438 864">
     <span class='ocr_line' id='line_1_55' title="bbox 2246 793 3438 864; baseline 0.003 -14"><span class='ocrx_word' id='word_1_352' title='bbox 2246 795 2282 850; x_wconf 72' lang='grc'>4</span> <span class='ocrx_word' id='word_1_353' title='bbox 2355 793 2416 852; x_wconf 86' lang='lat' dir='ltr'><strong>Si</strong></span> <span class='ocrx_word' id='word_1_354' title='bbox 2443 796 2648 851; x_wconf 83' lang='lat' dir='ltr'><strong>reddidi</strong></span> <span class='ocrx_word' id='word_1_355' title='bbox 2678 798 3081 854; x_wconf 86' lang='lat' dir='ltr'><strong>retribuentibus</strong></span> <span class='ocrx_word' id='word_1_356' title='bbox 3109 801 3238 864; x_wconf 82' lang='lat' dir='ltr'><strong>mihi</strong></span> <span class='ocrx_word' id='word_1_357' title='bbox 3263 800 3438 863; x_wconf 84' lang='lat' dir='ltr'><strong>mala;</strong></span> 
     </span>
    </p>
   </div>
   <div class='ocr_carea' id='block_1_56' title="bbox 2355 885 3528 945">
    <p class='ocr_par' dir='ltr' id='par_1_56' title="bbox 2355 885 3528 945">
     <span class='ocr_line' id='line_1_56' title="bbox 2355 885 3528 945; baseline 0.003 -5"><span class='ocrx_word' id='word_1_358' title='bbox 2355 885 2604 941; x_wconf 87' lang='lat' dir='ltr'><strong>Decidam</strong></span> <span class='ocrx_word' id='word_1_359' title='bbox 2630 888 2813 943; x_wconf 86' lang='lat' dir='ltr'><strong>merito</strong></span> <span class='ocrx_word' id='word_1_360' title='bbox 2835 890 2899 944; x_wconf 85' lang='lat' dir='ltr'><strong>ab</strong></span> <span class='ocrx_word' id='word_1_361' title='bbox 2929 889 3158 945; x_wconf 87' lang='lat' dir='ltr'><strong>inimicis</strong></span> <span class='ocrx_word' id='word_1_362' title='bbox 3185 891 3311 945; x_wconf 84' lang='lat' dir='ltr'><strong>meis</strong></span> <span class='ocrx_word' id='word_1_363' title='bbox 3337 891 3528 945; x_wconf 87' lang='lat' dir='ltr'><strong>inanis.</strong></span> 
     </span>
    </p>
   </div>
   <div class='ocr_carea' id='block_1_57' title="bbox 2283 975 3803 1052">
    <p class='ocr_par' dir='ltr' id='par_1_57' title="bbox 2283 975 3803 1052">
     <span class='ocr_line' id='line_1_57' title="bbox 2283 975 3803 1052; baseline 0.003 -21"><span class='ocrx_word' id='word_1_364' title='bbox 2283 975 2324 1032; x_wconf 92' lang='lat' dir='ltr'><strong>C</strong></span> <span class='ocrx_word' id='word_1_365' title='bbox 2366 975 2536 1034; x_wconf 82' lang='lat' dir='ltr'><strong>Nemo</strong></span> <span class='ocrx_word' id='word_1_366' title='bbox 2562 978 2705 1033; x_wconf 93' lang='lat' dir='ltr'><strong>enim</strong></span> <span class='ocrx_word' id='word_1_367' title='bbox 2737 980 3006 1048; x_wconf 87' lang='lat' dir='ltr'><strong>retribuit,</strong></span> <span class='ocrx_word' id='word_1_368' title='bbox 3035 982 3138 1037; x_wconf 90' lang='lat' dir='ltr'><strong>nisi</strong></span> <span class='ocrx_word' id='word_1_369' title='bbox 3163 982 3256 1052; x_wconf 91' lang='lat' dir='ltr'><strong>qui</strong></span> <span class='ocrx_word' id='word_1_370' title='bbox 3282 981 3482 1052; x_wconf 91' lang='lat' dir='ltr'><strong>aliquid</strong></span> <span class='ocrx_word' id='word_1_371' title='bbox 3503 976 3641 1037; x_wconf 86' lang='lat' dir='ltr'><strong>ante</strong></span> <span class='ocrx_word' id='word_1_372' title='bbox 3669 995 3803 1052; x_wconf 91' lang='lat' dir='ltr'><strong>per-</strong></span> 
     </span>
    </p>
   </div>
   <div class='ocr_carea' id='block_1_58' title="bbox 2214 1065 3805 1142">
    <p class='ocr_par' dir='ltr' id='par_1_58' title="bbox 2214 1065 3805 1142">
     <span class='ocr_line' id='line_1_58' title="bbox 2214 1065 3805 1142; baseline 0.003 -20"><span class='ocrx_word' id='word_1_373' title='bbox 2214 1067 2378 1136; x_wconf 89' lang='lat' dir='ltr'><strong>cepit.</strong></span> <span class='ocrx_word' id='word_1_374' title='bbox 2420 1065 2529 1124; x_wconf 92' lang='lat' dir='ltr'><strong>Sed</strong></span> <span class='ocrx_word' id='word_1_375' title='bbox 2575 1068 2678 1124; x_wconf 88' lang='lat' dir='ltr'><strong>iste</strong></span> <span class='ocrx_word' id='word_1_376' title='bbox 2721 1070 2804 1124; x_wconf 85' lang='lat' dir='ltr'><strong>vir</strong></span> <span class='ocrx_word' id='word_1_377' title='bbox 2855 1069 2966 1128; x_wconf 89' lang='lat' dir='ltr'><strong>Deo</strong></span> <span class='ocrx_word' id='word_1_378' title='bbox 3003 1071 3195 1142; x_wconf 87' lang='lat' dir='ltr'><strong>plenus</strong></span> <span class='ocrx_word' id='word_1_379' title='bbox 3219 1079 3276 1126; x_wconf 90' lang='lat' dir='ltr'><strong>et</strong></span> <span class='ocrx_word' id='word_1_380' title='bbox 3296 1071 3570 1142; x_wconf 67' lang='lat' dir='ltr'><strong>patientiae</strong></span> <span class='ocrx_word' id='word_1_381' title='bbox 3595 1071 3805 1130; x_wconf 86' lang='lat' dir='ltr'><strong>virtute</strong></span> 
     </span>
    </p>
   </div>
   <div class='ocr_carea' id='block_1_59' title="bbox 2215 1159 3804 1234">
    <p class='ocr_par' dir='ltr' id='par_1_59' title="bbox 2215 1159 3804 1234">
     <span class='ocr_line' id='line_1_59' title="bbox 2215 1159 3804 1234; baseline 0.003 -22"><span class='ocrx_word' id='word_1_382' title='bbox 2215 1159 2558 1216; x_wconf 89' lang='lat' dir='ltr'><strong>ﬁrmissimus</strong></span> <span class='ocrx_word' id='word_1_383' title='bbox 2579 1168 2634 1216; x_wconf 90' lang='lat' dir='ltr'><strong>et</strong></span> <span class='ocrx_word' id='word_1_384' title='bbox 2651 1161 2946 1218; x_wconf 89' lang='lat' dir='ltr'><strong>benevolus</strong></span> <span class='ocrx_word' id='word_1_385' title='bbox 2972 1163 3124 1233; x_wconf 82' lang='lat' dir='ltr'><strong>petit,</strong></span> <span class='ocrx_word' id='word_1_386' title='bbox 3150 1172 3211 1218; x_wconf 93' lang='lat' dir='ltr'><strong>ut</strong></span> <span class='ocrx_word' id='word_1_387' title='bbox 3232 1164 3277 1219; x_wconf 91' lang='lat' dir='ltr'><strong>si</strong></span> <span class='ocrx_word' id='word_1_388' title='bbox 3301 1162 3499 1218; x_wconf 90' lang='lat' dir='ltr'><strong>malum</strong></span> <span class='ocrx_word' id='word_1_389' title='bbox 3521 1177 3621 1234; x_wconf 90' lang='lat' dir='ltr'><strong>pro</strong></span> <span class='ocrx_word' id='word_1_390' title='bbox 3653 1161 3804 1217; x_wconf 84' lang='lat' dir='ltr'><strong>malo</strong></span> 
     </span>
    </p>
   </div>
   <div class='ocr_carea' id='block_1_60' title="bbox 2215 1247 3805 1319">
    <p class='ocr_par' dir='ltr' id='par_1_60' title="bbox 2215 1247 3805 1319">
     <span class='ocr_line' id='line_1_60' title="bbox 2215 1247 3805 1319; baseline 0.003 -17"><span class='ocrx_word' id='word_1_391' title='bbox 2215 1247 2529 1316; x_wconf 88' lang='lat' dir='ltr'><strong>reddiderit,</strong></span> <span class='ocrx_word' id='word_1_392' title='bbox 2560 1250 2775 1307; x_wconf 87' lang='lat' dir='ltr'><strong>decidat</strong></span> <span class='ocrx_word' id='word_1_393' title='bbox 2801 1252 3118 1308; x_wconf 89' lang='lat' dir='ltr'><strong>abinimicis</strong></span> <span class='ocrx_word' id='word_1_394' title='bbox 3145 1253 3345 1319; x_wconf 88' lang='lat' dir='ltr'><strong>inanis,</strong></span> <span class='ocrx_word' id='word_1_395' title='bbox 3380 1254 3435 1308; x_wconf 89' lang='lat' dir='ltr'><strong>id</strong></span> <span class='ocrx_word' id='word_1_396' title='bbox 3463 1261 3564 1317; x_wconf 89' lang='lat' dir='ltr'><strong>est,</strong></span> <span class='ocrx_word' id='word_1_397' title='bbox 3599 1267 3805 1309; x_wconf 84' lang='lat' dir='ltr'><strong>vacua-</strong></span> 
     </span>
    </p>
   </div>
   <div class='ocr_carea' id='block_1_61' title="bbox 2218 1338 3803 1413">
    <p class='ocr_par' dir='ltr' id='par_1_61' title="bbox 2218 1338 3803 1413">
     <span class='ocr_line' id='line_1_61' title="bbox 2218 1338 3803 1413; baseline 0.003 -19"><span class='ocrx_word' id='word_1_398' title='bbox 2218 1346 2305 1394; x_wconf 91' lang='lat' dir='ltr'><strong>tus</strong></span> <span class='ocrx_word' id='word_1_399' title='bbox 2333 1339 2404 1394; x_wconf 89' lang='lat' dir='ltr'><strong>sit</strong></span> <span class='ocrx_word' id='word_1_400' title='bbox 2441 1338 2628 1406; x_wconf 21' lang='lat' dir='ltr'><strong>,l&#39;ructu</strong></span> <span class='ocrx_word' id='word_1_401' title='bbox 2671 1354 2880 1413; x_wconf 79' lang='lat' dir='ltr'><strong>magnae</strong></span> <span class='ocrx_word' id='word_1_402' title='bbox 2909 1343 3356 1400; x_wconf 88' lang='lat' dir='ltr'><strong>mansuetudinis.</strong></span> <span class='ocrx_word' id='word_1_403' title='bbox 3386 1343 3454 1398; x_wconf 88' lang='lat' dir='ltr'><strong>Et</strong></span> <span class='ocrx_word' id='word_1_404' title='bbox 3487 1359 3593 1398; x_wconf 90' lang='lat' dir='ltr'><strong>non</strong></span> <span class='ocrx_word' id='word_1_405' title='bbox 3623 1343 3803 1399; x_wconf 88' lang='lat' dir='ltr'><strong>solum</strong></span> 
     </span>
    </p>
   </div>
   <div class='ocr_carea' id='block_1_62' title="bbox 2217 1427 3802 1505">
    <p class='ocr_par' dir='ltr' id='par_1_62' title="bbox 2217 1427 3802 1505">
     <span class='ocr_line' id='line_1_62' title="bbox 2217 1427 3802 1505; baseline 0.003 -23"><span class='ocrx_word' id='word_1_406' title='bbox 2217 1427 2343 1494; x_wconf 88' lang='lat' dir='ltr'><strong>hoc,</strong></span> <span class='ocrx_word' id='word_1_407' title='bbox 2365 1443 2552 1485; x_wconf 90' lang='lat' dir='ltr'><strong>verum</strong></span> <span class='ocrx_word' id='word_1_408' title='bbox 2575 1431 2739 1486; x_wconf 83' lang='lat' dir='ltr'><strong>etiam</strong></span> <span class='ocrx_word' id='word_1_409' title='bbox 2767 1431 2933 1504; x_wconf 90' lang='lat' dir='ltr'><strong>(quod</strong></span> <span class='ocrx_word' id='word_1_410' title='bbox 2955 1433 3172 1504; x_wconf 87' lang='lat' dir='ltr'><strong>gravius</strong></span> <span class='ocrx_word' id='word_1_411' title='bbox 3191 1434 3295 1505; x_wconf 87' lang='lat' dir='ltr'><strong>est)</strong></span> <span class='ocrx_word' id='word_1_412' title='bbox 3325 1435 3370 1489; x_wconf 88' lang='lat' dir='ltr'><strong>si</strong></span> <span class='ocrx_word' id='word_1_413' title='bbox 3390 1433 3619 1501; x_wconf 88' lang='lat' dir='ltr'><strong>reddidi,</strong></span> <span class='ocrx_word' id='word_1_414' title='bbox 3665 1442 3802 1500; x_wconf 86' lang='lat' dir='ltr'><strong>etc.,</strong></span> 
     </span>
    </p>
   </div>
   <div class='ocr_carea' id='block_1_63' title="bbox 2216 1528 2592 1589">
    <p class='ocr_par' dir='ltr' id='par_1_63' title="bbox 2216 1528 2592 1589">
     <span class='ocr_line' id='line_1_63' title="bbox 2216 1528 2592 1589; baseline 0.005 -17"><span class='ocrx_word' id='word_1_415' title='bbox 2216 1528 2592 1589; x_wconf 86' lang='lat' dir='ltr'><strong>persequatur.</strong></span> 
     </span>
    </p>
   </div>
   <div class='ocr_carea' id='block_1_64' title="bbox 2236 1597 3806 1690">
    <p class='ocr_par' dir='ltr' id='par_1_64' title="bbox 2236 1597 3806 1690">
     <span class='ocr_line' id='line_1_64' title="bbox 2236 1597 3806 1690; baseline 0.005 -24"><span class='ocrx_word' id='word_1_416' title='bbox 2236 1607 2289 1666; x_wconf 64' lang='lat'><strong>45</strong></span> <span class='ocrx_word' id='word_1_417' title='bbox 2359 1597 2716 1680; x_wconf 80' lang='lat' dir='ltr'><strong>Persequatur</strong></span> <span class='ocrx_word' id='word_1_418' title='bbox 2751 1613 2994 1668; x_wconf 88' lang='lat' dir='ltr'><strong>inimicus</strong></span> <span class='ocrx_word' id='word_1_419' title='bbox 3036 1617 3265 1670; x_wconf 89' lang='lat' dir='ltr'><strong>animam</strong></span> <span class='ocrx_word' id='word_1_420' title='bbox 3289 1633 3458 1671; x_wconf 87' lang='lat' dir='ltr'><strong>meam</strong></span> <span class='ocrx_word' id='word_1_421' title='bbox 3485 1626 3534 1672; x_wconf 90' lang='lat' dir='ltr'><strong>et</strong></span> <span class='ocrx_word' id='word_1_422' title='bbox 3565 1632 3806 1690; x_wconf 88' lang='lat' dir='ltr'><strong>compre-</strong></span> 
     </span>
    </p>
   </div>
   <div class='ocr_carea' id='block_1_65' title="bbox 2434 1705 3692 1775">
    <p class='ocr_par' dir='ltr' id='par_1_65' title="bbox 2434 1705 3692 1775">
     <span class='ocr_line' id='line_1_65' title="bbox 2434 1705 3692 1775; baseline 0.004 -16"><span class='ocrx_word' id='word_1_423' title='bbox 2434 1705 2628 1760; x_wconf 79' lang='lat' dir='ltr'><strong>hendat</strong></span> <span class='ocrx_word' id='word_1_424' title='bbox 2657 1719 2676 1758; x_wconf 89' lang='lat'><strong><em>:</em></strong></span> <span class='ocrx_word' id='word_1_425' title='bbox 2713 1715 2762 1761; x_wconf 89' lang='lat' dir='ltr'><strong>et</strong></span> <span class='ocrx_word' id='word_1_426' title='bbox 2789 1708 3051 1763; x_wconf 86' lang='lat' dir='ltr'><strong>conculcet</strong></span> <span class='ocrx_word' id='word_1_427' title='bbox 3073 1711 3126 1764; x_wconf 87' lang='lat' dir='ltr'><strong>in</strong></span> <span class='ocrx_word' id='word_1_428' title='bbox 3149 1719 3290 1764; x_wconf 86' lang='lat' dir='ltr'><strong>terra</strong></span> <span class='ocrx_word' id='word_1_429' title='bbox 3317 1711 3469 1764; x_wconf 87' lang='lat' dir='ltr'><strong>vitam</strong></span> <span class='ocrx_word' id='word_1_430' title='bbox 3501 1726 3692 1775; x_wconf 87' lang='lat' dir='ltr'><strong>meum,</strong></span> 
     </span>
    </p>
   </div>
   <div class='ocr_carea' id='block_1_66' title="bbox 2363 1794 3808 1922">
    <p class='ocr_par' dir='ltr' id='par_1_66' title="bbox 2363 1794 3808 1922">
     <span class='ocr_line' id='line_1_66' title="bbox 2363 1794 3808 1922; baseline 0.006 -73"><span class='ocrx_word' id='word_1_431' title='bbox 2363 1794 2703 1922; x_wconf 53' lang='lat' dir='ltr'><strong>Et‘agltgziam</strong></span> <span class='ocrx_word' id='word_1_432' title='bbox 2739 1817 2908 1855; x_wconf 87' lang='lat' dir='ltr'><strong>meum</strong></span> <span class='ocrx_word' id='word_1_433' title='bbox 2949 1802 3002 1856; x_wconf 88' lang='lat' dir='ltr'><strong>in</strong></span> <span class='ocrx_word' id='word_1_434' title='bbox 3057 1801 3318 1870; x_wconf 85' lang='lat' dir='ltr'><strong>pulverem</strong></span> <span class='ocrx_word' id='word_1_435' title='bbox 3351 1802 3594 1858; x_wconf 86' lang='lat' dir='ltr'><strong>deducat.</strong></span> <span class='ocrx_word' id='word_1_436' title='bbox 3635 1802 3808 1874; x_wconf 88' lang='lat' dir='ltr'><strong>Diap-</strong></span> 
     </span>
    </p>
   </div>
   <div class='ocr_carea' id='block_1_67' title="bbox 2286 1958 3809 2035">
    <p class='ocr_par' dir='ltr' id='par_1_67' title="bbox 2286 1958 3809 2035">
     <span class='ocr_line' id='line_1_67' title="bbox 2286 1958 3809 2035; baseline 0.004 -19"><span class='ocrx_word' id='word_1_437' title='bbox 2286 1958 2328 2016; x_wconf 95' lang='lat' dir='ltr'><strong>C</strong></span> <span class='ocrx_word' id='word_1_438' title='bbox 2377 1960 2694 2027; x_wconf 82' lang='lat' dir='ltr'><strong>Inimicum,</strong></span> <span class='ocrx_word' id='word_1_439' title='bbox 2749 1962 3021 2019; x_wconf 91' lang='lat' dir='ltr'><strong>diabolum</strong></span> <span class='ocrx_word' id='word_1_440' title='bbox 3070 1963 3226 2029; x_wconf 91' lang='lat' dir='ltr'><strong>dicit,</strong></span> <span class='ocrx_word' id='word_1_441' title='bbox 3289 1965 3381 2035; x_wconf 88' lang='lat' dir='ltr'><strong>qui</strong></span> <span class='ocrx_word' id='word_1_442' title='bbox 3429 1964 3638 2020; x_wconf 89' lang='lat' dir='ltr'><strong>animas</strong></span> <span class='ocrx_word' id='word_1_443' title='bbox 3665 1981 3809 2035; x_wconf 86' lang='lat' dir='ltr'><strong>quas</strong></span> 
     </span>
    </p>
   </div>
   <div class='ocr_carea' id='block_1_68' title="bbox 2218 2052 3807 2125">
    <p class='ocr_par' dir='ltr' id='par_1_68' title="bbox 2218 2052 3807 2125">
     <span class='ocr_line' id='line_1_68' title="bbox 2218 2052 3807 2125; baseline 0.003 -18"><span class='ocrx_word' id='word_1_444' title='bbox 2218 2052 2628 2121; x_wconf 88' lang='lat' dir='ltr'><strong>comprehendit</strong></span> <span class='ocrx_word' id='word_1_445' title='bbox 2672 2054 2926 2120; x_wconf 89' lang='lat' dir='ltr'><strong>conterit,</strong></span> <span class='ocrx_word' id='word_1_446' title='bbox 2959 2055 3084 2125; x_wconf 90' lang='lat' dir='ltr'><strong>quia</strong></span> <span class='ocrx_word' id='word_1_447' title='bbox 3111 2056 3360 2112; x_wconf 89' lang='lat' dir='ltr'><strong>homines</strong></span> <span class='ocrx_word' id='word_1_448' title='bbox 3388 2071 3585 2125; x_wconf 90' lang='lat' dir='ltr'><strong>corpus</strong></span> <span class='ocrx_word' id='word_1_449' title='bbox 3625 2056 3807 2113; x_wconf 87' lang='lat' dir='ltr'><strong>solum</strong></span> 
     </span>
    </p>
   </div>
   <div class='ocr_carea' id='block_1_69' title="bbox 2217 2143 3807 2216">
    <p class='ocr_par' dir='ltr' id='par_1_69' title="bbox 2217 2143 3807 2216">
     <span class='ocr_line' id='line_1_69' title="bbox 2217 2143 3807 2216; baseline 0.002 -17"><span class='ocrx_word' id='word_1_450' title='bbox 2217 2143 2469 2215; x_wconf 88' lang='lat' dir='ltr'><strong>persequi</strong></span> <span class='ocrx_word' id='word_1_451' title='bbox 2498 2152 2747 2214; x_wconf 87' lang='lat' dir='ltr'><strong>possunt,</strong></span> <span class='ocrx_word' id='word_1_452' title='bbox 2777 2145 2872 2200; x_wconf 90' lang='lat' dir='ltr'><strong>sed</strong></span> <span class='ocrx_word' id='word_1_453' title='bbox 2898 2145 3145 2202; x_wconf 89' lang='lat' dir='ltr'><strong>diabolus</strong></span> <span class='ocrx_word' id='word_1_454' title='bbox 3172 2147 3335 2202; x_wconf 88' lang='lat' dir='ltr'><strong>etiam</strong></span> <span class='ocrx_word' id='word_1_455' title='bbox 3366 2146 3623 2210; x_wconf 89' lang='lat' dir='ltr'><strong>animam,</strong></span> <span class='ocrx_word' id='word_1_456' title='bbox 3654 2147 3807 2216; x_wconf 87' lang='lat' dir='ltr'><strong>quod</strong></span> 
     </span>
    </p>
   </div>
   <div class='ocr_carea' id='block_1_70' title="bbox 2218 2233 3804 2304">
    <p class='ocr_par' dir='ltr' id='par_1_70' title="bbox 2218 2233 3804 2304">
     <span class='ocr_line' id='line_1_70' title="bbox 2218 2233 3804 2304; baseline 0.002 -15"><span class='ocrx_word' id='word_1_457' title='bbox 2218 2233 2338 2304; x_wconf 91' lang='lat' dir='ltr'><strong>plus</strong></span> <span class='ocrx_word' id='word_1_458' title='bbox 2381 2243 2482 2290; x_wconf 88' lang='lat' dir='ltr'><strong>est.</strong></span> <span class='ocrx_word' id='word_1_459' title='bbox 2510 2238 2591 2291; x_wconf 89' lang='lat' dir='ltr'><strong>Ac</strong></span> <span class='ocrx_word' id='word_1_460' title='bbox 2635 2235 2680 2291; x_wconf 91' lang='lat' dir='ltr'><strong>si</strong></span> <span class='ocrx_word' id='word_1_461' title='bbox 2714 2235 2973 2303; x_wconf 79' lang='lat' dir='ltr'><strong>dixisset,</strong></span> <span class='ocrx_word' id='word_1_462' title='bbox 3007 2237 3065 2294; x_wconf 92' lang='lat' dir='ltr'><strong>Si</strong></span> <span class='ocrx_word' id='word_1_463' title='bbox 3117 2239 3354 2294; x_wconf 92' lang='lat' dir='ltr'><strong>inimicis</strong></span> <span class='ocrx_word' id='word_1_464' title='bbox 3377 2239 3517 2292; x_wconf 83' lang='lat' dir='ltr'><strong>mala</strong></span> <span class='ocrx_word' id='word_1_465' title='bbox 3564 2238 3804 2304; x_wconf 89' lang='lat' dir='ltr'><strong>reddidi,</strong></span> 
     </span>
    </p>
   </div>
   <div class='ocr_carea' id='block_1_71' title="bbox 2217 2326 3806 2399">
    <p class='ocr_par' dir='ltr' id='par_1_71' title="bbox 2217 2326 3806 2399">
     <span class='ocr_line' id='line_1_71' title="bbox 2217 2326 3806 2399; baseline 0.003 -19"><span class='ocrx_word' id='word_1_466' title='bbox 2217 2327 2363 2398; x_wconf 85' lang='lat' dir='ltr'><strong>quod</strong></span> <span class='ocrx_word' id='word_1_467' title='bbox 2386 2334 2442 2381; x_wconf 91' lang='lat' dir='ltr'><strong>tu</strong></span> <span class='ocrx_word' id='word_1_468' title='bbox 2478 2326 2827 2397; x_wconf 91' lang='lat' dir='ltr'><strong>prohibuisti,</strong></span> <span class='ocrx_word' id='word_1_469' title='bbox 2885 2329 3118 2386; x_wconf 89' lang='lat' dir='ltr'><strong>deducat</strong></span> <span class='ocrx_word' id='word_1_470' title='bbox 3140 2329 3399 2386; x_wconf 89' lang='lat' dir='ltr'><strong>honorem</strong></span> <span class='ocrx_word' id='word_1_471' title='bbox 3434 2329 3667 2399; x_wconf 88' lang='lat' dir='ltr'><strong>suscepti</strong></span> <span class='ocrx_word' id='word_1_472' title='bbox 3701 2329 3806 2384; x_wconf 88' lang='lat' dir='ltr'><strong>ho-</strong></span> 
     </span>
    </p>
   </div>
   <div class='ocr_carea' id='block_1_72' title="bbox 2218 2417 3804 2492">
    <p class='ocr_par' dir='ltr' id='par_1_72' title="bbox 2218 2417 3804 2492">
     <span class='ocr_line' id='line_1_72' title="bbox 2218 2417 3804 2492; baseline 0.001 -20"><span class='ocrx_word' id='word_1_473' title='bbox 2218 2417 2381 2474; x_wconf 83' lang='lat' dir='ltr'><strong>minis</strong></span> <span class='ocrx_word' id='word_1_474' title='bbox 2412 2417 2524 2490; x_wconf 84' lang='lat' dir='ltr'><strong>(qui</strong></span> <span class='ocrx_word' id='word_1_475' title='bbox 2547 2419 2614 2475; x_wconf 90' lang='lat' dir='ltr'><strong>ad</strong></span> <span class='ocrx_word' id='word_1_476' title='bbox 2636 2419 2922 2492; x_wconf 88' lang='lat' dir='ltr'><strong>imaginem</strong></span> <span class='ocrx_word' id='word_1_477' title='bbox 2948 2421 3042 2478; x_wconf 92' lang='lat' dir='ltr'><strong>Dei</strong></span> <span class='ocrx_word' id='word_1_478' title='bbox 3065 2430 3277 2478; x_wconf 88' lang='lat' dir='ltr'><strong>constat</strong></span> <span class='ocrx_word' id='word_1_479' title='bbox 3306 2421 3501 2491; x_wconf 84' lang='lat' dir='ltr'><strong>factus)</strong></span> <span class='ocrx_word' id='word_1_480' title='bbox 3541 2421 3593 2476; x_wconf 93' lang='lat' dir='ltr'><strong>in</strong></span> <span class='ocrx_word' id='word_1_481' title='bbox 3646 2419 3804 2476; x_wconf 91' lang='lat' dir='ltr'><strong>illum</strong></span> 
     </span>
    </p>
   </div>
   <div class='ocr_carea' id='block_1_73' title="bbox 2218 2509 3805 2586">
    <p class='ocr_par' dir='ltr' id='par_1_73' title="bbox 2218 2509 3805 2586">
     <span class='ocr_line' id='line_1_73' title="bbox 2218 2509 3805 2586; baseline 0 -21"><span class='ocrx_word' id='word_1_482' title='bbox 2218 2509 2523 2581; x_wconf 89' lang='lat' dir='ltr'><strong>pulverem,</strong></span> <span class='ocrx_word' id='word_1_483' title='bbox 2573 2528 2732 2582; x_wconf 91' lang='lat' dir='ltr'><strong>quem</strong></span> <span class='ocrx_word' id='word_1_484' title='bbox 2767 2513 2982 2586; x_wconf 88' lang='lat' dir='ltr'><strong>projicit</strong></span> <span class='ocrx_word' id='word_1_485' title='bbox 3012 2523 3206 2570; x_wconf 90' lang='lat' dir='ltr'><strong>ventus</strong></span> <span class='ocrx_word' id='word_1_486' title='bbox 3252 2529 3283 2568; x_wconf 89' lang='lat' dir='ltr'><strong>a</strong></span> <span class='ocrx_word' id='word_1_487' title='bbox 3331 2511 3469 2568; x_wconf 80' lang='lat' dir='ltr'><strong>facie</strong></span> <span class='ocrx_word' id='word_1_488' title='bbox 3521 2520 3702 2577; x_wconf 81' lang='lat' dir='ltr'><strong>terrae,</strong></span> <span class='ocrx_word' id='word_1_489' title='bbox 3751 2511 3805 2566; x_wconf 89' lang='lat' dir='ltr'><strong>id</strong></span> 
     </span>
    </p>
   </div>
   <div class='ocr_carea' id='block_1_74' title="bbox 2219 2599 3260 2676">
    <p class='ocr_par' dir='ltr' id='par_1_74' title="bbox 2219 2599 3260 2676">
     <span class='ocr_line' id='line_1_74' title="bbox 2219 2599 3260 2676; baseline 0.006 -20"><span class='ocrx_word' id='word_1_490' title='bbox 2219 2611 2324 2668; x_wconf 90' lang='lat' dir='ltr'><strong>est,</strong></span> <span class='ocrx_word' id='word_1_491' title='bbox 2354 2604 2505 2672; x_wconf 90' lang='lat' dir='ltr'><strong>quasi</strong></span> <span class='ocrx_word' id='word_1_492' title='bbox 2531 2603 2584 2658; x_wconf 91' lang='lat' dir='ltr'><strong>in</strong></span> <span class='ocrx_word' id='word_1_493' title='bbox 2613 2603 2839 2659; x_wconf 90' lang='lat' dir='ltr'><strong>nihilum</strong></span> <span class='ocrx_word' id='word_1_494' title='bbox 2861 2605 3086 2676; x_wconf 88' lang='lat' dir='ltr'><strong>redigat.</strong></span> <span class='ocrx_word' id='word_1_495' title='bbox 3248 2599 3260 2611; x_wconf 65' lang='grc'><strong>⁸</strong></span> 
     </span>
    </p>
   </div>
   <div class='ocr_carea' id='block_1_75' title="bbox 2258 2691 3606 2766">
    <p class='ocr_par' dir='ltr' id='par_1_75' title="bbox 2258 2691 3606 2766">
     <span class='ocr_line' id='line_1_75' title="bbox 2258 2691 3606 2766; baseline 0.001 -18"><span class='ocrx_word' id='word_1_496' title='bbox 2258 2691 2293 2748; x_wconf 84' lang='grc'>6</span> <span class='ocrx_word' id='word_1_497' title='bbox 2367 2708 2428 2750; x_wconf 68' lang='grc' dir='ltr'><strong>-ι-</strong></span> <span class='ocrx_word' id='word_1_498' title='bbox 2458 2692 2544 2748; x_wconf 78' lang='lat' dir='ltr'><strong>Ea:</strong></span> <span class='ocrx_word' id='word_1_499' title='bbox 2575 2694 2594 2764; x_wconf 74' lang='grc' dir='ltr'>ζ</span> <span class='ocrx_word' id='word_1_500' title='bbox 2625 2711 2798 2765; x_wconf 85' lang='lat' dir='ltr'><strong>surge,</strong></span> <span class='ocrx_word' id='word_1_501' title='bbox 2831 2694 3072 2760; x_wconf 84' lang='lat' dir='ltr'><strong>Domine,</strong></span> <span class='ocrx_word' id='word_1_502' title='bbox 3099 2695 3154 2750; x_wconf 89' lang='lat' dir='ltr'><strong>in</strong></span> <span class='ocrx_word' id='word_1_503' title='bbox 3181 2695 3263 2750; x_wconf 88' lang='lat' dir='ltr'><strong>ira</strong></span> <span class='ocrx_word' id='word_1_504' title='bbox 3291 2703 3401 2760; x_wconf 89' lang='lat' dir='ltr'><strong>tua,</strong></span> <span class='ocrx_word' id='word_1_505' title='bbox 3599 2763 3606 2766; x_wconf 90' lang='lat'><em>_</em></span> 
     </span>
    </p>
   </div>
   <div class='ocr_carea' id='block_1_76' title="bbox 2365 2784 3619 2858">
    <p class='ocr_par' dir='ltr' id='par_1_76' title="bbox 2365 2784 3619 2858">
     <span class='ocr_line' id='line_1_76' title="bbox 2365 2784 3619 2858; baseline 0.001 -20"><span class='ocrx_word' id='word_1_506' title='bbox 2365 2784 2434 2838; x_wconf 84' lang='lat' dir='ltr'><strong>Et</strong></span> <span class='ocrx_word' id='word_1_507' title='bbox 2456 2785 2688 2858; x_wconf 75' lang='lat' dir='ltr'><strong>exaltare</strong></span> <span class='ocrx_word' id='word_1_508' title='bbox 2708 2787 2761 2840; x_wconf 90' lang='lat' dir='ltr'><strong>in</strong></span> <span class='ocrx_word' id='word_1_509' title='bbox 2783 2786 2976 2853; x_wconf 76' lang='lat' dir='ltr'><strong>finibus</strong></span> <span class='ocrx_word' id='word_1_510' title='bbox 3003 2787 3336 2842; x_wconf 87' lang='lat' dir='ltr'><strong>inimicorum</strong></span> <span class='ocrx_word' id='word_1_511' title='bbox 3364 2801 3619 2840; x_wconf 87' lang='lat' dir='ltr'><strong>meorum.</strong></span> 
     </span>
    </p>
   </div>
   <div class='ocr_carea' id='block_1_77' title="bbox 2292 2872 3808 2951">
    <p class='ocr_par' dir='ltr' id='par_1_77' title="bbox 2292 2872 3808 2951">
     <span class='ocr_line' id='line_1_77' title="bbox 2292 2872 3808 2951; baseline 0.001 -21"><span class='ocrx_word' id='word_1_512' title='bbox 2292 2873 2336 2929; x_wconf 73' lang='grc' dir='ltr'><strong>(Ξ</strong></span> <span class='ocrx_word' id='word_1_513' title='bbox 2371 2872 2673 2951; x_wconf 80' lang='lat' dir='ltr'><strong>consurgat</strong></span> <span class='ocrx_word' id='word_1_514' title='bbox 2730 2875 2992 2933; x_wconf 87' lang='lat' dir='ltr'><strong>Dominus</strong></span> <span class='ocrx_word' id='word_1_515' title='bbox 3046 2877 3100 2933; x_wconf 93' lang='lat' dir='ltr'><strong>in</strong></span> <span class='ocrx_word' id='word_1_516' title='bbox 3164 2877 3281 2944; x_wconf 89' lang='lat' dir='ltr'><strong>ira,</strong></span> <span class='ocrx_word' id='word_1_517' title='bbox 3333 2878 3426 2950; x_wconf 91' lang='lat' dir='ltr'><strong>qui</strong></span> <span class='ocrx_word' id='word_1_518' title='bbox 3472 2892 3582 2933; x_wconf 92' lang='lat' dir='ltr'><strong>non</strong></span> <span class='ocrx_word' id='word_1_519' title='bbox 3639 2876 3808 2933; x_wconf 84' lang='lat' dir='ltr'><strong>habet</strong></span> 
     </span>
    </p>
   </div>
   <div class='ocr_carea' id='block_1_78' title="bbox 2221 2963 3804 3042">
    <p class='ocr_par' dir='ltr' id='par_1_78' title="bbox 2221 2963 3804 3042">
     <span class='ocr_line' id='line_1_78' title="bbox 2221 2963 3804 3042; baseline 0.003 -22"><span class='ocrx_word' id='word_1_520' title='bbox 2221 2963 2380 3035; x_wconf 86' lang='lat' dir='ltr'><strong>iram,</strong></span> <span class='ocrx_word' id='word_1_521' title='bbox 2424 2966 2486 3042; x_wconf 65' lang='lat' dir='ltr'><strong>id</strong></span> <span class='ocrx_word' id='word_1_522' title='bbox 2523 2975 2607 3023; x_wconf 88' lang='lat' dir='ltr'><strong>est</strong></span> <span class='ocrx_word' id='word_1_523' title='bbox 2655 2966 2709 3022; x_wconf 92' lang='lat' dir='ltr'><strong>in</strong></span> <span class='ocrx_word' id='word_1_524' title='bbox 2757 2968 3073 3024; x_wconf 88' lang='lat' dir='ltr'><strong>vindictam.</strong></span> <span class='ocrx_word' id='word_1_525' title='bbox 3117 2966 3162 3023; x_wconf 80' lang='grc' dir='ltr'><em>Η</em></span> <span class='ocrx_word' id='word_1_526' title='bbox 3192 2969 3393 3026; x_wconf 81' lang='lat' dir='ltr'><strong>Verum</strong></span> <span class='ocrx_word' id='word_1_527' title='bbox 3422 2969 3536 3024; x_wconf 66' lang='lat' dir='ltr'><strong>haec</strong></span> <span class='ocrx_word' id='word_1_528' title='bbox 3561 2967 3804 3024; x_wconf 86' lang='lat' dir='ltr'><strong>vindicta</strong></span> 
     </span>
    </p>
   </div>
   <div class='ocr_carea' id='block_1_79' title="bbox 2221 3057 3803 3131">
    <p class='ocr_par' dir='ltr' id='par_1_79' title="bbox 2221 3057 3803 3131">
     <span class='ocr_line' id='line_1_79' title="bbox 2221 3057 3803 3131; baseline 0 -19"><span class='ocrx_word' id='word_1_529' title='bbox 2221 3072 2341 3129; x_wconf 81' lang='lat' dir='ltr'><strong>quze</strong></span> <span class='ocrx_word' id='word_1_530' title='bbox 2361 3057 2560 3114; x_wconf 90' lang='lat' dir='ltr'><strong>dicitur</strong></span> <span class='ocrx_word' id='word_1_531' title='bbox 2586 3058 2687 3126; x_wconf 88' lang='lat' dir='ltr'><strong>ira,</strong></span> <span class='ocrx_word' id='word_1_532' title='bbox 2715 3060 2769 3114; x_wconf 93' lang='lat' dir='ltr'><strong>in</strong></span> <span class='ocrx_word' id='word_1_533' title='bbox 2786 3059 3054 3116; x_wconf 90' lang='lat' dir='ltr'><strong>diabolum</strong></span> <span class='ocrx_word' id='word_1_534' title='bbox 3080 3060 3261 3131; x_wconf 91' lang='lat' dir='ltr'><strong>potius</strong></span> <span class='ocrx_word' id='word_1_535' title='bbox 3285 3059 3445 3115; x_wconf 86' lang='lat' dir='ltr'><strong>debet</strong></span> <span class='ocrx_word' id='word_1_536' title='bbox 3469 3059 3663 3126; x_wconf 89' lang='lat' dir='ltr'><strong>averti,</strong></span> <span class='ocrx_word' id='word_1_537' title='bbox 3704 3058 3803 3130; x_wconf 91' lang='lat' dir='ltr'><strong>qui</strong></span> 
     </span>
    </p>
   </div>
   <div class='ocr_carea' id='block_1_80' title="bbox 2222 3149 3810 3224">
    <p class='ocr_par' dir='ltr' id='par_1_80' title="bbox 2222 3149 3810 3224">
     <span class='ocr_line' id='line_1_80' title="bbox 2222 3149 3810 3224; baseline 0.002 -19"><span class='ocrx_word' id='word_1_538' title='bbox 2222 3149 2384 3207; x_wconf 88' lang='lat' dir='ltr'><strong>toties</strong></span> <span class='ocrx_word' id='word_1_539' title='bbox 2423 3150 2665 3222; x_wconf 90' lang='lat' dir='ltr'><strong>punitur,</strong></span> <span class='ocrx_word' id='word_1_540' title='bbox 2713 3152 2924 3222; x_wconf 88' lang='lat' dir='ltr'><strong>quoties</strong></span> <span class='ocrx_word' id='word_1_541' title='bbox 2963 3153 3064 3210; x_wconf 85' lang='lat' dir='ltr'><strong>sibi</strong></span> <span class='ocrx_word' id='word_1_542' title='bbox 3095 3160 3344 3224; x_wconf 90' lang='lat' dir='ltr'><strong>peccator</strong></span> <span class='ocrx_word' id='word_1_543' title='bbox 3367 3152 3616 3222; x_wconf 91' lang='lat' dir='ltr'><strong>eripitur,</strong></span> <span class='ocrx_word' id='word_1_544' title='bbox 3643 3152 3810 3208; x_wconf 91' lang='lat' dir='ltr'><strong>utsic</strong></span> 
     </span>
    </p>
   </div>
   <div class='ocr_carea' id='block_1_81' title="bbox 2220 3241 3810 3315">
    <p class='ocr_par' dir='ltr' id='par_1_81' title="bbox 2220 3241 3810 3315">
     <span class='ocr_line' id='line_1_81' title="bbox 2220 3241 3810 3315; baseline -0.001 -17"><span class='ocrx_word' id='word_1_545' title='bbox 2220 3241 2426 3298; x_wconf 90' lang='lat' dir='ltr'><strong>inimici</strong></span> <span class='ocrx_word' id='word_1_546' title='bbox 2474 3242 2624 3297; x_wconf 90' lang='lat' dir='ltr'><strong>illum</strong></span> <span class='ocrx_word' id='word_1_547' title='bbox 2652 3243 2888 3299; x_wconf 86' lang='lat' dir='ltr'><strong>sentiant</strong></span> <span class='ocrx_word' id='word_1_548' title='bbox 2926 3259 3025 3315; x_wconf 90' lang='lat' dir='ltr'><strong>per</strong></span> <span class='ocrx_word' id='word_1_549' title='bbox 3069 3244 3384 3310; x_wconf 87' lang='lat' dir='ltr'><strong>vindictam,</strong></span> <span class='ocrx_word' id='word_1_550' title='bbox 3431 3256 3592 3312; x_wconf 89' lang='lat' dir='ltr'><strong>quem</strong></span> <span class='ocrx_word' id='word_1_551' title='bbox 3621 3242 3810 3297; x_wconf 88' lang='lat' dir='ltr'><strong>nolue-</strong></span> 
     </span>
    </p>
   </div>
   <div class='ocr_carea' id='block_1_82' title="bbox 2218 3329 3807 3402">
    <p class='ocr_par' dir='ltr' id='par_1_82' title="bbox 2218 3329 3807 3402">
     <span class='ocr_line' id='line_1_82' title="bbox 2218 3329 3807 3402; baseline -0.003 -14"><span class='ocrx_word' id='word_1_552' title='bbox 2218 3341 2348 3389; x_wconf 87' lang='lat' dir='ltr'><strong>runt</strong></span> <span class='ocrx_word' id='word_1_553' title='bbox 2371 3346 2468 3402; x_wconf 89' lang='lat' dir='ltr'><strong>per</strong></span> <span class='ocrx_word' id='word_1_554' title='bbox 2501 3332 2786 3389; x_wconf 89' lang='lat' dir='ltr'><strong>beneﬁcia.</strong></span> <span class='ocrx_word' id='word_1_555' title='bbox 2829 3332 2870 3389; x_wconf 92' lang='lat' dir='ltr'><strong>C</strong></span> <span class='ocrx_word' id='word_1_556' title='bbox 2897 3331 3182 3388; x_wconf 86' lang='lat' dir='ltr'><strong>Exaltatur</strong></span> <span class='ocrx_word' id='word_1_557' title='bbox 3217 3332 3382 3396; x_wconf 90' lang='lat' dir='ltr'><strong>Deus,</strong></span> <span class='ocrx_word' id='word_1_558' title='bbox 3426 3329 3646 3399; x_wconf 88' lang='lat' dir='ltr'><strong>quando</strong></span> <span class='ocrx_word' id='word_1_559' title='bbox 3663 3345 3807 3384; x_wconf 85' lang='lat' dir='ltr'><strong>con-</strong></span> 
     </span>
    </p>
   </div>
   <div class='ocr_carea' id='block_1_83' title="bbox 2219 3418 3803 3492">
    <p class='ocr_par' dir='ltr' id='par_1_83' title="bbox 2219 3418 3803 3492">
     <span class='ocr_line' id='line_1_83' title="bbox 2219 3418 3803 3492; baseline -0.001 -16"><span class='ocrx_word' id='word_1_560' title='bbox 2219 3422 2394 3479; x_wconf 86' lang='lat' dir='ltr'><strong>versis</strong></span> <span class='ocrx_word' id='word_1_561' title='bbox 2435 3423 2810 3492; x_wconf 88' lang='lat' dir='ltr'><strong>peccatoribus</strong></span> <span class='ocrx_word' id='word_1_562' title='bbox 2859 3421 3128 3478; x_wconf 80' lang='lat' dir='ltr'><strong>confessio</strong></span> <span class='ocrx_word' id='word_1_563' title='bbox 3157 3421 3331 3477; x_wconf 88' lang='lat' dir='ltr'><strong>laudis</strong></span> <span class='ocrx_word' id='word_1_564' title='bbox 3359 3418 3585 3476; x_wconf 77' lang='lat' dir='ltr'><strong>oﬁ’ertur</strong></span> <span class='ocrx_word' id='word_1_565' title='bbox 3635 3418 3803 3476; x_wconf 86' lang='lat' dir='ltr'><strong>Chri-</strong></span> 
     </span>
    </p>
   </div>
   <div class='ocr_carea' id='block_1_84' title="bbox 2218 3509 3803 3588">
    <p class='ocr_par' dir='ltr' id='par_1_84' title="bbox 2218 3509 3803 3588">
     <span class='ocr_line' id='line_1_84' title="bbox 2218 3509 3803 3588; baseline -0.003 -19"><span class='ocrx_word' id='word_1_566' title='bbox 2218 3522 2340 3581; x_wconf 88' lang='lat' dir='ltr'><strong>sto;</strong></span> <span class='ocrx_word' id='word_1_567' title='bbox 2380 3523 2437 3569; x_wconf 93' lang='lat' dir='ltr'><strong>et</strong></span> <span class='ocrx_word' id='word_1_568' title='bbox 2485 3513 2712 3570; x_wconf 76' lang='lat' dir='ltr'><strong>boczln</strong></span> <span class='ocrx_word' id='word_1_569' title='bbox 2765 3513 2980 3580; x_wconf 77' lang='lat' dir='ltr'><strong>ﬁnibus,</strong></span> <span class='ocrx_word' id='word_1_570' title='bbox 3033 3512 3086 3568; x_wconf 89' lang='lat' dir='ltr'><strong>id</strong></span> <span class='ocrx_word' id='word_1_571' title='bbox 3108 3521 3192 3570; x_wconf 88' lang='lat' dir='ltr'><strong>est</strong></span> <span class='ocrx_word' id='word_1_572' title='bbox 3215 3511 3554 3588; x_wconf 87' lang='lat' dir='ltr'><strong>possessione</strong></span> <span class='ocrx_word' id='word_1_573' title='bbox 3578 3509 3803 3577; x_wconf 88' lang='lat' dir='ltr'><strong>diaboli,</strong></span> 
     </span>
    </p>
   </div>
   <div class='ocr_carea' id='block_1_85' title="bbox 2219 3601 3805 3675">
    <p class='ocr_par' dir='ltr' id='par_1_85' title="bbox 2219 3601 3805 3675">
     <span class='ocr_line' id='line_1_85' title="bbox 2219 3601 3805 3675; baseline -0.003 -16"><span class='ocrx_word' id='word_1_574' title='bbox 2219 3604 2274 3659; x_wconf 90' lang='lat' dir='ltr'><strong>in</strong></span> <span class='ocrx_word' id='word_1_575' title='bbox 2303 3619 2409 3674; x_wconf 91' lang='lat' dir='ltr'><strong>qua</strong></span> <span class='ocrx_word' id='word_1_576' title='bbox 2441 3603 2628 3675; x_wconf 89' lang='lat' dir='ltr'><strong>utique</strong></span> <span class='ocrx_word' id='word_1_577' title='bbox 2652 3603 2922 3660; x_wconf 81' lang='lat' dir='ltr'><strong>exaltatur</strong></span> <span class='ocrx_word' id='word_1_578' title='bbox 2950 3602 3224 3670; x_wconf 90' lang='lat' dir='ltr'><strong>Christus,</strong></span> <span class='ocrx_word' id='word_1_579' title='bbox 3278 3601 3408 3658; x_wconf 91' lang='lat' dir='ltr'><strong>dum</strong></span> <span class='ocrx_word' id='word_1_580' title='bbox 3458 3615 3489 3656; x_wconf 89' lang='lat' dir='ltr'><strong>a</strong></span> <span class='ocrx_word' id='word_1_581' title='bbox 3520 3601 3805 3657; x_wconf 85' lang='lat' dir='ltr'><strong>conversis</strong></span> 
     </span>
    </p>
   </div>
   <div class='ocr_carea' id='block_1_86' title="bbox 2218 3695 2488 3752">
    <p class='ocr_par' dir='ltr' id='par_1_86' title="bbox 2218 3695 2488 3752">
     <span class='ocr_line' id='line_1_86' title="bbox 2218 3695 2488 3752; baseline 0 -1"><span class='ocrx_word' id='word_1_582' title='bbox 2218 3695 2488 3752; x_wconf 90' lang='lat' dir='ltr'><strong>laudatur.</strong></span> 
     </span>
    </p>
   </div>
   <div class='ocr_carea' id='block_1_87' title="bbox 2257 3783 3803 3857">
    <p class='ocr_par' dir='ltr' id='par_1_87' title="bbox 2257 3783 3803 3857">
     <span class='ocr_line' id='line_1_87' title="bbox 2257 3783 3803 3857; baseline -0.002 -17"><span class='ocrx_word' id='word_1_583' title='bbox 2257 3788 2290 3840; x_wconf 90' lang='lat'>7</span> <span class='ocrx_word' id='word_1_584' title='bbox 2359 3786 2388 3821; x_wconf 67' lang='grc'>⁸</span> <span class='ocrx_word' id='word_1_585' title='bbox 2413 3785 2480 3840; x_wconf 87' lang='lat' dir='ltr'><strong>Et</strong></span> <span class='ocrx_word' id='word_1_586' title='bbox 2512 3805 2530 3841; x_wconf 85' lang='lat'><strong><em>:</em></strong></span> <span class='ocrx_word' id='word_1_587' title='bbox 2561 3802 2777 3857; x_wconf 71' lang='lat' dir='ltr'><strong>exsurge</strong></span> <span class='ocrx_word' id='word_1_588' title='bbox 2805 3801 2894 3852; x_wconf 59' lang='grc' dir='ltr'><strong>ψ,</strong></span> <span class='ocrx_word' id='word_1_589' title='bbox 2918 3785 3140 3842; x_wconf 87' lang='lat' dir='ltr'><strong>Domine</strong></span> <span class='ocrx_word' id='word_1_590' title='bbox 3178 3785 3320 3841; x_wconf 90' lang='lat' dir='ltr'><strong>Deus</strong></span> <span class='ocrx_word' id='word_1_591' title='bbox 3359 3799 3502 3840; x_wconf 89' lang='lat' dir='ltr'><strong>meus</strong></span> <span class='ocrx_word' id='word_1_592' title='bbox 3536 3783 3554 3852; x_wconf 73' lang='grc' dir='ltr'>ζ</span> <span class='ocrx_word' id='word_1_593' title='bbox 3584 3783 3642 3836; x_wconf 88' lang='lat' dir='ltr'><strong>in</strong></span> <span class='ocrx_word' id='word_1_594' title='bbox 3664 3797 3803 3853; x_wconf 80' lang='lat' dir='ltr'><strong>pra:-</strong></span> 
     </span>
    </p>
   </div>
   <div class='ocr_carea' id='block_1_88' title="bbox 2430 3877 3050 3948">
    <p class='ocr_par' dir='ltr' id='par_1_88' title="bbox 2430 3877 3050 3948">
     <span class='ocr_line' id='line_1_88' title="bbox 2430 3877 3050 3948; baseline 0 -18"><span class='ocrx_word' id='word_1_595' title='bbox 2430 3887 2575 3948; x_wconf 86' lang='lat' dir='ltr'><strong>cepto</strong></span> <span class='ocrx_word' id='word_1_596' title='bbox 2597 3878 2736 3947; x_wconf 87' lang='lat' dir='ltr'><strong>quod</strong></span> <span class='ocrx_word' id='word_1_597' title='bbox 2766 3877 3050 3944; x_wconf 86' lang='lat' dir='ltr'><strong>mandasti,</strong></span> 
     </span>
    </p>
   </div>
   <div class='ocr_carea' id='block_1_89' title="bbox 2358 3966 3502 4041">
    <p class='ocr_par' dir='ltr' id='par_1_89' title="bbox 2358 3966 3502 4041">
     <span class='ocr_line' id='line_1_89' title="bbox 2358 3966 3502 4041; baseline -0.001 -21"><span class='ocrx_word' id='word_1_598' title='bbox 2358 3966 2428 4022; x_wconf 86' lang='lat' dir='ltr'><strong>Et</strong></span> <span class='ocrx_word' id='word_1_599' title='bbox 2453 3985 2716 4041; x_wconf 83' lang='lat' dir='ltr'><strong>synagoga</strong></span> <span class='ocrx_word' id='word_1_600' title='bbox 2735 3968 3046 4040; x_wconf 83' lang='lat' dir='ltr'><strong>populorum</strong></span> <span class='ocrx_word' id='word_1_601' title='bbox 3068 3966 3410 4022; x_wconf 85' lang='lat' dir='ltr'><strong>circumdabit</strong></span> <span class='ocrx_word' id='word_1_602' title='bbox 3433 3974 3502 4020; x_wconf 86' lang='lat' dir='ltr'><strong>te.</strong></span> 
     </span>
    </p>
   </div>
   <div class='ocr_carea' id='block_1_90' title="bbox 2289 4054 3799 4128">
    <p class='ocr_par' dir='ltr' id='par_1_90' title="bbox 2289 4054 3799 4128">
     <span class='ocr_line' id='line_1_90' title="bbox 2289 4054 3799 4128; baseline -0.003 -14"><span class='ocrx_word' id='word_1_603' title='bbox 2289 4055 2330 4114; x_wconf 92' lang='lat' dir='ltr'><strong>C</strong></span> <span class='ocrx_word' id='word_1_604' title='bbox 2374 4058 2644 4114; x_wconf 87' lang='lat' dir='ltr'><strong>Mandavit</strong></span> <span class='ocrx_word' id='word_1_605' title='bbox 2708 4059 2966 4114; x_wconf 90' lang='lat' dir='ltr'><strong>Dominus</strong></span> <span class='ocrx_word' id='word_1_606' title='bbox 3011 4059 3065 4113; x_wconf 91' lang='lat' dir='ltr'><strong>in</strong></span> <span class='ocrx_word' id='word_1_607' title='bbox 3116 4067 3408 4128; x_wconf 76' lang='lat' dir='ltr'><strong>praecepto,</strong></span> <span class='ocrx_word' id='word_1_608' title='bbox 3464 4056 3567 4111; x_wconf 92' lang='lat' dir='ltr'><strong>hoc</strong></span> <span class='ocrx_word' id='word_1_609' title='bbox 3601 4063 3705 4121; x_wconf 90' lang='lat' dir='ltr'><strong>est,</strong></span> <span class='ocrx_word' id='word_1_610' title='bbox 3745 4054 3799 4120; x_wconf 87' lang='lat' dir='ltr'><strong>in</strong></span> 
     </span>
    </p>
   </div>
   <div class='ocr_carea' id='block_1_91' title="bbox 2217 4144 3799 4220">
    <p class='ocr_par' dir='ltr' id='par_1_91' title="bbox 2217 4144 3799 4220">
     <span class='ocr_line' id='line_1_91' title="bbox 2217 4144 3799 4220; baseline -0.001 -19"><span class='ocrx_word' id='word_1_611' title='bbox 2217 4146 2506 4220; x_wconf 88' lang='lat' dir='ltr'><strong>Evangelio</strong></span> <span class='ocrx_word' id='word_1_612' title='bbox 2536 4148 2811 4219; x_wconf 90' lang='lat' dir='ltr'><strong>discipulis</strong></span> <span class='ocrx_word' id='word_1_613' title='bbox 2835 4167 2847 4202; x_wconf 90' lang='lat'><strong>:</strong></span> <span class='ocrx_word' id='word_1_614' title='bbox 2881 4148 3040 4204; x_wconf 89' lang='lat' dir='ltr'><strong>tertia</strong></span> <span class='ocrx_word' id='word_1_615' title='bbox 3064 4148 3150 4202; x_wconf 90' lang='lat' dir='ltr'><strong>die</strong></span> <span class='ocrx_word' id='word_1_616' title='bbox 3178 4161 3474 4219; x_wconf 88' lang='lat' dir='ltr'><strong>resurgam,</strong></span> <span class='ocrx_word' id='word_1_617' title='bbox 3497 4144 3799 4217; x_wconf 86' lang='lat' dir='ltr'><strong>praecedam</strong></span> 
     </span>
    </p>
   </div>
   <div class='ocr_carea' id='block_1_92' title="bbox 2215 4228 3798 4309">
    <p class='ocr_par' dir='ltr' id='par_1_92' title="bbox 2215 4228 3798 4309">
     <span class='ocr_line' id='line_1_92' title="bbox 2215 4228 3798 4309; baseline -0.004 -13"><span class='ocrx_word' id='word_1_618' title='bbox 2215 4255 2315 4296; x_wconf 89' lang='lat' dir='ltr'><strong>vos</strong></span> <span class='ocrx_word' id='word_1_619' title='bbox 2357 4241 2410 4294; x_wconf 91' lang='lat' dir='ltr'><strong>in</strong></span> <span class='ocrx_word' id='word_1_620' title='bbox 2441 4238 2723 4304; x_wconf 87' lang='lat' dir='ltr'><strong>Galileam,</strong></span> <span class='ocrx_word' id='word_1_621' title='bbox 2790 4240 2925 4295; x_wconf 88' lang='lat' dir='ltr'><strong>dixit</strong></span> <span class='ocrx_word' id='word_1_622' title='bbox 2969 4255 3098 4296; x_wconf 83' lang='lat' dir='ltr'><strong>vero</strong></span> <span class='ocrx_word' id='word_1_623' title='bbox 3136 4228 3353 4309; x_wconf 75' lang='lat' dir='ltr'><strong>prupter</strong></span> <span class='ocrx_word' id='word_1_624' title='bbox 3423 4237 3798 4293; x_wconf 87' lang='lat' dir='ltr'><strong>certitudinem</strong></span> 
     </span>
    </p>
   </div>
   <div class='ocr_carea' id='block_1_93' title="bbox 2217 4319 3799 4404">
    <p class='ocr_par' dir='ltr' id='par_1_93' title="bbox 2217 4319 3799 4404">
     <span class='ocr_line' id='line_1_93' title="bbox 2217 4319 3799 4404; baseline -0.003 -17"><span class='ocrx_word' id='word_1_625' title='bbox 2217 4319 2513 4403; x_wconf 81' lang='lat' dir='ltr'><strong>prophetiae</strong></span> <span class='ocrx_word' id='word_1_626' title='bbox 2533 4333 2868 4402; x_wconf 62' lang='lat' dir='ltr'><strong>praeteritum</strong></span> <span class='ocrx_word' id='word_1_627' title='bbox 2889 4349 2988 4404; x_wconf 90' lang='lat' dir='ltr'><strong>pro</strong></span> <span class='ocrx_word' id='word_1_628' title='bbox 3018 4333 3214 4388; x_wconf 79' lang='lat' dir='ltr'><strong>futuro.</strong></span> <span class='ocrx_word' id='word_1_629' title='bbox 3249 4331 3548 4401; x_wconf 79' lang='lat' dir='ltr'><strong>Synagoga,</strong></span> <span class='ocrx_word' id='word_1_630' title='bbox 3579 4330 3664 4384; x_wconf 93' lang='lat' dir='ltr'><strong>hic</strong></span> <span class='ocrx_word' id='word_1_631' title='bbox 3691 4328 3799 4383; x_wconf 92' lang='lat' dir='ltr'><strong>col-</strong></span> 
     </span>
    </p>
   </div>
   <div class='ocr_carea' id='block_1_94' title="bbox 2218 4422 3802 4497">
    <p class='ocr_par' dir='ltr' id='par_1_94' title="bbox 2218 4422 3802 4497">
     <span class='ocr_line' id='line_1_94' title="bbox 2218 4422 3802 4497; baseline -0.003 -17"><span class='ocrx_word' id='word_1_632' title='bbox 2218 4427 2502 4482; x_wconf 90' lang='lat' dir='ltr'><strong>lectionem</strong></span> <span class='ocrx_word' id='word_1_633' title='bbox 2532 4422 2707 4497; x_wconf 84' lang='lat' dir='ltr'><strong>signat</strong></span> <span class='ocrx_word' id='word_1_634' title='bbox 2727 4427 3102 4496; x_wconf 90' lang='lat' dir='ltr'><strong>reproborum,</strong></span> <span class='ocrx_word' id='word_1_635' title='bbox 3125 4439 3245 4495; x_wconf 76' lang='lat' dir='ltr'><strong>qua:</strong></span> <span class='ocrx_word' id='word_1_636' title='bbox 3263 4423 3537 4479; x_wconf 81' lang='lat' dir='ltr'><strong>Christum</strong></span> <span class='ocrx_word' id='word_1_637' title='bbox 3569 4422 3802 4477; x_wconf 90' lang='lat' dir='ltr'><strong>circum-</strong></span> 
     </span>
    </p>
   </div>
   <div class='ocr_carea' id='block_1_95' title="bbox 2219 4510 3798 4586">
    <p class='ocr_par' dir='ltr' id='par_1_95' title="bbox 2219 4510 3798 4586">
     <span class='ocr_line' id='line_1_95' title="bbox 2219 4510 3798 4586; baseline -0.005 -16"><span class='ocrx_word' id='word_1_638' title='bbox 2219 4517 2403 4583; x_wconf 85' lang='lat' dir='ltr'><strong>dabat,</strong></span> <span class='ocrx_word' id='word_1_639' title='bbox 2462 4533 2570 4573; x_wconf 88' lang='lat' dir='ltr'><strong>non</strong></span> <span class='ocrx_word' id='word_1_640' title='bbox 2599 4516 2890 4584; x_wconf 87' lang='lat' dir='ltr'><strong>credendo,</strong></span> <span class='ocrx_word' id='word_1_641' title='bbox 2937 4526 3159 4586; x_wconf 92' lang='lat' dir='ltr'><strong>propter</strong></span> <span class='ocrx_word' id='word_1_642' title='bbox 3195 4514 3424 4570; x_wconf 85' lang='lat' dir='ltr'><strong>rebelles</strong></span> <span class='ocrx_word' id='word_1_643' title='bbox 3468 4511 3682 4567; x_wconf 66' lang='lat' dir='ltr'><strong>Judazos</strong></span> <span class='ocrx_word' id='word_1_644' title='bbox 3707 4510 3798 4580; x_wconf 93' lang='lat' dir='ltr'><strong>qui</strong></span> 
     </span>
    </p>
   </div>
   <div class='ocr_carea' id='block_1_96' title="bbox 2220 4603 3796 4679">
    <p class='ocr_par' dir='ltr' id='par_1_96' title="bbox 2220 4603 3796 4679">
     <span class='ocr_line' id='line_1_96' title="bbox 2220 4603 3796 4679; baseline -0.007 -12"><span class='ocrx_word' id='word_1_645' title='bbox 2220 4611 2496 4667; x_wconf 90' lang='lat' dir='ltr'><strong>Christum</strong></span> <span class='ocrx_word' id='word_1_646' title='bbox 2527 4611 3010 4679; x_wconf 86' lang='lat' dir='ltr'><strong>persequebantur.</strong></span> <span class='ocrx_word' id='word_1_647' title='bbox 3034 4607 3080 4662; x_wconf 82' lang='lat' dir='ltr'><strong>Il</strong></span> <span class='ocrx_word' id='word_1_648' title='bbox 3101 4605 3197 4661; x_wconf 86' lang='lat' dir='ltr'><strong>Vel</strong></span> <span class='ocrx_word' id='word_1_649' title='bbox 3221 4606 3522 4678; x_wconf 84' lang='lat' dir='ltr'><strong>Synagoga,</strong></span> <span class='ocrx_word' id='word_1_650' title='bbox 3546 4603 3796 4676; x_wconf 91' lang='lat' dir='ltr'><strong>populum</strong></span> 
     </span>
    </p>
   </div>
   <div class='ocr_carea' id='block_1_97' title="bbox 2222 4697 3798 4773">
    <p class='ocr_par' dir='ltr' id='par_1_97' title="bbox 2222 4697 3798 4773">
     <span class='ocr_line' id='line_1_97' title="bbox 2222 4697 3798 4773; baseline -0.006 -16"><span class='ocrx_word' id='word_1_651' title='bbox 2222 4701 2462 4757; x_wconf 91' lang='lat' dir='ltr'><strong>ﬁdelium</strong></span> <span class='ocrx_word' id='word_1_652' title='bbox 2486 4699 2777 4773; x_wconf 88' lang='lat' dir='ltr'><strong>signiﬁcat,</strong></span> <span class='ocrx_word' id='word_1_653' title='bbox 2814 4701 2904 4770; x_wconf 90' lang='lat' dir='ltr'><strong>qui</strong></span> <span class='ocrx_word' id='word_1_654' title='bbox 2933 4699 3220 4766; x_wconf 87' lang='lat' dir='ltr'><strong>credendo,</strong></span> <span class='ocrx_word' id='word_1_655' title='bbox 3248 4697 3524 4754; x_wconf 89' lang='lat' dir='ltr'><strong>Christum</strong></span> <span class='ocrx_word' id='word_1_656' title='bbox 3567 4703 3691 4766; x_wconf 90' lang='lat' dir='ltr'><strong>post</strong></span> <span class='ocrx_word' id='word_1_657' title='bbox 3717 4707 3798 4748; x_wconf 89' lang='lat' dir='ltr'><strong>re-</strong></span> 
     </span>
    </p>
   </div>
   <div class='ocr_carea' id='block_1_98' title="bbox 2221 4791 3131 4849">
    <p class='ocr_par' dir='ltr' id='par_1_98' title="bbox 2221 4791 3131 4849">
     <span class='ocr_line' id='line_1_98' title="bbox 2221 4791 3131 4849; baseline -0.004 0"><span class='ocrx_word' id='word_1_658' title='bbox 2221 4794 2612 4849; x_wconf 86' lang='lat' dir='ltr'><strong>surrectionem</strong></span> <span class='ocrx_word' id='word_1_659' title='bbox 2637 4791 3131 4848; x_wconf 89' lang='lat' dir='ltr'><strong>circumdederunt.</strong></span> 
     </span>
    </p>
   </div>
   <div class='ocr_carea' id='block_1_99' title="bbox 2251 4882 3439 4962">
    <p class='ocr_par' dir='ltr' id='par_1_99' title="bbox 2251 4882 3439 4962">
     <span class='ocr_line' id='line_1_99' title="bbox 2251 4882 3439 4962; baseline -0.005 -21"><span class='ocrx_word' id='word_1_660' title='bbox 2251 4886 2286 4941; x_wconf 90' lang='lat'><strong>8</strong></span> <span class='ocrx_word' id='word_1_661' title='bbox 2358 4884 2425 4939; x_wconf 86' lang='lat' dir='ltr'><strong>Et</strong></span> <span class='ocrx_word' id='word_1_662' title='bbox 2459 4894 2669 4955; x_wconf 88' lang='lat' dir='ltr'><strong>propter</strong></span> <span class='ocrx_word' id='word_1_663' title='bbox 2693 4884 2828 4938; x_wconf 83' lang='lat' dir='ltr'><strong>hanc</strong></span> <span class='ocrx_word' id='word_1_664' title='bbox 2857 4885 2911 4940; x_wconf 86' lang='lat' dir='ltr'><strong>in</strong></span> <span class='ocrx_word' id='word_1_665' title='bbox 2931 4883 3098 4962; x_wconf 74' lang='lat' dir='ltr'><strong>altum</strong></span> <span class='ocrx_word' id='word_1_666' title='bbox 3134 4882 3439 4954; x_wconf 81' lang='lat' dir='ltr'><strong>regredere;</strong></span> 
     </span>
    </p>
   </div>
   <div class='ocr_carea' id='block_1_100' title="bbox 2364 4976 3114 5049">
    <p class='ocr_par' dir='ltr' id='par_1_100' title="bbox 2364 4976 3114 5049">
     <span class='ocr_line' id='line_1_100' title="bbox 2364 4976 3114 5049; baseline -0.008 -15"><span class='ocrx_word' id='word_1_667' title='bbox 2364 4978 2620 5034; x_wconf 86' lang='lat' dir='ltr'><strong>Dominus</strong></span> <span class='ocrx_word' id='word_1_668' title='bbox 2639 4976 2846 5049; x_wconf 87' lang='lat' dir='ltr'><strong>judicat</strong></span> <span class='ocrx_word' id='word_1_669' title='bbox 2875 4977 3114 5048; x_wconf 89' lang='lat' dir='ltr'><strong>populos.</strong></span> 
     </span>
    </p>
   </div>
   <div class='ocr_carea' id='block_1_101' title="bbox 2289 5062 3799 5150">
    <p class='ocr_par' dir='ltr' id='par_1_101' title="bbox 2289 5062 3799 5150">
     <span class='ocr_line' id='line_1_101' title="bbox 2289 5062 3799 5150; baseline -0.007 -23"><span class='ocrx_word' id='word_1_670' title='bbox 2289 5071 2330 5127; x_wconf 97' lang='lat' dir='ltr'><strong>C</strong></span> <span class='ocrx_word' id='word_1_671' title='bbox 2360 5071 2588 5142; x_wconf 90' lang='lat' dir='ltr'><strong>Propter</strong></span> <span class='ocrx_word' id='word_1_672' title='bbox 2626 5070 2798 5134; x_wconf 89' lang='lat' dir='ltr'><strong>hanc,</strong></span> <span class='ocrx_word' id='word_1_673' title='bbox 2854 5069 2909 5124; x_wconf 93' lang='lat' dir='ltr'><strong>id</strong></span> <span class='ocrx_word' id='word_1_674' title='bbox 2931 5077 3015 5123; x_wconf 88' lang='lat' dir='ltr'><strong>est</strong></span> <span class='ocrx_word' id='word_1_675' title='bbox 3044 5067 3405 5138; x_wconf 81' lang='lat' dir='ltr'><strong>Synagogam,</strong></span> <span class='ocrx_word' id='word_1_676' title='bbox 3434 5066 3487 5120; x_wconf 90' lang='lat' dir='ltr'><strong>in</strong></span> <span class='ocrx_word' id='word_1_677' title='bbox 3515 5079 3620 5134; x_wconf 90' lang='lat' dir='ltr'><strong>qua</strong></span> <span class='ocrx_word' id='word_1_678' title='bbox 3649 5062 3799 5150; x_wconf 39' lang='lat' dir='ltr'><strong>habi:</strong></span> 
     </span>
    </p>
   </div>
   <div class='ocr_carea' id='block_1_102' title="bbox 2223 5154 3798 5208">
    <p class='ocr_par' dir='ltr' id='par_1_102' title="bbox 2223 5154 3798 5208">
     <span class='ocr_line' id='line_1_102' title="bbox 2223 5154 3798 5208; baseline 0 0"><span class='ocrx_word' id='word_1_679' title='bbox 2223 5175 2337 5208; x_wconf 71' lang='lat' dir='ltr'><strong>tam</strong></span> <span class='ocrx_word' id='word_1_680' title='bbox 2389 5164 2638 5208; x_wconf 67' lang='lat' dir='ltr'><strong>Christus</strong></span> <span class='ocrx_word' id='word_1_681' title='bbox 2669 5178 2771 5208; x_wconf 89' lang='lat' dir='ltr'><strong>nnn</strong></span> <span class='ocrx_word' id='word_1_682' title='bbox 2805 5161 2978 5208; x_wconf 75' lang='lat' dir='ltr'><strong>noluit</strong></span> <span class='ocrx_word' id='word_1_683' title='bbox 3003 5170 3223 5208; x_wconf 84' lang='lat' dir='ltr'><strong>nmnler</strong></span> <span class='ocrx_word' id='word_1_684' title='bbox 3253 5158 3646 5208; x_wconf 84' lang='lat' dir='ltr'><strong>inﬁdelitatem.</strong></span> <span class='ocrx_word' id='word_1_685' title='bbox 3697 5154 3798 5208; x_wconf 82' lang='lat' dir='ltr'><strong>Re—</strong></span> 
     </span>
    </p>
   </div>
  </div>
