4000 5370
555 293 621 346 67
1456 279 1512 333 S.
1552 275 1898 335 BRUNONIS
1936 269 2474 329 HERBIPOLENSIS
2511 265 2812 324 E’PISCOPI
3744 263 3821 318 68

595 408 620 460 4
699 405 920 460 Domine
948 401 1199 456 Dominus
1227 408 1422 461 noster,

704 494 878 561 Quam
908 488 1218 546 admirabile
1241 496 1317 542 est
1368 500 1553 540 nomen
1591 494 1737 538 tuum
1785 481 1839 535 in
1893 480 2137 534 universa

775 594 915 638 terra
928 583 950 635 !
2113 631 2116 636 .

626 679 669 734 C
705 677 912 732 Nomen
959 671 1171 728 Domini
1200 667 1519 725 vocabulum
1566 664 1926 722 inenarrabile
1957 670 2138 725 sonat,

561 773 705 828 unde
727 783 847 824 cum
891 767 1040 832 dicit,
1092 779 1254 833 quam
1305 759 1624 816 admirabile
1668 767 1788 814 est:
1819 771 1923 811 non
1962 763 2142 824 .potest

563 862 837 932 explicare
851 857 994 928 quod
1017 857 1202 911 sentit.
1233 852 1493 909 Universa
1517 859 1684 913 terra,
1704 847 1830 917 quia
1853 860 1950 916 per
1973 853 2138 899 totum

563 952 821 1010 mundum
849 947 964 1017 ejus
1013 945 1202 1015 religio
1250 951 1436 998 sancta
1478 939 1751 994 dilatatur.
1785 935 1829 989 Η
1861 934 2014 1002 Quod
2043 949 2143 1004 pro

564 1043 722 1098 nobis
749 1041 910 1097 homo
933 1029 1129 1092 factus
1156 1049 1239 1099 es,
1290 1032 1432 1101 quod
1485 1037 1759 1092 mortuus,
1785 1025 1928 1094 quod
1958 1039 2142 1079 resur-

565 1132 778 1199 rexisti,
835 1131 890 1186 in
943 1116 1154 1184 cunctis
1201 1123 1449 1195 gentibus
1509 1129 1593 1175 est
1639 1117 1934 1189 vulgatum,
1962 1117 2055 1172 sed
2091 1123 2146 1170 et

563 1217 698 1280 illud
727 1224 871 1295 quod
899 1221 1106 1277 elevata
1135 1227 1240 1282 est,
1267 1223 1373 1270 etc.

601 1335 639 1390 2
709 1333 880 1400 Quam
909 1330 1114 1386 elevata
1136 1338 1212 1382 est
1254 1321 1638 1396 magniﬁcentia
1667 1330 1759 1377 tua

708 1422 880 1491 Super
910 1419 1085 1474 calas.

633 1515 675 1570 C
721 1507 1120 1581 Magniﬁcentia
1163 1505 1261 1560 Dei
1305 1512 1390 1560 est
1439 1518 1700 1558 arcanum
1755 1500 2146 1557 Incarnationis

570 1601 769 1658 Christi
802 1618 815 1654 :
849 1614 970 1670 qua:
995 1598 1206 1652 elevata
1226 1603 1330 1660 est,
1354 1593 1569 1663 quando
1595 1591 1842 1648 Christus
1863 1605 2149 1662 resurgens

572 1696 816 1752 ascendit
843 1694 894 1748 in
923 1691 1111 1755 caelos,
1140 1697 1199 1743 ut
1239 1688 1291 1741 in
1321 1687 1426 1741 alio
1452 1683 1978 1755 psalmozExaltare,
2010 1682 2145 1737 dici-

573 1796 678 1852 tur,
711 1799 871 1855 super
896 1783 1064 1838 caelos
1088 1780 1250 1845 Deus,
1277 1787 1506 1847 etsuper
1525 1791 1738 1832 omnem
1759 1783 1959 1830 terram
1974 1773 2150 1845 gloria

573 1889 662 1933 tua
691 1876 917 1950 (Psalm.
955 1873 1086 1945 LVI).

605 1969 640 2022 5
713 1967 798 2022 Ea:
820 1984 909 2021 ore
930 1965 1214 2035 infantium
1245 1970 1292 2016 et
1316 1955 1618 2016 laetantium
1653 1957 1916 2029 perfecisti
1940 1952 2149 2014 laudem

782 2066 992 2128 propter
1020 2054 1260 2108 inimicos
1299 2062 1435 2118 tuos,

717 2147 783 2201 Ut
812 2149 1050 2202 destruas
1076 2144 1346 2200 inimicum
1365 2155 1410 2196 et
1428 2137 1668 2196 ultorem.

645 2258 692 2312 ll
734 2257 862 2312 Hmc
919 2255 1204 2328 prophetia
1260 2255 1313 2310 in
1367 2252 1659 2325 Evangelia
1707 2253 1974 2324 completa
2033 2262 2150 2319 est,

568 2350 791 2422 quando
819 2350 871 2404 in
918 2348 1117 2418 templo
1166 2346 1319 2418 pueri
1375 2347 1723 2402 clamabant:
1765 2345 1982 2402 Osanna
2043 2345 2153 2400 tilio

575 2445 764 2510 David,
820 2442 1136 2499 benedictus
1186 2441 1280 2510 qui
1345 2440 1493 2494 venit
1544 2438 1600 2493 in
1665 2439 1886 2494 nomine
1938 2438 2152 2492 Domini

575 2535 790 2608 (Matth.
815 2534 950 2603 xxr).
1013 2532 1053 2587 C
1081 2532 1147 2588 Ut
1174 2532 1244 2586 sit
1271 2545 1482 2596 sensus,
1516 2544 1622 2584 non
1647 2528 1819 2584 solum
1843 2544 1872 2582 a
1899 2527 2154 2599 perfectis
2246 2535 2250 2540 '

571 2638 628 2680 ct
654 2627 826 2681 doctis
854 2641 912 2680 es
938 2625 1242 2690 laudabilis,
1276 2625 1372 2680 sed
1392 2624 1555 2679 etiam
1592 2623 1661 2676 ab
1697 2622 2068 2692 incipientium
2099 2630 2155 2676 ct

575 2730 670 2769 ore
695 2716 1040 2784 parvulorum
1067 2715 1332 2770 mirabilis
1352 2714 1690 2784 praedicaris,
1711 2723 1770 2768 ut
1790 2727 1889 2783 per
1919 2713 2154 2767 infantes

569 2816 630 2860 et
653 2807 936 2871 lactentes,
967 2821 1072 2860 non
1107 2820 1301 2875 pueros
1332 2805 1597 2860 materiali
1623 2804 1762 2859 lacte
1784 2803 2026 2868 alendos,
2059 2802 2153 2857 sed

578 2899 630 2951 in
663 2898 765 2952 fide
787 2897 1038 2968 parvulos
1062 2898 1154 2968 qui
1183 2897 1504 2954 rudimentis
1547 2897 1671 2952 fidei
1702 2896 1917 2961 imbuti,
1960 2894 2146 2950 fortio-

574 3004 692 3042 rem
748 2988 926 3043 cibum
957 3003 1062 3041 non
1099 2988 1368 3058 recipiunt
1414 2986 1776 3057 intelligamus
1807 2985 1857 3055 (1
1899 2984 2022 3039 Cor.
2056 3000 2148 3051 tu;

2141 395 2207 452 ·Α
2270 390 2302 443 6
2377 387 2616 442 Minutstt
2646 403 2762 443 eum
2791 387 2947 454 paulo
2995 385 3165 439 minus
3191 383 3253 437 ab
3303 381 3501 453 angelis
3530 396 3548 435 :
3571 379 3745 451 gloria
3769 387 3820 432 et

2447 481 2642 533 honore
2664 478 2926 532 coronasti
2964 495 3100 543 eum,

2378 568 2448 623 Et
2474 569 2788 623 constituisti
2809 584 2924 622 eum
2950 585 3106 638 super
3120 584 3274 638 Opera
3296 582 3548 621 manuum
3578 574 3816 619 tuarum.

2311 660 2352 715 C
2383 660 2678 715 Minoratus
2706 669 2792 714 est
2815 660 2984 724 enim,
3014 674 3118 712 non
3144 659 3472 713 necessitate
3497 657 3592 712 sed
3614 657 3820 727 pietate

2240 761 2294 807 et
2316 760 2613 822 spontanea
2645 751 2944 817 voluntate,
2971 750 3197 806 formam
3224 750 3366 804 servi
3399 750 3674 819 accipiens
3707 767 3720 803 :
3750 762 3819 802 ex

2240 858 2304 897 ea
2329 843 2595 912 siquidem
2621 853 2774 913 parte
2797 843 2974 898 minor
2997 843 3172 898 factus
3191 851 3275 898 est
3303 841 3532 912 angelis,
3563 856 3668 910 qua
3693 856 3823 896 cru-

2241 948 2359 988 cem
2398 948 2498 1003 pro
2526 933 2769 988 omnium
2799 933 2970 988 salute
2997 933 3255 1004 suscepit.
3286 933 3426 989 Bene
3461 940 3640 987 autem
3682 932 3826 986 dixit

2239 1023 2406 1094 .paulo
2438 1023 2641 1088 minus,
2669 1027 2794 1093 quia
2826 1033 2880 1078 et
2908 1025 2952 1078 si
2980 1024 3264 1078 mortalem
3312 1039 3530 1079 carnem
3575 1024 3821 1093 accepit;

2246 1128 2422 1170 tamen
2451 1115 2592 1169 nulla
2621 1126 2839 1186 peccata
2877 1117 3080 1172 habuit.
3117 1116 3163 1170 H
3203 1115 3410 1182 Gloria,
3441 1132 3564 1172 cum
3608 1117 3661 1171 in
3703 1115 3826 1186 ejus

2244 1207 2505 1262 descensu
2539 1207 2696 1263 inferi
2725 1207 3056 1264 claruerunt.
3097 1208 3332 1272 Honore,
3360 1223 3482 1262 cum
3515 1207 3645 1262 vicit
3669 1222 3823 1261 mor-

2246 1308 2374 1352 tem.
2442 1298 2782 1362 Coronatns.
2848 1300 3215 1355 circumdatus
3272 1301 3439 1356 choro
3503 1308 3825 1354 sanctorum

2245 1390 2406 1444 rediit
2451 1405 2517 1444 ex
2566 1390 2809 1445 infernis.
2857 1391 2897 1446 C
2949 1392 3084 1446 Dum
3130 1391 3260 1446 dicit
3315 1405 3480 1460 opera
3540 1404 3825 1454 manuum,

2244 1480 2422 1534 omnis
2444 1480 2516 1535 illi
2552 1490 2803 1536 creatura
2837 1482 3078 1552 subjecta
3110 1490 3463 1536 monstratur.
3493 1543 3496 1546 ,

2281 1592 2312 1645 7
2383 1589 2579 1646 ‘Omnia
2609 1592 2874 1661 δαῦλα-ἰειὶ
2898 1593 2990 1646 sub
3018 1592 3232 1662 pedibus
3261 1593 3374 1663 ejus
3397 1606 3416 1644 :

2393 1683 2523 1738 Oves
2548 1694 2594 1738 et
2623 1684 2769 1738 boves
2788 1685 3093 1740 universas:
3116 1686 3332 1756 insuper
3351 1695 3398 1740 et
3419 1702 3606 1757 pecora
3629 1702 3828 1759 campi.

2321 1791 2361 1851 C
2391 1796 2525 1852 Cum
2555 1790 2687 1851 dicit
2729 1798 2930 1864 omnia,
2961 1799 3200 1854 ostendit
3241 1808 3294 1856 et
3329 1807 3544 1856 terrena
3575 1809 3629 1857 et
3666 1805 3834 1869 supe-

2247 1886 2393 1940 riora
2420 1887 2468 1941 ei
2495 1899 2615 1942 esse
2637 1887 2896 1957 subjecta.
2925 1885 3064 1942 Oves
3087 1886 3314 1943 electum
3344 1890 3600 1958 populum
3624 1890 3830 1960 signat.

2246 1976 2421 2032 Boves
2446 1978 2826 2047 praedicatores
2855 1978 3004 2033 dicit.
3051 1979 3296 2049 Insuper.
3327 1980 3378 2035 id
3403 1990 3486 2035 est
3511 1991 3617 2037 non
3649 1979 3832 2036 solum

2247 2070 2457 2135 sancti,
2488 2071 2580 2125 sed
2609 2071 2772 2125 etiam
2818 2080 3133 2141 peccatores
3181 2071 3339 2141 (quos
3379 2088 3573 2143 pecora
3616 2073 3824 2143 signiﬁ-

2249 2160 2398 2232 cant)
2425 2162 2474 2217 ei
2517 2160 2744 2231 subjecti
2785 2169 2930 2227 sunt,
2961 2162 3051 2232 qui
3093 2163 3232 2218 bene
3262 2172 3388 2218 sunt
3423 2178 3616 2233 pecora
3648 2181 3661 2218 :
3697 2164 3834 2220 dum

2251 2252 2305 2306 in
2353 2253 2536 2306 mundi
2587 2252 2744 2308 istius
2800 2253 3076 2323 voluptate
3131 2264 3446 2324 pascuntur.
3498 2255 3638 2313 Oves
3702 2265 3837 2312 sunt

2251 2351 2450 2404 autem,
2479 2357 2600 2398 cum
2631 2343 2770 2397 intra
2803 2343 2896 2399 Dei
2928 2355 3079 2414 septa
3105 2343 3452 2401 clauduntur.

2285 2431 2321 2487 8
2399 2431 2648 2487 V‘olucres
2677 2433 2790 2488 casti
2815 2445 2864 2488 et
2889 2435 3052 2504 pisces
3079 2439 3264 2504 maris,

2394 2521 2501 2588 Qui
2528 2523 2888 2592 perambulant
2913 2526 3125 2579 semitas
3148 2527 3312 2581 maris

2322 2627 2364 2684 C
2395 2625 2654 2684 Volucres
2694 2629 2814 2684 caeli
2860 2646 2889 2684 a
2932 2631 3112 2686 volatu
3157 2635 3351 2690 crebro
3389 2635 3566 2703 dictaa,
3609 2639 3835 2708 superbi

2253 2720 2500 2775 homines
2531 2730 2678 2787 sunt,
2707 2723 2796 2792 qui
2833 2723 2999 2778 inﬂati
3044 2733 3205 2779 vento
3237 2724 3514 2794 jactantia!
3548 2729 3701 2798 quasi
3733 2745 3838 2800 per

2255 2809 2415 2863 inane
2459 2811 2601 2865 aeris
2646 2813 2892 2878 volitant,
2923 2824 2978 2869 et
3019 2815 3240 2870 humilia
3272 2817 3595 2886 despiciunt.
3641 2819 3837 2876 Pisces

2254 2899 2604 2970 phil050phos
2646 2902 2795 2969 dicit,
2832 2905 2923 2974 qui
2971 2905 3129 2974 hujus
3173 2908 3357 2963 mundi
3402 2918 3649 2964 naturam
3678 2919 3838 2965 erra-

2254 2994 2360 3047 tica
2391 2995 2704 3050 curiositate
2733 3005 3126 3065 pertractantcs
3159 3017 3172 3052 :
3221 3000 3360 3054 sicut
3385 3001 3561 3070 pisces
3597 2997 3652 3056 in
3690 2997 3836 3058 mari

579 3078 742 3133 Hebr.
775 3079 850 3148 v).
884 3078 1135 3134 Inimicos
1166 3093 1181 3131 :
1213 3093 1451 3150 paganos
1496 3085 1553 3131 et
1600 3075 1959 3146 blasphaamos
2012 3076 2158 3131 desi-
2182 3079 2464 3158 C'natant,
2508 3089 2598 3158 qui
2637 3103 2732 3158 per
2771 3089 2991 3144 nimiam
3033 3091 3403 3146 curiositatem
3445 3109 3552 3147 non
3589 3095 3842 3148 contem-

578 3178 727 3238 gnat.
761 3167 1108 3224 Defensorem
1141 3188 1153 3222 :
1188 3169 1430 3223 Judaeum
1459 3168 1756 3236 perfidum,
1789 3167 1830 3222 C
1863 3168 1904 3222 ll
1932 3167 2015 3222 vel
2042 3169 2153 3222 hae-

580 3259 806 3314 reticum
829 3260 978 3324 dicit,
1007 3260 1052 3314 A
1079 3259 1162 3313 vel
1189 3259 1458 3314 diabolum
1487 3275 1598 3314 sua:
1623 3269 1784 3314 secta:
1816 3259 2155 3316 defensorem

580 3358 638 3403 et
665 3350 873 3419 peccati
909 3367 921 3402 :
955 3351 1142 3404 dicunt
1175 3365 1392 3421 quoque
1419 3350 1654 3405 haeretici
1695 3350 1852 3404 ﬁdem
1881 3367 1940 3406 se
1973 3350 2156 3405 defen-

567 3439 708 3517 dere
751 3439 1133 3506 Christianam,
1183 3450 1238 3494 et
1290 3450 1600 3510 peccatores
1654 3442 1962 3508 veritatem,
2029 3443 2156 3496 dum

581 3540 800 3602 peccata
825 3541 1102 3586 excusant.
1147 3532 1188 3588 C
1233 3533 1513 3588 Inimicum
1556 3547 1686 3587 vero
1730 3543 1785 3587 et
1815 3534 2156 3590 defensorem

565 3607 668 3675 vel
695 3613 964 3677 ultorem:
991 3615 1233 3678 Judaeum
1266 3623 1529 3694 perfidum
1562 3623 1867 3694 specialiter
1885 3625 2033 3690 dicit,
2063 3626 2154 3695 qui

583 3707 709 3771 dum
744 3713 959 3770 Patrem
1006 3731 1065 3771 se
1106 3699 1260 3786 putat
1301 3717 1611 3782 defendere,
1649 3717 1788 3771 Filio
1828 3718 2014 3772 existit
2055 3719 2157 3772 ini-

583 3806 778 3871 micus,
802 3805 875 3860 ita
903 3805 1103 3860 factum
1130 3816 1236 3871 est,
1272 3815 1330 3860 ut
1372 3807 1464 3862 Dei
1501 3808 1657 3878 quasi
1688 3807 1959 3874 defensor,
2001 3823 2159 3878 aper-

587 3895 828 3950 tissimus
858 3895 967 3950 Deo
989 3897 1313 3966 probaretur
1347 3897 1710 3952 adversarius.

567 4033 573 4041 .
618 3986 654 4040 4
727 3986 985 4054 Quoniam
1024 3987 1200 4042 videbo
1226 3987 1377 4043 caelos
1409 3993 1427 4060 ζ
1459 3999 1573 4043 tuos
1601 3991 1670 4057 Χ
1696 4004 1850 4059 opera
1875 3989 2156 4060 digitorum

799 4085 1010 4131 tuorum
1033 4093 1052 4130 ἰ

735 4168 946 4222 Lunam
959 4178 1006 4223 et
1024 4167 1203 4224 stellas
1225 4185 1357 4240 quas
1382 4183 1444 4226 -t—
1477 4180 1534 4225 tu
1565 4170 1584 4241 ζ
1616 4170 1853 4241 fundasti

656 4257 698 4312 C
749 4257 952 4314 Videbo
979 4259 1162 4324 caelos,
1189 4261 1242 4316 id
1272 4271 1356 4316 est
1381 4262 1547 4318 libros
1567 4263 1925 4334 evangelicas.
1950 4263 2158 4335 Digitus

590 4347 683 4402 Dei
706 4345 900 4401 dicitur
941 4364 956 4401 :
1005 4348 1198 4402 divina:
1237 4353 1572 4421 operationis
1623 4353 1865 4410 effectus.
1927 4355 2156 4421 Lunam,

589 4435 881 4490 Ecclesiam
905 4436 1064 4504 dicit;
1098 4438 1304 4506 stellas,
1339 4440 1517 4509 justas
1561 4442 1829 4497 homines.
1874 4444 2153 4509 Fundasti,
2170 4459 2235 4519 Β

590 4535 650 4581 ιιι
676 4525 1036 4597 intelligamus
1065 4529 1246 4583 omnia
1294 4529 1349 4583 in
1398 4532 1870 4600 praadestinationc
1911 4533 2005 4587 Dei
2037 4532 2156 4587 fun-

590 4620 712 4675 data
729 4615 746 4630 '

574 4709 576 4714 ’
625 4731 660 4784 5
736 4731 875 4797 Quid
902 4741 975 4786 est
996 4731 1149 4786 homo
1171 4731 1309 4803 quod
1331 4747 1528 4786 memor
1550 4749 1604 4787 es
1624 4732 1760 4803 ejus,

738 4822 840 4876 Aut
861 4822 1003 4892 ﬁlius
1039 4823 1263 4878 hominis
1299 4825 1547 4894 quoniam
1569 4826 1745 4878 visita:
1766 4826 1923 4880 eum?

659 4937 700 4993 C
750 4936 886 5004 Quid
910 4946 994 4992 est
1013 4939 1198 5004 homo,
1235 4953 1357 4992 cum
1406 4938 1747 5008 despectione
1793 4949 2151 5010 pronuntian-

591 5029 716 5083 dum
745 5035 846 5093 est,
885 5027 938 5082 id
962 5023 1046 5082 est
1069 5027 1272 5099 fragilis
1292 5038 1348 5084 et
1371 5029 1556 5083 caduci
1581 5029 1708 5085 Adae
1735 5045 1958 5101 sequax,
1979 5031 2070 5101 qui
2099 5031 2152 5086 in

590 5122 756 5175 veteri
785 5129 1006 5190 peccato
1041 5121 1184 5175 socia
1213 5122 1478 5191 pravitate
1505 5123 1794 5191 permistus
1837 5131 1941 5178 est.
1983 5122 2153 5193 Hujus

578 5207 796 5265 :memor
825 5211 1080 5266 Dominus
1108 5221 1212 5278 est,
1265 5214 1481 5283 quando
1509 5214 1558 5267 ei
1595 5230 1692 5285 per
1738 5230 1889 5270 suam
1935 5214 2153 5271 miseri-

579 5298 826 5362 cordiam
875 5316 1093 5370 peccata
1143 5309 1381 5363 dimittit.
1431 5309 1625 5364 Filium
1674 5309 1906 5367 hominis
1939 5330 1952 5366 :
1981 5310 2153 5365 filium

2257 3181 2469 3253 plantes
2493 3183 2754 3247 caelestia,
2789 3183 2929 3238 inter
2959 3183 3118 3253 hujus
3165 3185 3345 3238 smculi
3387 3183 3600 3251 fluctus,
3644 3201 3836 3241 rerum

2257 3272 2533 3328 ﬂuentium
2562 3273 2804 3328 occultas
2835 3274 3111 3345 angustias
3140 3283 3462 3340 scrutantes,
3487 3285 3680 3345 putant
3708 3292 3842 3332 esse

2257 3363 2423 3417 vitam
2445 3371 2724 3416 teternam.
2758 3363 2825 3416 Et
2853 3363 2906 3417 hi
2936 3364 3160 3433 pedibus
3200 3363 3399 3418 Christi
3429 3360 3656 3433 subjecti
3681 3379 3836 3432 sunt,

2259 3454 2385 3510 dum
2433 3463 2838 3510 convertuntur.
2889 3455 3022 3509 Nam
3074 3455 3200 3511 licet
3227 3454 3445 3512 Christo
3480 3458 3660 3513 omnia
3701 3458 3837 3527 jure

2258 3544 2498 3612 subjecta
2531 3546 2660 3611 sint,
2692 3544 2808 3600 illos
2835 3553 3011 3599 tamen
3042 3545 3257 3616 proprie
3292 3545 3522 3601 dicimus
3549 3561 3668 3602 esse
3698 3549 3836 3603 sub-

2251 3635 2478 3706 jectos,
2537 3638 2628 3707 qui
2687 3638 2757 3692 ad
2814 3637 2930 3707 ejus
2991 3651 3128 3692 onus
3184 3636 3314 3693 laeve
3371 3639 3654 3708 pervenire
3711 3654 3834 3694 me-

2257 3737 2502 3784 ruerunt.

2294 3822 2327 3878 9
2398 3821 2623 3876 Domine
2661 3819 2916 3876 Dominus
2947 3825 3139 3886 noster,

2401 3911 2572 3978 Quam
2598 3913 2906 3969 admirabile
2941 3923 3014 3970 est
3061 3929 3246 3969 nomen
3293 3926 3441 3969 tuum
3486 3916 3540 3970 in
3587 3917 3833 3972 universa

2467 4005 2640 4059 terra!

2327 4115 2369 4171 C
2400 4115 2613 4185 Repetit
2649 4125 2831 4171 sancta
2861 4116 3107 4173 Ecclesia
3134 4133 3374 4190 congrue
3412 4119 3677 4190 siquidem
3703 4137 3830 4178 ver-

2259 4221 2379 4260 sum
2415 4206 2482 4261 de
2525 4206 2681 4262 laude
2725 4207 2956 4272 Domini,
2988 4224 3148 4277 quem
3198 4210 3252 4264 in
3297 4211 3471 4279 capite
3501 4211 3655 4278 dixit,
3701 4215 3828 4282 quia

2259 4295 2375 4365 ipse
2403 4295 2560 4359 dixit,
2592 4296 2702 4367 Ego
2731 4312 2850 4352 sum
2877 4297 3033 4367 alpha
3052 4309 3099 4352 et
3121 4315 3322 4370 omega,
3346 4300 3399 4354 id
3430 4312 3514 4357 est
3541 4301 3754 4358 initium
3777 4313 3832 4359 et

2264 4389 2387 4445 ﬁnis
2415 4387 2594 4457 (Apoc.
2621 4389 2684 4460 1).

2717 4517 2918 4558 ORATIO
2955 4519 3024 4558 EX
3062 4518 3206 4558 PSAL.
3245 4519 3364 4559 VIII.

2328 4606 2660 4673 Admirabil'e
2708 4629 2903 4671 nomen
2952 4625 3132 4684 tuum,
3181 4616 3523 4687 omnipotens
3567 4630 3827 4682 nomine,

2258 4708 2528 4780 supplices
2546 4723 2859 4772 exoramus,
2883 4707 3045 4776 utqui
3067 4722 3280 4762 omnem
3301 4716 3603 4762 creaturam
3621 4711 3824 4774 llltllttli,

2261 4798 2328 4852 ad
2369 4813 2500 4852 usus
2545 4797 2779 4852 hominis
2823 4797 3121 4868 subjecisti,
3155 4812 3252 4853 nos
3292 4798 3357 4851 ad
3402 4806 3506 4850 tua:
3547 4797 3826 4852 servitutis

2259 4888 2491 4944 cilicium
2519 4888 2707 4958 dignos
2745 4889 2983 4960 digneris
3007 4887 3238 4942 allicere.
3280 4887 3384 4942 Per
3411 4889 3695 4943 Dominmn
3727 4905 3823 4944 no-

2257 4991 2449 5046 strum,
2481 4991 2587 5036 etc.

2807 5071 3126 5128 PSALMUS
3179 5071 3268 5126 IX.

2717 5201 3077 5242 ARGUHENTUH
3112 5202 3255 5242 PSAL.
3287 5202 3362 5240 IX.

2329 5302 2369 5359 C
2406 5301 2674 5370 Propheta
2717 5303 2894 5355 laetum
2939 5315 2999 5355 se
3043 5301 3175 5356 dicit
3213 5302 3439 5356 Domino
3464 5303 3820 5370 psallitunum,
