  <div class='ocr_page' id='page_1' title='image "/cluster/home/n/w/nwhite01/storage/ocr_20150623/142/hvd.32044015471808/042.png"; bbox 0 0 4000 5370; ppageno 0'>
   <div class='ocr_carea' id='block_1_1' title="bbox 187 255 3428 352">
    <p class='ocr_par' dir='ltr' id='par_1_1' title="bbox 187 255 3428 352">
     <span class='ocr_line' id='line_1_1' title="bbox 187 255 3428 352; baseline -0.007 -2"><span class='ocrx_word' id='word_1_1' title='bbox 187 296 251 350; x_wconf 73' lang='lat' dir='ltr'><strong>sa</strong></span> <span class='ocrx_word' id='word_1_2' title='bbox 1359 278 1722 339; x_wconf 79' lang='lat' dir='ltr'><strong>EXPOSITIO</strong></span> <span class='ocrx_word' id='word_1_3' title='bbox 1761 255 2212 333; x_wconf 70' lang='lat' dir='ltr'><strong>PSALMORUM.‘</strong></span> <span class='ocrx_word' id='word_1_4' title='bbox 2460 318 2468 352; x_wconf 69' lang='lat'><strong>,</strong></span> <span class='ocrx_word' id='word_1_5' title='bbox 3356 273 3428 326; x_wconf 78' lang='lat' dir='ltr'><strong>7o</strong></span> 
     </span>
    </p>
   </div>
   <div class='ocr_carea' id='block_1_2' title="bbox 319 400 1213 473">
    <p class='ocr_par' dir='ltr' id='par_1_2' title="bbox 319 400 1213 473">
     <span class='ocr_line' id='line_1_2' title="bbox 319 400 1213 473; baseline -0.011 -13"><span class='ocrx_word' id='word_1_6' title='bbox 319 405 423 460; x_wconf 83' lang='lat' dir='ltr'><strong>TT.</strong></span> <span class='ocrx_word' id='word_1_7' title='bbox 465 409 528 458; x_wconf 79' lang='lat' dir='ltr'><strong>In</strong></span> <span class='ocrx_word' id='word_1_8' title='bbox 548 407 707 473; x_wconf 74' lang='lat' dir='ltr'><strong>ﬁnem</strong></span> <span class='ocrx_word' id='word_1_9' title='bbox 736 415 830 472; x_wconf 89' lang='lat' dir='ltr'><strong>pro</strong></span> <span class='ocrx_word' id='word_1_10' title='bbox 855 400 1072 453; x_wconf 80' lang='lat' dir='ltr'><strong>occultis</strong></span> <span class='ocrx_word' id='word_1_11' title='bbox 1094 403 1213 466; x_wconf 67' lang='grc' dir='ltr'><strong>βίη.</strong></span> 
     </span>
    </p>
   </div>
   <div class='ocr_carea' id='block_1_3' title="bbox 317 491 784 550">
    <p class='ocr_par' dir='ltr' id='par_1_3' title="bbox 317 491 784 550">
     <span class='ocr_line' id='line_1_3' title="bbox 317 491 784 550; baseline -0.013 0"><span class='ocrx_word' id='word_1_12' title='bbox 317 494 562 550; x_wconf 79' lang='lat' dir='ltr'><strong>Psalmus</strong></span> <span class='ocrx_word' id='word_1_13' title='bbox 593 491 784 546; x_wconf 79' lang='lat' dir='ltr'><strong>David.</strong></span> 
     </span>
    </p>
   </div>
   <div class='ocr_carea' id='block_1_4' title="bbox 253 574 1749 653">
    <p class='ocr_par' dir='ltr' id='par_1_4' title="bbox 253 574 1749 653">
     <span class='ocr_line' id='line_1_4' title="bbox 253 574 1749 653; baseline -0.009 -13"><span class='ocrx_word' id='word_1_14' title='bbox 253 587 290 642; x_wconf 86' lang='lat' dir='ltr'><strong>C</strong></span> <span class='ocrx_word' id='word_1_15' title='bbox 325 586 378 639; x_wconf 92' lang='lat' dir='ltr'><strong>In</strong></span> <span class='ocrx_word' id='word_1_16' title='bbox 410 584 593 648; x_wconf 87' lang='lat' dir='ltr'><strong>linem,</strong></span> <span class='ocrx_word' id='word_1_17' title='bbox 622 597 722 653; x_wconf 92' lang='lat' dir='ltr'><strong>pro</strong></span> <span class='ocrx_word' id='word_1_18' title='bbox 741 578 969 638; x_wconf 80' lang='lat' dir='ltr'><strong>occultis</strong></span> <span class='ocrx_word' id='word_1_19' title='bbox 989 578 1089 646; x_wconf 80' lang='lat' dir='ltr'><strong>ﬁlii</strong></span> <span class='ocrx_word' id='word_1_20' title='bbox 1116 577 1282 632; x_wconf 83' lang='lat' dir='ltr'><strong>David</strong></span> <span class='ocrx_word' id='word_1_21' title='bbox 1306 575 1570 648; x_wconf 84' lang='lat' dir='ltr'><strong>psalmus.</strong></span> <span class='ocrx_word' id='word_1_22' title='bbox 1598 574 1749 629; x_wconf 88' lang='lat' dir='ltr'><strong>Finis</strong></span> 
     </span>
    </p>
   </div>
   <div class='ocr_carea' id='block_1_5' title="bbox 197 668 1750 746">
    <p class='ocr_par' dir='ltr' id='par_1_5' title="bbox 197 668 1750 746">
     <span class='ocr_line' id='line_1_5' title="bbox 197 668 1750 746; baseline -0.008 -12"><span class='ocrx_word' id='word_1_23' title='bbox 197 681 286 734; x_wconf 87' lang='lat' dir='ltr'><strong>iste</strong></span> <span class='ocrx_word' id='word_1_24' title='bbox 308 678 476 746; x_wconf 87' lang='lat' dir='ltr'><strong>signat</strong></span> <span class='ocrx_word' id='word_1_25' title='bbox 505 675 656 729; x_wconf 88' lang='lat' dir='ltr'><strong>illum</strong></span> <span class='ocrx_word' id='word_1_26' title='bbox 685 692 698 728; x_wconf 88' lang='lat'><strong>:</strong></span> <span class='ocrx_word' id='word_1_27' title='bbox 734 689 841 729; x_wconf 91' lang='lat' dir='ltr'><strong>non</strong></span> <span class='ocrx_word' id='word_1_28' title='bbox 881 672 935 726; x_wconf 91' lang='lat' dir='ltr'><strong>in</strong></span> <span class='ocrx_word' id='word_1_29' title='bbox 965 685 1074 740; x_wconf 94' lang='lat' dir='ltr'><strong>quo</strong></span> <span class='ocrx_word' id='word_1_30' title='bbox 1104 668 1379 734; x_wconf 92' lang='lat' dir='ltr'><strong>deﬁcitur,</strong></span> <span class='ocrx_word' id='word_1_31' title='bbox 1405 668 1500 724; x_wconf 85' lang='lat' dir='ltr'><strong>sed</strong></span> <span class='ocrx_word' id='word_1_32' title='bbox 1544 669 1600 722; x_wconf 93' lang='lat' dir='ltr'><strong>in</strong></span> <span class='ocrx_word' id='word_1_33' title='bbox 1642 682 1750 737; x_wconf 85' lang='lat' dir='ltr'><strong>quo</strong></span> 
     </span>
    </p>
   </div>
   <div class='ocr_carea' id='block_1_6' title="bbox 197 755 1746 835">
    <p class='ocr_par' dir='ltr' id='par_1_6' title="bbox 197 755 1746 835">
     <span class='ocr_line' id='line_1_6' title="bbox 197 755 1746 835; baseline -0.009 -12"><span class='ocrx_word' id='word_1_34' title='bbox 197 770 450 831; x_wconf 85' lang='lat' dir='ltr'><strong>crescitur,</strong></span> <span class='ocrx_word' id='word_1_35' title='bbox 490 766 582 835; x_wconf 87' lang='lat' dir='ltr'><strong>qui</strong></span> <span class='ocrx_word' id='word_1_36' title='bbox 626 763 782 818; x_wconf 91' lang='lat' dir='ltr'><strong>nobis</strong></span> <span class='ocrx_word' id='word_1_37' title='bbox 808 761 1022 817; x_wconf 89' lang='lat' dir='ltr'><strong>initium</strong></span> <span class='ocrx_word' id='word_1_38' title='bbox 1053 770 1138 814; x_wconf 91' lang='lat' dir='ltr'><strong>est</strong></span> <span class='ocrx_word' id='word_1_39' title='bbox 1162 759 1309 823; x_wconf 89' lang='lat' dir='ltr'><strong>boni,</strong></span> <span class='ocrx_word' id='word_1_40' title='bbox 1341 757 1465 812; x_wconf 90' lang='lat' dir='ltr'><strong>ﬁnis</strong></span> <span class='ocrx_word' id='word_1_41' title='bbox 1489 765 1573 812; x_wconf 88' lang='lat' dir='ltr'><strong>est</strong></span> <span class='ocrx_word' id='word_1_42' title='bbox 1597 755 1746 810; x_wconf 86' lang='lat' dir='ltr'><strong>mali.</strong></span> 
     </span>
    </p>
   </div>
   <div class='ocr_carea' id='block_1_7' title="bbox 198 848 1748 924">
    <p class='ocr_par' dir='ltr' id='par_1_7' title="bbox 198 848 1748 924">
     <span class='ocr_line' id='line_1_7' title="bbox 198 848 1748 924; baseline -0.011 -7"><span class='ocrx_word' id='word_1_43' title='bbox 198 861 286 917; x_wconf 85' lang='lat' dir='ltr'><strong>Pro</strong></span> <span class='ocrx_word' id='word_1_44' title='bbox 317 858 543 914; x_wconf 73' lang='lat' dir='ltr'><strong>occultis</strong></span> <span class='ocrx_word' id='word_1_45' title='bbox 592 855 688 911; x_wconf 88' lang='lat' dir='ltr'><strong>ﬁlii</strong></span> <span class='ocrx_word' id='word_1_46' title='bbox 733 873 747 909; x_wconf 88' lang='lat'><strong>:</strong></span> <span class='ocrx_word' id='word_1_47' title='bbox 802 867 1088 924; x_wconf 85' lang='lat' dir='ltr'><strong>personam</strong></span> <span class='ocrx_word' id='word_1_48' title='bbox 1125 850 1399 922; x_wconf 88' lang='lat' dir='ltr'><strong>signiﬁcat</strong></span> <span class='ocrx_word' id='word_1_49' title='bbox 1430 848 1748 914; x_wconf 86' lang='lat' dir='ltr'><strong>Salvatoris,</strong></span> 
     </span>
    </p>
   </div>
   <div class='ocr_carea' id='block_1_8' title="bbox 195 937 1752 1020">
    <p class='ocr_par' dir='ltr' id='par_1_8' title="bbox 195 937 1752 1020">
     <span class='ocr_line' id='line_1_8' title="bbox 195 937 1752 1020; baseline -0.01 -15"><span class='ocrx_word' id='word_1_50' title='bbox 195 951 330 1020; x_wconf 83' lang='lat' dir='ltr'><strong>cujus</strong></span> <span class='ocrx_word' id='word_1_51' title='bbox 356 947 614 1016; x_wconf 87' lang='lat' dir='ltr'><strong>mysteria</strong></span> <span class='ocrx_word' id='word_1_52' title='bbox 645 953 702 1000; x_wconf 92' lang='lat' dir='ltr'><strong>et</strong></span> <span class='ocrx_word' id='word_1_53' title='bbox 725 942 928 1013; x_wconf 86' lang='lat' dir='ltr'><strong>judicia</strong></span> <span class='ocrx_word' id='word_1_54' title='bbox 967 941 1122 996; x_wconf 92' lang='lat' dir='ltr'><strong>nobis</strong></span> <span class='ocrx_word' id='word_1_55' title='bbox 1165 949 1290 994; x_wconf 90' lang='lat' dir='ltr'><strong>sunt</strong></span> <span class='ocrx_word' id='word_1_56' title='bbox 1315 937 1548 994; x_wconf 88' lang='lat' dir='ltr'><strong>occulta.</strong></span> <span class='ocrx_word' id='word_1_57' title='bbox 1585 937 1752 991; x_wconf 91' lang='lat' dir='ltr'><strong>&#39;l‘otus</strong></span> 
     </span>
    </p>
   </div>
   <div class='ocr_carea' id='block_1_9' title="bbox 199 1029 1751 1112">
    <p class='ocr_par' dir='ltr' id='par_1_9' title="bbox 199 1029 1751 1112">
     <span class='ocr_line' id='line_1_9' title="bbox 199 1029 1751 1112; baseline -0.01 -14"><span class='ocrx_word' id='word_1_58' title='bbox 199 1045 271 1098; x_wconf 85' lang='lat' dir='ltr'><strong>hic</strong></span> <span class='ocrx_word' id='word_1_59' title='bbox 308 1041 567 1112; x_wconf 81' lang='lat' dir='ltr'><strong>psalmus,</strong></span> <span class='ocrx_word' id='word_1_60' title='bbox 614 1039 670 1094; x_wconf 91' lang='lat' dir='ltr'><strong>in</strong></span> <span class='ocrx_word' id='word_1_61' title='bbox 712 1051 943 1107; x_wconf 85' lang='lat' dir='ltr'><strong>persona</strong></span> <span class='ocrx_word' id='word_1_62' title='bbox 990 1032 1246 1090; x_wconf 69' lang='lat' dir='ltr'><strong>Ecclesiae</strong></span> <span class='ocrx_word' id='word_1_63' title='bbox 1285 1047 1385 1103; x_wconf 79' lang='lat' dir='ltr'><strong>per</strong></span> <span class='ocrx_word' id='word_1_64' title='bbox 1432 1029 1751 1100; x_wconf 86' lang='lat' dir='ltr'><strong>prophetam</strong></span> 
     </span>
    </p>
   </div>
   <div class='ocr_carea' id='block_1_10' title="bbox 198 1134 402 1190">
    <p class='ocr_par' dir='ltr' id='par_1_10' title="bbox 198 1134 402 1190">
     <span class='ocr_line' id='line_1_10' title="bbox 198 1134 402 1190; baseline -0.02 0"><span class='ocrx_word' id='word_1_65' title='bbox 198 1134 402 1190; x_wconf 80' lang='lat' dir='ltr'><strong>canitur.</strong></span> 
     </span>
    </p>
   </div>
   <div class='ocr_carea' id='block_1_11' title="bbox 228 1213 1719 1294">
    <p class='ocr_par' dir='ltr' id='par_1_11' title="bbox 228 1213 1719 1294">
     <span class='ocr_line' id='line_1_11' title="bbox 228 1213 1719 1294; baseline -0.011 -12"><span class='ocrx_word' id='word_1_66' title='bbox 228 1229 248 1282; x_wconf 87' lang='lat' dir='ltr'><strong>l</strong></span> <span class='ocrx_word' id='word_1_67' title='bbox 315 1224 614 1294; x_wconf 80' lang='lat' dir='ltr'><strong>Conﬁtebor</strong></span> <span class='ocrx_word' id='word_1_68' title='bbox 645 1237 709 1280; x_wconf 70' lang='grc' dir='ltr'><strong>σε-</strong></span> <span class='ocrx_word' id='word_1_69' title='bbox 736 1223 829 1276; x_wconf 88' lang='lat' dir='ltr'><strong>tibi</strong></span> <span class='ocrx_word' id='word_1_70' title='bbox 863 1223 878 1293; x_wconf 73' lang='grc' dir='ltr'>ζ</span> <span class='ocrx_word' id='word_1_71' title='bbox 909 1218 1149 1282; x_wconf 77' lang='lat' dir='ltr'><strong>Domine,</strong></span> <span class='ocrx_word' id='word_1_72' title='bbox 1175 1217 1230 1272; x_wconf 89' lang='lat' dir='ltr'><strong>in</strong></span> <span class='ocrx_word' id='word_1_73' title='bbox 1252 1225 1359 1270; x_wconf 85' lang='lat' dir='ltr'><strong>toto</strong></span> <span class='ocrx_word' id='word_1_74' title='bbox 1385 1213 1543 1270; x_wconf 86' lang='lat' dir='ltr'><strong>corde</strong></span> <span class='ocrx_word' id='word_1_75' title='bbox 1571 1227 1719 1276; x_wconf 82' lang='lat' dir='ltr'><strong>meo;</strong></span> 
     </span>
    </p>
   </div>
   <div class='ocr_carea' id='block_1_12' title="bbox 320 1308 1185 1368">
    <p class='ocr_par' dir='ltr' id='par_1_12' title="bbox 320 1308 1185 1368">
     <span class='ocr_line' id='line_1_12' title="bbox 320 1308 1185 1368; baseline -0.01 0"><span class='ocrx_word' id='word_1_76' title='bbox 320 1314 567 1368; x_wconf 80' lang='lat' dir='ltr'><strong>Narrabo</strong></span> <span class='ocrx_word' id='word_1_77' title='bbox 591 1312 767 1366; x_wconf 87' lang='lat' dir='ltr'><strong>omnia</strong></span> <span class='ocrx_word' id='word_1_78' title='bbox 791 1308 1052 1364; x_wconf 86' lang='lat' dir='ltr'><strong>mirabilia</strong></span> <span class='ocrx_word' id='word_1_79' title='bbox 1074 1317 1185 1360; x_wconf 86' lang='lat' dir='ltr'><strong>tua.</strong></span> 
     </span>
    </p>
   </div>
   <div class='ocr_carea' id='block_1_13' title="bbox 260 1391 1753 1465">
    <p class='ocr_par' dir='ltr' id='par_1_13' title="bbox 260 1391 1753 1465">
     <span class='ocr_line' id='line_1_13' title="bbox 260 1391 1753 1465; baseline -0.012 -3"><span class='ocrx_word' id='word_1_80' title='bbox 260 1406 295 1462; x_wconf 88' lang='lat' dir='ltr'><strong>C</strong></span> <span class='ocrx_word' id='word_1_81' title='bbox 329 1406 384 1460; x_wconf 93' lang='lat' dir='ltr'><strong>ln</strong></span> <span class='ocrx_word' id='word_1_82' title='bbox 413 1415 526 1461; x_wconf 88' lang='lat' dir='ltr'><strong>toto</strong></span> <span class='ocrx_word' id='word_1_83' title='bbox 558 1405 725 1460; x_wconf 89' lang='lat' dir='ltr'><strong>corde</strong></span> <span class='ocrx_word' id='word_1_84' title='bbox 750 1403 1038 1458; x_wconf 79' lang='lat' dir='ltr'><strong>conﬁtetur</strong></span> <span class='ocrx_word' id='word_1_85' title='bbox 1063 1399 1253 1461; x_wconf 90' lang='lat' dir='ltr'><strong>Deum,</strong></span> <span class='ocrx_word' id='word_1_86' title='bbox 1292 1394 1385 1465; x_wconf 87' lang='lat' dir='ltr'><strong>qui</strong></span> <span class='ocrx_word' id='word_1_87' title='bbox 1417 1393 1580 1449; x_wconf 85' lang='lat' dir='ltr'><strong>nullis</strong></span> <span class='ocrx_word' id='word_1_88' title='bbox 1601 1391 1753 1462; x_wconf 74' lang='grc' dir='ltr'><strong>εοςί-</strong></span> 
     </span>
    </p>
   </div>
   <div class='ocr_carea' id='block_1_14' title="bbox 189 1482 1752 1556">
    <p class='ocr_par' dir='ltr' id='par_1_14' title="bbox 189 1482 1752 1556">
     <span class='ocr_line' id='line_1_14' title="bbox 189 1482 1752 1556; baseline -0.013 -3"><span class='ocrx_word' id='word_1_89' title='bbox 189 1497 465 1553; x_wconf 78' lang='lat' dir='ltr'><strong>-tationibus</strong></span> <span class='ocrx_word' id='word_1_90' title='bbox 494 1493 788 1552; x_wconf 85' lang='lat' dir='ltr'><strong>mundanis</strong></span> <span class='ocrx_word' id='word_1_91' title='bbox 808 1490 1052 1553; x_wconf 90' lang='lat' dir='ltr'><strong>ﬁuctuat,</strong></span> <span class='ocrx_word' id='word_1_92' title='bbox 1082 1487 1226 1556; x_wconf 91' lang='lat' dir='ltr'><strong>quod</strong></span> <span class='ocrx_word' id='word_1_93' title='bbox 1254 1493 1339 1540; x_wconf 88' lang='lat' dir='ltr'><strong>est</strong></span> <span class='ocrx_word' id='word_1_94' title='bbox 1363 1482 1752 1554; x_wconf 91' lang='lat' dir='ltr'><strong>perfectorum.</strong></span> 
     </span>
    </p>
   </div>
   <div class='ocr_carea' id='block_1_15' title="bbox 199 1572 1752 1652">
    <p class='ocr_par' dir='ltr' id='par_1_15' title="bbox 199 1572 1752 1652">
     <span class='ocr_line' id='line_1_15' title="bbox 199 1572 1752 1652; baseline -0.014 -6"><span class='ocrx_word' id='word_1_95' title='bbox 199 1590 432 1652; x_wconf 73' lang='lat' dir='ltr'><strong>Narrabo,</strong></span> <span class='ocrx_word' id='word_1_96' title='bbox 453 1596 566 1643; x_wconf 88' lang='lat' dir='ltr'><strong>etc.</strong></span> <span class='ocrx_word' id='word_1_97' title='bbox 594 1586 641 1640; x_wconf 81' lang='lat' dir='ltr'><strong>ll</strong></span> <span class='ocrx_word' id='word_1_98' title='bbox 660 1586 742 1642; x_wconf 78' lang='lat' dir='ltr'><strong>Ac</strong></span> <span class='ocrx_word' id='word_1_99' title='bbox 764 1585 809 1640; x_wconf 93' lang='lat' dir='ltr'><strong>si</strong></span> <span class='ocrx_word' id='word_1_100' title='bbox 834 1583 1063 1638; x_wconf 80' lang='lat' dir='ltr'><strong>dixisset</strong></span> <span class='ocrx_word' id='word_1_101' title='bbox 1091 1585 1349 1648; x_wconf 89' lang='lat' dir='ltr'><strong>quantum</strong></span> <span class='ocrx_word' id='word_1_102' title='bbox 1377 1590 1464 1630; x_wconf 90' lang='lat' dir='ltr'><strong>me</strong></span> <span class='ocrx_word' id='word_1_103' title='bbox 1493 1572 1752 1638; x_wconf 88' lang='lat' dir='ltr'><strong>docuisti,</strong></span> 
     </span>
    </p>
   </div>
   <div class='ocr_carea' id='block_1_16' title="bbox 204 1665 1755 1743">
    <p class='ocr_par' dir='ltr' id='par_1_16' title="bbox 204 1665 1755 1743">
     <span class='ocr_line' id='line_1_16' title="bbox 204 1665 1755 1743; baseline -0.013 -7"><span class='ocrx_word' id='word_1_104' title='bbox 204 1691 381 1736; x_wconf 86' lang='lat' dir='ltr'><strong>tantum</strong></span> <span class='ocrx_word' id='word_1_105' title='bbox 431 1678 696 1735; x_wconf 84' lang='lat' dir='ltr'><strong>narrabo.</strong></span> <span class='ocrx_word' id='word_1_106' title='bbox 752 1675 852 1743; x_wconf 87' lang='lat' dir='ltr'><strong>Qui</strong></span> <span class='ocrx_word' id='word_1_107' title='bbox 907 1680 1094 1727; x_wconf 88' lang='lat' dir='ltr'><strong>narrat</strong></span> <span class='ocrx_word' id='word_1_108' title='bbox 1139 1677 1401 1739; x_wconf 91' lang='lat' dir='ltr'><strong>quantum</strong></span> <span class='ocrx_word' id='word_1_109' title='bbox 1448 1665 1755 1734; x_wconf 78' lang='lat' dir='ltr'><strong>intelligit:</strong></span> 
     </span>
    </p>
   </div>
   <div class='ocr_carea' id='block_1_17' title="bbox 1771 387 3083 461">
    <p class='ocr_par' dir='ltr' id='par_1_17' title="bbox 1771 387 3083 461">
     <span class='ocr_line' id='line_1_17' title="bbox 1771 387 3083 461; baseline -0.006 -17"><span class='ocrx_word' id='word_1_110' title='bbox 1771 399 1820 454; x_wconf 74' lang='grc' dir='ltr'>Α</span> <span class='ocrx_word' id='word_1_111' title='bbox 1883 391 1934 444; x_wconf 79' lang='lat' dir='ltr'><strong>li.</strong></span> <span class='ocrx_word' id='word_1_112' title='bbox 2011 389 2220 445; x_wconf 85' lang='lat' dir='ltr'><strong>Inimici</strong></span> <span class='ocrx_word' id='word_1_113' title='bbox 2246 390 2541 461; x_wconf 81' lang='lat' dir='ltr'><strong>defecerunt</strong></span> <span class='ocrx_word' id='word_1_114' title='bbox 2566 388 2781 458; x_wconf 74' lang='lat' dir='ltr'><strong>framea:</strong></span> <span class='ocrx_word' id='word_1_115' title='bbox 2809 405 2862 442; x_wconf 78' lang='lat' dir='ltr'><strong>in</strong></span> <span class='ocrx_word' id='word_1_116' title='bbox 2885 387 3040 456; x_wconf 73' lang='lat' dir='ltr'><strong>ﬁnem</strong></span> <span class='ocrx_word' id='word_1_117' title='bbox 3066 397 3083 436; x_wconf 91' lang='lat'><strong><em>:</em></strong></span> 
     </span>
    </p>
   </div>
   <div class='ocr_carea' id='block_1_18' title="bbox 1992 476 3003 548">
    <p class='ocr_par' dir='ltr' id='par_1_18' title="bbox 1992 476 3003 548">
     <span class='ocr_line' id='line_1_18' title="bbox 1992 476 3003 548; baseline 0.002 -18"><span class='ocrx_word' id='word_1_118' title='bbox 1992 476 2060 533; x_wconf 87' lang='lat' dir='ltr'><strong>Et</strong></span> <span class='ocrx_word' id='word_1_119' title='bbox 2080 481 2310 535; x_wconf 75' lang='lat' dir='ltr'><strong>civitates</strong></span> <span class='ocrx_word' id='word_1_120' title='bbox 2329 495 2386 535; x_wconf 67' lang='grc' dir='ltr'><strong>-εν</strong></span> <span class='ocrx_word' id='word_1_121' title='bbox 2415 495 2594 534; x_wconf 87' lang='lat' dir='ltr'><strong>eorum</strong></span> <span class='ocrx_word' id='word_1_122' title='bbox 2628 479 2644 548; x_wconf 72' lang='grc' dir='ltr'>ζ</span> <span class='ocrx_word' id='word_1_123' title='bbox 2677 479 3003 532; x_wconf 72' lang='lat' dir='ltr'><strong>destruxisti.</strong></span> 
     </span>
    </p>
   </div>
   <div class='ocr_carea' id='block_1_19' title="bbox 1920 563 3425 641">
    <p class='ocr_par' dir='ltr' id='par_1_19' title="bbox 1920 563 3425 641">
     <span class='ocr_line' id='line_1_19' title="bbox 1920 563 3425 641; baseline -0.004 -15"><span class='ocrx_word' id='word_1_124' title='bbox 1920 569 1961 626; x_wconf 91' lang='lat' dir='ltr'><strong>C</strong></span> <span class='ocrx_word' id='word_1_125' title='bbox 1986 570 2194 626; x_wconf 88' lang='lat' dir='ltr'><strong>Inimici</strong></span> <span class='ocrx_word' id='word_1_126' title='bbox 2223 571 2493 641; x_wconf 76' lang='lat' dir='ltr'><strong>genitivus</strong></span> <span class='ocrx_word' id='word_1_127' title='bbox 2519 585 2674 624; x_wconf 89' lang='lat' dir='ltr'><strong>casus</strong></span> <span class='ocrx_word' id='word_1_128' title='bbox 2699 577 2804 632; x_wconf 91' lang='lat' dir='ltr'><strong>est,</strong></span> <span class='ocrx_word' id='word_1_129' title='bbox 2829 569 2880 622; x_wconf 89' lang='lat' dir='ltr'><strong>id</strong></span> <span class='ocrx_word' id='word_1_130' title='bbox 2903 579 2988 622; x_wconf 71' lang='grc' dir='ltr'><strong>ρει</strong></span> <span class='ocrx_word' id='word_1_131' title='bbox 3019 563 3240 630; x_wconf 87' lang='lat' dir='ltr'><strong>diaboli,</strong></span> <span class='ocrx_word' id='word_1_132' title='bbox 3270 563 3425 632; x_wconf 83' lang='lat' dir='ltr'><strong>cujus</strong></span> 
     </span>
    </p>
   </div>
   <div class='ocr_carea' id='block_1_20' title="bbox 1849 658 3430 732">
    <p class='ocr_par' dir='ltr' id='par_1_20' title="bbox 1849 658 3430 732">
     <span class='ocr_line' id='line_1_20' title="bbox 1849 658 3430 732; baseline -0.005 -14"><span class='ocrx_word' id='word_1_133' title='bbox 1849 663 2115 719; x_wconf 81' lang='lat' dir='ltr'><strong>frameam</strong></span> <span class='ocrx_word' id='word_1_134' title='bbox 2158 663 2421 719; x_wconf 80' lang='lat' dir='ltr'><strong>defecisse</strong></span> <span class='ocrx_word' id='word_1_135' title='bbox 2456 671 2708 726; x_wconf 87' lang='lat' dir='ltr'><strong>testatur,</strong></span> <span class='ocrx_word' id='word_1_136' title='bbox 2743 662 2960 732; x_wconf 89' lang='lat' dir='ltr'><strong>quando</strong></span> <span class='ocrx_word' id='word_1_137' title='bbox 3014 660 3188 714; x_wconf 85' lang='lat' dir='ltr'><strong>virtus</strong></span> <span class='ocrx_word' id='word_1_138' title='bbox 3232 658 3430 713; x_wconf 89' lang='lat' dir='ltr'><strong>diaboli</strong></span> 
     </span>
    </p>
   </div>
   <div class='ocr_carea' id='block_1_21' title="bbox 1852 750 3429 827">
    <p class='ocr_par' dir='ltr' id='par_1_21' title="bbox 1852 750 3429 827">
     <span class='ocr_line' id='line_1_21' title="bbox 1852 750 3429 827; baseline -0.005 -15"><span class='ocrx_word' id='word_1_139' title='bbox 1852 757 1905 812; x_wconf 93' lang='lat' dir='ltr'><strong>in</strong></span> <span class='ocrx_word' id='word_1_140' title='bbox 1939 756 2042 812; x_wconf 90' lang='lat' dir='ltr'><strong>ﬁne</strong></span> <span class='ocrx_word' id='word_1_141' title='bbox 2058 756 2456 827; x_wconf 91' lang='lat' dir='ltr'><strong>Omnipotentis</strong></span> <span class='ocrx_word' id='word_1_142' title='bbox 2479 754 2683 824; x_wconf 86' lang='lat' dir='ltr'><strong>judicio</strong></span> <span class='ocrx_word' id='word_1_143' title='bbox 2707 755 3036 809; x_wconf 83' lang='lat' dir='ltr'><strong>destruetur.</strong></span> <span class='ocrx_word' id='word_1_144' title='bbox 3066 751 3296 806; x_wconf 84' lang='lat' dir='ltr'><strong>Framea</strong></span> <span class='ocrx_word' id='word_1_145' title='bbox 3322 750 3429 805; x_wconf 86' lang='lat' dir='ltr'><strong>He-</strong></span> 
     </span>
    </p>
   </div>
   <div class='ocr_carea' id='block_1_22' title="bbox 1851 841 3431 915">
    <p class='ocr_par' dir='ltr' id='par_1_22' title="bbox 1851 841 3431 915">
     <span class='ocr_line' id='line_1_22' title="bbox 1851 841 3431 915; baseline -0.006 -12"><span class='ocrx_word' id='word_1_146' title='bbox 1851 848 2068 903; x_wconf 88' lang='lat' dir='ltr'><strong>braicus</strong></span> <span class='ocrx_word' id='word_1_147' title='bbox 2098 863 2299 911; x_wconf 89' lang='lat' dir='ltr'><strong>sermo,</strong></span> <span class='ocrx_word' id='word_1_148' title='bbox 2319 846 2510 900; x_wconf 88' lang='lat' dir='ltr'><strong>Latine</strong></span> <span class='ocrx_word' id='word_1_149' title='bbox 2536 844 2762 915; x_wconf 79' lang='lat' dir='ltr'><strong>gladius.</strong></span> <span class='ocrx_word' id='word_1_150' title='bbox 2786 842 3070 906; x_wconf 87' lang='lat' dir='ltr'><strong>Civitates,</strong></span> <span class='ocrx_word' id='word_1_151' title='bbox 3096 841 3322 912; x_wconf 86' lang='lat' dir='ltr'><strong>populos</strong></span> <span class='ocrx_word' id='word_1_152' title='bbox 3344 843 3431 895; x_wconf 88' lang='lat' dir='ltr'><strong>in-</strong></span> 
     </span>
    </p>
   </div>
   <div class='ocr_carea' id='block_1_23' title="bbox 1854 934 3435 1009">
    <p class='ocr_par' dir='ltr' id='par_1_23' title="bbox 1854 934 3435 1009">
     <span class='ocr_line' id='line_1_23' title="bbox 1854 934 3435 1009; baseline -0.004 -14"><span class='ocrx_word' id='word_1_153' title='bbox 1854 940 2061 1006; x_wconf 86' lang='lat' dir='ltr'><strong>ﬁdeles,</strong></span> <span class='ocrx_word' id='word_1_154' title='bbox 2087 955 2315 1009; x_wconf 88' lang='lat' dir='ltr'><strong>quorum</strong></span> <span class='ocrx_word' id='word_1_155' title='bbox 2362 947 2580 1008; x_wconf 68' lang='lat' dir='ltr'><strong>pectora</strong></span> <span class='ocrx_word' id='word_1_156' title='bbox 2610 935 2854 991; x_wconf 86' lang='lat' dir='ltr'><strong>diabolus</strong></span> <span class='ocrx_word' id='word_1_157' title='bbox 2879 937 2930 989; x_wconf 93' lang='lat' dir='ltr'><strong>in</strong></span> <span class='ocrx_word' id='word_1_158' title='bbox 2964 935 3066 988; x_wconf 86' lang='lat' dir='ltr'><strong>hoc</strong></span> <span class='ocrx_word' id='word_1_159' title='bbox 3089 934 3284 989; x_wconf 80' lang='lat' dir='ltr'><strong>saeculo</strong></span> <span class='ocrx_word' id='word_1_160' title='bbox 3315 948 3435 1003; x_wconf 79' lang='lat' dir='ltr'><strong>pos-</strong></span> 
     </span>
    </p>
   </div>
   <div class='ocr_carea' id='block_1_24' title="bbox 1854 1025 3428 1097">
    <p class='ocr_par' dir='ltr' id='par_1_24' title="bbox 1854 1025 3428 1097">
     <span class='ocr_line' id='line_1_24' title="bbox 1854 1025 3428 1097; baseline -0.004 -10"><span class='ocrx_word' id='word_1_161' title='bbox 1854 1032 2096 1097; x_wconf 87' lang='lat' dir='ltr'><strong>sidehat;</strong></span> <span class='ocrx_word' id='word_1_162' title='bbox 2129 1032 2180 1086; x_wconf 92' lang='lat' dir='ltr'><strong>in</strong></span> <span class='ocrx_word' id='word_1_163' title='bbox 2213 1031 2398 1085; x_wconf 87' lang='lat' dir='ltr'><strong>ultima</strong></span> <span class='ocrx_word' id='word_1_164' title='bbox 2439 1028 2640 1085; x_wconf 88' lang='lat' dir='ltr'><strong>Christi</strong></span> <span class='ocrx_word' id='word_1_165' title='bbox 2669 1026 3110 1082; x_wconf 88' lang='lat' dir='ltr'><strong>manifestatione</strong></span> <span class='ocrx_word' id='word_1_166' title='bbox 3134 1025 3266 1081; x_wconf 89' lang='lat' dir='ltr'><strong>dicit</strong></span> <span class='ocrx_word' id='word_1_167' title='bbox 3293 1040 3428 1081; x_wconf 91' lang='lat' dir='ltr'><strong>con-</strong></span> 
     </span>
    </p>
   </div>
   <div class='ocr_carea' id='block_1_25' title="bbox 1854 1123 2044 1178">
    <p class='ocr_par' dir='ltr' id='par_1_25' title="bbox 1854 1123 2044 1178">
     <span class='ocr_line' id='line_1_25' title="bbox 1854 1123 2044 1178; baseline 0 -2"><span class='ocrx_word' id='word_1_168' title='bbox 1854 1123 2044 1178; x_wconf 88' lang='lat' dir='ltr'><strong>victos.</strong></span> 
     </span>
    </p>
   </div>
   <div class='ocr_carea' id='block_1_26' title="bbox 1893 1208 3036 1266">
    <p class='ocr_par' dir='ltr' id='par_1_26' title="bbox 1893 1208 3036 1266">
     <span class='ocr_line' id='line_1_26' title="bbox 1893 1208 3036 1266; baseline -0.006 0"><span class='ocrx_word' id='word_1_169' title='bbox 1893 1213 1924 1266; x_wconf 86' lang='lat'><strong>7</strong></span> <span class='ocrx_word' id='word_1_170' title='bbox 2001 1209 2172 1266; x_wconf 81' lang='lat' dir='ltr'><strong>Periit</strong></span> <span class='ocrx_word' id='word_1_171' title='bbox 2193 1211 2446 1265; x_wconf 87' lang='lat' dir='ltr'><strong>memoria</strong></span> <span class='ocrx_word' id='word_1_172' title='bbox 2478 1226 2657 1264; x_wconf 88' lang='lat' dir='ltr'><strong>eorunt</strong></span> <span class='ocrx_word' id='word_1_173' title='bbox 2683 1225 2799 1262; x_wconf 87' lang='lat' dir='ltr'><strong>cum</strong></span> <span class='ocrx_word' id='word_1_174' title='bbox 2823 1208 2996 1261; x_wconf 82' lang='lat' dir='ltr'><strong>sonitu</strong></span> <span class='ocrx_word' id='word_1_175' title='bbox 3023 1224 3036 1259; x_wconf 92' lang='lat'>:</span> 
     </span>
    </p>
   </div>
   <div class='ocr_carea' id='block_1_27' title="bbox 2003 1303 3016 1367">
    <p class='ocr_par' dir='ltr' id='par_1_27' title="bbox 2003 1303 3016 1367">
     <span class='ocr_line' id='line_1_27' title="bbox 2003 1303 3016 1367; baseline -0.005 -9"><span class='ocrx_word' id='word_1_176' title='bbox 2003 1303 2068 1358; x_wconf 82' lang='lat' dir='ltr'><strong>Et</strong></span> <span class='ocrx_word' id='word_1_177' title='bbox 2093 1303 2348 1357; x_wconf 85' lang='lat' dir='ltr'><strong>Dominus</strong></span> <span class='ocrx_word' id='word_1_178' title='bbox 2379 1305 2432 1356; x_wconf 90' lang='lat' dir='ltr'><strong>in</strong></span> <span class='ocrx_word' id='word_1_179' title='bbox 2457 1311 2703 1355; x_wconf 78' lang='lat' dir='ltr'><strong>trternum</strong></span> <span class='ocrx_word' id='word_1_180' title='bbox 2728 1307 3016 1367; x_wconf 82' lang='lat' dir='ltr'><strong>permanet.</strong></span> 
     </span>
    </p>
   </div>
   <div class='ocr_carea' id='block_1_28' title="bbox 1930 1387 3437 1454">
    <p class='ocr_par' dir='ltr' id='par_1_28' title="bbox 1930 1387 3437 1454">
     <span class='ocr_line' id='line_1_28' title="bbox 1930 1387 3437 1454; baseline -0.006 -6"><span class='ocrx_word' id='word_1_181' title='bbox 1930 1392 1971 1448; x_wconf 87' lang='lat' dir='ltr'><strong>C</strong></span> <span class='ocrx_word' id='word_1_182' title='bbox 2000 1391 2135 1448; x_wconf 88' lang='lat' dir='ltr'><strong>Cum</strong></span> <span class='ocrx_word' id='word_1_183' title='bbox 2160 1393 2340 1447; x_wconf 86' lang='lat' dir='ltr'><strong>sonitu</strong></span> <span class='ocrx_word' id='word_1_184' title='bbox 2364 1392 2515 1454; x_wconf 90' lang='lat' dir='ltr'><strong>dicit,</strong></span> <span class='ocrx_word' id='word_1_185' title='bbox 2551 1391 2604 1445; x_wconf 91' lang='lat' dir='ltr'><strong>id</strong></span> <span class='ocrx_word' id='word_1_186' title='bbox 2631 1398 2714 1445; x_wconf 90' lang='lat' dir='ltr'><strong>est</strong></span> <span class='ocrx_word' id='word_1_187' title='bbox 2744 1404 2864 1444; x_wconf 89' lang='lat' dir='ltr'><strong>cum</strong></span> <span class='ocrx_word' id='word_1_188' title='bbox 2899 1387 3137 1443; x_wconf 88' lang='lat' dir='ltr'><strong>clamore</strong></span> <span class='ocrx_word' id='word_1_189' title='bbox 3177 1387 3437 1450; x_wconf 77' lang='lat' dir='ltr'><strong>maximo,</strong></span> 
     </span>
    </p>
   </div>
   <div class='ocr_carea' id='block_1_29' title="bbox 1855 1480 3440 1555">
    <p class='ocr_par' dir='ltr' id='par_1_29' title="bbox 1855 1480 3440 1555">
     <span class='ocr_line' id='line_1_29' title="bbox 1855 1480 3440 1555; baseline -0.005 -15"><span class='ocrx_word' id='word_1_190' title='bbox 1855 1485 2002 1555; x_wconf 87' lang='lat' dir='ltr'><strong>quod</strong></span> <span class='ocrx_word' id='word_1_191' title='bbox 2057 1484 2173 1539; x_wconf 90' lang='lat' dir='ltr'><strong>ﬁeri</strong></span> <span class='ocrx_word' id='word_1_192' title='bbox 2230 1483 2387 1548; x_wconf 92' lang='lat' dir='ltr'><strong>solet,</strong></span> <span class='ocrx_word' id='word_1_193' title='bbox 2427 1483 2644 1553; x_wconf 88' lang='lat' dir='ltr'><strong>quando</strong></span> <span class='ocrx_word' id='word_1_194' title='bbox 2685 1497 2771 1537; x_wconf 85' lang='lat' dir='ltr'><strong>res</strong></span> <span class='ocrx_word' id='word_1_195' title='bbox 2821 1496 3089 1552; x_wconf 65' lang='lat' dir='ltr'><strong>prosperae</strong></span> <span class='ocrx_word' id='word_1_196' title='bbox 3118 1480 3440 1550; x_wconf 85' lang='lat' dir='ltr'><strong>gravissimo</strong></span> 
     </span>
    </p>
   </div>
   <div class='ocr_carea' id='block_1_30' title="bbox 1843 1571 3441 1644">
    <p class='ocr_par' dir='ltr' id='par_1_30' title="bbox 1843 1571 3441 1644">
     <span class='ocr_line' id='line_1_30' title="bbox 1843 1571 3441 1644; baseline -0.004 -13"><span class='ocrx_word' id='word_1_197' title='bbox 1843 1574 1970 1632; x_wconf 76' lang='lat' dir='ltr'><strong>.ﬁne</strong></span> <span class='ocrx_word' id='word_1_198' title='bbox 1997 1573 2347 1638; x_wconf 88' lang='lat' dir='ltr'><strong>clauduntur,</strong></span> <span class='ocrx_word' id='word_1_199' title='bbox 2378 1583 2437 1628; x_wconf 95' lang='lat' dir='ltr'><strong>ut</strong></span> <span class='ocrx_word' id='word_1_200' title='bbox 2474 1588 2573 1628; x_wconf 89' lang='lat' dir='ltr'><strong>nec</strong></span> <span class='ocrx_word' id='word_1_201' title='bbox 2603 1581 2841 1644; x_wconf 85' lang='lat' dir='ltr'><strong>potestas</strong></span> <span class='ocrx_word' id='word_1_202' title='bbox 2867 1587 3055 1626; x_wconf 89' lang='lat' dir='ltr'><strong>eorum</strong></span> <span class='ocrx_word' id='word_1_203' title='bbox 3079 1571 3329 1627; x_wconf 90' lang='lat' dir='ltr'><strong>videatur</strong></span> <span class='ocrx_word' id='word_1_204' title='bbox 3357 1587 3441 1625; x_wconf 89' lang='lat' dir='ltr'><strong>re-</strong></span> 
     </span>
    </p>
   </div>
   <div class='ocr_carea' id='block_1_31' title="bbox 1862 1664 3437 1732">
    <p class='ocr_par' dir='ltr' id='par_1_31' title="bbox 1862 1664 3437 1732">
     <span class='ocr_line' id='line_1_31' title="bbox 1862 1664 3437 1732; baseline -0.004 -10"><span class='ocrx_word' id='word_1_205' title='bbox 1862 1680 2116 1730; x_wconf 89' lang='lat' dir='ltr'><strong>manere,</strong></span> <span class='ocrx_word' id='word_1_206' title='bbox 2139 1681 2238 1722; x_wconf 90' lang='lat' dir='ltr'><strong>nec</strong></span> <span class='ocrx_word' id='word_1_207' title='bbox 2265 1681 2486 1720; x_wconf 89' lang='lat' dir='ltr'><strong>nomen.</strong></span> <span class='ocrx_word' id='word_1_208' title='bbox 2522 1664 2590 1718; x_wconf 88' lang='lat' dir='ltr'><strong>Et</strong></span> <span class='ocrx_word' id='word_1_209' title='bbox 2618 1679 2745 1719; x_wconf 87' lang='lat' dir='ltr'><strong>ecce</strong></span> <span class='ocrx_word' id='word_1_210' title='bbox 2771 1665 2965 1718; x_wconf 88' lang='lat' dir='ltr'><strong>decora</strong></span> <span class='ocrx_word' id='word_1_211' title='bbox 3013 1664 3284 1732; x_wconf 88' lang='lat' dir='ltr'><strong>nimisque</strong></span> <span class='ocrx_word' id='word_1_212' title='bbox 3314 1672 3437 1731; x_wconf 87' lang='lat' dir='ltr'><strong>apta</strong></span> 
     </span>
    </p>
   </div>
   <div class='ocr_carea' id='block_1_32' title="bbox 201 1751 3442 1834">
    <p class='ocr_par' dir='ltr' id='par_1_32' title="bbox 201 1751 3442 1834">
     <span class='ocr_line' id='line_1_32' title="bbox 201 1751 3442 1834; baseline -0.007 -5"><span class='ocrx_word' id='word_1_213' title='bbox 201 1776 354 1830; x_wconf 84' lang='lat' dir='ltr'><strong>omnia</strong></span> <span class='ocrx_word' id='word_1_214' title='bbox 391 1771 666 1829; x_wconf 86' lang='lat' dir='ltr'><strong>mirabilia</strong></span> <span class='ocrx_word' id='word_1_215' title='bbox 715 1769 811 1824; x_wconf 87' lang='lat' dir='ltr'><strong>Dei</strong></span> <span class='ocrx_word' id='word_1_216' title='bbox 846 1775 1056 1833; x_wconf 88' lang='lat' dir='ltr'><strong>narrat,</strong></span> <span class='ocrx_word' id='word_1_217' title='bbox 1106 1762 1356 1834; x_wconf 83' lang='lat' dir='ltr'><strong>quamvis</strong></span> <span class='ocrx_word' id='word_1_218' title='bbox 1405 1760 1461 1816; x_wconf 90' lang='lat' dir='ltr'><strong>in</strong></span> <span class='ocrx_word' id='word_1_219' title='bbox 1499 1774 1559 1816; x_wconf 87' lang='lat' dir='ltr'><strong>se</strong></span> <span class='ocrx_word' id='word_1_220' title='bbox 1605 1759 1763 1830; x_wconf 89' lang='lat' dir='ltr'><strong>plura</strong></span> <span class='ocrx_word' id='word_1_221' title='bbox 1791 1757 1836 1816; x_wconf 83' lang='grc' dir='ltr'><strong>Β</strong></span> <span class='ocrx_word' id='word_1_222' title='bbox 1865 1759 2172 1822; x_wconf 88' lang='lat' dir='ltr'><strong>diversitas,</strong></span> <span class='ocrx_word' id='word_1_223' title='bbox 2221 1757 2348 1828; x_wconf 88' lang='lat' dir='ltr'><strong>quia</strong></span> <span class='ocrx_word' id='word_1_224' title='bbox 2377 1758 2530 1829; x_wconf 88' lang='lat' dir='ltr'><strong>prius</strong></span> <span class='ocrx_word' id='word_1_225' title='bbox 2573 1757 2704 1814; x_wconf 81' lang='lat' dir='ltr'><strong>dixit</strong></span> <span class='ocrx_word' id='word_1_226' title='bbox 2754 1755 2947 1826; x_wconf 89' lang='lat' dir='ltr'><strong>impios</strong></span> <span class='ocrx_word' id='word_1_227' title='bbox 2989 1753 3190 1825; x_wconf 87' lang='lat' dir='ltr'><strong>perire,</strong></span> <span class='ocrx_word' id='word_1_228' title='bbox 3216 1751 3442 1808; x_wconf 89' lang='lat' dir='ltr'><strong>nuncin</strong></span> 
     </span>
    </p>
   </div>
   <div class='ocr_carea' id='block_1_33' title="bbox 203 1867 309 1920">
    <p class='ocr_par' dir='ltr' id='par_1_33' title="bbox 203 1867 309 1920">
     <span class='ocr_line' id='line_1_33' title="bbox 203 1867 309 1920; baseline -0.009 0"><span class='ocrx_word' id='word_1_229' title='bbox 203 1867 309 1920; x_wconf 81' lang='lat' dir='ltr'><strong>sint.</strong></span> 
     </span>
    </p>
   </div>
   <div class='ocr_carea' id='block_1_34' title="bbox 227 1947 1128 2010">
    <p class='ocr_par' dir='ltr' id='par_1_34' title="bbox 227 1947 1128 2010">
     <span class='ocr_line' id='line_1_34' title="bbox 227 1947 1128 2010; baseline -0.014 0"><span class='ocrx_word' id='word_1_230' title='bbox 227 1956 256 2010; x_wconf 76' lang='grc'><strong>2</strong></span> <span class='ocrx_word' id='word_1_231' title='bbox 317 1954 560 2009; x_wconf 68' lang='lat' dir='ltr'><strong>Lctabor</strong></span> <span class='ocrx_word' id='word_1_232' title='bbox 596 1961 647 2008; x_wconf 89' lang='lat' dir='ltr'><strong>et</strong></span> <span class='ocrx_word' id='word_1_233' title='bbox 677 1947 947 2006; x_wconf 68' lang='lat' dir='ltr'><strong>exsultabo</strong></span> <span class='ocrx_word' id='word_1_234' title='bbox 969 1947 1128 2009; x_wconf 87' lang='lat' dir='ltr'><strong>inte;</strong></span> 
     </span>
    </p>
   </div>
   <div class='ocr_carea' id='block_1_35' title="bbox 311 2034 1465 2105">
    <p class='ocr_par' dir='ltr' id='par_1_35' title="bbox 311 2034 1465 2105">
     <span class='ocr_line' id='line_1_35' title="bbox 311 2034 1465 2105; baseline -0.016 -5"><span class='ocrx_word' id='word_1_235' title='bbox 311 2045 555 2100; x_wconf 73' lang='lat' dir='ltr'><strong>Psallam</strong></span> <span class='ocrx_word' id='word_1_236' title='bbox 581 2043 782 2102; x_wconf 83' lang='lat' dir='ltr'><strong>nomini</strong></span> <span class='ocrx_word' id='word_1_237' title='bbox 813 2051 929 2105; x_wconf 87' lang='lat' dir='ltr'><strong>tuo,</strong></span> <span class='ocrx_word' id='word_1_238' title='bbox 958 2034 1243 2095; x_wconf 82' lang='lat' dir='ltr'><strong>Altissime.</strong></span> <span class='ocrx_word' id='word_1_239' title='bbox 1463 2079 1465 2082; x_wconf 13' lang='lat' dir='ltr'><strong>s</strong></span> 
     </span>
    </p>
   </div>
   <div class='ocr_carea' id='block_1_36' title="bbox 257 2115 1757 2202">
    <p class='ocr_par' dir='ltr' id='par_1_36' title="bbox 257 2115 1757 2202">
     <span class='ocr_line' id='line_1_36' title="bbox 257 2115 1757 2202; baseline -0.015 -6"><span class='ocrx_word' id='word_1_240' title='bbox 257 2139 292 2196; x_wconf 71' lang='grc' dir='ltr'><strong>(ἶ</strong></span> <span class='ocrx_word' id='word_1_241' title='bbox 323 2139 563 2202; x_wconf 52' lang='lat' dir='ltr'><strong>Pktsest</strong></span> <span class='ocrx_word' id='word_1_242' title='bbox 592 2135 742 2192; x_wconf 91' lang='lat' dir='ltr'><strong>enim</strong></span> <span class='ocrx_word' id='word_1_243' title='bbox 761 2115 1033 2188; x_wconf 84' lang='lat' dir='ltr'><strong>exsultare</strong></span> <span class='ocrx_word' id='word_1_244' title='bbox 1057 2142 1221 2198; x_wconf 89' lang='lat' dir='ltr'><strong>quam</strong></span> <span class='ocrx_word' id='word_1_245' title='bbox 1249 2123 1440 2180; x_wconf 83' lang='lat' dir='ltr'><strong>laetari.</strong></span> <span class='ocrx_word' id='word_1_246' title='bbox 1467 2120 1757 2177; x_wconf 83' lang='lat' dir='ltr'><strong>Exsultare</strong></span> 
     </span>
    </p>
   </div>
   <div class='ocr_carea' id='block_1_37' title="bbox 192 2211 1760 2300">
    <p class='ocr_par' dir='ltr' id='par_1_37' title="bbox 192 2211 1760 2300">
     <span class='ocr_line' id='line_1_37' title="bbox 192 2211 1760 2300; baseline -0.016 -10"><span class='ocrx_word' id='word_1_247' title='bbox 192 2243 271 2290; x_wconf 23' lang='lat' dir='ltr'><strong>rest</strong></span> <span class='ocrx_word' id='word_1_248' title='bbox 303 2232 458 2288; x_wconf 87' lang='lat' dir='ltr'><strong>animi</strong></span> <span class='ocrx_word' id='word_1_249' title='bbox 489 2241 556 2288; x_wconf 78' lang='lat' dir='ltr'><strong>.et</strong></span> <span class='ocrx_word' id='word_1_250' title='bbox 584 2226 834 2300; x_wconf 80' lang='lat' dir='ltr'><strong>corporis</strong></span> <span class='ocrx_word' id='word_1_251' title='bbox 872 2233 1020 2278; x_wconf 90' lang='lat' dir='ltr'><strong>motu</strong></span> <span class='ocrx_word' id='word_1_252' title='bbox 1057 2219 1248 2291; x_wconf 86' lang='lat' dir='ltr'><strong>majori</strong></span> <span class='ocrx_word' id='word_1_253' title='bbox 1271 2215 1662 2286; x_wconf 82' lang='lat' dir='ltr'><strong>jocundissima</strong></span> <span class='ocrx_word' id='word_1_254' title='bbox 1698 2211 1760 2266; x_wconf 90' lang='lat' dir='ltr'><strong>li-</strong></span> 
     </span>
    </p>
   </div>
   <div class='ocr_carea' id='block_1_38' title="bbox 205 2306 1760 2399">
    <p class='ocr_par' dir='ltr' id='par_1_38' title="bbox 205 2306 1760 2399">
     <span class='ocr_line' id='line_1_38' title="bbox 205 2306 1760 2399; baseline -0.017 -14"><span class='ocrx_word' id='word_1_255' title='bbox 205 2331 382 2385; x_wconf 85' lang='lat' dir='ltr'><strong>bertate</strong></span> <span class='ocrx_word' id='word_1_256' title='bbox 431 2326 700 2399; x_wconf 88' lang='lat' dir='ltr'><strong>gaudere,</strong></span> <span class='ocrx_word' id='word_1_257' title='bbox 749 2319 924 2376; x_wconf 70' lang='lat' dir='ltr'><strong>laetari</strong></span> <span class='ocrx_word' id='word_1_258' title='bbox 963 2329 1093 2373; x_wconf 90' lang='lat' dir='ltr'><strong>vero</strong></span> <span class='ocrx_word' id='word_1_259' title='bbox 1143 2332 1156 2369; x_wconf 92' lang='lat'><strong>:</strong></span> <span class='ocrx_word' id='word_1_260' title='bbox 1210 2313 1391 2368; x_wconf 86' lang='lat' dir='ltr'><strong>animo</strong></span> <span class='ocrx_word' id='word_1_261' title='bbox 1437 2307 1652 2365; x_wconf 87' lang='lat' dir='ltr'><strong>dilatari</strong></span> <span class='ocrx_word' id='word_1_262' title='bbox 1704 2306 1760 2360; x_wconf 92' lang='lat' dir='ltr'><strong>in</strong></span> 
     </span>
    </p>
   </div>
   <div class='ocr_carea' id='block_1_39' title="bbox 195 2400 1760 2493">
    <p class='ocr_par' dir='ltr' id='par_1_39' title="bbox 195 2400 1760 2493">
     <span class='ocr_line' id='line_1_39' title="bbox 195 2400 1760 2493; baseline -0.015 -16"><span class='ocrx_word' id='word_1_263' title='bbox 195 2421 388 2493; x_wconf 77' lang='lat' dir='ltr'><strong>gaudio,</strong></span> <span class='ocrx_word' id='word_1_264' title='bbox 425 2419 622 2475; x_wconf 70' lang='lat' dir='ltr'><strong>laetitia</strong></span> <span class='ocrx_word' id='word_1_265' title='bbox 660 2416 806 2472; x_wconf 86' lang='lat' dir='ltr'><strong>enim</strong></span> <span class='ocrx_word' id='word_1_266' title='bbox 843 2411 996 2483; x_wconf 89' lang='lat' dir='ltr'><strong>quasi</strong></span> <span class='ocrx_word' id='word_1_267' title='bbox 1026 2408 1219 2472; x_wconf 89' lang='lat' dir='ltr'><strong>latitia,</strong></span> <span class='ocrx_word' id='word_1_268' title='bbox 1248 2407 1302 2461; x_wconf 88' lang='lat' dir='ltr'><strong>id</strong></span> <span class='ocrx_word' id='word_1_269' title='bbox 1327 2413 1412 2460; x_wconf 89' lang='lat' dir='ltr'><strong>est</strong></span> <span class='ocrx_word' id='word_1_270' title='bbox 1447 2401 1645 2459; x_wconf 89' lang='lat' dir='ltr'><strong>mentis</strong></span> <span class='ocrx_word' id='word_1_271' title='bbox 1680 2400 1760 2455; x_wconf 78' lang='lat' dir='ltr'><strong>la-</strong></span> 
     </span>
    </p>
   </div>
   <div class='ocr_carea' id='block_1_40' title="bbox 207 2495 1763 2580">
    <p class='ocr_par' dir='ltr' id='par_1_40' title="bbox 207 2495 1763 2580">
     <span class='ocr_line' id='line_1_40' title="bbox 207 2495 1763 2580; baseline -0.013 -14"><span class='ocrx_word' id='word_1_272' title='bbox 207 2512 368 2578; x_wconf 86' lang='lat' dir='ltr'><strong>titudo,</strong></span> <span class='ocrx_word' id='word_1_273' title='bbox 409 2511 465 2565; x_wconf 90' lang='lat' dir='ltr'><strong>in</strong></span> <span class='ocrx_word' id='word_1_274' title='bbox 516 2507 723 2580; x_wconf 79' lang='lat' dir='ltr'><strong>gaudio</strong></span> <span class='ocrx_word' id='word_1_275' title='bbox 757 2505 977 2560; x_wconf 89' lang='lat' dir='ltr'><strong>dicitur.</strong></span> <span class='ocrx_word' id='word_1_276' title='bbox 1012 2498 1266 2562; x_wconf 86' lang='lat' dir='ltr'><strong>Psallam,</strong></span> <span class='ocrx_word' id='word_1_277' title='bbox 1315 2495 1362 2551; x_wconf 80' lang='lat' dir='ltr'><strong>ll</strong></span> <span class='ocrx_word' id='word_1_278' title='bbox 1406 2509 1572 2564; x_wconf 90' lang='lat' dir='ltr'><strong>opere</strong></span> <span class='ocrx_word' id='word_1_279' title='bbox 1611 2505 1763 2547; x_wconf 90' lang='lat' dir='ltr'><strong>com-</strong></span> 
     </span>
    </p>
   </div>
   <div class='ocr_carea' id='block_1_41' title="bbox 196 2586 1765 2675">
    <p class='ocr_par' dir='ltr' id='par_1_41' title="bbox 196 2586 1765 2675">
     <span class='ocr_line' id='line_1_41' title="bbox 196 2586 1765 2675; baseline -0.013 -17"><span class='ocrx_word' id='word_1_280' title='bbox 196 2604 373 2675; x_wconf 49' lang='lat' dir='ltr'><strong>vpleam.</strong></span> <span class='ocrx_word' id='word_1_281' title='bbox 402 2602 621 2660; x_wconf 84' lang='lat' dir='ltr'><strong>Nomen</strong></span> <span class='ocrx_word' id='word_1_282' title='bbox 647 2597 826 2656; x_wconf 82' lang='lat' dir='ltr'><strong>Patris</strong></span> <span class='ocrx_word' id='word_1_283' title='bbox 853 2595 1020 2652; x_wconf 83' lang='lat' dir='ltr'><strong>Filius</strong></span> <span class='ocrx_word' id='word_1_284' title='bbox 1047 2600 1150 2650; x_wconf 89' lang='lat' dir='ltr'><strong>est.</strong></span> <span class='ocrx_word' id='word_1_285' title='bbox 1187 2588 1497 2646; x_wconf 79' lang='lat' dir='ltr'><strong>Altissimus</strong></span> <span class='ocrx_word' id='word_1_286' title='bbox 1525 2586 1643 2656; x_wconf 91' lang='lat' dir='ltr'><strong>ipse</strong></span> <span class='ocrx_word' id='word_1_287' title='bbox 1681 2590 1765 2640; x_wconf 87' lang='lat' dir='ltr'><strong>est</strong></span> 
     </span>
    </p>
   </div>
   <div class='ocr_carea' id='block_1_42' title="bbox 192 2694 342 2750">
    <p class='ocr_par' dir='ltr' id='par_1_42' title="bbox 192 2694 342 2750">
     <span class='ocr_line' id='line_1_42' title="bbox 192 2694 342 2750; baseline 0 0"><span class='ocrx_word' id='word_1_288' title='bbox 192 2748 194 2750; x_wconf 74' lang='grc'>,</span> <span class='ocrx_word' id='word_1_289' title='bbox 206 2694 342 2750; x_wconf 85' lang='lat' dir='ltr'><strong>Deus.</strong></span> 
     </span>
    </p>
   </div>
   <div class='ocr_carea' id='block_1_43' title="bbox 235 2776 1625 2842">
    <p class='ocr_par' dir='ltr' id='par_1_43' title="bbox 235 2776 1625 2842">
     <span class='ocr_line' id='line_1_43' title="bbox 235 2776 1625 2842; baseline -0.015 1"><span class='ocrx_word' id='word_1_290' title='bbox 235 2788 263 2842; x_wconf 77' lang='lat'><strong>3</strong></span> <span class='ocrx_word' id='word_1_291' title='bbox 324 2786 386 2841; x_wconf 86' lang='lat' dir='ltr'><strong>In</strong></span> <span class='ocrx_word' id='word_1_292' title='bbox 413 2781 766 2840; x_wconf 73' lang='lat' dir='ltr'><strong>convertenda</strong></span> <span class='ocrx_word' id='word_1_293' title='bbox 804 2776 1071 2832; x_wconf 82' lang='lat' dir='ltr'><strong>inimicum</strong></span> <span class='ocrx_word' id='word_1_294' title='bbox 1099 2788 1269 2828; x_wconf 90' lang='lat' dir='ltr'><strong>meum</strong></span> <span class='ocrx_word' id='word_1_295' title='bbox 1297 2780 1581 2826; x_wconf 83' lang='lat' dir='ltr'><strong>retrorsum</strong></span> <span class='ocrx_word' id='word_1_296' title='bbox 1606 2786 1625 2823; x_wconf 91' lang='lat'><strong><em>:</em></strong></span> 
     </span>
    </p>
   </div>
   <div class='ocr_carea' id='block_1_44' title="bbox 322 2860 1418 2946">
    <p class='ocr_par' dir='ltr' id='par_1_44' title="bbox 322 2860 1418 2946">
     <span class='ocr_line' id='line_1_44' title="bbox 322 2860 1418 2946; baseline -0.014 -15"><span class='ocrx_word' id='word_1_297' title='bbox 322 2874 753 2946; x_wconf 79' lang='lat' dir='ltr'><strong>Inﬁrmabuntur</strong></span> <span class='ocrx_word' id='word_1_298' title='bbox 774 2879 820 2923; x_wconf 90' lang='lat' dir='ltr'><strong>et</strong></span> <span class='ocrx_word' id='word_1_299' title='bbox 847 2867 1082 2939; x_wconf 87' lang='lat' dir='ltr'><strong>peribunt</strong></span> <span class='ocrx_word' id='word_1_300' title='bbox 1103 2882 1134 2918; x_wconf 91' lang='lat' dir='ltr'><strong>a</strong></span> <span class='ocrx_word' id='word_1_301' title='bbox 1155 2860 1290 2932; x_wconf 76' lang='lat' dir='ltr'><strong>facie</strong></span> <span class='ocrx_word' id='word_1_302' title='bbox 1305 2871 1418 2916; x_wconf 79' lang='lat' dir='ltr'><strong>tua.</strong></span> 
     </span>
    </p>
   </div>
   <div class='ocr_carea' id='block_1_45' title="bbox 266 2949 1766 3022">
    <p class='ocr_par' dir='ltr' id='par_1_45' title="bbox 266 2949 1766 3022">
     <span class='ocr_line' id='line_1_45' title="bbox 266 2949 1766 3022; baseline -0.015 0"><span class='ocrx_word' id='word_1_303' title='bbox 266 2967 320 3022; x_wconf 81' lang='lat' dir='ltr'><strong>ll.</strong></span> <span class='ocrx_word' id='word_1_304' title='bbox 352 2967 639 3022; x_wconf 86' lang='lat' dir='ltr'><strong>Inimicum</strong></span> <span class='ocrx_word' id='word_1_305' title='bbox 670 2961 800 3017; x_wconf 91' lang='lat' dir='ltr'><strong>dicit</strong></span> <span class='ocrx_word' id='word_1_306' title='bbox 828 2955 1122 3020; x_wconf 89' lang='lat' dir='ltr'><strong>diabolum,</strong></span> <span class='ocrx_word' id='word_1_307' title='bbox 1174 2954 1259 3008; x_wconf 92' lang='lat' dir='ltr'><strong>cui</strong></span> <span class='ocrx_word' id='word_1_308' title='bbox 1303 2953 1572 3013; x_wconf 77' lang='lat' dir='ltr'><strong>Dominus</strong></span> <span class='ocrx_word' id='word_1_309' title='bbox 1599 2949 1766 3004; x_wconf 88' lang='lat' dir='ltr'><strong>dixit:</strong></span> 
     </span>
    </p>
   </div>
   <div class='ocr_carea' id='block_1_46' title="bbox 208 3037 1770 3128">
    <p class='ocr_par' dir='ltr' id='par_1_46' title="bbox 208 3037 1770 3128">
     <span class='ocr_line' id='line_1_46' title="bbox 208 3037 1770 3128; baseline -0.012 -18"><span class='ocrx_word' id='word_1_310' title='bbox 208 3054 330 3111; x_wconf 66' lang='lat' dir='ltr'><strong>Vade</strong></span> <span class='ocrx_word' id='word_1_311' title='bbox 374 3064 544 3119; x_wconf 88' lang='lat' dir='ltr'><strong>retro,</strong></span> <span class='ocrx_word' id='word_1_312' title='bbox 579 3051 778 3128; x_wconf 87' lang='lat' dir='ltr'><strong>Satana</strong></span> <span class='ocrx_word' id='word_1_313' title='bbox 809 3046 1024 3119; x_wconf 81' lang='lat' dir='ltr'><strong>(Matth.</strong></span> <span class='ocrx_word' id='word_1_314' title='bbox 1059 3041 1194 3112; x_wconf 76' lang='lat' dir='ltr'><strong>xw).</strong></span> <span class='ocrx_word' id='word_1_315' title='bbox 1231 3040 1430 3096; x_wconf 86' lang='lat' dir='ltr'><strong>Putant</strong></span> <span class='ocrx_word' id='word_1_316' title='bbox 1471 3039 1614 3094; x_wconf 92' lang='lat' dir='ltr'><strong>enim</strong></span> <span class='ocrx_word' id='word_1_317' title='bbox 1647 3037 1770 3107; x_wconf 85' lang='lat' dir='ltr'><strong>qui-</strong></span> 
     </span>
    </p>
   </div>
   <div class='ocr_carea' id='block_1_47' title="bbox 209 3110 1842 3213">
    <p class='ocr_par' dir='ltr' id='par_1_47' title="bbox 209 3110 1842 3213">
     <span class='ocr_line' id='line_1_47' title="bbox 209 3110 1842 3213; baseline -0.012 -12"><span class='ocrx_word' id='word_1_318' title='bbox 209 3148 328 3213; x_wconf 84' lang='lat' dir='ltr'><strong>dam,</strong></span> <span class='ocrx_word' id='word_1_319' title='bbox 357 3110 463 3201; x_wconf 91' lang='lat' dir='ltr'><strong>non</strong></span> <span class='ocrx_word' id='word_1_320' title='bbox 495 3110 667 3200; x_wconf 67' lang='lat' dir='ltr'><strong>Petro</strong></span> <span class='ocrx_word' id='word_1_321' title='bbox 712 3110 1071 3203; x_wconf 43' lang='lat' dir='ltr'><strong>sed‘diabolo,</strong></span> <span class='ocrx_word' id='word_1_322' title='bbox 1093 3110 1261 3190; x_wconf 88' lang='lat' dir='ltr'><strong>Petro</strong></span> <span class='ocrx_word' id='word_1_323' title='bbox 1309 3130 1619 3204; x_wconf 83' lang='lat' dir='ltr'><strong>suggerenti</strong></span> <span class='ocrx_word' id='word_1_324' title='bbox 1667 3131 1769 3184; x_wconf 80' lang='lat' dir='ltr'><strong>Do-</strong></span> <span class='ocrx_word' id='word_1_325' title='bbox 1791 3110 1842 3174; x_wconf 72' lang='grc' dir='ltr'>ο</span> 
     </span>
    </p>
   </div>
   <div class='ocr_carea' id='block_1_48' title="bbox 209 3221 1769 3306">
    <p class='ocr_par' dir='ltr' id='par_1_48' title="bbox 209 3221 1769 3306">
     <span class='ocr_line' id='line_1_48' title="bbox 209 3221 1769 3306; baseline -0.01 -14"><span class='ocrx_word' id='word_1_326' title='bbox 209 3239 382 3292; x_wconf 86' lang='lat' dir='ltr'><strong>minum</strong></span> <span class='ocrx_word' id='word_1_327' title='bbox 411 3234 768 3306; x_wconf 86' lang='lat' dir='ltr'><strong>respondisse</strong></span> <span class='ocrx_word' id='word_1_328' title='bbox 796 3247 810 3284; x_wconf 90' lang='lat'><strong>:</strong></span> <span class='ocrx_word' id='word_1_329' title='bbox 837 3228 1006 3294; x_wconf 73' lang='lat' dir='ltr'><strong>Vade,</strong></span> <span class='ocrx_word' id='word_1_330' title='bbox 1040 3239 1205 3291; x_wconf 90' lang='lat' dir='ltr'><strong>retro,</strong></span> <span class='ocrx_word' id='word_1_331' title='bbox 1232 3224 1456 3289; x_wconf 90' lang='lat' dir='ltr'><strong>Satana,</strong></span> <span class='ocrx_word' id='word_1_332' title='bbox 1487 3223 1540 3277; x_wconf 89' lang='lat' dir='ltr'><strong>id</strong></span> <span class='ocrx_word' id='word_1_333' title='bbox 1562 3233 1648 3277; x_wconf 92' lang='lat' dir='ltr'><strong>est</strong></span> <span class='ocrx_word' id='word_1_334' title='bbox 1672 3221 1769 3277; x_wconf 85' lang='lat' dir='ltr'><strong>ad-</strong></span> 
     </span>
    </p>
   </div>
   <div class='ocr_carea' id='block_1_49' title="bbox 209 3311 1775 3395">
    <p class='ocr_par' dir='ltr' id='par_1_49' title="bbox 209 3311 1775 3395">
     <span class='ocr_line' id='line_1_49' title="bbox 209 3311 1775 3395; baseline -0.011 -12"><span class='ocrx_word' id='word_1_335' title='bbox 209 3329 437 3395; x_wconf 81' lang='lat' dir='ltr'><strong>versarie,</strong></span> <span class='ocrx_word' id='word_1_336' title='bbox 480 3343 584 3383; x_wconf 77' lang='lat' dir='ltr'><strong>seu</strong></span> <span class='ocrx_word' id='word_1_337' title='bbox 625 3313 858 3379; x_wconf 70' lang='lat' dir='ltr'><strong>inimice.</strong></span> <span class='ocrx_word' id='word_1_338' title='bbox 893 3317 1333 3374; x_wconf 86' lang='lat' dir='ltr'><strong>lnﬁrmabuntur.</strong></span> <span class='ocrx_word' id='word_1_339' title='bbox 1371 3313 1470 3374; x_wconf 84' lang='lat' dir='ltr'><strong>llic</strong></span> <span class='ocrx_word' id='word_1_340' title='bbox 1496 3311 1775 3383; x_wconf 88' lang='lat' dir='ltr'><strong>pluraliter</strong></span> 
     </span>
    </p>
   </div>
   <div class='ocr_carea' id='block_1_50' title="bbox 209 3402 1776 3477">
    <p class='ocr_par' dir='ltr' id='par_1_50' title="bbox 209 3402 1776 3477">
     <span class='ocr_line' id='line_1_50' title="bbox 209 3402 1776 3477; baseline -0.012 -2"><span class='ocrx_word' id='word_1_341' title='bbox 209 3437 373 3476; x_wconf 84' lang='lat' dir='ltr'><strong>omnes</strong></span> <span class='ocrx_word' id='word_1_342' title='bbox 415 3417 689 3476; x_wconf 86' lang='lat' dir='ltr'><strong>satellites</strong></span> <span class='ocrx_word' id='word_1_343' title='bbox 753 3411 951 3469; x_wconf 89' lang='lat' dir='ltr'><strong>diaboli</strong></span> <span class='ocrx_word' id='word_1_344' title='bbox 995 3405 1427 3477; x_wconf 83' lang='lat' dir='ltr'><strong>comprehendit,</strong></span> <span class='ocrx_word' id='word_1_345' title='bbox 1470 3403 1566 3474; x_wconf 87' lang='lat' dir='ltr'><strong>qui</strong></span> <span class='ocrx_word' id='word_1_346' title='bbox 1624 3402 1776 3472; x_wconf 89' lang='lat' dir='ltr'><strong>prius</strong></span> 
     </span>
    </p>
   </div>
   <div class='ocr_carea' id='block_1_51' title="bbox 209 3491 1771 3577">
    <p class='ocr_par' dir='ltr' id='par_1_51' title="bbox 209 3491 1771 3577">
     <span class='ocr_line' id='line_1_51' title="bbox 209 3491 1771 3577; baseline -0.012 -14"><span class='ocrx_word' id='word_1_347' title='bbox 209 3510 354 3566; x_wconf 81' lang='lat' dir='ltr'><strong>fortes</strong></span> <span class='ocrx_word' id='word_1_348' title='bbox 383 3518 545 3564; x_wconf 82' lang='lat' dir='ltr'><strong>erant</strong></span> <span class='ocrx_word' id='word_1_349' title='bbox 597 3512 818 3577; x_wconf 90' lang='lat' dir='ltr'><strong>propter</strong></span> <span class='ocrx_word' id='word_1_350' title='bbox 858 3508 1076 3571; x_wconf 90' lang='lat' dir='ltr'><strong>peccata</strong></span> <span class='ocrx_word' id='word_1_351' title='bbox 1113 3507 1321 3560; x_wconf 91' lang='lat' dir='ltr'><strong>nostra,</strong></span> <span class='ocrx_word' id='word_1_352' title='bbox 1353 3493 1512 3550; x_wconf 83' lang='lat' dir='ltr'><strong>modo</strong></span> <span class='ocrx_word' id='word_1_353' title='bbox 1539 3491 1771 3558; x_wconf 89' lang='lat' dir='ltr'><strong>inﬁrmi;</strong></span> 
     </span>
    </p>
   </div>
   <div class='ocr_carea' id='block_1_52' title="bbox 208 3581 1777 3655">
    <p class='ocr_par' dir='ltr' id='par_1_52' title="bbox 208 3581 1777 3655">
     <span class='ocr_line' id='line_1_52' title="bbox 208 3581 1777 3655; baseline -0.01 -2"><span class='ocrx_word' id='word_1_354' title='bbox 208 3615 292 3655; x_wconf 91' lang='lat' dir='ltr'><strong>nos</strong></span> <span class='ocrx_word' id='word_1_355' title='bbox 314 3609 490 3654; x_wconf 88' lang='lat' dir='ltr'><strong>autem</strong></span> <span class='ocrx_word' id='word_1_356' title='bbox 520 3589 582 3653; x_wconf 89' lang='lat' dir='ltr'><strong>in</strong></span> <span class='ocrx_word' id='word_1_357' title='bbox 615 3596 726 3650; x_wconf 91' lang='lat' dir='ltr'><strong>Deo</strong></span> <span class='ocrx_word' id='word_1_358' title='bbox 752 3593 937 3649; x_wconf 85' lang='lat' dir='ltr'><strong>fortes.</strong></span> <span class='ocrx_word' id='word_1_359' title='bbox 969 3587 1230 3645; x_wconf 87' lang='lat' dir='ltr'><strong>Perihunt</strong></span> <span class='ocrx_word' id='word_1_360' title='bbox 1254 3595 1380 3641; x_wconf 88' lang='lat' dir='ltr'><strong>ante</strong></span> <span class='ocrx_word' id='word_1_361' title='bbox 1409 3585 1620 3642; x_wconf 92' lang='lat' dir='ltr'><strong>faciem.</strong></span> <span class='ocrx_word' id='word_1_362' title='bbox 1654 3583 1694 3640; x_wconf 93' lang='lat' dir='ltr'><strong>C</strong></span> <span class='ocrx_word' id='word_1_363' title='bbox 1718 3581 1777 3638; x_wconf 86' lang='lat' dir='ltr'><strong>Id</strong></span> 
     </span>
    </p>
   </div>
   <div class='ocr_carea' id='block_1_53' title="bbox 205 3678 1329 3762">
    <p class='ocr_par' dir='ltr' id='par_1_53' title="bbox 205 3678 1329 3762">
     <span class='ocr_line' id='line_1_53' title="bbox 205 3678 1329 3762; baseline -0.011 -18"><span class='ocrx_word' id='word_1_364' title='bbox 205 3702 278 3745; x_wconf 87' lang='lat' dir='ltr'><strong>est</strong></span> <span class='ocrx_word' id='word_1_365' title='bbox 305 3700 422 3746; x_wconf 88' lang='lat' dir='ltr'><strong>ante</strong></span> <span class='ocrx_word' id='word_1_366' title='bbox 453 3689 691 3762; x_wconf 80' lang='lat' dir='ltr'><strong>gratiam</strong></span> <span class='ocrx_word' id='word_1_367' title='bbox 729 3684 827 3758; x_wconf 89' lang='lat' dir='ltr'><strong>[al.</strong></span> <span class='ocrx_word' id='word_1_368' title='bbox 862 3679 1080 3752; x_wconf 86' lang='lat' dir='ltr'><strong>faciem]</strong></span> <span class='ocrx_word' id='word_1_369' title='bbox 1105 3678 1329 3734; x_wconf 88' lang='lat' dir='ltr'><strong>Christi.</strong></span> 
     </span>
    </p>
   </div>
   <div class='ocr_carea' id='block_1_54' title="bbox 236 3774 1771 3848">
    <p class='ocr_par' dir='ltr' id='par_1_54' title="bbox 236 3774 1771 3848">
     <span class='ocr_line' id='line_1_54' title="bbox 236 3774 1771 3848; baseline -0.014 -11"><span class='ocrx_word' id='word_1_370' title='bbox 236 3782 266 3835; x_wconf 69' lang='grc' dir='ltr'>ι</span> <span class='ocrx_word' id='word_1_371' title='bbox 331 3783 596 3848; x_wconf 83' lang='lat' dir='ltr'><strong>Quoniam</strong></span> <span class='ocrx_word' id='word_1_372' title='bbox 618 3777 788 3848; x_wconf 78' lang='lat' dir='ltr'><strong>fecisti</strong></span> <span class='ocrx_word' id='word_1_373' title='bbox 801 3774 1064 3845; x_wconf 86' lang='lat' dir='ltr'><strong>judicium</strong></span> <span class='ocrx_word' id='word_1_374' title='bbox 1089 3785 1257 3824; x_wconf 86' lang='lat' dir='ltr'><strong>meum</strong></span> <span class='ocrx_word' id='word_1_375' title='bbox 1281 3776 1328 3822; x_wconf 88' lang='lat' dir='ltr'><strong>et</strong></span> <span class='ocrx_word' id='word_1_376' title='bbox 1351 3781 1566 3821; x_wconf 86' lang='lat' dir='ltr'><strong>causam</strong></span> <span class='ocrx_word' id='word_1_377' title='bbox 1584 3779 1771 3818; x_wconf 87' lang='lat' dir='ltr'><strong>meam.</strong></span> 
     </span>
    </p>
   </div>
   <div class='ocr_carea' id='block_1_55' title="bbox 331 3855 1775 3940">
    <p class='ocr_par' dir='ltr' id='par_1_55' title="bbox 331 3855 1775 3940">
     <span class='ocr_line' id='line_1_55' title="bbox 331 3855 1775 3940; baseline -0.015 -12"><span class='ocrx_word' id='word_1_378' title='bbox 331 3872 521 3928; x_wconf 82' lang='lat' dir='ltr'><strong>Sedisti</strong></span> <span class='ocrx_word' id='word_1_379' title='bbox 573 3885 730 3940; x_wconf 84' lang='lat' dir='ltr'><strong>super</strong></span> <span class='ocrx_word' id='word_1_380' title='bbox 778 3871 1020 3920; x_wconf 83' lang='lat' dir='ltr'><strong>thronum</strong></span> <span class='ocrx_word' id='word_1_381' title='bbox 1068 3875 1132 3918; x_wconf 83' lang='lat' dir='ltr'><strong>-t—</strong></span> <span class='ocrx_word' id='word_1_382' title='bbox 1177 3860 1316 3930; x_wconf 60' lang='lat' dir='ltr'><strong>qui:</strong></span> <span class='ocrx_word' id='word_1_383' title='bbox 1361 3857 1572 3929; x_wconf 85' lang='lat' dir='ltr'><strong>judicas</strong></span> <span class='ocrx_word' id='word_1_384' title='bbox 1613 3855 1775 3925; x_wconf 57' lang='lat' dir='ltr'><strong>justi.</strong></span> 
     </span>
    </p>
   </div>
   <div class='ocr_carea' id='block_1_56' title="bbox 299 3952 881 4026">
    <p class='ocr_par' dir='ltr' id='par_1_56' title="bbox 299 3952 881 4026">
     <span class='ocr_line' id='line_1_56' title="bbox 299 3952 881 4026; baseline -0.01 -7"><span class='ocrx_word' id='word_1_385' title='bbox 299 4022 304 4026; x_wconf 92' lang='lat'>_</span> <span class='ocrx_word' id='word_1_386' title='bbox 399 3967 550 4019; x_wconf 88' lang='lat' dir='ltr'><strong>tiam.</strong></span> <span class='ocrx_word' id='word_1_387' title='bbox 879 3952 881 3954; x_wconf 51' lang='grc'><em>’</em></span> 
     </span>
    </p>
   </div>
   <div class='ocr_carea' id='block_1_57' title="bbox 271 4041 1775 4126">
    <p class='ocr_par' dir='ltr' id='par_1_57' title="bbox 271 4041 1775 4126">
     <span class='ocr_line' id='line_1_57' title="bbox 271 4041 1775 4126; baseline -0.015 -9"><span class='ocrx_word' id='word_1_388' title='bbox 271 4060 332 4115; x_wconf 85' lang='lat' dir='ltr'><strong>ll.</strong></span> <span class='ocrx_word' id='word_1_389' title='bbox 361 4059 560 4116; x_wconf 85' lang='lat' dir='ltr'><strong>Fecisti</strong></span> <span class='ocrx_word' id='word_1_390' title='bbox 599 4053 864 4126; x_wconf 85' lang='lat' dir='ltr'><strong>judicium</strong></span> <span class='ocrx_word' id='word_1_391' title='bbox 889 4063 1092 4116; x_wconf 89' lang='lat' dir='ltr'><strong>meum,</strong></span> <span class='ocrx_word' id='word_1_392' title='bbox 1120 4061 1226 4102; x_wconf 77' lang='lat' dir='ltr'><strong>vox</strong></span> <span class='ocrx_word' id='word_1_393' title='bbox 1274 4042 1549 4100; x_wconf 75' lang='lat' dir='ltr'><strong>Ecclesize.</strong></span> <span class='ocrx_word' id='word_1_394' title='bbox 1606 4041 1684 4095; x_wconf 86' lang='lat' dir='ltr'><strong>Ac</strong></span> <span class='ocrx_word' id='word_1_395' title='bbox 1729 4041 1775 4096; x_wconf 92' lang='lat' dir='ltr'><strong>si</strong></span> 
     </span>
    </p>
   </div>
   <div class='ocr_carea' id='block_1_58' title="bbox 210 4131 1774 4223">
    <p class='ocr_par' dir='ltr' id='par_1_58' title="bbox 210 4131 1774 4223">
     <span class='ocr_line' id='line_1_58' title="bbox 210 4131 1774 4223; baseline -0.012 -19"><span class='ocrx_word' id='word_1_396' title='bbox 210 4151 596 4223; x_wconf 79' lang='lat' dir='ltr'><strong>dicatzgentes</strong></span> <span class='ocrx_word' id='word_1_397' title='bbox 632 4143 864 4216; x_wconf 85' lang='lat' dir='ltr'><strong>elegisti,</strong></span> <span class='ocrx_word' id='word_1_398' title='bbox 911 4139 1125 4196; x_wconf 85' lang='lat' dir='ltr'><strong>Judaeos</strong></span> <span class='ocrx_word' id='word_1_399' title='bbox 1172 4135 1492 4207; x_wconf 87' lang='lat' dir='ltr'><strong>reprobasti.</strong></span> <span class='ocrx_word' id='word_1_400' title='bbox 1543 4131 1774 4188; x_wconf 79' lang='lat' dir='ltr'><strong>Causam</strong></span> 
     </span>
    </p>
   </div>
   <div class='ocr_carea' id='block_1_59' title="bbox 217 4221 1774 4309">
    <p class='ocr_par' dir='ltr' id='par_1_59' title="bbox 217 4221 1774 4309">
     <span class='ocr_line' id='line_1_59' title="bbox 217 4221 1774 4309; baseline -0.014 -13"><span class='ocrx_word' id='word_1_401' title='bbox 217 4221 475 4309; x_wconf 77' lang='lat' dir='ltr'><strong>meam,id</strong></span> <span class='ocrx_word' id='word_1_402' title='bbox 499 4248 606 4305; x_wconf 91' lang='lat' dir='ltr'><strong>est,</strong></span> <span class='ocrx_word' id='word_1_403' title='bbox 654 4233 890 4293; x_wconf 90' lang='lat' dir='ltr'><strong>causasti</strong></span> <span class='ocrx_word' id='word_1_404' title='bbox 918 4246 1016 4304; x_wconf 91' lang='lat' dir='ltr'><strong>pro</strong></span> <span class='ocrx_word' id='word_1_405' title='bbox 1049 4243 1135 4285; x_wconf 91' lang='lat' dir='ltr'><strong>me</strong></span> <span class='ocrx_word' id='word_1_406' title='bbox 1168 4235 1356 4284; x_wconf 91' lang='lat' dir='ltr'><strong>contra</strong></span> <span class='ocrx_word' id='word_1_407' title='bbox 1408 4221 1774 4287; x_wconf 84' lang='lat' dir='ltr'><strong>adversarios,</strong></span> 
     </span>
    </p>
   </div>
   <div class='ocr_carea' id='block_1_60' title="bbox 219 4314 1771 4394">
    <p class='ocr_par' dir='ltr' id='par_1_60' title="bbox 219 4314 1771 4394">
     <span class='ocr_line' id='line_1_60' title="bbox 219 4314 1771 4394; baseline -0.014 -8"><span class='ocrx_word' id='word_1_408' title='bbox 219 4343 264 4387; x_wconf 90' lang='lat' dir='ltr'><strong>et</strong></span> <span class='ocrx_word' id='word_1_409' title='bbox 281 4331 558 4389; x_wconf 88' lang='lat' dir='ltr'><strong>vindicasti</strong></span> <span class='ocrx_word' id='word_1_410' title='bbox 587 4343 705 4394; x_wconf 90' lang='lat' dir='ltr'><strong>me,</strong></span> <span class='ocrx_word' id='word_1_411' title='bbox 736 4336 794 4382; x_wconf 92' lang='lat' dir='ltr'><strong>et</strong></span> <span class='ocrx_word' id='word_1_412' title='bbox 830 4323 1006 4380; x_wconf 86' lang='lat' dir='ltr'><strong>fecisti</strong></span> <span class='ocrx_word' id='word_1_413' title='bbox 1059 4333 1281 4377; x_wconf 88' lang='lat' dir='ltr'><strong>causam</strong></span> <span class='ocrx_word' id='word_1_414' title='bbox 1325 4330 1499 4371; x_wconf 85' lang='lat' dir='ltr'><strong>meam</strong></span> <span class='ocrx_word' id='word_1_415' title='bbox 1555 4314 1771 4370; x_wconf 79' lang='lat' dir='ltr'><strong>bonam.</strong></span> 
     </span>
    </p>
   </div>
   <div class='ocr_carea' id='block_1_61' title="bbox 215 4403 1776 4481">
    <p class='ocr_par' dir='ltr' id='par_1_61' title="bbox 215 4403 1776 4481">
     <span class='ocr_line' id='line_1_61' title="bbox 215 4403 1776 4481; baseline -0.014 -3"><span class='ocrx_word' id='word_1_416' title='bbox 215 4423 470 4479; x_wconf 79' lang='lat' dir='ltr'><strong>Thronum</strong></span> <span class='ocrx_word' id='word_1_417' title='bbox 498 4423 750 4479; x_wconf 63' lang='lat' dir='ltr'><strong>Caecum</strong></span> <span class='ocrx_word' id='word_1_418' title='bbox 787 4425 891 4481; x_wconf 90' lang='lat' dir='ltr'><strong>est,</strong></span> <span class='ocrx_word' id='word_1_419' title='bbox 919 4413 1113 4469; x_wconf 88' lang='lat' dir='ltr'><strong>Latine</strong></span> <span class='ocrx_word' id='word_1_420' title='bbox 1139 4411 1305 4474; x_wconf 86' lang='lat' dir='ltr'><strong>sedes,</strong></span> <span class='ocrx_word' id='word_1_421' title='bbox 1337 4408 1464 4479; x_wconf 89' lang='lat' dir='ltr'><strong>quia</strong></span> <span class='ocrx_word' id='word_1_422' title='bbox 1486 4403 1776 4475; x_wconf 79' lang='lat' dir='ltr'><strong>unusquis-</strong></span> 
     </span>
    </p>
   </div>
   <div class='ocr_carea' id='block_1_62' title="bbox 221 4495 1778 4583">
    <p class='ocr_par' dir='ltr' id='par_1_62' title="bbox 221 4495 1778 4583">
     <span class='ocr_line' id='line_1_62' title="bbox 221 4495 1778 4583; baseline -0.013 -12"><span class='ocrx_word' id='word_1_423' title='bbox 221 4529 310 4583; x_wconf 84' lang='lat' dir='ltr'><strong>qoe</strong></span> <span class='ocrx_word' id='word_1_424' title='bbox 343 4514 494 4570; x_wconf 85' lang='lat' dir='ltr'><strong>sedes</strong></span> <span class='ocrx_word' id='word_1_425' title='bbox 514 4512 610 4567; x_wconf 90' lang='lat' dir='ltr'><strong>Dei</strong></span> <span class='ocrx_word' id='word_1_426' title='bbox 638 4519 742 4566; x_wconf 89' lang='lat' dir='ltr'><strong>est.</strong></span> <span class='ocrx_word' id='word_1_427' title='bbox 773 4507 814 4564; x_wconf 89' lang='lat' dir='ltr'><strong>C</strong></span> <span class='ocrx_word' id='word_1_428' title='bbox 841 4507 939 4562; x_wconf 86' lang='lat' dir='ltr'><strong>llic</strong></span> <span class='ocrx_word' id='word_1_429' title='bbox 966 4519 1204 4576; x_wconf 66' lang='lat' dir='ltr'><strong>praesens</strong></span> <span class='ocrx_word' id='word_1_430' title='bbox 1234 4511 1442 4571; x_wconf 89' lang='lat' dir='ltr'><strong>tempus</strong></span> <span class='ocrx_word' id='word_1_431' title='bbox 1466 4515 1565 4570; x_wconf 83' lang='lat' dir='ltr'><strong>pro</strong></span> <span class='ocrx_word' id='word_1_432' title='bbox 1596 4495 1778 4552; x_wconf 91' lang='lat' dir='ltr'><strong>futuro</strong></span> 
     </span>
    </p>
   </div>
   <div class='ocr_carea' id='block_1_63' title="bbox 222 4594 1578 4673">
    <p class='ocr_par' dir='ltr' id='par_1_63' title="bbox 222 4594 1578 4673">
     <span class='ocr_line' id='line_1_63' title="bbox 222 4594 1578 4673; baseline -0.01 -16"><span class='ocrx_word' id='word_1_433' title='bbox 222 4605 353 4670; x_wconf 73' lang='lat' dir='ltr'><strong>dis-il,</strong></span> <span class='ocrx_word' id='word_1_434' title='bbox 375 4604 604 4673; x_wconf 86' lang='lat' dir='ltr'><strong>judicas,</strong></span> <span class='ocrx_word' id='word_1_435' title='bbox 635 4600 764 4671; x_wconf 90' lang='lat' dir='ltr'><strong>quia</strong></span> <span class='ocrx_word' id='word_1_436' title='bbox 794 4596 1133 4667; x_wconf 72' lang='lat' dir='ltr'><strong>iudicaturus</strong></span> <span class='ocrx_word' id='word_1_437' title='bbox 1155 4594 1226 4650; x_wconf 92' lang='lat' dir='ltr'><strong>sit</strong></span> <span class='ocrx_word' id='word_1_438' title='bbox 1249 4595 1578 4661; x_wconf 70' lang='lat' dir='ltr'><strong>aequitatem.</strong></span> 
     </span>
    </p>
   </div>
   <div class='ocr_carea' id='block_1_64' title="bbox 205 4699 1533 4780">
    <p class='ocr_par' dir='ltr' id='par_1_64' title="bbox 205 4699 1533 4780">
     <span class='ocr_line' id='line_1_64' title="bbox 205 4699 1533 4780; baseline -0.005 -20"><span class='ocrx_word' id='word_1_439' title='bbox 205 4757 208 4760; x_wconf 83' lang='lat'><strong>.</strong></span> <span class='ocrx_word' id='word_1_440' title='bbox 253 4709 282 4762; x_wconf 85' lang='lat'><strong>5</strong></span> <span class='ocrx_word' id='word_1_441' title='bbox 343 4709 630 4780; x_wconf 85' lang='lat' dir='ltr'><strong>lncrepasti</strong></span> <span class='ocrx_word' id='word_1_442' title='bbox 660 4715 857 4778; x_wconf 85' lang='lat' dir='ltr'><strong>gentes,</strong></span> <span class='ocrx_word' id='word_1_443' title='bbox 887 4718 951 4761; x_wconf 74' lang='grc' dir='ltr'><strong>σε·</strong></span> <span class='ocrx_word' id='word_1_444' title='bbox 981 4714 1029 4759; x_wconf 91' lang='lat' dir='ltr'><strong>et</strong></span> <span class='ocrx_word' id='word_1_445' title='bbox 1061 4704 1084 4775; x_wconf 67' lang='grc' dir='ltr'>ζ</span> <span class='ocrx_word' id='word_1_446' title='bbox 1113 4701 1263 4773; x_wconf 85' lang='lat' dir='ltr'><strong>periit</strong></span> <span class='ocrx_word' id='word_1_447' title='bbox 1301 4699 1490 4770; x_wconf 87' lang='lat' dir='ltr'><strong>impius</strong></span> <span class='ocrx_word' id='word_1_448' title='bbox 1514 4715 1533 4754; x_wconf 91' lang='lat'><strong><em>:</em></strong></span> 
     </span>
    </p>
   </div>
   <div class='ocr_carea' id='block_1_65' title="bbox 347 4786 1780 4856">
    <p class='ocr_par' dir='ltr' id='par_1_65' title="bbox 347 4786 1780 4856">
     <span class='ocr_line' id='line_1_65' title="bbox 347 4786 1780 4856; baseline -0.012 0"><span class='ocrx_word' id='word_1_449' title='bbox 347 4799 550 4856; x_wconf 85' lang='lat' dir='ltr'><strong>Nomen</strong></span> <span class='ocrx_word' id='word_1_450' title='bbox 573 4814 755 4855; x_wconf 86' lang='lat' dir='ltr'><strong>eorum</strong></span> <span class='ocrx_word' id='word_1_451' title='bbox 785 4796 962 4851; x_wconf 84' lang='lat' dir='ltr'><strong>delesti</strong></span> <span class='ocrx_word' id='word_1_452' title='bbox 988 4796 1044 4849; x_wconf 89' lang='lat' dir='ltr'><strong>in</strong></span> <span class='ocrx_word' id='word_1_453' title='bbox 1067 4802 1344 4855; x_wconf 76' lang='lat' dir='ltr'><strong>wternum,</strong></span> <span class='ocrx_word' id='word_1_454' title='bbox 1370 4798 1420 4844; x_wconf 89' lang='lat' dir='ltr'><strong>et</strong></span> <span class='ocrx_word' id='word_1_455' title='bbox 1449 4790 1502 4844; x_wconf 84' lang='lat' dir='ltr'><strong>in</strong></span> <span class='ocrx_word' id='word_1_456' title='bbox 1526 4786 1780 4844; x_wconf 67' lang='lat' dir='ltr'><strong>saxulum</strong></span> 
     </span>
    </p>
   </div>
   <div class='ocr_carea' id='block_1_66' title="bbox 413 4893 734 4951">
    <p class='ocr_par' dir='ltr' id='par_1_66' title="bbox 413 4893 734 4951">
     <span class='ocr_line' id='line_1_66' title="bbox 413 4893 734 4951; baseline 0 0"><span class='ocrx_word' id='word_1_457' title='bbox 413 4910 474 4951; x_wconf 70' lang='grc' dir='ltr'><strong>σε·</strong></span> <span class='ocrx_word' id='word_1_458' title='bbox 503 4894 684 4950; x_wconf 71' lang='lat' dir='ltr'><strong>swculi</strong></span> <span class='ocrx_word' id='word_1_459' title='bbox 717 4893 734 4951; x_wconf 77' lang='grc' dir='ltr'>ἶ</span> 
     </span>
    </p>
   </div>
   <div class='ocr_carea' id='block_1_67' title="bbox 287 4945 1776 5058">
    <p class='ocr_par' dir='ltr' id='par_1_67' title="bbox 287 4945 1776 5058">
     <span class='ocr_line' id='line_1_67' title="bbox 287 4945 1776 5058; baseline -0.011 -17"><span class='ocrx_word' id='word_1_460' title='bbox 287 4945 870 5058; x_wconf 26' lang='lat' dir='ltr'><strong>H.1nerepaslivgentes</strong></span> <span class='ocrx_word' id='word_1_461' title='bbox 897 4996 993 5054; x_wconf 91' lang='lat' dir='ltr'><strong>per</strong></span> <span class='ocrx_word' id='word_1_462' title='bbox 1013 4976 1307 5052; x_wconf 86' lang='lat' dir='ltr'><strong>apostolos,</strong></span> <span class='ocrx_word' id='word_1_463' title='bbox 1349 4977 1472 5046; x_wconf 89' lang='lat' dir='ltr'><strong>quia</strong></span> <span class='ocrx_word' id='word_1_464' title='bbox 1495 4971 1639 5031; x_wconf 89' lang='lat' dir='ltr'><strong>idola</strong></span> <span class='ocrx_word' id='word_1_465' title='bbox 1678 4970 1776 5026; x_wconf 87' lang='lat' dir='ltr'><strong>ad-</strong></span> 
     </span>
    </p>
   </div>
   <div class='ocr_carea' id='block_1_68' title="bbox 231 5060 1778 5150">
    <p class='ocr_par' dir='ltr' id='par_1_68' title="bbox 231 5060 1778 5150">
     <span class='ocr_line' id='line_1_68' title="bbox 231 5060 1778 5150; baseline -0.01 -20"><span class='ocrx_word' id='word_1_466' title='bbox 231 5080 448 5135; x_wconf 77' lang='lat' dir='ltr'><strong>ombant.</strong></span> <span class='ocrx_word' id='word_1_467' title='bbox 479 5079 550 5134; x_wconf 85' lang='lat' dir='ltr'><strong>Et</strong></span> <span class='ocrx_word' id='word_1_468' title='bbox 570 5077 734 5150; x_wconf 86' lang='lat' dir='ltr'><strong>periit</strong></span> <span class='ocrx_word' id='word_1_469' title='bbox 759 5075 968 5145; x_wconf 89' lang='lat' dir='ltr'><strong>impius,</strong></span> <span class='ocrx_word' id='word_1_470' title='bbox 1002 5073 1130 5144; x_wconf 87' lang='lat' dir='ltr'><strong>quia</strong></span> <span class='ocrx_word' id='word_1_471' title='bbox 1165 5068 1232 5122; x_wconf 89' lang='lat' dir='ltr'><strong>ab</strong></span> <span class='ocrx_word' id='word_1_472' title='bbox 1255 5066 1425 5136; x_wconf 85' lang='lat' dir='ltr'><strong>impio</strong></span> <span class='ocrx_word' id='word_1_473' title='bbox 1452 5081 1551 5139; x_wconf 88' lang='lat' dir='ltr'><strong>per</strong></span> <span class='ocrx_word' id='word_1_474' title='bbox 1581 5060 1778 5133; x_wconf 82' lang='lat' dir='ltr'><strong>praedi-</strong></span> 
     </span>
    </p>
   </div>
   <div class='ocr_carea' id='block_1_69' title="bbox 213 5150 1778 5233">
    <p class='ocr_par' dir='ltr' id='par_1_69' title="bbox 213 5150 1778 5233">
     <span class='ocr_line' id='line_1_69' title="bbox 213 5150 1778 5233; baseline -0.011 -12"><span class='ocrx_word' id='word_1_475' title='bbox 213 5169 470 5225; x_wconf 79' lang='lat' dir='ltr'><strong>cationem</strong></span> <span class='ocrx_word' id='word_1_476' title='bbox 510 5169 688 5224; x_wconf 86' lang='lat' dir='ltr'><strong>factus</strong></span> <span class='ocrx_word' id='word_1_477' title='bbox 733 5172 816 5220; x_wconf 88' lang='lat' dir='ltr'><strong>est</strong></span> <span class='ocrx_word' id='word_1_478' title='bbox 840 5165 978 5233; x_wconf 87' lang='lat' dir='ltr'><strong>pius.</strong></span> <span class='ocrx_word' id='word_1_479' title='bbox 1004 5162 1206 5218; x_wconf 62' lang='lat' dir='ltr'><strong>Nemee.</strong></span> <span class='ocrx_word' id='word_1_480' title='bbox 1252 5169 1440 5213; x_wconf 78' lang='lat' dir='ltr'><strong>eorum</strong></span> <span class='ocrx_word' id='word_1_481' title='bbox 1471 5153 1690 5217; x_wconf 90' lang='lat' dir='ltr'><strong>delevit,</strong></span> <span class='ocrx_word' id='word_1_482' title='bbox 1725 5150 1778 5204; x_wconf 90' lang='lat' dir='ltr'><strong>id</strong></span> 
     </span>
    </p>
   </div>
   <div class='ocr_carea' id='block_1_70' title="bbox 1861 1848 2942 1919">
    <p class='ocr_par' dir='ltr' id='par_1_70' title="bbox 1861 1848 2942 1919">
     <span class='ocr_line' id='line_1_70' title="bbox 1861 1848 2942 1919; baseline -0.005 -16"><span class='ocrx_word' id='word_1_483' title='bbox 1861 1858 2124 1904; x_wconf 68' lang='lat' dir='ltr'><strong>aeternum</strong></span> <span class='ocrx_word' id='word_1_484' title='bbox 2154 1850 2438 1904; x_wconf 90' lang='lat' dir='ltr'><strong>Dominum</strong></span> <span class='ocrx_word' id='word_1_485' title='bbox 2457 1863 2772 1919; x_wconf 90' lang='lat' dir='ltr'><strong>permanere</strong></span> <span class='ocrx_word' id='word_1_486' title='bbox 2793 1848 2942 1902; x_wconf 88' lang='lat' dir='ltr'><strong>dicit.</strong></span> 
     </span>
    </p>
   </div>
   <div class='ocr_carea' id='block_1_71' title="bbox 1894 1935 3444 2011">
    <p class='ocr_par' dir='ltr' id='par_1_71' title="bbox 1894 1935 3444 2011">
     <span class='ocr_line' id='line_1_71' title="bbox 1894 1935 3444 2011; baseline -0.002 -17"><span class='ocrx_word' id='word_1_487' title='bbox 1894 1940 1929 1994; x_wconf 91' lang='lat'><strong>8</strong></span> <span class='ocrx_word' id='word_1_488' title='bbox 2008 1938 2219 1995; x_wconf 82' lang='lat' dir='ltr'><strong>Paravit</strong></span> <span class='ocrx_word' id='word_1_489' title='bbox 2243 1943 2296 1995; x_wconf 89' lang='lat' dir='ltr'><strong>in</strong></span> <span class='ocrx_word' id='word_1_490' title='bbox 2313 1942 2516 2011; x_wconf 81' lang='lat' dir='ltr'><strong>judicio</strong></span> <span class='ocrx_word' id='word_1_491' title='bbox 2539 1942 2782 1995; x_wconf 84' lang='lat' dir='ltr'><strong>thronum</strong></span> <span class='ocrx_word' id='word_1_492' title='bbox 2803 1956 2981 2002; x_wconf 88' lang='lat' dir='ltr'><strong>suum,</strong></span> <span class='ocrx_word' id='word_1_493' title='bbox 2999 1949 3048 1993; x_wconf 92' lang='lat' dir='ltr'><strong>et</strong></span> <span class='ocrx_word' id='word_1_494' title='bbox 3068 1939 3176 2010; x_wconf 88' lang='lat' dir='ltr'><strong>ipse</strong></span> <span class='ocrx_word' id='word_1_495' title='bbox 3182 1935 3444 2008; x_wconf 79' lang='lat' dir='ltr'><strong>judicabit</strong></span> 
     </span>
    </p>
   </div>
   <div class='ocr_carea' id='block_1_72' title="bbox 2070 2034 2816 2104">
    <p class='ocr_par' dir='ltr' id='par_1_72' title="bbox 2070 2034 2816 2104">
     <span class='ocr_line' id='line_1_72' title="bbox 2070 2034 2816 2104; baseline -0.004 -16"><span class='ocrx_word' id='word_1_496' title='bbox 2070 2035 2247 2089; x_wconf 85' lang='lat' dir='ltr'><strong>orbem</strong></span> <span class='ocrx_word' id='word_1_497' title='bbox 2274 2044 2428 2088; x_wconf 74' lang='lat' dir='ltr'><strong>terra:</strong></span> <span class='ocrx_word' id='word_1_498' title='bbox 2452 2035 2506 2088; x_wconf 91' lang='lat' dir='ltr'><strong>in</strong></span> <span class='ocrx_word' id='word_1_499' title='bbox 2527 2034 2770 2104; x_wconf 75' lang='lat' dir='ltr'><strong>rrquitate</strong></span> <span class='ocrx_word' id='word_1_500' title='bbox 2797 2048 2816 2085; x_wconf 91' lang='lat'><strong><em>:</em></strong></span> 
     </span>
    </p>
   </div>
   <div class='ocr_carea' id='block_1_73' title="bbox 1999 2123 2842 2194">
    <p class='ocr_par' dir='ltr' id='par_1_73' title="bbox 1999 2123 2842 2194">
     <span class='ocr_line' id='line_1_73' title="bbox 1999 2123 2842 2194; baseline -0.002 -16"><span class='ocrx_word' id='word_1_501' title='bbox 1999 2123 2270 2178; x_wconf 78' lang='lat' dir='ltr'><strong>Judicabit</strong></span> <span class='ocrx_word' id='word_1_502' title='bbox 2299 2123 2517 2194; x_wconf 84' lang='lat' dir='ltr'><strong>papulas</strong></span> <span class='ocrx_word' id='word_1_503' title='bbox 2541 2125 2595 2177; x_wconf 87' lang='lat' dir='ltr'><strong>in</strong></span> <span class='ocrx_word' id='word_1_504' title='bbox 2609 2124 2842 2194; x_wconf 85' lang='lat' dir='ltr'><strong>justitia.</strong></span> 
     </span>
    </p>
   </div>
   <div class='ocr_carea' id='block_1_74' title="bbox 1932 2211 3449 2284">
    <p class='ocr_par' dir='ltr' id='par_1_74' title="bbox 1932 2211 3449 2284">
     <span class='ocr_line' id='line_1_74' title="bbox 1932 2211 3449 2284; baseline -0.003 -13"><span class='ocrx_word' id='word_1_505' title='bbox 1932 2214 1974 2271; x_wconf 90' lang='lat' dir='ltr'><strong>C</strong></span> <span class='ocrx_word' id='word_1_506' title='bbox 2003 2215 2244 2280; x_wconf 79' lang='lat' dir='ltr'><strong>Paravit,</strong></span> <span class='ocrx_word' id='word_1_507' title='bbox 2276 2216 2482 2271; x_wconf 87' lang='lat' dir='ltr'><strong>scilicet</strong></span> <span class='ocrx_word' id='word_1_508' title='bbox 2506 2215 2650 2270; x_wconf 87' lang='lat' dir='ltr'><strong>Deus</strong></span> <span class='ocrx_word' id='word_1_509' title='bbox 2676 2214 2935 2280; x_wconf 87' lang='lat' dir='ltr'><strong>homo,ut</strong></span> <span class='ocrx_word' id='word_1_510' title='bbox 2963 2214 3054 2284; x_wconf 89' lang='lat' dir='ltr'><strong>qui</strong></span> <span class='ocrx_word' id='word_1_511' title='bbox 3078 2213 3168 2270; x_wconf 91' lang='lat' dir='ltr'><strong>hic</strong></span> <span class='ocrx_word' id='word_1_512' title='bbox 3190 2213 3243 2268; x_wconf 92' lang='lat' dir='ltr'><strong>in</strong></span> <span class='ocrx_word' id='word_1_513' title='bbox 3270 2211 3449 2268; x_wconf 85' lang='lat' dir='ltr'><strong>humi-</strong></span> 
     </span>
    </p>
   </div>
   <div class='ocr_carea' id='block_1_75' title="bbox 1862 2305 3444 2376">
    <p class='ocr_par' dir='ltr' id='par_1_75' title="bbox 1862 2305 3444 2376">
     <span class='ocr_line' id='line_1_75' title="bbox 1862 2305 3444 2376; baseline -0.003 -14"><span class='ocrx_word' id='word_1_514' title='bbox 1862 2307 2014 2363; x_wconf 86' lang='lat' dir='ltr'><strong>litate</strong></span> <span class='ocrx_word' id='word_1_515' title='bbox 2034 2306 2307 2376; x_wconf 85' lang='lat' dir='ltr'><strong>judicatus</strong></span> <span class='ocrx_word' id='word_1_516' title='bbox 2333 2315 2450 2371; x_wconf 86' lang='lat' dir='ltr'><strong>est,</strong></span> <span class='ocrx_word' id='word_1_517' title='bbox 2480 2306 2555 2362; x_wconf 87' lang='lat' dir='ltr'><strong>ibi</strong></span> <span class='ocrx_word' id='word_1_518' title='bbox 2589 2307 2642 2360; x_wconf 91' lang='lat' dir='ltr'><strong>in</strong></span> <span class='ocrx_word' id='word_1_519' title='bbox 2671 2305 2956 2376; x_wconf 84' lang='lat' dir='ltr'><strong>majestate</strong></span> <span class='ocrx_word' id='word_1_520' title='bbox 2979 2306 3320 2376; x_wconf 72' lang='lat' dir='ltr'><strong>iudicaturus</strong></span> <span class='ocrx_word' id='word_1_521' title='bbox 3347 2305 3444 2359; x_wconf 87' lang='lat' dir='ltr'><strong>ad-</strong></span> 
     </span>
    </p>
   </div>
   <div class='ocr_carea' id='block_1_76' title="bbox 1864 2397 3443 2468">
    <p class='ocr_par' dir='ltr' id='par_1_76' title="bbox 1864 2397 3443 2468">
     <span class='ocr_line' id='line_1_76' title="bbox 1864 2397 3443 2468; baseline -0.001 -17"><span class='ocrx_word' id='word_1_522' title='bbox 1864 2398 2060 2452; x_wconf 88' lang='lat' dir='ltr'><strong>veniat.</strong></span> <span class='ocrx_word' id='word_1_523' title='bbox 2087 2397 2155 2452; x_wconf 85' lang='lat' dir='ltr'><strong>Et</strong></span> <span class='ocrx_word' id='word_1_524' title='bbox 2203 2399 2316 2468; x_wconf 88' lang='lat' dir='ltr'><strong>ipse</strong></span> <span class='ocrx_word' id='word_1_525' title='bbox 2346 2398 2532 2467; x_wconf 88' lang='lat' dir='ltr'><strong>utique</strong></span> <span class='ocrx_word' id='word_1_526' title='bbox 2566 2397 2825 2454; x_wconf 84' lang='lat' dir='ltr'><strong>Dominus</strong></span> <span class='ocrx_word' id='word_1_527' title='bbox 2871 2399 3119 2454; x_wconf 86' lang='lat' dir='ltr'><strong>Christus</strong></span> <span class='ocrx_word' id='word_1_528' title='bbox 3153 2397 3443 2465; x_wconf 78' lang='lat' dir='ltr'><strong>iudicabit.</strong></span> 
     </span>
    </p>
   </div>
   <div class='ocr_carea' id='block_1_77' title="bbox 1846 2485 3449 2558">
    <p class='ocr_par' dir='ltr' id='par_1_77' title="bbox 1846 2485 3449 2558">
     <span class='ocr_line' id='line_1_77' title="bbox 1846 2485 3449 2558; baseline -0.004 -12"><span class='ocrx_word' id='word_1_529' title='bbox 1846 2491 2061 2553; x_wconf 89' lang='lat' dir='ltr'><strong>Orbem</strong></span> <span class='ocrx_word' id='word_1_530' title='bbox 2095 2500 2255 2546; x_wconf 70' lang='lat' dir='ltr'><strong>terra:</strong></span> <span class='ocrx_word' id='word_1_531' title='bbox 2289 2499 2507 2547; x_wconf 87' lang='lat' dir='ltr'><strong>sanctos</strong></span> <span class='ocrx_word' id='word_1_532' title='bbox 2552 2489 2698 2545; x_wconf 90' lang='lat' dir='ltr'><strong>viros</strong></span> <span class='ocrx_word' id='word_1_533' title='bbox 2745 2489 3006 2545; x_wconf 86' lang='lat' dir='ltr'><strong>debemus</strong></span> <span class='ocrx_word' id='word_1_534' title='bbox 3053 2487 3322 2558; x_wconf 90' lang='lat' dir='ltr'><strong>accipere.</strong></span> <span class='ocrx_word' id='word_1_535' title='bbox 3351 2485 3449 2542; x_wconf 89' lang='lat' dir='ltr'><strong>lsti</strong></span> 
     </span>
    </p>
   </div>
   <div class='ocr_carea' id='block_1_78' title="bbox 1855 2574 3447 2652">
    <p class='ocr_par' dir='ltr' id='par_1_78' title="bbox 1855 2574 3447 2652">
     <span class='ocr_line' id='line_1_78' title="bbox 1855 2574 3447 2652; baseline -0.003 -15"><span class='ocrx_word' id='word_1_536' title='bbox 1855 2582 2136 2652; x_wconf 88' lang='lat' dir='ltr'><strong>judicandi</strong></span> <span class='ocrx_word' id='word_1_537' title='bbox 2157 2589 2284 2637; x_wconf 84' lang='lat' dir='ltr'><strong>sunt.</strong></span> <span class='ocrx_word' id='word_1_538' title='bbox 2307 2581 2361 2636; x_wconf 90' lang='lat' dir='ltr'><strong>in</strong></span> <span class='ocrx_word' id='word_1_539' title='bbox 2380 2580 2636 2651; x_wconf 67' lang='lat' dir='ltr'><strong>aequitate</strong></span> <span class='ocrx_word' id='word_1_540' title='bbox 2655 2579 2746 2650; x_wconf 92' lang='lat' dir='ltr'><strong>qui</strong></span> <span class='ocrx_word' id='word_1_541' title='bbox 2779 2577 3013 2636; x_wconf 89' lang='lat' dir='ltr'><strong>audituri</strong></span> <span class='ocrx_word' id='word_1_542' title='bbox 3037 2586 3164 2634; x_wconf 90' lang='lat' dir='ltr'><strong>sunt</strong></span> <span class='ocrx_word' id='word_1_543' title='bbox 3186 2595 3200 2630; x_wconf 89' lang='lat'><strong>:</strong></span> <span class='ocrx_word' id='word_1_544' title='bbox 3228 2574 3447 2641; x_wconf 84' lang='lat' dir='ltr'><strong>Venite,</strong></span> 
     </span>
    </p>
   </div>
   <div class='ocr_carea' id='block_1_79' title="bbox 1844 2668 3452 2742">
    <p class='ocr_par' dir='ltr' id='par_1_79' title="bbox 1844 2668 3452 2742">
     <span class='ocr_line' id='line_1_79' title="bbox 1844 2668 3452 2742; baseline -0.006 -11"><span class='ocrx_word' id='word_1_545' title='bbox 1844 2674 2136 2738; x_wconf 86' lang='lat' dir='ltr'><strong>benedicti</strong></span> <span class='ocrx_word' id='word_1_546' title='bbox 2161 2673 2341 2728; x_wconf 88' lang='lat' dir='ltr'><strong>Patris</strong></span> <span class='ocrx_word' id='word_1_547' title='bbox 2371 2672 2476 2728; x_wconf 89' lang='lat' dir='ltr'><strong>mei</strong></span> <span class='ocrx_word' id='word_1_548' title='bbox 2509 2669 2725 2742; x_wconf 79' lang='lat' dir='ltr'><strong>(Matth.</strong></span> <span class='ocrx_word' id='word_1_549' title='bbox 2751 2669 2910 2742; x_wconf 77' lang='lat' dir='ltr'><strong>xxv);</strong></span> <span class='ocrx_word' id='word_1_550' title='bbox 2940 2670 3164 2740; x_wconf 62' lang='lat' dir='ltr'><strong>aequitas</strong></span> <span class='ocrx_word' id='word_1_551' title='bbox 3185 2668 3332 2724; x_wconf 90' lang='lat' dir='ltr'><strong>enim</strong></span> <span class='ocrx_word' id='word_1_552' title='bbox 3351 2682 3452 2738; x_wconf 92' lang='lat' dir='ltr'><strong>pro</strong></span> 
     </span>
    </p>
   </div>
   <div class='ocr_carea' id='block_1_80' title="bbox 1865 2757 3449 2835">
    <p class='ocr_par' dir='ltr' id='par_1_80' title="bbox 1865 2757 3449 2835">
     <span class='ocr_line' id='line_1_80' title="bbox 1865 2757 3449 2835; baseline -0.005 -17"><span class='ocrx_word' id='word_1_553' title='bbox 1865 2763 2178 2835; x_wconf 88' lang='lat' dir='ltr'><strong>placiditate</strong></span> <span class='ocrx_word' id='word_1_554' title='bbox 2199 2771 2255 2820; x_wconf 91' lang='lat' dir='ltr'><strong>et</strong></span> <span class='ocrx_word' id='word_1_555' title='bbox 2274 2762 2379 2820; x_wconf 90' lang='lat' dir='ltr'><strong>leni</strong></span> <span class='ocrx_word' id='word_1_556' title='bbox 2399 2760 2602 2831; x_wconf 89' lang='lat' dir='ltr'><strong>judicio</strong></span> <span class='ocrx_word' id='word_1_557' title='bbox 2630 2760 2756 2831; x_wconf 90' lang='lat' dir='ltr'><strong>poni</strong></span> <span class='ocrx_word' id='word_1_558' title='bbox 2790 2759 2948 2815; x_wconf 90' lang='lat' dir='ltr'><strong>solet.</strong></span> <span class='ocrx_word' id='word_1_559' title='bbox 2975 2757 3230 2829; x_wconf 83' lang='lat' dir='ltr'><strong>Populos,</strong></span> <span class='ocrx_word' id='word_1_560' title='bbox 3253 2771 3449 2827; x_wconf 88' lang='lat' dir='ltr'><strong>pecca-</strong></span> 
     </span>
    </p>
   </div>
   <div class='ocr_carea' id='block_1_81' title="bbox 1870 2846 3449 2924">
    <p class='ocr_par' dir='ltr' id='par_1_81' title="bbox 1870 2846 3449 2924">
     <span class='ocr_line' id='line_1_81' title="bbox 1870 2846 3449 2924; baseline -0.005 -16"><span class='ocrx_word' id='word_1_561' title='bbox 1870 2863 2016 2910; x_wconf 87' lang='lat' dir='ltr'><strong>tores</strong></span> <span class='ocrx_word' id='word_1_562' title='bbox 2038 2854 2188 2908; x_wconf 92' lang='lat' dir='ltr'><strong>dicit.</strong></span> <span class='ocrx_word' id='word_1_563' title='bbox 2235 2853 2327 2908; x_wconf 91' lang='lat' dir='ltr'><strong>lsti</strong></span> <span class='ocrx_word' id='word_1_564' title='bbox 2357 2868 2481 2909; x_wconf 91' lang='lat' dir='ltr'><strong>cum</strong></span> <span class='ocrx_word' id='word_1_565' title='bbox 2516 2850 2733 2924; x_wconf 26' lang='lat' dir='ltr'><strong>,j‘ustitia</strong></span> <span class='ocrx_word' id='word_1_566' title='bbox 2764 2847 3043 2918; x_wconf 80' lang='lat' dir='ltr'><strong>iudicandi</strong></span> <span class='ocrx_word' id='word_1_567' title='bbox 3073 2857 3218 2915; x_wconf 90' lang='lat' dir='ltr'><strong>sunt,</strong></span> <span class='ocrx_word' id='word_1_568' title='bbox 3251 2846 3449 2919; x_wconf 87' lang='lat' dir='ltr'><strong>quibus</strong></span> 
     </span>
    </p>
   </div>
   <div class='ocr_carea' id='block_1_82' title="bbox 1871 2939 3060 3015">
    <p class='ocr_par' dir='ltr' id='par_1_82' title="bbox 1871 2939 3060 3015">
     <span class='ocr_line' id='line_1_82' title="bbox 1871 2939 3060 3015; baseline -0.008 -13"><span class='ocrx_word' id='word_1_569' title='bbox 1871 2945 2084 3003; x_wconf 88' lang='lat' dir='ltr'><strong>dicetur</strong></span> <span class='ocrx_word' id='word_1_570' title='bbox 2116 2963 2130 3000; x_wconf 92' lang='lat'><strong>:</strong></span> <span class='ocrx_word' id='word_1_571' title='bbox 2170 2946 2246 3002; x_wconf 89' lang='lat' dir='ltr'><strong>lte</strong></span> <span class='ocrx_word' id='word_1_572' title='bbox 2269 2945 2323 3000; x_wconf 90' lang='lat' dir='ltr'><strong>in</strong></span> <span class='ocrx_word' id='word_1_573' title='bbox 2350 2945 2528 3015; x_wconf 91' lang='lat' dir='ltr'><strong>ignem</strong></span> <span class='ocrx_word' id='word_1_574' title='bbox 2549 2951 2810 2998; x_wconf 82' lang='lat' dir='ltr'><strong>aeternum</strong></span> <span class='ocrx_word' id='word_1_575' title='bbox 2849 2939 3060 3012; x_wconf 90' lang='lat' dir='ltr'><strong>(Ibid.).</strong></span> 
     </span>
    </p>
   </div>
   <div class='ocr_carea' id='block_1_83' title="bbox 1908 3029 3238 3114">
    <p class='ocr_par' dir='ltr' id='par_1_83' title="bbox 1908 3029 3238 3114">
     <span class='ocr_line' id='line_1_83' title="bbox 1908 3029 3238 3114; baseline -0.011 -17"><span class='ocrx_word' id='word_1_576' title='bbox 1908 3040 1942 3097; x_wconf 91' lang='lat'><strong>9</strong></span> <span class='ocrx_word' id='word_1_577' title='bbox 2017 3039 2083 3094; x_wconf 83' lang='lat' dir='ltr'><strong>Et</strong></span> <span class='ocrx_word' id='word_1_578' title='bbox 2104 3038 2278 3108; x_wconf 77' lang='lat' dir='ltr'><strong>factus</strong></span> <span class='ocrx_word' id='word_1_579' title='bbox 2301 3046 2380 3114; x_wconf 82' lang='lat' dir='ltr'><strong>est</strong></span> <span class='ocrx_word' id='word_1_580' title='bbox 2405 3035 2661 3089; x_wconf 87' lang='lat' dir='ltr'><strong>Dominus</strong></span> <span class='ocrx_word' id='word_1_581' title='bbox 2685 3033 2945 3103; x_wconf 79' lang='lat' dir='ltr'><strong>refugium</strong></span> <span class='ocrx_word' id='word_1_582' title='bbox 2974 3029 3197 3100; x_wconf 82' lang='lat' dir='ltr'><strong>pauperi</strong></span> <span class='ocrx_word' id='word_1_583' title='bbox 3224 3044 3238 3082; x_wconf 91' lang='lat'><strong>:</strong></span> 
     </span>
    </p>
   </div>
   <div class='ocr_carea' id='block_1_84' title="bbox 2013 3120 3309 3200">
    <p class='ocr_par' dir='ltr' id='par_1_84' title="bbox 2013 3120 3309 3200">
     <span class='ocr_line' id='line_1_84' title="bbox 2013 3120 3309 3200; baseline -0.008 -16"><span class='ocrx_word' id='word_1_584' title='bbox 2013 3131 2240 3200; x_wconf 83' lang='lat' dir='ltr'><strong>Adjutor</strong></span> <span class='ocrx_word' id='word_1_585' title='bbox 2267 3130 2322 3184; x_wconf 86' lang='lat' dir='ltr'><strong>in</strong></span> <span class='ocrx_word' id='word_1_586' title='bbox 2352 3124 2844 3197; x_wconf 83' lang='lat' dir='ltr'><strong>opportunitatibus,</strong></span> <span class='ocrx_word' id='word_1_587' title='bbox 2871 3124 2925 3177; x_wconf 91' lang='lat' dir='ltr'><strong>in</strong></span> <span class='ocrx_word' id='word_1_588' title='bbox 2951 3120 3309 3176; x_wconf 82' lang='lat' dir='ltr'><strong>tribulatione.</strong></span> 
     </span>
    </p>
   </div>
   <div class='ocr_carea' id='block_1_85' title="bbox 1945 3205 3446 3293">
    <p class='ocr_par' dir='ltr' id='par_1_85' title="bbox 1945 3205 3446 3293">
     <span class='ocr_line' id='line_1_85' title="bbox 1945 3205 3446 3293; baseline -0.011 -14"><span class='ocrx_word' id='word_1_589' title='bbox 1945 3222 1986 3279; x_wconf 92' lang='lat' dir='ltr'><strong>C</strong></span> <span class='ocrx_word' id='word_1_590' title='bbox 2009 3222 2198 3293; x_wconf 82' lang='lat' dir='ltr'><strong>Magna</strong></span> <span class='ocrx_word' id='word_1_591' title='bbox 2227 3219 2480 3290; x_wconf 89' lang='lat' dir='ltr'><strong>cogitatio</strong></span> <span class='ocrx_word' id='word_1_592' title='bbox 2499 3216 2836 3289; x_wconf 85' lang='lat' dir='ltr'><strong>gaudiorum,</strong></span> <span class='ocrx_word' id='word_1_593' title='bbox 2870 3215 3045 3283; x_wconf 89' lang='lat' dir='ltr'><strong>ipsum</strong></span> <span class='ocrx_word' id='word_1_594' title='bbox 3073 3212 3272 3266; x_wconf 89' lang='lat' dir='ltr'><strong>habere</strong></span> <span class='ocrx_word' id='word_1_595' title='bbox 3299 3205 3446 3263; x_wconf 85' lang='lat' dir='ltr'><strong>refu—</strong></span> 
     </span>
    </p>
   </div>
   <div class='ocr_carea' id='block_1_86' title="bbox 1874 3299 3454 3384">
    <p class='ocr_par' dir='ltr' id='par_1_86' title="bbox 1874 3299 3454 3384">
     <span class='ocr_line' id='line_1_86' title="bbox 1874 3299 3454 3384; baseline -0.009 -16"><span class='ocrx_word' id='word_1_596' title='bbox 1874 3314 2020 3384; x_wconf 89' lang='lat' dir='ltr'><strong>gium</strong></span> <span class='ocrx_word' id='word_1_597' title='bbox 2045 3327 2205 3382; x_wconf 90' lang='lat' dir='ltr'><strong>quem</strong></span> <span class='ocrx_word' id='word_1_598' title='bbox 2239 3320 2293 3365; x_wconf 90' lang='lat' dir='ltr'><strong>et</strong></span> <span class='ocrx_word' id='word_1_599' title='bbox 2313 3310 2572 3381; x_wconf 87' lang='lat' dir='ltr'><strong>judicem.</strong></span> <span class='ocrx_word' id='word_1_600' title='bbox 2597 3307 2810 3376; x_wconf 89' lang='lat' dir='ltr'><strong>Pauper</strong></span> <span class='ocrx_word' id='word_1_601' title='bbox 2833 3304 2926 3359; x_wconf 87' lang='lat' dir='ltr'><strong>Dei</strong></span> <span class='ocrx_word' id='word_1_602' title='bbox 2954 3312 3041 3358; x_wconf 92' lang='lat' dir='ltr'><strong>est</strong></span> <span class='ocrx_word' id='word_1_603' title='bbox 3079 3301 3187 3366; x_wconf 90' lang='lat' dir='ltr'><strong>ille,</strong></span> <span class='ocrx_word' id='word_1_604' title='bbox 3213 3299 3304 3371; x_wconf 89' lang='lat' dir='ltr'><strong>qui</strong></span> <span class='ocrx_word' id='word_1_605' title='bbox 3340 3307 3454 3354; x_wconf 91' lang='lat' dir='ltr'><strong>ter-</strong></span> 
     </span>
    </p>
   </div>
   <div class='ocr_carea' id='block_1_87' title="bbox 1875 3389 3452 3474">
    <p class='ocr_par' dir='ltr' id='par_1_87' title="bbox 1875 3389 3452 3474">
     <span class='ocr_line' id='line_1_87' title="bbox 1875 3389 3452 3474; baseline -0.011 -14"><span class='ocrx_word' id='word_1_606' title='bbox 1875 3420 2006 3460; x_wconf 90' lang='lat' dir='ltr'><strong>rena</strong></span> <span class='ocrx_word' id='word_1_607' title='bbox 2037 3402 2358 3474; x_wconf 89' lang='lat' dir='ltr'><strong>despiciens,</strong></span> <span class='ocrx_word' id='word_1_608' title='bbox 2380 3398 2622 3457; x_wconf 73' lang='lat' dir='ltr'><strong>coelestia</strong></span> <span class='ocrx_word' id='word_1_609' title='bbox 2649 3397 2941 3453; x_wconf 88' lang='lat' dir='ltr'><strong>desiderat.</strong></span> <span class='ocrx_word' id='word_1_610' title='bbox 2963 3393 3096 3449; x_wconf 90' lang='lat' dir='ltr'><strong>lllud</strong></span> <span class='ocrx_word' id='word_1_611' title='bbox 3125 3389 3452 3460; x_wconf 89' lang='lat' dir='ltr'><strong>adjutorium</strong></span> 
     </span>
    </p>
   </div>
   <div class='ocr_carea' id='block_1_88' title="bbox 1876 3485 3459 3562">
    <p class='ocr_par' dir='ltr' id='par_1_88' title="bbox 1876 3485 3459 3562">
     <span class='ocr_line' id='line_1_88' title="bbox 1876 3485 3459 3562; baseline -0.011 -10"><span class='ocrx_word' id='word_1_612' title='bbox 1876 3485 2242 3552; x_wconf 80' lang='lat' dir='ltr'><strong>dulcissimum</strong></span> <span class='ocrx_word' id='word_1_613' title='bbox 2263 3502 2364 3556; x_wconf 90' lang='lat' dir='ltr'><strong>est,</strong></span> <span class='ocrx_word' id='word_1_614' title='bbox 2393 3492 2537 3562; x_wconf 91' lang='lat' dir='ltr'><strong>quod</strong></span> <span class='ocrx_word' id='word_1_615' title='bbox 2562 3491 2614 3544; x_wconf 92' lang='lat' dir='ltr'><strong>in</strong></span> <span class='ocrx_word' id='word_1_616' title='bbox 2639 3487 3066 3560; x_wconf 90' lang='lat' dir='ltr'><strong>opportunitate,</strong></span> <span class='ocrx_word' id='word_1_617' title='bbox 3096 3485 3146 3538; x_wconf 91' lang='lat' dir='ltr'><strong>id</strong></span> <span class='ocrx_word' id='word_1_618' title='bbox 3168 3491 3250 3540; x_wconf 90' lang='lat' dir='ltr'><strong>est</strong></span> <span class='ocrx_word' id='word_1_619' title='bbox 3274 3495 3459 3537; x_wconf 84' lang='lat' dir='ltr'><strong>neces-</strong></span> 
     </span>
    </p>
   </div>
   <div class='ocr_carea' id='block_1_89' title="bbox 1875 3570 3461 3659">
    <p class='ocr_par' dir='ltr' id='par_1_89' title="bbox 1875 3570 3461 3659">
     <span class='ocr_line' id='line_1_89' title="bbox 1875 3570 3461 3659; baseline -0.011 -15"><span class='ocrx_word' id='word_1_620' title='bbox 1875 3589 2038 3644; x_wconf 88' lang='lat' dir='ltr'><strong>sitate</strong></span> <span class='ocrx_word' id='word_1_621' title='bbox 2070 3596 2379 3659; x_wconf 65' lang='lat' dir='ltr'><strong>prazstatur.</strong></span> <span class='ocrx_word' id='word_1_622' title='bbox 2426 3585 2483 3639; x_wconf 90' lang='lat' dir='ltr'><strong>ln</strong></span> <span class='ocrx_word' id='word_1_623' title='bbox 2515 3581 2890 3645; x_wconf 89' lang='lat' dir='ltr'><strong>tribulatione,</strong></span> <span class='ocrx_word' id='word_1_624' title='bbox 2935 3594 3058 3635; x_wconf 89' lang='lat' dir='ltr'><strong>cum</strong></span> <span class='ocrx_word' id='word_1_625' title='bbox 3087 3576 3300 3632; x_wconf 90' lang='lat' dir='ltr'><strong>animus</strong></span> <span class='ocrx_word' id='word_1_626' title='bbox 3326 3570 3461 3628; x_wconf 53' lang='lat' dir='ltr'><strong>allii.</strong></span> 
     </span>
    </p>
   </div>
   <div class='ocr_carea' id='block_1_90' title="bbox 1853 3669 3214 3746">
    <p class='ocr_par' dir='ltr' id='par_1_90' title="bbox 1853 3669 3214 3746">
     <span class='ocr_line' id='line_1_90' title="bbox 1853 3669 3214 3746; baseline -0.013 -8"><span class='ocrx_word' id='word_1_627' title='bbox 1853 3689 2085 3740; x_wconf 74' lang='lat' dir='ltr'><strong>.ctorum</strong></span> <span class='ocrx_word' id='word_1_628' title='bbox 2111 3677 2179 3732; x_wconf 90' lang='lat' dir='ltr'><strong>ad</strong></span> <span class='ocrx_word' id='word_1_629' title='bbox 2213 3674 2678 3746; x_wconf 84' lang='lat' dir='ltr'><strong>compunctionem</strong></span> <span class='ocrx_word' id='word_1_630' title='bbox 2707 3670 2916 3726; x_wconf 88' lang='lat' dir='ltr'><strong>avidius</strong></span> <span class='ocrx_word' id='word_1_631' title='bbox 2941 3669 3214 3723; x_wconf 89' lang='lat' dir='ltr'><strong>incitatur.</strong></span> 
     </span>
    </p>
   </div>
   <div class='ocr_carea' id='block_1_91' title="bbox 1879 3765 3244 3840">
    <p class='ocr_par' dir='ltr' id='par_1_91' title="bbox 1879 3765 3244 3840">
     <span class='ocr_line' id='line_1_91' title="bbox 1879 3765 3244 3840; baseline -0.012 -12"><span class='ocrx_word' id='word_1_632' title='bbox 1879 3773 1945 3828; x_wconf 83' lang='lat' dir='ltr'><strong>l0</strong></span> <span class='ocrx_word' id='word_1_633' title='bbox 2018 3769 2086 3824; x_wconf 83' lang='lat' dir='ltr'><strong>Et</strong></span> <span class='ocrx_word' id='word_1_634' title='bbox 2108 3776 2309 3840; x_wconf 79' lang='lat' dir='ltr'><strong>sperent</strong></span> <span class='ocrx_word' id='word_1_635' title='bbox 2347 3768 2400 3820; x_wconf 90' lang='lat' dir='ltr'><strong>in</strong></span> <span class='ocrx_word' id='word_1_636' title='bbox 2427 3775 2476 3818; x_wconf 89' lang='lat' dir='ltr'><strong>te</strong></span> <span class='ocrx_word' id='word_1_637' title='bbox 2501 3765 2588 3835; x_wconf 88' lang='lat' dir='ltr'><strong>qui</strong></span> <span class='ocrx_word' id='word_1_638' title='bbox 2606 3771 2854 3817; x_wconf 84' lang='lat' dir='ltr'><strong>noverunt</strong></span> <span class='ocrx_word' id='word_1_639' title='bbox 2881 3776 3066 3814; x_wconf 85' lang='lat' dir='ltr'><strong>nomen</strong></span> <span class='ocrx_word' id='word_1_640' title='bbox 3095 3769 3244 3813; x_wconf 87' lang='lat' dir='ltr'><strong>tuum</strong></span> 
     </span>
    </p>
   </div>
   <div class='ocr_carea' id='block_1_92' title="bbox 2021 3847 3458 3930">
    <p class='ocr_par' dir='ltr' id='par_1_92' title="bbox 2021 3847 3458 3930">
     <span class='ocr_line' id='line_1_92' title="bbox 2021 3847 3458 3930; baseline -0.01 -14"><span class='ocrx_word' id='word_1_641' title='bbox 2021 3863 2284 3930; x_wconf 81' lang='lat' dir='ltr'><strong>Quoniam</strong></span> <span class='ocrx_word' id='word_1_642' title='bbox 2339 3873 2444 3914; x_wconf 80' lang='lat' dir='ltr'><strong>non</strong></span> <span class='ocrx_word' id='word_1_643' title='bbox 2490 3853 2813 3920; x_wconf 85' lang='lat' dir='ltr'><strong>dereliquisti</strong></span> <span class='ocrx_word' id='word_1_644' title='bbox 2865 3860 3153 3923; x_wconf 78' lang='lat' dir='ltr'><strong>quterentes</strong></span> <span class='ocrx_word' id='word_1_645' title='bbox 3197 3859 3280 3914; x_wconf 90' lang='lat' dir='ltr'><strong>te,</strong></span> <span class='ocrx_word' id='word_1_646' title='bbox 3345 3847 3458 3903; x_wconf 88' lang='lat' dir='ltr'><strong>Do-</strong></span> 
     </span>
    </p>
   </div>
   <div class='ocr_carea' id='block_1_93' title="bbox 2087 3931 3071 4008">
    <p class='ocr_par' dir='ltr' id='par_1_93' title="bbox 2087 3931 3071 4008">
     <span class='ocr_line' id='line_1_93' title="bbox 2087 3931 3071 4008; baseline -0.01 0"><span class='ocrx_word' id='word_1_647' title='bbox 2087 3953 2246 4008; x_wconf 84' lang='lat' dir='ltr'><strong>mine.</strong></span> <span class='ocrx_word' id='word_1_648' title='bbox 3070 3931 3071 3934; x_wconf 9' lang='grc' dir='ltr'><strong>η</strong></span> 
     </span>
    </p>
   </div>
   <div class='ocr_carea' id='block_1_94' title="bbox 1944 4027 3462 4113">
    <p class='ocr_par' dir='ltr' id='par_1_94' title="bbox 1944 4027 3462 4113">
     <span class='ocr_line' id='line_1_94' title="bbox 1944 4027 3462 4113; baseline -0.013 -13"><span class='ocrx_word' id='word_1_649' title='bbox 1944 4044 1988 4100; x_wconf 89' lang='lat' dir='ltr'><strong>C</strong></span> <span class='ocrx_word' id='word_1_650' title='bbox 2011 4042 2242 4113; x_wconf 89' lang='lat' dir='ltr'><strong>Sperent</strong></span> <span class='ocrx_word' id='word_1_651' title='bbox 2269 4041 2322 4095; x_wconf 91' lang='lat' dir='ltr'><strong>in</strong></span> <span class='ocrx_word' id='word_1_652' title='bbox 2352 4047 2425 4106; x_wconf 93' lang='lat' dir='ltr'><strong>te,</strong></span> <span class='ocrx_word' id='word_1_653' title='bbox 2457 4053 2562 4092; x_wconf 93' lang='lat' dir='ltr'><strong>non</strong></span> <span class='ocrx_word' id='word_1_654' title='bbox 2595 4037 2646 4090; x_wconf 93' lang='lat' dir='ltr'><strong>in</strong></span> <span class='ocrx_word' id='word_1_655' title='bbox 2673 4031 2854 4090; x_wconf 69' lang='lat' dir='ltr'><strong>sreculi</strong></span> <span class='ocrx_word' id='word_1_656' title='bbox 2896 4031 3262 4088; x_wconf 86' lang='lat' dir='ltr'><strong>blandimenta</strong></span> <span class='ocrx_word' id='word_1_657' title='bbox 3290 4027 3462 4098; x_wconf 89' lang='lat' dir='ltr'><strong>respi-</strong></span> 
     </span>
    </p>
   </div>
   <div class='ocr_carea' id='block_1_95' title="bbox 1877 4121 3460 4201">
    <p class='ocr_par' dir='ltr' id='par_1_95' title="bbox 1877 4121 3460 4201">
     <span class='ocr_line' id='line_1_95' title="bbox 1877 4121 3460 4201; baseline -0.01 -9"><span class='ocrx_word' id='word_1_658' title='bbox 1877 4137 2043 4201; x_wconf 89' lang='lat' dir='ltr'><strong>ciant,</strong></span> <span class='ocrx_word' id='word_1_659' title='bbox 2068 4133 2160 4190; x_wconf 90' lang='lat' dir='ltr'><strong>sed</strong></span> <span class='ocrx_word' id='word_1_660' title='bbox 2194 4134 2245 4187; x_wconf 92' lang='lat' dir='ltr'><strong>in</strong></span> <span class='ocrx_word' id='word_1_661' title='bbox 2278 4142 2426 4186; x_wconf 89' lang='lat' dir='ltr'><strong>tuam</strong></span> <span class='ocrx_word' id='word_1_662' title='bbox 2457 4128 2866 4199; x_wconf 88' lang='lat' dir='ltr'><strong>promissionem</strong></span> <span class='ocrx_word' id='word_1_663' title='bbox 2899 4122 3193 4188; x_wconf 90' lang='lat' dir='ltr'><strong>conﬁdant,</strong></span> <span class='ocrx_word' id='word_1_664' title='bbox 3237 4121 3329 4191; x_wconf 92' lang='lat' dir='ltr'><strong>qui</strong></span> <span class='ocrx_word' id='word_1_665' title='bbox 3362 4137 3460 4176; x_wconf 88' lang='lat' dir='ltr'><strong>no-</strong></span> 
     </span>
    </p>
   </div>
   <div class='ocr_carea' id='block_1_96' title="bbox 1877 4213 3460 4288">
    <p class='ocr_par' dir='ltr' id='par_1_96' title="bbox 1877 4213 3460 4288">
     <span class='ocr_line' id='line_1_96' title="bbox 1877 4213 3460 4288; baseline -0.009 -7"><span class='ocrx_word' id='word_1_666' title='bbox 1877 4234 2072 4281; x_wconf 87' lang='lat' dir='ltr'><strong>verunt</strong></span> <span class='ocrx_word' id='word_1_667' title='bbox 2100 4238 2314 4287; x_wconf 90' lang='lat' dir='ltr'><strong>nomen,</strong></span> <span class='ocrx_word' id='word_1_668' title='bbox 2354 4221 2408 4274; x_wconf 89' lang='lat' dir='ltr'><strong>id</strong></span> <span class='ocrx_word' id='word_1_669' title='bbox 2435 4229 2518 4275; x_wconf 92' lang='lat' dir='ltr'><strong>est</strong></span> <span class='ocrx_word' id='word_1_670' title='bbox 2551 4217 2642 4288; x_wconf 89' lang='lat' dir='ltr'><strong>qui</strong></span> <span class='ocrx_word' id='word_1_671' title='bbox 2689 4214 3028 4284; x_wconf 85' lang='lat' dir='ltr'><strong>majestatem</strong></span> <span class='ocrx_word' id='word_1_672' title='bbox 3058 4221 3204 4267; x_wconf 89' lang='lat' dir='ltr'><strong>tuam</strong></span> <span class='ocrx_word' id='word_1_673' title='bbox 3229 4213 3460 4267; x_wconf 88' lang='lat' dir='ltr'><strong>sanctis-</strong></span> 
     </span>
    </p>
   </div>
   <div class='ocr_carea' id='block_1_97' title="bbox 1877 4299 3461 4376">
    <p class='ocr_par' dir='ltr' id='par_1_97' title="bbox 1877 4299 3461 4376">
     <span class='ocr_line' id='line_1_97' title="bbox 1877 4299 3461 4376; baseline -0.013 -2"><span class='ocrx_word' id='word_1_674' title='bbox 1877 4322 2014 4375; x_wconf 88' lang='lat' dir='ltr'><strong>sima</strong></span> <span class='ocrx_word' id='word_1_675' title='bbox 2038 4313 2325 4376; x_wconf 85' lang='lat' dir='ltr'><strong>devotione</strong></span> <span class='ocrx_word' id='word_1_676' title='bbox 2348 4316 2705 4364; x_wconf 77' lang='lat' dir='ltr'><strong>venerantur.</strong></span> <span class='ocrx_word' id='word_1_677' title='bbox 2731 4306 2773 4360; x_wconf 80' lang='grc' dir='ltr'><strong>Α</strong></span> <span class='ocrx_word' id='word_1_678' title='bbox 2797 4304 3003 4360; x_wconf 90' lang='lat' dir='ltr'><strong>Nomen</strong></span> <span class='ocrx_word' id='word_1_679' title='bbox 3034 4303 3179 4359; x_wconf 91' lang='lat' dir='ltr'><strong>enim</strong></span> <span class='ocrx_word' id='word_1_680' title='bbox 3206 4309 3288 4357; x_wconf 89' lang='lat' dir='ltr'><strong>est</strong></span> <span class='ocrx_word' id='word_1_681' title='bbox 3324 4299 3417 4355; x_wconf 91' lang='lat' dir='ltr'><strong>Dei</strong></span> <span class='ocrx_word' id='word_1_682' title='bbox 3446 4319 3461 4354; x_wconf 89' lang='lat'>:</span> 
     </span>
    </p>
   </div>
   <div class='ocr_carea' id='block_1_98' title="bbox 1881 4392 3466 4474">
    <p class='ocr_par' dir='ltr' id='par_1_98' title="bbox 1881 4392 3466 4474">
     <span class='ocr_line' id='line_1_98' title="bbox 1881 4392 3466 4474; baseline -0.015 -6"><span class='ocrx_word' id='word_1_683' title='bbox 1881 4409 2158 4474; x_wconf 91' lang='lat' dir='ltr'><strong>Dominus,</strong></span> <span class='ocrx_word' id='word_1_684' title='bbox 2186 4406 2272 4462; x_wconf 86' lang='lat' dir='ltr'><strong>vel</strong></span> <span class='ocrx_word' id='word_1_685' title='bbox 2303 4404 2416 4460; x_wconf 88' lang='lat' dir='ltr'><strong>Est.</strong></span> <span class='ocrx_word' id='word_1_686' title='bbox 2443 4400 2598 4470; x_wconf 86' lang='lat' dir='ltr'><strong>Quod</strong></span> <span class='ocrx_word' id='word_1_687' title='bbox 2626 4398 2796 4463; x_wconf 88' lang='lat' dir='ltr'><strong>novit,</strong></span> <span class='ocrx_word' id='word_1_688' title='bbox 2835 4397 2925 4466; x_wconf 92' lang='lat' dir='ltr'><strong>qui</strong></span> <span class='ocrx_word' id='word_1_689' title='bbox 2965 4394 3196 4450; x_wconf 83' lang='lat' dir='ltr'><strong>libenter</strong></span> <span class='ocrx_word' id='word_1_690' title='bbox 3223 4393 3272 4448; x_wconf 92' lang='lat' dir='ltr'><strong>ei</strong></span> <span class='ocrx_word' id='word_1_691' title='bbox 3296 4392 3466 4447; x_wconf 83' lang='lat' dir='ltr'><strong>servit</strong></span> 
     </span>
    </p>
   </div>
   <div class='ocr_carea' id='block_1_99' title="bbox 1880 4486 3468 4574">
    <p class='ocr_par' dir='ltr' id='par_1_99' title="bbox 1880 4486 3468 4574">
     <span class='ocr_line' id='line_1_99' title="bbox 1880 4486 3468 4574; baseline -0.014 -16"><span class='ocrx_word' id='word_1_692' title='bbox 1880 4503 1972 4574; x_wconf 89' lang='lat' dir='ltr'><strong>qui</strong></span> <span class='ocrx_word' id='word_1_693' title='bbox 1995 4517 2119 4556; x_wconf 89' lang='lat' dir='ltr'><strong>vere</strong></span> <span class='ocrx_word' id='word_1_694' title='bbox 2141 4511 2243 4556; x_wconf 92' lang='lat' dir='ltr'><strong>est.</strong></span> <span class='ocrx_word' id='word_1_695' title='bbox 2269 4498 2392 4552; x_wconf 90' lang='lat' dir='ltr'><strong>Ideo</strong></span> <span class='ocrx_word' id='word_1_696' title='bbox 2417 4510 2575 4552; x_wconf 90' lang='lat' dir='ltr'><strong>nemo</strong></span> <span class='ocrx_word' id='word_1_697' title='bbox 2601 4500 2781 4563; x_wconf 88' lang='lat' dir='ltr'><strong>speret</strong></span> <span class='ocrx_word' id='word_1_698' title='bbox 2809 4491 2861 4544; x_wconf 92' lang='lat' dir='ltr'><strong>in</strong></span> <span class='ocrx_word' id='word_1_699' title='bbox 2899 4486 3246 4550; x_wconf 88' lang='lat' dir='ltr'><strong>transitoriis,</strong></span> <span class='ocrx_word' id='word_1_700' title='bbox 3270 4492 3468 4554; x_wconf 85' lang='lat' dir='ltr'><strong>praeter</strong></span> 
     </span>
    </p>
   </div>
   <div class='ocr_carea' id='block_1_100' title="bbox 1883 4572 3467 4648">
    <p class='ocr_par' dir='ltr' id='par_1_100' title="bbox 1883 4572 3467 4648">
     <span class='ocr_line' id='line_1_100' title="bbox 1883 4572 3467 4648; baseline -0.015 0"><span class='ocrx_word' id='word_1_701' title='bbox 1883 4572 1983 4648; x_wconf 87' lang='lat' dir='ltr'><strong>fuit</strong></span> <span class='ocrx_word' id='word_1_702' title='bbox 2012 4600 2065 4647; x_wconf 89' lang='lat' dir='ltr'><strong>et</strong></span> <span class='ocrx_word' id='word_1_703' title='bbox 2094 4593 2196 4646; x_wconf 86' lang='lat' dir='ltr'><strong>erit</strong></span> <span class='ocrx_word' id='word_1_704' title='bbox 2228 4587 2363 4642; x_wconf 89' lang='lat' dir='ltr'><strong>nihil</strong></span> <span class='ocrx_word' id='word_1_705' title='bbox 2393 4582 2734 4641; x_wconf 84' lang='lat' dir='ltr'><strong>habentibus.</strong></span> <span class='ocrx_word' id='word_1_706' title='bbox 2772 4580 2905 4634; x_wconf 88' lang='lat' dir='ltr'><strong>Nam</strong></span> <span class='ocrx_word' id='word_1_707' title='bbox 2933 4578 3075 4648; x_wconf 84' lang='lat' dir='ltr'><strong>quod</strong></span> <span class='ocrx_word' id='word_1_708' title='bbox 3105 4577 3157 4629; x_wconf 90' lang='lat' dir='ltr'><strong>in</strong></span> <span class='ocrx_word' id='word_1_709' title='bbox 3187 4575 3292 4629; x_wconf 90' lang='lat' dir='ltr'><strong>illis</strong></span> <span class='ocrx_word' id='word_1_710' title='bbox 3317 4572 3467 4626; x_wconf 81' lang='lat' dir='ltr'><strong>futu-</strong></span> 
     </span>
    </p>
   </div>
   <div class='ocr_carea' id='block_1_101' title="bbox 1886 4669 3472 4751">
    <p class='ocr_par' dir='ltr' id='par_1_101' title="bbox 1886 4669 3472 4751">
     <span class='ocr_line' id='line_1_101' title="bbox 1886 4669 3472 4751; baseline -0.016 -9"><span class='ocrx_word' id='word_1_711' title='bbox 1886 4705 2003 4742; x_wconf 88' lang='lat' dir='ltr'><strong>rum</strong></span> <span class='ocrx_word' id='word_1_712' title='bbox 2028 4696 2131 4751; x_wconf 92' lang='lat' dir='ltr'><strong>est,</strong></span> <span class='ocrx_word' id='word_1_713' title='bbox 2165 4699 2287 4740; x_wconf 88' lang='lat' dir='ltr'><strong>cum</strong></span> <span class='ocrx_word' id='word_1_714' title='bbox 2315 4681 2528 4736; x_wconf 84' lang='lat' dir='ltr'><strong>venerit</strong></span> <span class='ocrx_word' id='word_1_715' title='bbox 2574 4676 2634 4730; x_wconf 87' lang='lat' dir='ltr'><strong>lit</strong></span> <span class='ocrx_word' id='word_1_716' title='bbox 2672 4673 2852 4730; x_wconf 88' lang='lat' dir='ltr'><strong>statim</strong></span> <span class='ocrx_word' id='word_1_717' title='bbox 2880 4669 3236 4741; x_wconf 68' lang='lat' dir='ltr'><strong>praeteritum,</strong></span> <span class='ocrx_word' id='word_1_718' title='bbox 3271 4678 3472 4732; x_wconf 80' lang='lat' dir='ltr'><strong>exspe-</strong></span> 
     </span>
    </p>
   </div>
   <div class='ocr_carea' id='block_1_102' title="bbox 1883 4755 3478 4839">
    <p class='ocr_par' dir='ltr' id='par_1_102' title="bbox 1883 4755 3478 4839">
     <span class='ocr_line' id='line_1_102' title="bbox 1883 4755 3478 4839; baseline -0.018 -5"><span class='ocrx_word' id='word_1_719' title='bbox 1883 4787 2063 4834; x_wconf 75' lang='lat' dir='ltr'><strong>ctatur</strong></span> <span class='ocrx_word' id='word_1_720' title='bbox 2097 4789 2220 4829; x_wconf 90' lang='lat' dir='ltr'><strong>cum</strong></span> <span class='ocrx_word' id='word_1_721' title='bbox 2269 4771 2591 4839; x_wconf 85' lang='lat' dir='ltr'><strong>cupiditate,</strong></span> <span class='ocrx_word' id='word_1_722' title='bbox 2640 4763 2907 4819; x_wconf 86' lang='lat' dir='ltr'><strong>amittitur</strong></span> <span class='ocrx_word' id='word_1_723' title='bbox 2955 4772 3078 4814; x_wconf 92' lang='lat' dir='ltr'><strong>cum</strong></span> <span class='ocrx_word' id='word_1_724' title='bbox 3131 4755 3336 4819; x_wconf 90' lang='lat' dir='ltr'><strong>dolore,</strong></span> <span class='ocrx_word' id='word_1_725' title='bbox 3360 4765 3478 4806; x_wconf 84' lang='lat' dir='ltr'><strong>non</strong></span> 
     </span>
    </p>
   </div>
   <div class='ocr_carea' id='block_1_103' title="bbox 1885 4851 3494 4923">
    <p class='ocr_par' dir='ltr' id='par_1_103' title="bbox 1885 4851 3494 4923">
     <span class='ocr_line' id='line_1_103' title="bbox 1885 4851 3494 4923; baseline -0.018 0"><span class='ocrx_word' id='word_1_726' title='bbox 1885 4875 2097 4923; x_wconf 90' lang='lat' dir='ltr'><strong>tenetur</strong></span> <span class='ocrx_word' id='word_1_727' title='bbox 2116 4877 2241 4920; x_wconf 91' lang='lat' dir='ltr'><strong>cum</strong></span> <span class='ocrx_word' id='word_1_728' title='bbox 2271 4861 2620 4917; x_wconf 86' lang='lat' dir='ltr'><strong>certitudine.</strong></span> <span class='ocrx_word' id='word_1_729' title='bbox 2653 4854 2693 4910; x_wconf 89' lang='lat' dir='ltr'><strong>C</strong></span> <span class='ocrx_word' id='word_1_730' title='bbox 2731 4851 2990 4923; x_wconf 85' lang='lat' dir='ltr'><strong>Sequitur</strong></span> <span class='ocrx_word' id='word_1_731' title='bbox 3024 4861 3190 4904; x_wconf 89' lang='lat' dir='ltr'><strong>causa</strong></span> <span class='ocrx_word' id='word_1_732' title='bbox 3226 4860 3324 4901; x_wconf 91' lang='lat' dir='ltr'><strong>cur</strong></span> <span class='ocrx_word' id='word_1_733' title='bbox 3350 4856 3494 4909; x_wconf 79' lang='lat' dir='ltr'><strong>spe-</strong></span> 
     </span>
    </p>
   </div>
   <div class='ocr_carea' id='block_1_104' title="bbox 1884 4937 3512 5026">
    <p class='ocr_par' dir='ltr' id='par_1_104' title="bbox 1884 4937 3512 5026">
     <span class='ocr_line' id='line_1_104' title="bbox 1884 4937 3512 5026; baseline -0.023 -6"><span class='ocrx_word' id='word_1_734' title='bbox 1884 4966 2005 5014; x_wconf 83' lang='lat' dir='ltr'><strong>rent</strong></span> <span class='ocrx_word' id='word_1_735' title='bbox 2059 4956 2113 5011; x_wconf 85' lang='lat' dir='ltr'><strong>in</strong></span> <span class='ocrx_word' id='word_1_736' title='bbox 2162 4956 2362 5016; x_wconf 82' lang='lat' dir='ltr'><strong>Deum,</strong></span> <span class='ocrx_word' id='word_1_737' title='bbox 2403 4953 2528 5026; x_wconf 89' lang='lat' dir='ltr'><strong>quia</strong></span> <span class='ocrx_word' id='word_1_738' title='bbox 2559 4961 2665 5004; x_wconf 92' lang='lat' dir='ltr'><strong>non</strong></span> <span class='ocrx_word' id='word_1_739' title='bbox 2692 4943 2897 5014; x_wconf 85' lang='lat' dir='ltr'><strong>patitur</strong></span> <span class='ocrx_word' id='word_1_740' title='bbox 2923 4953 3019 4996; x_wconf 90' lang='lat' dir='ltr'><strong>eos</strong></span> <span class='ocrx_word' id='word_1_741' title='bbox 3062 4937 3310 4993; x_wconf 87' lang='lat' dir='ltr'><strong>deserere</strong></span> <span class='ocrx_word' id='word_1_742' title='bbox 3339 4944 3512 4999; x_wconf 75' lang='lat' dir='ltr'><strong>Quos</strong></span> 
     </span>
    </p>
   </div>
   <div class='ocr_carea' id='block_1_105' title="bbox 1880 5043 3266 5120">
    <p class='ocr_par' dir='ltr' id='par_1_105' title="bbox 1880 5043 3266 5120">
     <span class='ocr_line' id='line_1_105' title="bbox 1880 5043 3266 5120; baseline 0.013 -18"><span class='ocrx_word' id='word_1_743' title='bbox 1880 5051 2028 5108; x_wconf 79' lang='lat' dir='ltr'><strong>videt</strong></span> <span class='ocrx_word' id='word_1_744' title='bbox 2047 5049 2114 5105; x_wconf 88' lang='lat' dir='ltr'><strong>ad</strong></span> <span class='ocrx_word' id='word_1_745' title='bbox 2151 5061 2209 5102; x_wconf 90' lang='lat' dir='ltr'><strong>se</strong></span> <span class='ocrx_word' id='word_1_746' title='bbox 2235 5043 2539 5120; x_wconf 79' lang='lat' dir='ltr'><strong>confugere</strong></span> <span class='ocrx_word' id='word_1_747' title='bbox 3120 5118 3129 5120; x_wconf 97' lang='lat'><em>_</em></span> <span class='ocrx_word' id='word_1_748' title='bbox 3200 5116 3214 5120; x_wconf 77' lang='grc'><em>,</em></span> <span class='ocrx_word' id='word_1_749' title='bbox 3259 5095 3266 5120; x_wconf 82' lang='lat'><strong>.-</strong></span> 
     </span>
    </p>
   </div>
   <div class='ocr_carea' id='block_1_106' title="bbox 1884 5111 3421 5202">
    <p class='ocr_par' dir='ltr' id='par_1_106' title="bbox 1884 5111 3421 5202">
     <span class='ocr_line' id='line_1_106' title="bbox 1884 5111 3421 5202; baseline -0.023 -5"><span class='ocrx_word' id='word_1_750' title='bbox 1884 5142 1948 5199; x_wconf 70' lang='grc' dir='ltr'><strong>ιι</strong></span> <span class='ocrx_word' id='word_1_751' title='bbox 2027 5139 2249 5198; x_wconf 86' lang='lat' dir='ltr'><strong>Psallite</strong></span> <span class='ocrx_word' id='word_1_752' title='bbox 2280 5111 2524 5196; x_wconf 59' lang='grc' dir='ltr'>υοηᾶηο</span> <span class='ocrx_word' id='word_1_753' title='bbox 2550 5148 2607 5190; x_wconf 73' lang='grc' dir='ltr'><strong>-ε-</strong></span> <span class='ocrx_word' id='word_1_754' title='bbox 2634 5128 2720 5202; x_wconf 82' lang='lat' dir='ltr'><strong>qui</strong></span> <span class='ocrx_word' id='word_1_755' title='bbox 2750 5127 2773 5197; x_wconf 70' lang='grc' dir='ltr'>ζ</span> <span class='ocrx_word' id='word_1_756' title='bbox 2804 5124 2999 5180; x_wconf 83' lang='lat' dir='ltr'><strong>habitat</strong></span> <span class='ocrx_word' id='word_1_757' title='bbox 3028 5133 3089 5174; x_wconf 62' lang='grc' dir='ltr'><strong>-ι-</strong></span> <span class='ocrx_word' id='word_1_758' title='bbox 3115 5118 3171 5170; x_wconf 90' lang='lat' dir='ltr'><strong>in</strong></span> <span class='ocrx_word' id='word_1_759' title='bbox 3199 5116 3221 5186; x_wconf 69' lang='grc' dir='ltr'>ζ</span> <span class='ocrx_word' id='word_1_760' title='bbox 3253 5111 3378 5169; x_wconf 89' lang='lat' dir='ltr'><strong>Sion</strong></span> <span class='ocrx_word' id='word_1_761' title='bbox 3400 5123 3421 5160; x_wconf 92' lang='lat'><strong>.-</strong></span> 
     </span>
    </p>
   </div>
  </div>
