4000 5370
529 364 591 418 ἸΙ
1415 358 1472 412 S.
1515 356 1858 414 DRUNONIS
1896 357 2434 446 IIERBIPOLENSIS
2471 357 2773 415 EPISCOPI
3050 411 3062 416 ,
3283 418 3287 420 _
3719 358 3790 412 7'2

532 481 601 534 l2
639 507 654 525 ο
673 479 935 544 Quantam
994 475 1257 543 requirens
1319 472 1624 542 sanguinem
1684 488 1866 526 eorum
1926 487 2102 525 recor—
2130 480 2180 538 Α
2208 474 2323 528 sive
2353 491 2382 529 a
2413 477 2651 531 sinistris
2679 491 2773 529 seu
2800 490 2830 528 a
2857 474 3092 529 dexteris
3113 476 3318 542 iudicio
3341 473 3435 530 Dei
3461 475 3570 529 erit
3603 489 3790 545 segre-

742 572 899 624 datus
935 578 1009 623 est
1036 581 1055 619 :

676 661 800 716 Non
831 671 906 716 est
944 659 1133 714 oblitus
1168 660 1449 713 clamorem
1475 675 1786 729 pauperum.

2204 576 2409 635 gatum.
2457 567 2894 638 Comprehensus
2939 577 3025 621 est
3067 576 3327 637 peccator
3350 568 3608 637 operibus
3651 570 3788 631 suis,
3845 598 3848 599 ν

2204 669 2328 709 cum
2360 656 2660 710 secundum
2690 655 3010 725 qualitatem
3036 657 3215 726 operis
3256 656 3340 711 sui
3378 656 3601 724 dignam
3642 659 3789 712 rcci-

600 753 642 808 C
681 753 816 819 Quia
859 751 1108 820 superius
1166 750 1326 814 dixit,
1376 750 1668 818 praedicate
1707 749 1986 820 gentibus;
2038 763 2110 804 ne
2204 744 2285 813 pit
2311 743 2590 799 ultionem.

530 847 653 915 quis
700 853 918 914 putaret
964 841 1196 896 inultum
1238 856 1360 896 esse
1411 841 1733 910 sanguinem
1781 848 2106 910 martyrum,

530 937 669 992 dixit
722 935 1008 1004 requirens
1060 932 1406 1002 sanguinem,
1472 939 1532 983 ut
1581 929 1820 985 vindicta
1877 938 2110 985 terreret

526 1034 926 1098 persecutores,
948 1033 1004 1078 et
1031 1033 1297 1093 martyres
1337 1020 1627 1091 promissio
1661 1020 1943 1076 mulceret.
1990 1019 2108 1073 Non

528 1127 616 1174 est
636 1118 838 1174 oblitus
877 1115 1029 1179 dicit,
1062 1130 1130 1168 ne
1160 1121 1351 1183 putent
1378 1111 1625 1166 oblivisci
1653 1111 1824 1165 Deum
1857 1110 2111 1180 (propter

529 1209 978 1280 longinquitatem
1009 1205 1175 1260 futuri
1199 1203 1416 1274 judicii)
1449 1201 1755 1258 retribuere
1795 1202 1936 1256 bona
1978 1214 2110 1271 pau-

531 1301 753 1371 peribus
777 1298 1004 1355 Christi.

531 1391 600 1447 15
673 1389 924 1444 Miserere
953 1386 1074 1452 mei,
1110 1385 1333 1439 Domine
1355 1399 1374 1438 :

682 1478 813 1533 Vide
840 1477 1184 1531 humilitatem
1211 1491 1381 1529 meam
1404 1474 1468 1528 de
1495 1475 1720 1528 inimicis
1750 1473 1899 1526 meis.

601 1571 644 1626 C
672 1569 919 1625 Postulat
939 1568 1043 1623 sibi
1064 1567 1338 1637 Pr0pheta
1364 1566 1444 1622 sic
1464 1565 1767 1630 subveniri,
1787 1574 1846 1618 ut
1861 1562 2110 1618 videatur

532 1680 564 1720 a
592 1678 719 1735 rege
739 1663 979 1728 Christo,
1023 1662 1148 1732 quia
1184 1661 1301 1730 ejus
1335 1669 1660 1730 conspectus
1701 1657 1963 1712 auxilium
2006 1664 2109 1711 est.

532 1756 814 1828 Supplicat
843 1756 1038 1810 iterum
1070 1753 1295 1823 intelligi
1331 1767 1360 1806 a
1393 1751 1621 1806 Domino
1650 1766 1804 1806 suam
1834 1749 2111 1805 humilita-

532 1858 640 1903 tem
670 1849 736 1903 de
754 1847 1005 1917 superbia
1021 1845 1604 1917 persecutorum,-quia
1633 1852 1846 1897 tantum
1867 1842 2117 1897 videntur
2141 1836 2192 1897 B

531 1937 713 1992 extolli
742 1948 1141 2009 persecutores,
1163 1944 1424 2005 quantum
1445 1934 1800 1989 humiliantur
1824 1943 2111 2004 martyres.

533 2027 603 2082 14
675 2027 780 2094 Qui
811 2027 1017 2082 exultas
1043 2043 1126 2080 me
1151 2027 1216 2080 de
1243 2025 1408 2095 portis
1435 2026 1620 2078 mortis
1642 2039 1663 2078 :

675 2116 744 2172 Ut
774 2117 1081 2171 annuntiem
1123 2131 1301 2169 omnes
1336 2113 1670 2170 laudationes
1697 2127 1817 2170 tuas
1854 2115 1910 2169 in
1951 2115 2114 2186 portis

742 2210 871 2279 ﬁliae
896 2208 1049 2265 Sion.

600 2302 644 2358 C
674 2301 838 2358 Porta
879 2317 1008 2356 vero
1036 2300 1226 2357 mortis
1254 2308 1339 2354 est
1365 2298 1615 2356 diabolus
1653 2299 1741 2356 vel
1769 2299 1903 2354 vitia
1935 2299 2118 2355 illece-

530 2397 717 2462 brosa,
743 2411 842 2465 per
863 2411 985 2464 qua:
1008 2394 1264 2450 iutroitur
1289 2393 1357 2448 ad
1383 2401 1647 2448 a‘ternam
1673 2403 1923 2450 mortem.
1950 2392 2114 2447 Exal-

532 2495 618 2543 tas
657 2501 764 2553 me,
805 2486 859 2541 id
888 2494 973 2542 est
1010 2485 1168 2556 longe
1211 2482 1348 2539 lacis
1376 2497 1409 2537 a
1453 2482 1671 2539 talibus.
1718 2483 2007 2538 Liberatus
2046 2497 2119 2538 ex

532 2581 641 2636 illis
695 2580 866 2651 portis
921 2577 1145 2642 mortis,
1198 2576 1486 2647 pollicetur
1523 2590 1586 2632 se
1635 2575 2113 2647 pronuntiaturum

531 2673 719 2730 laudes
747 2671 958 2727 Domini
1003 2671 1060 2725 in
1105 2670 1279 2741 portis
1323 2667 1480 2735 Sion,
1511 2669 1565 2723 id
1603 2677 1690 2724 est
1730 2669 1784 2723 in
1825 2677 1940 2724 toto
1982 2669 2116 2723 orbe

531 2771 734 2817 sach
763 2761 855 2816 Dei
890 2759 1170 2816 Ecclesiae.
1196 2759 1240 2814 A
1271 2758 1450 2814 Porta:
1486 2758 1635 2813 enim
1675 2757 1933 2814 Ecclesia:
1974 2758 2118 2813 sicut

531 2861 661 2910 sunt
703 2852 953 2925 apostoli,
1005 2852 1080 2907 ita
1124 2851 1310 2906 omnia
1355 2850 1561 2917 Optima
1609 2850 1808 2916 studia,
1855 2865 1954 2920 per
1981 2848 2115 2920 ‘quze

532 2945 750 3002 venitur
794 2945 864 3000 ad
906 2944 1173 3000 visionem
1215 2942 1367 3013 pacis
1410 2942 1468 2997 in
1503 2941 1769 2998 Ecclesia.
1823 2941 1891 2997 Η.
1937 2940 2115 2996 Porta

532 3037 702 3091 etiam
755 3035 948 3090 mortis
995 3033 1278 3098 haeretici,
1325 3040 1381 3087 et
1423 3032 1605 3088 omnis
1653 3031 1797 3086 mala
1839 3031 2110 3087 doctrina.

532 3128 712 3184 Porta:
753 3126 904 3194 Sion,
949 3126 1002 3181 id
1039 3134 1124 3181 est
1163 3124 1420 3180 Ecclesize
1459 3124 1587 3180 boni
1628 3123 2010 3195 pradicatoi'es
2053 3132 2111 3180 et

532 3227 724 3275 sancta
753 3218 1020 3274 doctrina.

535 3311 605 3366 15
677 3310 972 3366 Exsultabo
1001 3311 1057 3362 in
1081 3309 1308 3363 salutari
1341 3318 1431 3361 tuo
1456 3326 1475 3363 :

679 3401 873 3470 Iuliae
900 3411 1019 3456 sunt
1046 3409 1219 3472 gentes
1249 3401 1304 3454 in
1334 3400 1546 3453 interitu
1573 3416 1726 3470 quem
1747 3399 2003 3469 fecerunt.

603 3496 647 3552 C
678 3497 870 3553 Merito
896 3512 1025 3568 ergo
1055 3513 1116 3552 se
1143 3497 1276 3552 dicit
1303 3497 1572 3566 Propheta
1603 3498 1656 3551 in
1704 3499 1822 3568 ipso
1853 3499 2112 3570 gaudere,

535 3589 590 3645 id
617 3599 703 3646 est
732 3591 785 3644 in
811 3589 1050 3656 Christo,
1078 3589 1167 3643 ubi
1199 3589 1382 3660 gaudii
1422 3588 1602 3644 nullus
1629 3599 1714 3644 est
1745 3591 1885 3644 linis.
1915 3590 2114 3646 Inﬁan

533 3683 683 3737 enim
715 3690 903 3754 gentes
946 3682 1101 3747 dicit,
1141 3696 1261 3751 qua:
1303 3682 1498 3736 timore
1529 3683 1741 3737 Domini
1773 3698 1881 3737 non
1919 3691 2112 3738 tenen-

536 3785 647 3843 tur,
680 3776 733 3830 id
763 3784 847 3830 est
871 3774 1028 3844 quasi
1052 3774 1376 3844 quibusdam
1403 3775 1575 3830 clavis
1603 3785 1953 3845 peccatorum
1981 3776 2115 3847 liga-

535 3878 640 3932 tas,
668 3875 728 3921 ut
763 3881 869 3920 non
899 3866 1111 3920 valeant
1147 3880 1206 3920 se
1237 3875 1516 3932 excutere,
1542 3867 1686 3936 quod
1715 3883 1820 3922 non
1868 3867 2115 3937 improbe

531 3957 608 4011 ad
645 3954 859 4011 Judzeos
887 3956 1161 4026 pertinere
1193 3957 1444 4022 dicimus;
1476 3967 1536 4011 ut
1577 3959 1650 4012 ita
1679 3959 1788 4012 sint
1816 3958 1972 4013 malis
2003 3959 2116 4014 suis

535 4052 681 4108 aﬁixi
705 4051 873 4108 Judaei
902 4051 1124 4122 perﬁdi,
1162 4051 1302 4106 sicut
1333 4053 1384 4105 in
1428 4067 1590 4106 cruce
1632 4051 1800 4107 clavis
1829 4051 2115 4106 Dominum

539 4144 764 4215 inﬁgere
789 4144 1356 4212 decreveruntzptrna
1381 4143 1546 4197 etiam
1572 4143 1767 4212 cuique
1796 4157 1892 4198 sua
1918 4141 2116 4198 estini-

540 4235 739 4304 quitus.

543 4327 610 4381 16
683 4325 751 4380 In
781 4326 962 4398 laqueo
991 4327 1089 4381 isto
1115 4343 1268 4398 quem
1296 4327 1678 4382 absconderunt
1704 4341 1724 4379 :

684 4416 1093 4489 Comprehensus
1127 4430 1201 4472 est
1230 4435 1318 4487 pes
1347 4435 1547 4472 eorum.

2207 835 2274 890 18
2347 835 2732 891 Convertantur
2753 847 3051 905 peccatores
3077 839 3132 892 in
3158 838 3428 908 infernum

2351 927 2545 983 Omnes
2576 939 2751 999 gentes
2777 945 2896 1000 qua:
2922 929 3299 984 obliviscuntur
3328 931 3494 984 Deum

2277 1016 2320 1072 C
2346 1017 2751 1074 Convertantnr
2775 1031 3111 1089 peccatores,
3139 1022 3290 1086 dicit,
3324 1022 3377 1075 id
3405 1030 3489 1076 est
3532 1021 3603 1076 ab
3627 1019 3795 1089 hujus

2209 1107 2397 1161 mundi
2436 1108 2800 1163 delectatione
2839 1109 3122 1174 tollantur,
3159 1125 3229 1166 ne
3259 1111 3463 1165 diutius
3491 1110 3706 1180 possint
3737 1111 3795 1165 in

2209 1215 2305 1254 sua
2327 1199 2604 1270 voluptate
2623 1202 2879 1271 gaudere.
2910 1201 3161 1257 lnl'ernus
3187 1213 3367 1258 autem
3405 1203 3583 1258 dictus
3610 1212 3696 1257 est
3726 1203 3798 1257 ab

2209 1304 2276 1344 eo
2306 1306 2426 1360 quae
2451 1291 2561 1346 illic
2588 1294 2782 1348 animae
2799 1293 3002 1363 jugiter
3030 1307 3357 1356 mteranmr,
3382 1309 3449 1347 an
3481 1307 3644 1362 quem
3674 1291 3800 1348 sine

2211 1383 2377 1438 dubio
2419 1385 2730 1454 perventuri
2771 1395 2916 1450 sunt,
2957 1387 3049 1456 qui
3086 1386 3298 1440 Domini
3343 1393 3616 1456 praecepta
3664 1400 3800 1439 con-

2211 1482 2481 1529 temnunt.
2518 1473 2776 1530 Oblivisci
2823 1477 3107 1530 Dominum
3138 1486 3222 1531 est
3263 1476 3461 1531 involvi
3509 1475 3798 1530 erroribus

2212 1566 2656 1636 superstitionum
2686 1576 2739 1621 et
2765 1580 2924 1622 curuo
2948 1567 3266 1637 voluptatis,
3299 1583 3425 1622 nam
3450 1583 3482 1622 e
3515 1567 3800 1622 contrario

2214 1658 2358 1714 illius
2383 1675 2655 1714 memores
2688 1669 2815 1715 sunt
2841 1660 2933 1730 qui
2965 1660 3089 1714 talia
3122 1676 3228 1715 non
3263 1661 3568 1731 requirunt.

2214 1749 2282 1804 l9
2357 1748 2619 1816 Quoniam
2645 1767 2749 1804 non
2773 1751 2826 1804 in
2855 1750 3015 1818 ﬁnem
3036 1751 3225 1805 oblivio
3251 1752 3352 1806 erit
3378 1752 3626 1822 pauperis
3650 1769 3672 1805 :

2361 1837 2627 1893 Patientia
2652 1855 2941 1908 pauperum
2970 1857 3073 1895 non
3098 1841 3285 1911 peribit
3315 1842 3370 1896 in
3392 1843 3572 1911 finem.

2283 1929 2324 1984 C
2353 1929 2470 1986 Non
2499 1932 2642 1986 enim
2670 1932 2873 1986 oblivio
2899 1933 3004 1986 erit
3035 1934 3310 2002 pauperis,
3339 1934 3557 2003 quando
3584 1935 3805 1989 venerit

2213 2019 2474 2075 Dominus
2498 2021 2551 2075 in
2578 2021 2685 2076 ﬁne
2700 2021 2881 2076 saeculi
2889 2022 3136 2092 judicare
3157 2023 3440 2086 mundum,
3464 2023 3600 2079 dicit
3630 2024 3799 2078 etiam

2213 2127 2322 2167 non
2352 2113 2533 2183 perire
2574 2113 2890 2182 patientiam
2916 2129 3038 2184 qua:
3072 2115 3258 2172 ﬁdeles
3294 2124 3546 2171 coronat.
3579 2113 3723 2170 Nam
3755 2115 3803 2169 si

2213 2201 2367 2257 deest
2395 2202 2598 2257 homini
2623 2203 2910 2272 patientia,
2936 2205 3115 2260 anima
3143 2205 3260 2276 ejus
3285 2221 3394 2262 non
3419 2215 3505 2262 est
3528 2205 3800 2278 perfecta.

2211 2292 2271 2349 ln
2302 2292 2487 2348 ﬁnem.
2537 2291 2583 2347 Η
2624 2295 2761 2361 Quia
2801 2295 2849 2350 si
2895 2295 3144 2352 diﬂ‘ertur
3189 2297 3453 2354 auxilium
3493 2312 3528 2353 a
3566 2299 3803 2361 sanctis.

2215 2393 2396 2441 tamen
2425 2400 2534 2441 non
2562 2384 2806 2442 aufertur
2827 2387 2932 2443 nisi
2961 2389 3114 2444 venit

2211 2479 2284 2535 20
2359 2478 2620 2551 Exsurge,
2646 2478 2886 2549 Domine,
2911 2497 3012 2536 non
3040 2482 3364 2552 confortetur
3385 2483 3542 2538 homo
3562 2497 3586 2536 :

2353 2573 2668 2630 Judieentur
2686 2586 2861 2647 gentes
2892 2575 2946 2631 in
2961 2586 3235 2647 conspectu
3255 2587 3366 2631 tuo.

2284 2665 2327 2723 C
2378 2665 2670 2737 Prospexit
2712 2667 2980 2739 Propheta
3028 2671 3317 2726 adventum
3365 2667 3694 2725 Antichristi
3749 2676 3806 2724 et

2213 2758 2589 2828 proclamavit.
2642 2757 2909 2831 Exsurge,
2963 2759 3231 2829 Domine,
3283 2776 3391 2817 non
3437 2758 3819 2825 confortetur,-

2214 2852 2270 2907 id
2296 2863 2383 2908 est
2426 2867 2531 2908 non
2567 2852 2858 2923 praevaleat
2905 2853 3066 2909 homo
3109 2855 3379 2924 pessimus
3403 2853 3615 2908 scilicet
3641 2852 3806 2906 Anti-

2213 2947 2418 3005 christi.
2432 2962 2471 3014 ι,
2494 2949 2649 3019 cujus
2672 2948 2969 3018 nequitiam
2991 2964 3098 3004 non
3118 2949 3260 3005 valet
3280 2950 3546 3006 sustinere
3567 2949 3807 3004 humana

2213 3043 2472 3100 conditio.
2506 3042 2708 3099 Gentes
2752 3042 2915 3097 etiam
2950 3042 3085 3111 petit
3126 3042 3356 3112 judicari
3385 3041 3675 3096 celerrimo
3709 3041 3810 3094 ad-

2213 3146 2400 3204 ventu,
2443 3152 2564 3207 qua:
2603 3150 2726 3192 cum
2774 3137 2890 3207 ipso
2937 3135 3270 3192 Antichristo
3337 3135 3544 3190 scelera
3607 3147 3810 3204 magna

2137 3195 2183 3260 δ
2216 3228 2440 3286 facturae
2460 3195 2622 3285 .sunt.

2215 3322 2280 3378 2|
2354 3323 2647 3391 Constitue,
2673 3323 2915 3391 Domine,
2939 3323 3284 3396 legislatorem
3319 3341 3478 3394 super
3494 3340 3581 3378 eos
3604 3338 3623 3376 :

2363 3417 2434 3474 t1:
2447 3418 2617 3473 sciant
2645 3428 2818 3490 gentes
2841 3435 2997 3489 quam
3026 3419 3258 3473 homines
3281 3429 3422 3474 sunt.
3452 3417 3762 3488 Diapsalma
3786 3435 3808 3472 .'

2285 3507 2328 3563 C
2368 3508 2772 3579 Legislatorem,
2819 3507 2907 3562 hic
2952 3507 3346 3563 Antichristnm
3395 3508 3545 3571 dicit,
3585 3517 3645 3561 ut
3681 3508 3812 3564 talis

2216 3598 2466 3670 princeps
2507 3599 2667 3653 detur
2707 3598 3099 3668 peccatoribus,
3129 3614 3235 3653 non
3281 3599 3371 3668 qui
3403 3613 3496 3652 eos
3527 3608 3680 3668 regat
3711 3599 3810 3654 sed

2217 3705 2339 3746 cum
2385 3691 2516 3760 ipsis
2544 3690 2702 3746 simul
2754 3691 3025 3760 depereat.
3057 3689 3102 3744 ll
3134 3689 3341 3754 Sciant,
3371 3705 3495 3744 cum
3533 3689 3811 3744 damnatae

2217 3782 2418 3837 fuerint
2439 3793 2647 3854 gentes,
2677 3791 2803 3846 etc.,
2829 3783 3082 3852 quoniam
3105 3797 3252 3852 spem
3276 3798 3427 3836 suam
3449 3782 3501 3836 in
3527 3782 3809 3836 hominem

2216 3883 2512 3945 posuerunt
2543 3885 2597 3927 et
2635 3890 2740 3929 non
2772 3873 2825 3927 in
2871 3874 3060 3929 Deum.
3093 3872 3133 3929 C
3171 3873 3372 3928 Tamen
3405 3872 3684 3942 legislator
3710 3887 3812 3926 ve-

2221 3967 2466 4021 rissimus
2497 3967 2642 4020 solus
2667 3967 2807 4021 Deus
2825 4009 2840 4031 ,
2868 3965 3236 4022 Antichristus
3261 3981 3389 4020 vero
3414 3964 3557 4019 male
3581 3974 3638 4019 et
3670 3964 3811 4019 false

2217 4056 2494 4128 lcgislator
2515 4057 2639 4112 erit.

2217 4147 2288 4202 22
2363 4146 2433 4201 Ut
2469 4148 2617 4219 quid,
2660 4145 2902 4211 Domine,
2947 4146 3202 4201 recessisti
3249 4144 3446 4216 longe?

2359 4242 2593 4312 Despicis
2619 4243 2671 4296 in
2691 4241 3182 4310 opportunitatibus,
3223 4241 3277 4293 in
3312 4240 3655 4294 tribulatione
3680 4241 3707 4293 1'

2288 4332 2329 4389 C
2368 4333 2484 4388 Non
2528 4333 2692 4389 cessit
2725 4332 2881 4403 longe
2928 4332 3196 4395 Christus,
3243 4332 3366 4400 quia
3414 4329 3614 4400 ubique
3663 4340 3814 4388 totus

2217 4436 2321 4493 est,
2349 4429 2442 4482 sed
2467 4427 2622 4496 quasi
2652 4427 2939 4480 recessisse
2967 4425 3205 4478 creditur
3230 4438 3352 4477 cum
3381 4423 3672 4478 subvenire
3700 4434 3815 4478 tar-

605 4509 652 4565 C
687 4510 966 4581 Laqueum
997 4527 1128 4566 vero
1170 4512 1583 4567 occultaverunt
1622 4524 1885 4584 Quantum
1925 4521 2117 4585 polue-
2144 4556 2195 4616 ι)
2219 4520 2444 4575 daverit.
2475 4517 2684 4586 Despici
2729 4517 2872 4570 enim
2905 4530 3004 4569 nos
3038 4514 3308 4569 credimus
3357 4513 3401 4568 si
3449 4512 3534 4566 vel
3580 4514 3813 4569 minimo

536 4613 693 4669 runt,
718 4613 773 4658 et
804 4613 983 4658 tamen
1011 4603 1286 4659 Christum
1323 4604 1399 4659 nil
1426 4606 1604 4661 celare
1627 4608 1930 4662 valuerunt.
1956 4607 2117 4663 Com-

536 4694 839 4762 prehensos
892 4692 1012 4748 illos
1055 4693 1289 4749 dicimus
1328 4710 1464 4764 quos
1513 4696 1693 4766 captio
1745 4699 1944 4753 nodosa
1988 4713 2118 4752 con-

540 4785 776 4856 stringit,
807 4786 885 4841 sic
913 4783 1015 4841 fuit
1040 4801 1133 4856 pes
1159 4801 1372 4852 eorum,
1406 4788 1458 4842 iu
1482 4798 1566 4842 cst
1591 4804 1811 4858 gressus
1839 4791 2028 4854 animi,
2064 4799 2120 4844 et

535 4880 871 4936 desiderium
919 4896 1181 4952 pravum,
1228 4883 1372 4952 quod
1418 4899 1513 4937 eos
1559 4883 1840 4938 aitihulare
1883 4883 2010 4938 fecit
2048 4883 2118 4937 ad

533 4974 695 5027 vvitia.
725 4975 770 5026 Α
801 4973 1048 5044 Laqueus
1085 4974 1284 5046 quippe
1311 4975 1555 5029 occultus
1595 4974 1778 5030 dolosa
1826 4975 2116 5045 cogitatio;

532 5079 637 5135 pes
661 5066 855 5121 animm
877 5081 1056 5132 amor,
1087 5068 1200 5137 qui,
1234 5067 1278 5122 si
1321 5083 1521 5137 pravus
1546 5079 1653 5132 est,
1684 5068 1881 5122 dicitur
1910 5066 2124 5137 cupidi~

2223 4620 2465 4678 tempore
2493 4609 2561 4662 ab
2590 4606 2789 4661 auxilio
2821 4605 2914 4659 Dei
2956 4603 3293 4668 diﬁ'eramur,
3339 4603 3443 4658 hoc
3488 4603 3625 4658 dixit
3667 4603 3812 4658 Pro-

2219 4702 2382 4772 pheta
2412 4715 2509 4769 pro
2535 4699 2808 4752 anxietate
2835 4695 3184 4766 gementium.
3215 4692 3321 4748 Sed
3348 4693 3440 4747 ille
3470 4704 3599 4748 tunc
3633 4694 3812 4762 magis

2219 4802 2460 4864 praestat,
2505 4806 2627 4846 cum
2673 4803 2880 4860 magna:
2925 4787 3196 4857 patientia:
3234 4785 3392 4840 nobis
3421 4785 3614 4840 solatia
3646 4785 3811 4839 mini-

2221 4896 2378 4942 Sll'al.

2220 4979 2292 5033 25
2366 4978 2501 5030 Dum
2526 4975 2751 5046 superbit
2777 4975 2988 5043 impius.
3013 4972 3324 5027 Intenditur
3358 4987 3559 5041 pauper
3584 4991 3626 5034 τ,
3658 5004 3660 5007 τ

2366 5067 2886 5138 Comprehenduntur
2905 5067 2959 5119 in
2980 5064 3212 5119 consiliis
3230 5063 3418 5133 quibus
3443 5064 3696 5134 cogitant.
3729 5049 3734 5054 ’
