4000 5370
175 356 228 412 75
1251 348 1280 354 ”
1330 347 1694 408 EXPOSITIO
1730 343 2178 406 PSALMORUM.
3351 351 3419 408 74

174 475 264 520 etc.
285 463 347 519 Et
370 465 486 520 haec
530 472 612 519 est
663 462 855 534 magna
904 460 984 516 ira
1017 461 1108 517 Dei
1135 461 1190 516 in
1237 461 1484 532 impium,
1511 468 1571 514 ut
1600 459 1742 516 desit
1769 465 1817 522 Α
1844 458 1913 514 30
1986 454 2138 514 Sedet
2177 461 2231 514 in
2268 457 2474 516 insidiis
2499 477 2616 516 cum
2646 461 2891 518 divitibus
2919 463 2973 518 in
3002 461 3261 517 occultis:

173 555 413 610 correctio
453 565 510 610 et
539 555 673 611 assit
707 554 978 620 adulatio,
1009 553 1345 610 adulantium
1374 555 1519 609 enim
1545 553 1741 624 linguae

173 648 368 717 alligant
392 647 606 702 animas
633 647 690 700 in
723 645 980 716 peccatis.

172 736 230 792 24
295 737 554 803 Quoniam
588 735 1100 806 laudaturpeccator
1134 735 1190 788 in
1229 734 1502 789 desideriis
1550 736 1741 790 anima

356 846 470 883 ηιξ
516 846 536 882 .'

290 933 332 975 et
372 921 589 991 iniquus
630 919 955 974 Muedicitur

169 1017 229 1072 9.5
289 1014 639 1070 Exercerbabit
683 1014 962 1067 Dontinum
985 1023 1226 1082 peccator
1257 1023 1277 1064 :

291 1107 587 1164 Secundum
623 1099 1011 1161 niultitudinem
1034 1107 1128 1159 ὅταν
1157 1122 1268 1160 sure
1291 1123 1394 1160 non
1415 1115 1630 1176 qureret.

228 1198 264 1252 (ἶ
297 1199 462 1252 Malus
509 1199 684 1261 enim,
715 1198 841 1252 dum
889 1197 955 1251 ab
983 1196 1090 1250 alio
1139 1206 1423 1266 peccatore
1466 1197 1738 1260 laudatur,

173 1291 419 1344 extollitur
445 1291 498 1344 in
532 1289 807 1344 desiderio
835 1288 1025 1352 laudis,
1057 1303 1157 1342 nec
1180 1287 1248 1342 de
1275 1287 1614 1343 correctione
1645 1302 1741 1340 co-

176 1382 301 1450 gitat,
345 1380 434 1434 cui
488 1379 745 1434 laudator
796 1377 1079 1432 blandiens
1133 1377 1426 1431 invenitur.
1486 1377 1744 1446 Sequitur

175 1477 517 1541 argumentum
552 1467 674 1537 ejus
694 1469 1018 1539 iniquitatis,
1048 1478 1106 1522 ut
1136 1468 1226 1524 ille
1266 1469 1621 1524 benedicatur
1649 1469 1739 1538 qui

176 1561 290 1614 male
315 1560 491 1630 potius
521 1574 688 1630 agere
715 1559 1083 1630 cognoscitur,
1117 1559 1378 1629 deceptus
1408 1558 1741 1613 adulantium

177 1653 394 1707 falsitate.
417 1653 459 1707 (ἒ
482 1652 846 1707 Exaeerbabit
869 1652 1154 1705 Dominum
1175 1658 1451 1719 peccator,
1493 1650 1543 1703 id
1571 1659 1654 1705 est
1675 1649 1743 1704 ad

176 1745 479 1799 iracundiam
508 1743 811 1798 concitabit
831 1758 930 1798 sua
974 1741 1234 1797 indicibili
1281 1740 1555 1811 superbia,
1596 1739 1745 1808 quod

1986 550 2056 605 Ut
2078 551 2358 620 interﬁciat
2380 554 2722 610 innocentem.

1915 644 1955 700 C
1982 644 2116 700 Cum
2167 645 2318 710 dicit,
2369 649 2520 703 sedet
2543 649 2595 703 in
2633 649 2868 715 insidiis,
2911 659 3066 707 actus
3096 652 3424 710 Antichristi

1843 736 2182 806 comparavit
2230 737 2609 793 consuetudini
2661 739 2951 802 latronum,
2990 741 3083 812 qui
3131 757 3191 798 se
3237 726 3426 800 occul-

1842 834 1961 879 tant
1986 836 2045 879 ut
2092 825 2420 881 interﬁciant
2461 827 2796 883 innocentes.
2848 830 3051 885 Divites
3079 831 3168 886 hic
3195 832 3248 886 in
3279 834 3425 889 malo

1843 916 2208 986 accipiuntur,
2236 917 2378 972 sicut
2403 932 2670 989 pauperes
2701 921 2753 974 in
2787 921 2946 976 bono.
2977 923 3022 976 Α
3049 923 3252 980 Divites
3274 926 3425 980 enim

1841 1008 2022 1061 smonli
2049 1008 2202 1069 dicit,
2231 1021 2371 1078 quos
2396 1010 2592 1065 ditahit
2615 1020 2672 1064 ut
2694 1027 2881 1067 eorum
2913 1015 3081 1084 gloria
3111 1017 3248 1072 alios
3277 1019 3422 1074 deci-

1844 1095 1971 1164 piat.
2005 1094 2046 1150 C
2080 1095 2388 1153 lnterlicere
2437 1099 2779 1155 innocentem
2817 1113 2898 1158 est
2949 1106 3014 1160 de
3062 1107 3312 1179 religioso
3339 1107 3424 1162 fa-

1841 1197 1968 1238 cere
2016 1186 2364 1256 sacrilegum,
2409 1189 2632 1260 ejusque
2678 1192 2914 1248 animum
2961 1210 3219 1266 perpetua
3249 1209 3428 1259 morte

1841 1273 2125 1331 damnare.

1843 1367 1904 1420 3i
1985 1367 2140 1422 Oculi
2162 1368 2275 1439 ejus
2303 1371 2357 1424 in
2393 1389 2672 1443 pauperem
2701 1377 2980 1446 respiciunt
3012 1397 3033 1434 :

1985 1458 2284 1515 lnsidiatur
2312 1463 2368 1518 in
2419 1465 2724 1522 abscondito
2761 1472 2914 1540 quasi
2955 1472 3034 1527 lea
3080 1475 3134 1528 in
3179 1477 3432 1546 spelunca

2124 1569 2243 1608 sua.

1915 1641 1958 1698 C
1983 1642 2118 1698 Cum
2155 1645 2287 1700 dicit
2331 1647 2518 1704 oculos
2551 1649 2668 1718 ejus
2724 1653 2777 1706 in
2832 1668 3126 1726 pauperem
3152 1699 3170 1723 ,
3223 1659 3436 1716 scilicet

1845 1733 2040 1802 spiritu
2092 1737 2381 1805 respicere,
2429 1740 2708 1795 sciendum
2765 1745 2910 1813 quod
2959 1761 3065 1801 non
3123 1749 3344 1818 respicit
3373 1762 3440 1808 ut

180 1835 366 1907 proprie
416 1836 484 1890 de
535 1835 876 1890 Antichristo
926 1834 1086 1889 datur
1109 1833 1376 1904 intelligi,
1424 1833 1514 1902 qui
1569 1832 1746 1886 irritat
1777 1821 2102 1894 Βρνοῐὶρίίιι
2140 1828 2216 1882 illi
2268 1834 2514 1900 pauperi,
2555 1834 2648 1889 sed
2699 1835 2819 1891 ideo
2847 1838 3076 1894 int-endit
3106 1851 3167 1894 ut
3199 1843 3434 1900 occidat,

179 1928 464 1989 Dominum,
518 1925 742 1996 quando
817 1939 876 1979 se
945 1939 1043 1980 sua
1111 1923 1322 1977 fallacia
1382 1935 1490 1976 non
1568 1922 1743 1977 solum

177 2027 417 2073 terrenum
450 2029 638 2088 regem
667 2015 762 2070 sed
789 2017 952 2070 etiam
989 2029 1172 2069 rerum
1208 2013 1449 2068 omnium
1482 2012 1745 2082 praedica-

181 2109 242 2163 bit
264 2109 439 2174 Deum,
465 2108 561 2164 sed
592 2108 697 2162 hoc
731 2107 781 2162 ei
810 2106 914 2161 erit
943 2107 1010 2160 ad
1045 2105 1286 2169 ruinam,
1313 2104 1458 2168 ideo,
1489 2111 1549 2156 ut
1571 2101 1745 2157 falsus

182 2200 313 2265 Deus,
339 2201 576 2257 llarnmis
617 2201 794 2271 dignis
828 2198 1103 2270 punietur.
1148 2195 1263 2251 Non
1293 2197 1537 2266 requiret
1574 2195 1744 2252 Deur-

181 2296 536 2361 Antichristus,
587 2304 646 2349 ut
695 2310 792 2350 sua
838 2301 1060 2364 peccata
1105 2292 1345 2346 crudelia
1376 2290 1744 2355 dimittantur,

179 2388 284 2458 quia
304 2389 352 2442 in
372 2395 677 2457 conspectu
707 2399 809 2440 suo
831 2399 942 2440 non
973 2383 1134 2438 babet
1159 2383 1330 2439 Deum
1355 2398 1370 2447 ;
1400 2381 1520 2436 ideo
1561 2379 1751 2434 subdi-

172 2489 269 2541 tur,
292 2492 390 2532 non
417 2487 527 2543 est,
563 2488 672 2532 etc.

182 2567 238 2622 36
300 2566 418 2622 Non
451 2579 528 2623 est
557 2567 698 2621 Deus
721 2568 777 2620 in
801 2575 1081 2638 conspectu
1104 2565 1220 2635 ejus
1244 2581 1261 2619 :

295 2659 599 2730 lnquinata:
620 2668 741 2712 sunt
760 2657 855 2712 via:
876 2657 1019 2711 illius
1053 2658 1108 2710 in
1138 2656 1277 2710 omni
1303 2665 1551 2725 tempore.

235 2749 271 2805 C
298 2749 532 2820 Oquam
569 2747 839 2819 profunda
883 2747 1124 2811 caecitas,
1173 2746 1343 2802 Deum
1385 2756 1514 2800 ante
1562 2748 1751 2803 oculos

181 2859 268 2898 non
293 2844 504 2898 habere.
529 2841 613 2896 De
634 2839 974 2896 Antichristo
1003 2839 1158 2905 dicit,
1179 2853 1369 2892 omnes
1391 2837 1612 2893 semitas
1634 2841 1752 2909 ejus

179 2947 277 2988 esse
302 2933 549 3003 pollutas,
585 2931 637 2986 id
677 2939 761 2986 est
810 2929 1166 3000 cogitationes
1208 2937 1262 2983 et
1309 2926 1448 2981 facta
1495 2928 1749 2993 sordida;

184 3039 373 3080 necesse
400 3026 550 3080 enim
579 3033 663 3078 est
709 3030 768 3075 ut
811 3022 919 3076 sint
947 3019 1313 3076 contaminata
1341 3034 1462 3088 quae
1504 3018 1751 3098 pestiferi

185 3117 349 3173 ducatu
379 3117 584 3174 diaboli
613 3115 962 3172 sordidantur

183 3206 237 3260 27
296 3211 626 3279 Aufer-untur
646 3207 854 3276 judicia
877 3215 979 3259 tua
1015 3221 1048 3258 a
1085 3205 1222 3274 facie
1255 3203 1368 3273 ejus
1409 3220 1427 3259 :

301 3300 552 3354 Omnium
580 3299 912 3352 inimicorum
942 3311 1163 3350 suorum
1201 3286 1578 3348 dominabitur.

238 3390 274 3447 C
304 3392 640 3445 Auleruntur
667 3388 874 3458 judicia
921 3388 1014 3442 Dei
1047 3404 1079 3443 a
1125 3387 1288 3442 corde
1333 3387 1502 3455 impii,
1533 3386 1750 3455 quando

185 3481 306 3535 videt
333 3484 537 3537 tardius
591 3481 776 3535 venire
820 3480 963 3550 quod
995 3478 1247 3534 celeriter
1293 3479 1556 3533 meruerit
1590 3479 1752 3534 susti-

184 3587 310 3628 nere.
338 3574 445 3630 lloc
489 3574 574 3629 illi
605 3586 822 3645 quoque
859 3580 1022 3642 auget
1052 3570 1350 3633 interitum,
1384 3570 1526 3640 quod
1555 3570 1754 3626 dicitur

188 3671 341 3720 tenere
369 3667 732 3735 principatum
763 3662 1110 3717 inimicorum
1139 3677 1387 3727 suorum,
1417 3677 1522 3732 qua
1553 3661 1752 3732 gloriae

189 3753 312 3810 tione
355 3759 420 3810 ad
467 3756 678 3812 scelera
725 3753 953 3824 pronior
1003 3752 1110 3809 erit
1157 3765 1172 3804 :
1223 3766 1347 3806 cum
1397 3751 1600 3806 nullum
1647 3749 1750 3806 sibi

187 3850 372 3906 obviam
403 3852 482 3909 ire
513 3850 854 3924 cognoverit.

187 3939 246 3997 28
307 3942 444 3997 Dixit
473 3942 616 3998 enim
643 3943 700 3996 in
728 3939 886 3996 corde
922 3955 1019 3994 suo
1043 3955 1062 3993 :
1672 4017 1675 4020 Ι

305 4036 423 4091 Νοη
457 4035 704 4092 πιστεῦον
731 4051 764 4088 a
789 4033 1124 4104 generatione
1154 4029 1207 4086 in
1235 4039 1619 4102 generationem
1642 4029 1754 4084 sine

371 4129 534 4184 malo.

247 4221 284 4278 C
319 4222 453 4278 Dicit
489 4221 888 4284 Antichristus,
911 4217 1029 4274 Non
1059 4215 1337 4278 movebar,
1365 4213 1420 4269 id
1439 4220 1525 4268 est
1553 4211 1752 4267 nullam

196 4322 378 4379 gentem
408 4315 666 4368 intactam
698 4312 968 4380 relinquo,
992 4308 1086 4365 sed
1135 4321 1355 4378 pergam
1385 4306 1454 4361 de
1496 4313 1652 4367 gente
1700 4305 1752 4358 in

199 4414 378 4472 gentem
413 4405 790 4466 vindicandas.
838 4405 1010 4458 Actus
1038 4415 1170 4456 vero
1213 4413 1338 4455 suos
1375 4397 1610 4452 ostendit
1648 4411 1756 4452 uno

199 4495 369 4561 verbo,
408 4498 620 4567 quando
661 4511 724 4552 se
763 4495 898 4552 dicit
933 4495 1052 4550 sine
1091 4491 1233 4547 malo
1255 4490 1390 4545 nihil
1429 4505 1549 4546 esse
1577 4488 1754 4544 lactu-

202 4597 316 4639 rum.

203 4671 258 4726 29
316 4675 472 4749 Cujus
515 4679 881 4736 maledictione
927 4693 986 4734 os
1022 4677 1234 4746 plenum
1277 4685 1351 4730 est
1398 4684 1447 4730 et
1494 4673 1756 4729 amaritu-

379 4769 499 4825 dine
533 4779 580 4824 et
607 4769 732 4824 dolo
765 4783 784 4822 :

321 4861 423 4918 Sub
453 4864 633 4932 lingua
654 4862 768 4932 ejus
798 4860 943 4917 labor
970 4869 1017 4918 et
1041 4858 1214 4914 dolor.

265 4952 299 5007 C
329 4952 564 5024 Nequitia
606 4954 725 5021 ejus
755 4953 948 5024 duplici
997 4949 1360 5022 perversitate
1403 4946 1750 5008 describitur.

207 5031 257 5096 In
280 5060 361 5099 ore
379 5047 570 5116 quippe
615 5043 831 5102 habebit
858 5045 1231 5116 hlasphemam
1277 5043 1750 5104 tnaledictiouem,

212 5148 314 5188 cum
343 5153 395 5192 se
415 5137 579 5192 lilium
604 5136 704 5192 Dei
735 5139 1006 5193 ιιιεςιιέιιεπ-
1053 5132 1506 5206 Amaritndinem,
1532 5131 1754 5203 quando

1771 3186 1824 3248 C

1845 1912 1893 1968 ll
1923 1914 2160 1972 Leonem
2204 1919 2599 1977 Autichristum
2648 1927 2915 1992 nominat,
2947 1929 3436 2003 diabolus-quoquo

1845 2015 1901 2060 et
1934 2006 2017 2061 leo
2037 2016 2092 2062 et
2120 2010 2285 2066 draco
2306 2011 2528 2066 dicitur.
2553 2014 2663 2070 Leo
2687 2019 2904 2086 quando
2926 2030 3114 2089 aperte
3147 2027 3437 2096 persequi-

1849 2108 1956 2165 tur,
1989 2102 2156 2158 draco
2206 2106 2423 2174 quando
2460 2109 2674 2166 occulte
2721 2121 2901 2167 nocet.
2943 2112 2986 2168 Ο
3019 2114 3177 2181 Quod
3226 2119 3325 2183 ait,
3375 2133 3439 2176 ut

1849 2191 1953 2258 leo,
1985 2195 2053 2248 ad
2083 2195 2188 2248 vim
2227 2197 2492 2265 pertinet;
2537 2201 2630 2256 sed
2661 2203 2803 2270 quod
2835 2205 3005 2269 addit,
3039 2207 3092 2260 in
3121 2209 3284 2264 cubili
3310 2228 3435 2277 suo,

1849 2281 1917 2335 ad
1939 2281 2092 2337 dolos
2121 2285 2357 2354 pertinet
2385 2302 2534 2352 suos,
2578 2291 2776 2360 quibus
2797 2292 3136 2352 laccraturus
3163 2307 3252 2355 est
3271 2298 3438 2356 Chri-

1848 2370 2075 2426 stianos.

1849 2460 1920 2516 32
1992 2463 2288 2522 Insidiatur
2317 2478 2373 2522 nt
2401 2473 2569 2540 rapiat
2597 2490 2877 2544 pauperem
2909 2493 2927 2530 :

1983 2555 2188 2626 Rapere
2221 2578 2500 2630 pauperem
2527 2565 2654 2619 dum
2675 2569 2893 2622 attrahit
2933 2587 3073 2624 eum.

1922 2649 1964 2704 C
1995 2649 2215 2705 Iteratio
2253 2653 2572 2708 insidiarum
2617 2657 2841 2712 nimiam
2871 2659 3225 2718 calliditatem
3266 2665 3440 2724 hostis

1851 2736 2108 2794 ostendit.
2140 2738 2354 2811 Rapere
2381 2757 2676 2814 pauperem
2708 2747 2946 2803 subitum
2969 2751 3273 2819 periculum
3310 2758 3438 2811 ani-

1856 2845 1958 2884 nuc
1994 2830 2286 2902 signiﬁcat.
2324 2834 2458 2889 Dum
2481 2837 2719 2892 attrahit
2743 2853 2889 2905 eum,
2918 2841 2970 2895 id
2997 2851 3102 2907 est,
3131 2843 3259 2899 dum
3288 2845 3442 2902 illum

1854 2920 2120 2976 molitura
2148 2926 2377 2978 veritate
2421 2925 2702 2994 reducere,
2733 2939 2788 2985 et
2815 2930 2883 2984 ad
2911 2933 3317 2990 venerationem
3354 2939 3442 2994 sui

1853 3011 2091 3066 nominis
2125 3012 2346 3067 molitur
2369 3015 2660 3072 adducere.

1854 3097 1925 3153 35
1996 3099 2064 3154 In
2092 3101 2278 3172 laqueo
2319 3120 2414 3158 suo
2436 3105 2731 3160 humiliabit
2781 3124 2941 3164 eum:

1995 3191 2277 3247 Inclinabit
2304 3211 2358 3250 se
2393 3208 2438 3250 et
2463 3197 2610 3251 cadet
2650 3215 2768 3253 cum
2797 3200 3098 3258 dominatus
3121 3204 3280 3274 fuerit
3307 3225 3445 3283 pau—

2071 3303 2273 3356 perum.

1923 3374 1966 3430 C
2016 3375 2266 3448 Laqueus
2324 3380 2596 3452 significat
2621 3384 2822 3452 dolum,
2869 3405 2978 3460 quo
3006 3393 3170 3449 corda
3226 3395 3440 3467 simpli-

1854 3469 1996 3523 cium
2020 3472 2329 3541 capiuntur.
2360 3472 2678 3531 llumiliabit
2706 3489 2914 3546 autem,
2969 3485 3188 3554 quando
3218 3488 3284 3542 de
3311 3504 3440 3544 vera

1857 3561 2118 3632 religione
2144 3565 2346 3619 cadunt
2367 3580 2433 3620 ex
2457 3568 2710 3623 suasione
2739 3570 2959 3632 diaboli.
2984 3576 3076 3644 qui
3103 3577 3168 3632 ad
3193 3578 3443 3636 insanam

1855 3653 2156 3708 doctrinam
2183 3656 2571 3724 perducuntur.
2605 3658 2885 3716 lnclinabit
2912 3679 2972 3719 se
3006 3675 3285 3736 tyrannus,
3309 3686 3438 3726 cum

1855 3744 2097 3800 animum
2147 3760 2303 3802 suum
2333 3748 2606 3803 remiserit
2637 3749 2690 3804 in
2737 3750 2954 3822 aliquod
2984 3756 3154 3811 otium
3175 3762 3444 3816 cessando

1856 3856 1887 3896 a
1920 3849 2068 3898 tanta
2124 3843 2528 3912 persecutione,
2582 3845 2746 3900 nimia
2795 3849 3155 3917 acquisitione
3195 3855 3445 3922 perdito-

1856 3951 1977 3992 rum
2004 3935 2248 3992 satiatus.
2280 3935 2408 3992 Post
2445 3952 2632 4006 pinnas
2681 3937 3107 4013 alllictionesque
3143 3943 3442 4011 justorum,

1855 4027 2014 4083 cadet
2038 4028 2401 4098 nequissimus
2444 4045 2565 4084 cum
2600 4030 2712 4085 suis
2734 4033 3061 4100 sequacibus
3086 4034 3151 4088 de
3179 4051 3274 4088 sua
3299 4051 3442 4106 pra:-

1809 4188 1821 4195 Δ
1856 4120 2186 4188 sumptioue,
2220 4121 2437 4189 quando
2483 4121 2555 4176 illi
2604 4125 2980 4192 supervenerit
3011 4128 3325 4196 repentinus
3355 4129 3444 4185 in~

1859 4214 2080 4279 teritus;
2130 4214 2291 4268 linem
2331 4216 2476 4269 enim
2508 4217 2688 4271 smcnli
2718 4217 2902 4271 infelix
2957 4222 3152 4284 nescit,
3181 4223 3443 4293 quoniam

1857 4321 1980 4362 eum
2035 4306 2085 4360 in
2118 4321 2214 4360 sna
2265 4315 2535 4376 potestate
2580 4307 2840 4364 Dominus
2899 4312 3200 4366 constituit.
3238 4312 3283 4368 ll
3320 4313 3446 4378 Ideo

1858 4413 1980 4452 cum
2009 4413 2067 4452 se
2095 4401 2335 4470 sperabit
2383 4400 2562 4454 adhuc.
2590 4401 2747 4472 longe
2785 4402 3080 4468 victurum,
3129 4407 3445 4477 repentinus

1859 4489 1907 4542 ei
1935 4489 2285 4560 superveniet
2324 4490 2592 4546 interitus.

1857 4579 1928 4634 54
1999 4579 2148 4634 Dixit
2189 4581 2327 4635 enim
2362 4581 2415 4633 in
2457 4583 2612 4637 corde
2657 4598 2755 4637 suo
2801 4601 2820 4640 :
2871 4583 3081 4640 Oblitus
3126 4596 3203 4649 est
3255 4587 3393 4642 Deus
3427 4604 3447 4643 :

1998 4672 2196 4726 Avertit
2239 4673 2428 4742 faciem
2454 4691 2606 4729 suam
2636 4692 2698 4728 ne
2740 4675 2908 4732 videat
2937 4677 2991 4734 in
3017 4677 3198 4744 ﬁnem.

1927 4759 1970 4818 C
1994 4759 2165 4816 Nimis
2210 4761 2373 4817 stulta
2423 4765 2683 4835 cogitatio
2708 4805 2722 4828 ,
2752 4774 2949 4834 putans
2980 4765 3266 4826 Dominum
3316 4768 3449 4822 lide~

1855 4845 1936 4904 les
1965 4865 2092 4906 suos
2116 4849 2259 4906 nolle
2289 4841 2585 4920 respicere,
2625 4868 2724 4926 pro
2761 4856 2960 4923 quibus
2991 4855 3296 4926 passionem
3328 4871 3449 4911 sus-

1859 4943 2051 5008 tinuit,
2103 4959 2228 5022 cum
2269 4954 2492 5014 propter
2550 4948 2722 5018 ipsum
2773 4949 3072 5005 doceantur
3106 4948 3289 5003 omnia
3323 4959 3445 5015 poe-

1856 5034 1998 5088 nalia
2029 5042 2084 5088 et
2114 5037 2340 5091 adversa
2377 5037 2664 5094 suslinere.

1855 5122 1927 5180 35
2003 5143 2068 5184 -ε-
2109 5130 2192 5187 Ea:
2222 5131 2240 5199 ζ
2273 5145 2449 5198 surge,
2481 5129 2698 5186 Domine
2722 5129 2886 5195 Deus.
