4000 5370
503 425 571 481 το
1422 405 1477 462 s.
1516 386 1867 460 BRUNONIS
1904 389 2447 453 HERBlPOLENSlS
2480 389 2789 450 EPISCOPI
3710 382 3781 435 80

506 540 639 595 tium
671 549 801 592 vero
836 530 965 595 Deo,
996 534 1050 583 et
1093 520 1466 596 superborum.
1499 518 1541 572 Α
1590 513 2003 588 Hypocritarum
2032 515 2087 563 et
2113 508 2164 569 Α

506 622 999 701 philosophorum,
1044 614 1136 686 qui
1182 610 1399 683 ingenio
1426 615 1484 663 et
1505 605 1685 662 studio
1725 599 1983 660 scientias
2027 603 2085 653 et

507 696 868 791 eloquentiam
916 708 1212 779 acquisitas
1256 719 1325 759 ex
1376 699 1570 772 seipsis
1613 696 1816 752 habere
1861 698 2085 765 putant,

507 786 919 867 contemnentes
955 816 1063 856 non
1086 797 1348 853 habentes
1378 807 1493 859 eas,
1518 791 1640 847 ideo
1672 786 1891 842 subdit:

509 904 543 958 5
615 899 841 969 Propter
901 892 1169 949 miseriam
1230 888 1444 958 inopum
1512 891 1560 939 et
1631 879 1877 951 gemitum
1953 890 2093 948 pau-

681 1004 862 1059 perum
884 1000 903 1038 :

618 1082 778 1140 Nunc
803 1095 1103 1151 exsurgant,
1129 1074 1255 1131 dicit
1278 1070 1556 1128 Dominus.

582 1176 625 1233 C
675 1175 976 1241 Exsurgam
1003 1208 1018 1232 ,
1059 1164 1191 1222 dicit
1220 1161 1487 1233 Propheta
1518 1159 1572 1215 in
1600 1170 1889 1228 personam
1917 1152 2094 1209 Patris

512 1271 579 1327 de
601 1267 768 1331 Filio;
796 1275 1107 1334 exsurgam,
1136 1256 1189 1313 id
1209 1264 1316 1320 est,
1341 1251 1612 1324 apparebo
1631 1257 1687 1305 et
1706 1244 2095 1304 manifestabor

511 1363 568 1416 in
594 1358 751 1426 Filio,
782 1354 831 1411 Η
878 1362 940 1409 ut
984 1366 1081 1408 eos
1137 1348 1227 1421 qui
1267 1346 1323 1402 in
1367 1341 1586 1400 miseria
1621 1350 1747 1396 sunt
1788 1339 1843 1395 in
1892 1335 2097 1394 mundo

515 1448 771 1506 redimat.

515 1542 551 1595 6
659 1539 864 1596 Ponam
894 1536 948 1589 in
976 1532 1201 1589 salutari
1223 1544 1243 1582 :

662 1628 1011 1685 Fiducialiter
1037 1638 1099 1681 ot—
1126 1637 1277 1693 agam
1311 1620 1329 1691 ζ
1360 1620 1415 1673 in
1437 1629 1532 1673 eo:

589 1721 634 1778 ll
656 1721 861 1776 Ponam
886 1717 940 1771 in
964 1714 1191 1771 salutari
1208 1710 1331 1783 (vox
1357 1705 1577 1777 Patris).
1598 1703 1650 1758 id
1670 1710 1754 1758 est
1787 1700 2016 1758 salutent
2044 1707 2100 1752 et

523 1796 949 1870 consolationem
983 1813 1304 1875 pauperum,
1354 1796 1495 1851 forte
1539 1792 1779 1863 gentium
1816 1790 1870 1845 in
1917 1787 2097 1853 Filio;

2745 501 3066 562 PSALMUS
3090 502 3203 561 ΧΠ.

2638 613 3000 656 Ακῦυιιεκτυκ
3038 614 3187 655 PSH...
3221 612 3318 652 Ill.

2262 691 2303 749 C
2329 690 2643 763 Respiciens
2675 690 2945 762 Propheta
2973 692 3232 746 mundum
3277 686 3602 745 idololatria;
3627 702 3785 742 man-

2191 783 2452 853 cipatum,
2487 782 2863 839 credulitatem
2903 798 3056 839 suam
3083 784 3320 847 adventu
3364 788 3570 836 sanctae
3596 778 3784 833 lucar-

2192 876 2430 932 nationis
2446 875 2626 946 pascit
2650 874 2877 945 expleri,
2908 883 2970 930 ut
2995 874 3083 930 vel
3106 873 3186 929 sic
3225 870 3452 929 confusa
3500 870 3786 942 gentilitas

2194 981 2351 1022 suum
2372 975 2563 1036 posset
2590 981 2886 1038 agnoscere
2914 965 3248 1022 Creatorem.

2547 1055 2658 1112 TT.
2698 1055 2764 1112 In
2793 1058 2948 1126 ﬁnem
2972 1056 3205 1126 protritus
3233 1055 3428 1111 Dauid.

2260 1146 2310 1202 'C
2332 1144 2394 1201 ln
2446 1145 2607 1201 linem
2637 1163 2651 1199 :
2708 1146 2797 1201 hic
2835 1155 3047 1217 tempus
3085 1144 3354 1218 significat
3392 1142 3795 1202 incarnationis

2196 1235 2420 1294 Christi.
2453 1234 2495 1291 C
2542 1234 2710 1292 Totus
2735 1235 2821 1292 hic
2862 1236 3101 1305 psalmus
3127 1236 3194 1292 de
3242 1234 3511 1291 charitate
3545 1233 3796 1306 loquitur

2199 1326 2435 1393 Christi;
2489 1325 2680 1396 plenus
2716 1326 2989 1398 Propheta
3029 1326 3240 1384 Domini
3286 1326 3573 1392 cbaritate,
3618 1322 3795 1384 conﬁ~

2201 1419 2390 1475 denter
2414 1418 2544 1473 dicit
2581 1416 2783 1474 differri
2813 1433 2874 1474 se
2902 1418 3105 1473 diutius
3132 1418 3201 1473 ab
3241 1417 3648 1487 exspectatione
3688 1429 3791 1469 sua

2200 1522 2259 1568 et
2280 1512 2515 1567 adventu
2543 1510 2708 1576 illius,
2743 1525 2903 1581 quem
2930 1509 3055 1566 licet
3080 1509 3234 1565 firma
3266 1510 3371 1565 llde
3398 1506 3647 1566 crederet
3668 1520 3795 1562 esse

2202 1612 2489 1658 venturum
2517 1643 2533 1668 ,
2610 1610 2790 1658 tamen
2843 1602 2911 1658 de
2957 1600 3076 1671 ejus
3118 1600 3374 1671 tarditate
3418 1598 3789 1670 conqueritur.

2201 1694 2368 1766 Cujus
2400 1694 2578 1749 adhuc
2621 1700 2898 1764 speratum
2934 1693 3222 1747 adventum
3268 1689 3431 1744 citius
3474 1703 3581 1743 non
3611 1700 3789 1742 utere-

2204 1785 2367 1841 batur
2386 1798 2633 1849 eernere,
2660 1783 2916 1855 quoniam
2944 1781 3091 1837 omni
3119 1779 3449 1837 desideranti
3494 1776 3647 1834 valde
3671 1790 3795 1832 tuo-

519 1905 613 1977 qni
640 1912 722 1959 est
749 1861 936 1955 laetitia
984 1861 1177 1952 con-tre
1220 1861 1501 1962 gemitum.
1545 1861 1902 1941 iiducialiter
1944 1895 2099 1952 agam
2127 1861 2177 1924 Β
2203 1877 2337 1935 lesta
2368 1876 2555 1933 dilatio
2584 1884 2689 1932 est.

521 1973 576 2057 in
601 2013 684 2063 eo,
710 1994 752 2052 C
777 1994 829 2050 id
860 2000 945 2048 est
971 1991 1026 2046 in
1054 1986 1214 2051 Filio,
1241 1984 1365 2055 quia
1389 1988 1631 2053 potestas
1658 1977 1834 2033 Patris
1858 1992 1874 2043 ;
1907 1973 2105 2063 fiducia

520 2102 607 2148 est
628 2061 775 2151 Filii,
802 2084 958 2157 cujus
978 2076 1244 2136 voluntati
1279 2072 1461 2131 nullus
1501 2069 1648 2124 valet
1686 2065 1930 2131 obviare,
1974 2061 2105 2135 quia

521 2181 756 2254 eloquia,
786 2187 895 2233 etc.

522 2279 555 2331 ’1
629 2248 860 2344 liloquia
911 2263 1140 2329 Domini,
1173 2258 1379 2329 eloquia
1434 2265 1577 2310 casta
1609 2266 1630 2304 ς
1671 2259 1944 2308 amentum
1988 2248 2105 2317 igne

735 2360 1092 2417 examinatum
1113 2367 1134 2406 :

635 2452 926 2509 Probatum
955 2458 1108 2501 terra:
1131 2456 1152 2496 :
1173 2447 1453 2513 purgatum
1480 2429 1791 2505 septuplum.

691 2543 791 2600 llic
819 2539 1032 2610 eloquia
1059 2534 1271 2591 Domini
1295 2528 1581 2587 laudantur
1615 2524 1758 2597 (qua:
1786 2519 1932 2577 nullo
1959 2533 2113 2576 men-

532 2642 707 2704 dacio,
738 2635 885 2693 nulla
919 2630 1221 2688 adulterina
1265 2623 1504 2680 falsitate
1545 2613 1844 2685 fuseantur)
1872 2627 1996 2669 cum
2029 2610 2113 2666 di-

524 2735 632 2798 cit,
669 2727 883 2799 eloquia
927 2733 1101 2780 easta.
1150 2715 1413 2789 Superius
1456 2725 1588 2766 vero
1626 2720 1810 2763 sermo
1843 2706 2115 2761 humanus

527 2794 803 2896 arguitur,
857 2830 980 2870 cum
1022 2810 1192 2874 dicit,
1223 2820 1363 2861 vana
1411 2799 1580 2857 locuti
1622 2804 1772 2853 sunt.
1816 2794 2114 2864 Argentum

523 2886 735 2974 terrae.
782 2910 909 2980 igne
954 2902 1324 2962 examinatum
1370 2894 1520 2965 solet
1564 2905 1687 2948 esse
1719 2886 2068 2961 purissimum
2096 2916 2113 2949 ,

528 3006 749 3079 quando
776 2976 1043 3071 frequenti
1092 2992 1256 3051 fuerit
1293 2988 1609 3047 decoctione
1637 2982 1993 3044 mundatum;
2037 2976 2118 3079 sie

532 3067 751 3170 eloquia
783 3067 998 3150 Domini
1023 3102 1181 3158 pura,
1212 3082 1439 3155 pulchra
1462 3088 1519 3135 et
1538 3090 1684 3133 rara.
1712 3073 2005 3170 Purgatutu
2030 3067 2119 3125 vel

2206 1972 2232 2025 1
2310 1967 2614 2041 Usquequo,
2636 1968 2878 2033 Domine,
2927 1964 3243 2022 oblivisceris
3268 1979 3349 2018 me
3365 1958 3421 2017 in
3442 1961 3600 2032 tinent
3627 1958 3655 2014 1

2312 2060 2588 2133 Usquequo
2615 2058 2804 2115 avertis
2838 2057 3025 2128 faciem
3045 2067 3192 2110 tuam
3218 2072 3252 2109 ιι
3291 2069 3373 2108 me
3394 2053 3423 2107 2

2273 2153 2318 2210 C
2340 2153 2631 2224 Usquequo
2655 2166 2782 2207 cum
2797 2149 2947 2214 dicit,
2976 2146 3366 2217 apparitionem
3385 2142 3625 2215 postulat
3642 2140 3809 2199 Clario

2205 2249 2297 2315 sti,
2329 2262 2490 2319 quam
2517 2247 2569 2301 in
2600 2245 2794 2317 spiritu
2826 2243 3077 2309 videbat;
3108 2255 3421 2313 usqueqtto,
3450 2240 3505 2296 id
3531 2247 3639 2306 est,
3666 2253 3809 2311 quo-

2207 2357 2423 2412 usque,
2479 2339 2720 2410 quandiu
2772 2352 2880 2393 non
2935 2336 3157 2393 liberas.
3201 2334 3246 2390 ll
3279 2334 3465 2390 Potest
3511 2346 3641 2389 vero
3673 2346 3803 2387 cum

2210 2434 2479 2506 Propheta
2531 2429 2759 2503 quilibet
2807 2429 3081 2501 paenitens
3137 2426 3239 2482 sub
3291 2424 3530 2496 peccatis
3575 2436 3806 2495 gemens

2210 2526 2427 2582 dicere:
2458 2523 2771 2594 Usquequo,
2813 2529 2946 2584 etc.,
2979 2524 3384 2589 persequuntur
3408 2514 3556 2570 enim
3600 2515 3806 2569 daemo-

2212 2633 2312 2676 nes
2336 2625 2393 2673 et
2436 2615 2561 2672 mali
2591 2612 2839 2671 homines
2876 2609 3197 2683 gravissime
3228 2620 3356 2663 vere
3389 2606 3719 2677 pmnitentes
3747 2613 3808 2658 et

2213 2707 2415 2765 Christi
2447 2703 2699 2760 mandata
2746 2715 2965 2758 servare
3007 2700 3310 2772 cupientes.
3351 2695 3397 2752 C
3437 2697 3496 2752 In
3522 2696 3708 2762 finem,
3751 2692 3809 2750 id

2214 2810 2298 2856 est
2323 2814 2498 2870 usque
2520 2798 2590 2853 ad
2617 2794 2822 2852 Christi
2852 2795 3166 2851 adventum.

2215 2892 2252 2947 ﬂ
2324 2890 2573 2956 Quandin
2596 2904 2791 2959 ponam
2819 2885 3039 2941 consilia
3065 2887 3119 2941 in
3142 2885 3321 2940 anima
3346 2899 3489 2949 mea.

2357 2981 2592 3037 dolorem
2618 2981 2675 3034 in
2712 2978 2873 3033 corde
2895 2993 3009 3033 meo
3037 2993 3130 3049 per
3156 2976 3297 3032 diem
3320 2976 3349 3030 2

2289 3074 2487 3130 CCum
2534 3071 2668 3128 dicit
2715 3069 2996 3141 quandiu,
3050 3068 3374 3141 caprimitnr
3418 3068 3510 3124 hic
3540 3067 3814 3124 maximus

534 3159 926 3249 examinatum,
946 3188 1142 3238 contra
1175 3173 1305 3230 illud
1330 3171 1574 3255 ponitur,
1601 3166 1744 3238 quod
1773 3163 1840 3278 de
1865 3168 2118 3235 peccatoo
2146 3213 2193 3278 Ο
2222 3166 2388 3221 ardor
2412 3164 2782 3236 exspectantis
2807 3163 3097 3220 adventum
3123 3162 3239 3218 Dei.
3267 3161 3310 3216 li
3334 3160 3413 3217 Ae
3436 3161 3480 3216 si
3506 3161 3686 3216 dieat:
3710 3159 3814 3216 Pa-

829 3275 840 3278 _
882 3275 896 3278 _
922 3274 932 3278 -
1006 3272 1019 3278 _
1062 3269 1074 3278 .
1199 3267 1211 3278 .
1390 3262 1430 3278 ι,
1483 3268 1560 3278 -.-
1604 3257 1803 3278 Ω--ι--.-
1832 3268 1918 3278 ...ιι
1957 3250 2119 3278 μοι...ίᾷ
2225 3259 2328 3278 -9-..
2353 3258 2507 3278 2-.-_-
2537 3255 2834 3278 -__---.2-_.
2867 3268 3142 3278 ..-.-........-
3172 3262 3222 3278 ι-.
3258 3252 3468 3278 mhi--.“
3517 3252 3652 3278 ..ειη-ι
3685 3265 3810 3278 ...λγ

536 3282 690 3340 ribus
709 3278 805 3345 ait,
828 3274 972 3330 labia
989 3269 1174 3327 dolosa
1198 3267 1251 3321 in
1268 3250 1458 3327 corde,
1475 3268 1584 3317 etc.
1604 3254 1943 3345 Septuplum,
1957 3250 2121 3345 septi-

537 3376 773 3433 formem
794 3340 1059 3441 Spiritum
1087 3357 1382 3432 significat,
1404 3353 1458 3409 id
1473 3359 1580 3418 est,
1602 3350 1855 3406 timorem
1885 3340 2119 3407 Domini,

527 3434 1153 3540 .pietatetn,scientiam,
1194 3447 1600 3511 fortitudinem,
1633 3440 1940 3504 consilium,
1969 3434 2125 3494 intel-

528 3529 838 3629 ~'ligentiam,
871 3545 1216 3619 sapientiam.
1234 3543 1275 3597 Α
1294 3540 1398 3595 Per
1422 3553 1551 3609 qua:
1572 3534 1815 3591 divinum
1852 3529 2124 3629 eloquium

536 3616 813 3718 splendet,
843 3616 972 3695 dum
1005 3634 1156 3690 verbi
1185 3628 1693 3699 Dei-praedicatores
1732 3629 1793 3677 et
1831 3616 2128 3676 secundum

542 3711 759 3807 eloquia
797 3729 916 3802 ejus
949 3729 1192 3783 viventes
1222 3724 1306 3778 bis
1332 3716 1751 3777 charismatibus
1775 3711 2063 3784 refulgent.

536 3829 577 3882 8
651 3823 751 3889 Tu,
785 3821 1024 3883 Domine,
1052 3814 1280 3872 servabis
1306 3821 1441 3866 nos:

540 3922 547 3931 ’
649 3921 719 3976 Et
741 3916 1008 3974 custodias
1045 3929 1137 3968 nos
1170 3929 1202 3964 a
1233 3905 1579 3981 generatione
1604 3902 1703 3958 hac
1736 3903 1793 3955 in
1820 3908 2096 3955 internum.

607 3991 665 4071 ill
708 4013 811 4082 Tn,
844 4010 1094 4073 Domine,
1124 4003 1369 4062 servabis
1397 4014 1496 4056 nos
1534 3999 1589 4053 in
1632 4003 1895 4052 aeternum
1925 3989 2134 4082 (Eccle-

544 4112 626 4165 sia
660 4078 857 4179 rOgat),
891 4104 943 4159 id
981 4108 1064 4156 est
1096 4099 1150 4153 in
1200 4095 1306 4150 llde
1349 4090 1612 4148 servabis.
1646 4087 1715 4142 Et
1757 4084 2027 4141 custodies
2066 4078 2135 4135 ab

540 4176 822 4258 haereticis
847 4197 931 4253 vel
960 4192 1180 4256 ludatis,
1210 4188 1326 4245 sive
1351 4202 1380 4240 a
1403 4180 1806 4255 peccatoribus,
1826 4178 1942 4245 sive
1967 4191 1996 4231 a
2021 4176 2135 4231 dia-

548 4291 756 4349 lecticis
782 4298 837 4345 et
863 4282 1196 4359 philosophis
1233 4277 1393 4335 istius
1429 4272 1614 4331 mundi
1659 4272 1715 4327 in
1764 4277 2050 4327 aeternum.
2093 4265 2137 4323 C

548 4387 650 4442 llic
677 4389 966 4440 conservat
994 4393 1061 4432 ne
1088 4385 1393 4448 pereamus,
1426 4367 1500 4425 ibi
1528 4364 1767 4422 ltetilleat
1794 4362 1847 4418 in
1866 4370 2137 4417 aeternum

550 4486 607 4533 et
627 4488 826 4534 corona
835 4480 874 4527 ι.
1048 4544 1053 4547 μ

544 4574 584 4647 ’9
656 4587 724 4642 In
749 4580 971 4639 circuitu
992 4575 1140 4648 impii
1167 4571 1475 4630 ambulant:

659 4673 964 4736 Secundum
1017 4668 1348 4725 altitudinem
1400 4674 1545 4718 tuam
1593 4659 1953 4730 muftiplicas‘ti
2000 4658 2138 4727 ﬁlios

696 4832 697 4835 η
762 4769 1054 4824 hominum.
1126 4762 1131 4767 θ
1278 4762 1281 4767 ’

615 4864 662 4921 C
700 4862 756 4917 ln
780 4856 1009 4915 circuitu
1068 4850 1262 4922 impios
1292 4845 1590 4911 ambulare,
1622 4851 1707 4900 est
1736 4839 2000 4897 tortuosis
2021 4849 2139 4890 mo.

550 4931 705 5014 ribus
743 4944 1072 5014 vivere,'qui
1103 4952 1379 5010 nunquam
1408 4943 1617 4990 rectam
1645 4932 1788 4986 viam
1836 4925 2138 4987 ambulant,

559 5013 624 5060 ,ην
669 5046 680 5058 .
719 5051 761 5060 .-
833 5013 1071 5060 ’-γλιεξαη
1124 5033 1210 5060 ....'.
1245 5039 1320 5060 ηηι
1352 5044 1477 5060 -νηιοη
1523 5025 1608 5060 uin
1670 5019 1979 5060 annnainnt
2018 5013 2141 5060 alti-

2225 3259 2330 3315 tior
2353 3258 2511 3313 istam
2535 3255 2837 3328 angustiam
2862 3268 3145 3325 quousque
3172 3262 3224 3309 te
3258 3252 3493 3317 videam,
3516 3252 3659 3307 sicut
3684 3265 3815 3321 pro-

2223 3349 2417 3405 misisti
2449 3348 2654 3403 venire.
2704 3348 2750 3401 A
2781 3345 2924 3401 Dicit
2954 3359 3083 3401 vero
3108 3344 3333 3400 consilia
3352 3385 3367 3408 ,
3416 3344 3470 3399 id
3498 3353 3583 3399 est
3609 3343 3818 3414 cogita-

2225 3443 2403 3501 tiones
2429 3447 2487 3494 et
2514 3446 2803 3503 tractatus,
2833 3436 3107 3506 quomodo
3149 3444 3207 3490 et
3232 3434 3449 3506 quando
3486 3448 3518 3487 a
3548 3434 3820 3488 servitute

2224 3534 2436 3607 peccati
2475 3541 2532 3589 et
2557 3531 2759 3589 diaboli
2795 3529 3016 3586 liberari
3046 3528 3219 3599 possit
3251 3542 3350 3599 per
3375 3516 3672 3582 adventum
3702 3524 3822 3584 Sal-

2225 3629 2451 3696 vatoris,
2478 3635 2537 3684 et
2555 3625 2681 3697 quia
2711 3639 2834 3695 spes
2862 3622 3057 3679 salutis
3080 3621 3435 3693 protrahitur,
3485 3619 3688 3674 crescit
3725 3618 3826 3674 de—

2227 3720 2489 3780 siderium
2523 3718 2577 3773 in
2604 3715 2866 3773 dolorem.
2891 3713 2933 3770 C
2967 3715 3075 3770 Per
3100 3712 3241 3768 diem
3258 3751 3275 3778 ,
3315 3711 3368 3766 id
3394 3719 3480 3767 est
3519 3727 3618 3782 per
3640 3710 3824 3781 singu-

2229 3813 2311 3869 los
2340 3812 2457 3867 dies
2488 3809 2576 3866 ille
2601 3823 2757 3865 amor
2795 3806 2873 3861 tui
2921 3806 3219 3869 adventus,
3253 3816 3446 3858 versus
3471 3810 3556 3858 est
3589 3803 3644 3857 in
3674 3800 3829 3858 dolo-

2230 3916 2349 3959 rem
2380 3900 2579 3957 mentis
2601 3913 2712 3970 quo
2737 3896 3066 3953 tardaveris.

2233 3994 2269 4049 5
2346 3989 2623 4062 Usquequo
2645 3987 2966 4044 exaltabitur
2999 3984 3245 4041 inimicus
3282 3999 3429 4039 meus
3456 3997 3618 4053 super
3640 3998 3724 4037 me
3743 3982 3772 4035 1

2349 4083 2564 4155 Respice
2584 4092 2633 4137 et
2663 4079 2856 4137 exaudi
2878 4095 2980 4145 me,
3020 4078 3243 4133 Domine
3268 4076 3411 4132 Deus
3440 4090 3608 4130 meus.

2308 4177 2350 4233 C
2398 4174 2703 4237 Inimicum,
2737 4170 3012 4227 diabolum
3038 4168 3193 4234 dicit,
3216 4167 3307 4237 qui
3331 4166 3531 4223 dicitur
3553 4164 3836 4221 exaltatus

2240 4279 2367 4326 ante
2394 4268 2682 4325 adventum
2715 4262 2964 4327 Domini,
3009 4274 3133 4316 cum
3170 4258 3441 4329 gaudebat
3480 4258 3551 4313 de
3590 4260 3833 4315 humana

2239 4360 2573 4432 captivitate.
2617 4355 2793 4425 Super
2844 4367 2953 4417 me,
3007 4350 3063 4407 id
3086 4361 3176 4406 est
3227 4363 3392 4419 super
3446 4348 3835 4407 credulLtatetn

2242 4469 2439 4512 meam.
2473 4448 2808 4510 Exaudi'me,
2862 4461 2969 4502 non
2996 4443 3098 4500 sibi
3131 4450 3339 4497 tantum
3379 4442 3672 4498 subvenire
3698 4444 3837 4513 petit

2166 4548 2339 4643 D‘sed
2377 4541 2645 4600 universis
2692 4537 2963 4641 fidelibus.
3007 4534 3258 4643 Despice,
3302 4533 3370 4589 ad
3422 4533 3552 4588 illud
3585 4534 3839 4637 retere“-

2248 4641 2411 4703 dum;
2456 4647 2736 4705 usquequo
2766 4629 2966 4686 avertis
3005 4626 3202 4682 faciem
3235 4634 3381 4680 tuam
3409 4640 3439 4679 a
3477 4639 3587 4681 me.
3616 4624 3840 4681 Exaudi

2247 4744 2399 4791 vero,
2429 4725 2495 4782 ad
2515 4725 2643 4780 illud
2669 4722 2809 4793 quod
2833 4720 2967 4776 dicit
2995 4718 3049 4773 in
3077 4708 3473 4787 capite'psalmi
3497 4733 3515 4771 :
3550 4730 3840 4787 nsquequo

2240 4818 2586 4877 oblivisceris
2612 4830 2699 4872 me
2726 4814 2780 4869 in
2808 4812 2994 4868 linem.
3550 4834 3553 4837 ν
3610 4870 3613 4871 ν

2247 4914 2283 4968 4
2354 4911 2609 4967 Illumina
2645 4905 2825 4963 oculos
2851 4920 2991 4960 meos
3023 4918 3088 4957 ne
3125 4916 3359 4973 unquam
3408 4898 3740 4954 obdormiam
3781 4900 3837 4954 in

2423 5011 2588 5056 morte
2610 5014 2629 5054 .'
3331 5009 3334 5012 ’
