  <div class='ocr_page' id='page_1' title='image "/cluster/home/n/w/nwhite01/storage/ocr_20150623/142/hvd.32044015471808/046.png"; bbox 0 0 4000 5370; ppageno 0'>
   <div class='ocr_carea' id='block_1_1' title="bbox 194 110 3473 209">
    <p class='ocr_par' dir='ltr' id='par_1_1' title="bbox 194 110 3473 209">
     <span class='ocr_line' id='line_1_1' title="bbox 194 110 3473 209; baseline 0.005 -17"><span class='ocrx_word' id='word_1_1' title='bbox 194 139 253 193; x_wconf 85' lang='lat' dir='ltr'><strong>8t</strong></span> <span class='ocrx_word' id='word_1_2' title='bbox 1007 110 1026 144; x_wconf 71' lang='lat'><em>‘</em></span> <span class='ocrx_word' id='word_1_3' title='bbox 1402 142 1766 201; x_wconf 75' lang='lat' dir='ltr'><strong>sxrosnrto</strong></span> <span class='ocrx_word' id='word_1_4' title='bbox 1803 143 2252 204; x_wconf 70' lang='lat' dir='ltr'><strong>rsaauonun.</strong></span> <span class='ocrx_word' id='word_1_5' title='bbox 3388 140 3473 209; x_wconf 49' lang='grc' dir='ltr'><strong>θῶ</strong></span> 
     </span>
    </p>
   </div>
   <div class='ocr_carea' id='block_1_2' title="bbox 192 247 1631 324">
    <p class='ocr_par' dir='ltr' id='par_1_2' title="bbox 192 247 1631 324">
     <span class='ocr_line' id='line_1_2' title="bbox 192 247 1631 324; baseline 0.001 -18"><span class='ocrx_word' id='word_1_6' title='bbox 192 250 224 306; x_wconf 80' lang='lat'><strong>5</strong></span> <span class='ocrx_word' id='word_1_7' title='bbox 294 248 400 318; x_wconf 83' lang='lat' dir='ltr'><strong>Qui</strong></span> <span class='ocrx_word' id='word_1_8' title='bbox 428 247 683 305; x_wconf 76' lang='lat' dir='ltr'><strong>tribulam</strong></span> <span class='ocrx_word' id='word_1_9' title='bbox 709 267 789 306; x_wconf 89' lang='lat' dir='ltr'><strong>me</strong></span> <span class='ocrx_word' id='word_1_10' title='bbox 806 251 1140 308; x_wconf 72' lang='lat' dir='ltr'><strong>exsultabant</strong></span> <span class='ocrx_word' id='word_1_11' title='bbox 1167 254 1213 309; x_wconf 90' lang='lat' dir='ltr'><strong>si</strong></span> <span class='ocrx_word' id='word_1_12' title='bbox 1245 263 1413 309; x_wconf 85' lang='lat' dir='ltr'><strong>motus</strong></span> <span class='ocrx_word' id='word_1_13' title='bbox 1440 254 1631 324; x_wconf 79' lang='lat' dir='ltr'><strong>fuero:</strong></span> 
     </span>
    </p>
   </div>
   <div class='ocr_carea' id='block_1_3' title="bbox 325 346 1453 418">
    <p class='ocr_par' dir='ltr' id='par_1_3' title="bbox 325 346 1453 418">
     <span class='ocr_line' id='line_1_3' title="bbox 325 346 1453 418; baseline -0.001 -18"><span class='ocrx_word' id='word_1_14' title='bbox 325 360 420 414; x_wconf 80' lang='lat' dir='ltr'><strong>ego</strong></span> <span class='ocrx_word' id='word_1_15' title='bbox 444 353 623 398; x_wconf 83' lang='lat' dir='ltr'><strong>autem</strong></span> <span class='ocrx_word' id='word_1_16' title='bbox 655 346 708 398; x_wconf 88' lang='lat' dir='ltr'><strong>in</strong></span> <span class='ocrx_word' id='word_1_17' title='bbox 733 346 1092 402; x_wconf 72' lang='lat' dir='ltr'><strong>misericordia</strong></span> <span class='ocrx_word' id='word_1_18' title='bbox 1117 357 1208 404; x_wconf 84' lang='lat' dir='ltr'><strong>tua</strong></span> <span class='ocrx_word' id='word_1_19' title='bbox 1229 351 1453 418; x_wconf 71' lang='lat' dir='ltr'><strong>sperani.</strong></span> 
     </span>
    </p>
   </div>
   <div class='ocr_carea' id='block_1_4' title="bbox 257 436 1797 507">
    <p class='ocr_par' dir='ltr' id='par_1_4' title="bbox 257 436 1797 507">
     <span class='ocr_line' id='line_1_4' title="bbox 257 436 1797 507; baseline 0.003 -14"><span class='ocrx_word' id='word_1_20' title='bbox 257 436 298 493; x_wconf 88' lang='lat' dir='ltr'><strong><em>C</em></strong></span> <span class='ocrx_word' id='word_1_21' title='bbox 328 436 691 493; x_wconf 82' lang='lat' dir='ltr'><strong>Essultabunt</strong></span> <span class='ocrx_word' id='word_1_22' title='bbox 731 439 775 493; x_wconf 96' lang='lat' dir='ltr'><strong>si</strong></span> <span class='ocrx_word' id='word_1_23' title='bbox 807 450 988 496; x_wconf 89' lang='lat' dir='ltr'><strong>motus</strong></span> <span class='ocrx_word' id='word_1_24' title='bbox 1017 440 1192 507; x_wconf 79' lang='lat' dir='ltr'><strong>faeno,</strong></span> <span class='ocrx_word' id='word_1_25' title='bbox 1227 444 1280 498; x_wconf 92' lang='lat' dir='ltr'><strong>id</strong></span> <span class='ocrx_word' id='word_1_26' title='bbox 1307 452 1393 499; x_wconf 84' lang='lat' dir='ltr'><strong>est</strong></span> <span class='ocrx_word' id='word_1_27' title='bbox 1418 443 1464 500; x_wconf 94' lang='lat' dir='ltr'><strong>si</strong></span> <span class='ocrx_word' id='word_1_28' title='bbox 1486 453 1600 500; x_wconf 87' lang='lat' dir='ltr'><strong>ate</strong></span> <span class='ocrx_word' id='word_1_29' title='bbox 1623 443 1797 500; x_wconf 71' lang='lat' dir='ltr'><strong>luero-</strong></span> 
     </span>
    </p>
   </div>
   <div class='ocr_carea' id='block_1_5' title="bbox 193 528 1785 602">
    <p class='ocr_par' dir='ltr' id='par_1_5' title="bbox 193 528 1785 602">
     <span class='ocr_line' id='line_1_5' title="bbox 193 528 1785 602; baseline 0.005 -20"><span class='ocrx_word' id='word_1_30' title='bbox 193 528 392 582; x_wconf 89' lang='lat' dir='ltr'><strong>divisus</strong></span> <span class='ocrx_word' id='word_1_31' title='bbox 422 541 520 596; x_wconf 88' lang='lat' dir='ltr'><strong>per</strong></span> <span class='ocrx_word' id='word_1_32' title='bbox 570 528 1008 586; x_wconf 71' lang='lat' dir='ltr'><strong>incredulitatem</strong></span> <span class='ocrx_word' id='word_1_33' title='bbox 1059 532 1152 588; x_wconf 83' lang='lat' dir='ltr'><strong>vel-</strong></span> <span class='ocrx_word' id='word_1_34' title='bbox 1192 544 1516 602; x_wconf 87' lang='lat' dir='ltr'><strong>peccatum;</strong></span> <span class='ocrx_word' id='word_1_35' title='bbox 1569 533 1785 590; x_wconf 82' lang='lat' dir='ltr'><strong>inimici.</strong></span> 
     </span>
    </p>
   </div>
   <div class='ocr_carea' id='block_1_6' title="bbox 193 618 1776 698">
    <p class='ocr_par' dir='ltr' id='par_1_6' title="bbox 193 618 1776 698">
     <span class='ocr_line' id='line_1_6' title="bbox 193 618 1776 698; baseline 0.007 -28"><span class='ocrx_word' id='word_1_36' title='bbox 193 618 492 674; x_wconf 75' lang='lat' dir='ltr'><strong>eﬂiciuntttr</strong></span> <span class='ocrx_word' id='word_1_37' title='bbox 521 619 654 675; x_wconf 75' lang='lat' dir='ltr'><strong>lmti.</strong></span> <span class='ocrx_word' id='word_1_38' title='bbox 689 622 743 676; x_wconf 78' lang='grc' dir='ltr'><strong><em>ιιι</em></strong></span> <span class='ocrx_word' id='word_1_39' title='bbox 776 631 867 677; x_wconf 89' lang='lat' dir='ltr'><strong>tua</strong></span> <span class='ocrx_word' id='word_1_40' title='bbox 916 624 1286 682; x_wconf 78' lang='lat' dir='ltr'><strong>misericordia</strong></span> <span class='ocrx_word' id='word_1_41' title='bbox 1317 627 1472 693; x_wconf 90' lang='lat' dir='ltr'><strong>dicit,</strong></span> <span class='ocrx_word' id='word_1_42' title='bbox 1523 628 1650 697; x_wconf 90' lang='lat' dir='ltr'><strong>quia</strong></span> <span class='ocrx_word' id='word_1_43' title='bbox 1683 628 1776 698; x_wconf 88' lang='lat' dir='ltr'><strong>qui</strong></span> 
     </span>
    </p>
   </div>
   <div class='ocr_carea' id='block_1_7' title="bbox 196 711 1777 786">
    <p class='ocr_par' dir='ltr' id='par_1_7' title="bbox 196 711 1777 786">
     <span class='ocr_line' id='line_1_7' title="bbox 196 711 1777 786; baseline 0.006 -22"><span class='ocrx_word' id='word_1_44' title='bbox 196 711 406 766; x_wconf 87' lang='lat' dir='ltr'><strong>aliunde</strong></span> <span class='ocrx_word' id='word_1_45' title='bbox 452 727 610 767; x_wconf 80' lang='lat' dir='ltr'><strong>suam</strong></span> <span class='ocrx_word' id='word_1_46' title='bbox 655 728 804 784; x_wconf 83' lang='lat' dir='ltr'><strong>spem</strong></span> <span class='ocrx_word' id='word_1_47' title='bbox 841 717 994 785; x_wconf 93' lang='lat' dir='ltr'><strong>ponit</strong></span> <span class='ocrx_word' id='word_1_48' title='bbox 1044 716 1149 772; x_wconf 87' lang='lat' dir='ltr'><strong>nisi</strong></span> <span class='ocrx_word' id='word_1_49' title='bbox 1191 719 1246 773; x_wconf 88' lang='lat' dir='ltr'><strong>in</strong></span> <span class='ocrx_word' id='word_1_50' title='bbox 1291 718 1480 786; x_wconf 89' lang='lat' dir='ltr'><strong>Deum,</strong></span> <span class='ocrx_word' id='word_1_51' title='bbox 1517 735 1613 775; x_wconf 91' lang='lat' dir='ltr'><strong>sua</strong></span> <span class='ocrx_word' id='word_1_52' title='bbox 1643 720 1777 775; x_wconf 74' lang='lat' dir='ltr'><strong>ﬁdes</strong></span> 
     </span>
    </p>
   </div>
   <div class='ocr_carea' id='block_1_8' title="bbox 196 801 1779 881">
    <p class='ocr_par' dir='ltr' id='par_1_8' title="bbox 196 801 1779 881">
     <span class='ocr_line' id='line_1_8' title="bbox 196 801 1779 881; baseline 0.01 -31"><span class='ocrx_word' id='word_1_53' title='bbox 196 815 356 855; x_wconf 81' lang='lat' dir='ltr'><strong>vacua</strong></span> <span class='ocrx_word' id='word_1_54' title='bbox 384 811 489 857; x_wconf 90' lang='lat' dir='ltr'><strong>est.</strong></span> <span class='ocrx_word' id='word_1_55' title='bbox 515 801 560 858; x_wconf 91' lang='grc' dir='ltr'><strong>Ο</strong></span> <span class='ocrx_word' id='word_1_56' title='bbox 585 803 758 860; x_wconf 83' lang='lat' dir='ltr'><strong>virtus</strong></span> <span class='ocrx_word' id='word_1_57' title='bbox 808 804 929 860; x_wconf 93' lang='lat' dir='ltr'><strong>ﬁdei</strong></span> <span class='ocrx_word' id='word_1_58' title='bbox 959 819 1014 861; x_wconf 90' lang='lat' dir='ltr'><strong>et</strong></span> <span class='ocrx_word' id='word_1_59' title='bbox 1038 807 1266 866; x_wconf 89' lang='lat' dir='ltr'><strong>ﬁrmitas</strong></span> <span class='ocrx_word' id='word_1_60' title='bbox 1291 826 1481 881; x_wconf 83' lang='lat' dir='ltr'><strong>magna</strong></span> <span class='ocrx_word' id='word_1_61' title='bbox 1504 811 1779 867; x_wconf 87' lang='lat' dir='ltr'><strong>credentis</strong></span> 
     </span>
    </p>
   </div>
   <div class='ocr_carea' id='block_1_9' title="bbox 197 895 1738 973">
    <p class='ocr_par' dir='ltr' id='par_1_9' title="bbox 197 895 1738 973">
     <span class='ocr_line' id='line_1_9' title="bbox 197 895 1738 973; baseline 0.008 -27"><span class='ocrx_word' id='word_1_62' title='bbox 197 896 242 946; x_wconf 90' lang='lat' dir='ltr'><strong>in</strong></span> <span class='ocrx_word' id='word_1_63' title='bbox 273 910 394 950; x_wconf 88' lang='lat' dir='ltr'><strong>eum</strong></span> <span class='ocrx_word' id='word_1_64' title='bbox 421 895 650 952; x_wconf 83' lang='lat' dir='ltr'><strong>credere</strong></span> <span class='ocrx_word' id='word_1_65' title='bbox 676 914 707 951; x_wconf 91' lang='lat' dir='ltr'><strong>a</strong></span> <span class='ocrx_word' id='word_1_66' title='bbox 738 914 849 968; x_wconf 89' lang='lat' dir='ltr'><strong>quo</strong></span> <span class='ocrx_word' id='word_1_67' title='bbox 874 915 971 970; x_wconf 91' lang='lat' dir='ltr'><strong>pro</strong></span> <span class='ocrx_word' id='word_1_68' title='bbox 995 911 1144 957; x_wconf 87' lang='lat' dir='ltr'><strong>certo</strong></span> <span class='ocrx_word' id='word_1_69' title='bbox 1171 903 1275 957; x_wconf 89' lang='lat' dir='ltr'><strong>scit</strong></span> <span class='ocrx_word' id='word_1_70' title='bbox 1314 919 1472 973; x_wconf 85' lang='lat' dir='ltr'><strong>posse</strong></span> <span class='ocrx_word' id='word_1_71' title='bbox 1502 904 1698 960; x_wconf 82' lang='lat' dir='ltr'><strong>salvari</strong></span> <span class='ocrx_word' id='word_1_72' title='bbox 1723 906 1738 958; x_wconf 88' lang='lat'><strong>!</strong></span> 
     </span>
    </p>
   </div>
   <div class='ocr_carea' id='block_1_10' title="bbox 195 985 1514 1060">
    <p class='ocr_par' dir='ltr' id='par_1_10' title="bbox 195 985 1514 1060">
     <span class='ocr_line' id='line_1_10' title="bbox 195 985 1514 1060; baseline 0.01 -22"><span class='ocrx_word' id='word_1_73' title='bbox 195 985 226 1038; x_wconf 81' lang='lat'><strong>6</strong></span> <span class='ocrx_word' id='word_1_74' title='bbox 329 985 638 1044; x_wconf 73' lang='lat' dir='ltr'><strong>Exsultabit</strong></span> <span class='ocrx_word' id='word_1_75' title='bbox 677 1009 771 1046; x_wconf 84' lang='lat' dir='ltr'><strong>cor</strong></span> <span class='ocrx_word' id='word_1_76' title='bbox 797 1009 970 1048; x_wconf 86' lang='lat' dir='ltr'><strong>meum</strong></span> <span class='ocrx_word' id='word_1_77' title='bbox 1005 996 1060 1049; x_wconf 87' lang='lat' dir='ltr'><strong>in</strong></span> <span class='ocrx_word' id='word_1_78' title='bbox 1083 995 1306 1050; x_wconf 85' lang='lat' dir='ltr'><strong>salutari</strong></span> <span class='ocrx_word' id='word_1_79' title='bbox 1330 1007 1460 1051; x_wconf 88' lang='lat' dir='ltr'><strong>tuo:</strong></span> <span class='ocrx_word' id='word_1_80' title='bbox 1511 1056 1514 1060; x_wconf 92' lang='lat'><em>_</em></span> 
     </span>
    </p>
   </div>
   <div class='ocr_carea' id='block_1_11' title="bbox 329 1076 1776 1158">
    <p class='ocr_par' dir='ltr' id='par_1_11' title="bbox 329 1076 1776 1158">
     <span class='ocr_line' id='line_1_11' title="bbox 329 1076 1776 1158; baseline 0.008 -27"><span class='ocrx_word' id='word_1_81' title='bbox 329 1076 567 1134; x_wconf 83' lang='lat' dir='ltr'><strong>Cantabo</strong></span> <span class='ocrx_word' id='word_1_82' title='bbox 584 1080 926 1154; x_wconf 83' lang='lat' dir='ltr'><strong>Dominoqui</strong></span> <span class='ocrx_word' id='word_1_83' title='bbox 948 1100 1010 1142; x_wconf 65' lang='grc' dir='ltr'><strong>σε-</strong></span> <span class='ocrx_word' id='word_1_84' title='bbox 1037 1087 1172 1142; x_wconf 81' lang='lat' dir='ltr'><strong>bona</strong></span> <span class='ocrx_word' id='word_1_85' title='bbox 1204 1088 1223 1158; x_wconf 71' lang='grc' dir='ltr'>ζ</span> <span class='ocrx_word' id='word_1_86' title='bbox 1253 1090 1440 1144; x_wconf 83' lang='lat' dir='ltr'><strong>tribuit</strong></span> <span class='ocrx_word' id='word_1_87' title='bbox 1469 1091 1699 1145; x_wconf 79' lang='lat' dir='ltr'><strong>mihi:+</strong></span> <span class='ocrx_word' id='word_1_88' title='bbox 1727 1101 1776 1143; x_wconf 79' lang='lat' dir='ltr'><strong>et</strong></span> 
     </span>
    </p>
   </div>
   <div class='ocr_carea' id='block_1_12' title="bbox 403 1168 1494 1252">
    <p class='ocr_par' dir='ltr' id='par_1_12' title="bbox 403 1168 1494 1252">
     <span class='ocr_line' id='line_1_12' title="bbox 403 1168 1494 1252; baseline 0.014 -29"><span class='ocrx_word' id='word_1_89' title='bbox 403 1168 650 1226; x_wconf 84' lang='lat' dir='ltr'><strong>Psallam</strong></span> <span class='ocrx_word' id='word_1_90' title='bbox 685 1176 886 1230; x_wconf 79' lang='lat' dir='ltr'><strong>nomini</strong></span> <span class='ocrx_word' id='word_1_91' title='bbox 916 1177 1126 1234; x_wconf 77' lang='lat' dir='ltr'><strong>Domini</strong></span> <span class='ocrx_word' id='word_1_92' title='bbox 1150 1180 1394 1237; x_wconf 73' lang='lat' dir='ltr'><strong>altissimi</strong></span> <span class='ocrx_word' id='word_1_93' title='bbox 1427 1182 1446 1252; x_wconf 72' lang='grc' dir='ltr'>ξ</span> <span class='ocrx_word' id='word_1_94' title='bbox 1479 1221 1494 1238; x_wconf 94' lang='grc'><strong>.</strong></span> 
     </span>
    </p>
   </div>
   <div class='ocr_carea' id='block_1_13' title="bbox 259 1261 1777 1346">
    <p class='ocr_par' dir='ltr' id='par_1_13' title="bbox 259 1261 1777 1346">
     <span class='ocr_line' id='line_1_13' title="bbox 259 1261 1777 1346; baseline 0.011 -31"><span class='ocrx_word' id='word_1_95' title='bbox 259 1261 301 1317; x_wconf 89' lang='lat' dir='ltr'><strong>C</strong></span> <span class='ocrx_word' id='word_1_96' title='bbox 341 1263 572 1318; x_wconf 88' lang='lat' dir='ltr'><strong>Interior</strong></span> <span class='ocrx_word' id='word_1_97' title='bbox 601 1265 770 1322; x_wconf 88' lang='lat' dir='ltr'><strong>homo</strong></span> <span class='ocrx_word' id='word_1_98' title='bbox 798 1267 1035 1327; x_wconf 86' lang='lat' dir='ltr'><strong>salutare</strong></span> <span class='ocrx_word' id='word_1_99' title='bbox 1080 1273 1176 1328; x_wconf 91' lang='lat' dir='ltr'><strong>Dei</strong></span> <span class='ocrx_word' id='word_1_100' title='bbox 1210 1286 1590 1345; x_wconf 80' lang='lat' dir='ltr'><strong>conspexerat,</strong></span> <span class='ocrx_word' id='word_1_101' title='bbox 1617 1293 1777 1346; x_wconf 83' lang='lat' dir='ltr'><strong>quem</strong></span> 
     </span>
    </p>
   </div>
   <div class='ocr_carea' id='block_1_14' title="bbox 197 1357 1781 1433">
    <p class='ocr_par' dir='ltr' id='par_1_14' title="bbox 197 1357 1781 1433">
     <span class='ocr_line' id='line_1_14' title="bbox 197 1357 1781 1433; baseline 0.009 -27"><span class='ocrx_word' id='word_1_102' title='bbox 197 1366 417 1408; x_wconf 79' lang='lat' dir='ltr'><strong>cernere</strong></span> <span class='ocrx_word' id='word_1_103' title='bbox 445 1357 703 1426; x_wconf 87' lang='lat' dir='ltr'><strong>cupiebat</strong></span> <span class='ocrx_word' id='word_1_104' title='bbox 726 1361 1038 1420; x_wconf 88' lang='lat' dir='ltr'><strong>carnalibus</strong></span> <span class='ocrx_word' id='word_1_105' title='bbox 1060 1364 1250 1421; x_wconf 81' lang='lat' dir='ltr'><strong>oculis.</strong></span> <span class='ocrx_word' id='word_1_106' title='bbox 1278 1363 1547 1433; x_wconf 59' lang='lat' dir='ltr'><strong>Cantanbo,</strong></span> <span class='ocrx_word' id='word_1_107' title='bbox 1575 1368 1781 1424; x_wconf 86' lang='lat' dir='ltr'><strong>scilicet</strong></span> 
     </span>
    </p>
   </div>
   <div class='ocr_carea' id='block_1_15' title="bbox 199 1447 1779 1532">
    <p class='ocr_par' dir='ltr' id='par_1_15' title="bbox 199 1447 1779 1532">
     <span class='ocr_line' id='line_1_15' title="bbox 199 1447 1779 1532; baseline 0.007 -28"><span class='ocrx_word' id='word_1_108' title='bbox 199 1447 356 1504; x_wconf 82' lang='lat' dir='ltr'><strong>corde</strong></span> <span class='ocrx_word' id='word_1_109' title='bbox 384 1447 476 1502; x_wconf 89' lang='lat' dir='ltr'><strong>ubi</strong></span> <span class='ocrx_word' id='word_1_110' title='bbox 498 1449 670 1505; x_wconf 85' lang='lat' dir='ltr'><strong>nimia</strong></span> <span class='ocrx_word' id='word_1_111' title='bbox 693 1451 881 1508; x_wconf 69' lang='lat' dir='ltr'><strong>laetitia</strong></span> <span class='ocrx_word' id='word_1_112' title='bbox 909 1455 1302 1527; x_wconf 72' lang='lat' dir='ltr'><strong>complebatur.</strong></span> <span class='ocrx_word' id='word_1_113' title='bbox 1334 1458 1568 1515; x_wconf 83' lang='lat' dir='ltr'><strong>Psallam</strong></span> <span class='ocrx_word' id='word_1_114' title='bbox 1595 1461 1779 1532; x_wconf 89' lang='lat' dir='ltr'><strong>operi-</strong></span> 
     </span>
    </p>
   </div>
   <div class='ocr_carea' id='block_1_16' title="bbox 201 1537 1473 1620">
    <p class='ocr_par' dir='ltr' id='par_1_16' title="bbox 201 1537 1473 1620">
     <span class='ocr_line' id='line_1_16' title="bbox 201 1537 1473 1620; baseline 0.012 -29"><span class='ocrx_word' id='word_1_115' title='bbox 201 1537 300 1591; x_wconf 75' lang='lat' dir='ltr'><strong>lms</strong></span> <span class='ocrx_word' id='word_1_116' title='bbox 315 1537 508 1607; x_wconf 60' lang='lat' dir='ltr'><strong>bouis,</strong></span> <span class='ocrx_word' id='word_1_117' title='bbox 525 1539 672 1611; x_wconf 88' lang='lat' dir='ltr'><strong>quod</strong></span> <span class='ocrx_word' id='word_1_118' title='bbox 699 1543 939 1600; x_wconf 77' lang='lat' dir='ltr'><strong>maxime</strong></span> <span class='ocrx_word' id='word_1_119' title='bbox 962 1546 1229 1603; x_wconf 78' lang='lat' dir='ltr'><strong>Divinitas</strong></span> <span class='ocrx_word' id='word_1_120' title='bbox 1255 1549 1473 1620; x_wconf 62' lang='lat' dir='ltr'><strong>qurerit.</strong></span> 
     </span>
    </p>
   </div>
   <div class='ocr_carea' id='block_1_17' title="bbox 672 1648 1308 1697">
    <p class='ocr_par' dir='ltr' id='par_1_17' title="bbox 672 1648 1308 1697">
     <span class='ocr_line' id='line_1_17' title="bbox 672 1648 1308 1697; baseline 0.011 -8"><span class='ocrx_word' id='word_1_121' title='bbox 672 1648 873 1690; x_wconf 68' lang='grc' dir='ltr'><strong>ουτιο</strong></span> <span class='ocrx_word' id='word_1_122' title='bbox 908 1653 978 1692; x_wconf 73' lang='grc' dir='ltr'><strong>ει</strong></span> <span class='ocrx_word' id='word_1_123' title='bbox 1016 1652 1165 1694; x_wconf 72' lang='grc' dir='ltr'><strong>ΡεΑι..</strong></span> <span class='ocrx_word' id='word_1_124' title='bbox 1209 1655 1308 1697; x_wconf 71' lang='lat' dir='ltr'><strong>XII.</strong></span> 
     </span>
    </p>
   </div>
   <div class='ocr_carea' id='block_1_18' title="bbox 203 1814 1784 1892">
    <p class='ocr_par' dir='ltr' id='par_1_18' title="bbox 203 1814 1784 1892">
     <span class='ocr_line' id='line_1_18' title="bbox 203 1814 1784 1892; baseline 0.009 -24"><span class='ocrx_word' id='word_1_125' title='bbox 203 1828 268 1868; x_wconf 80' lang='lat' dir='ltr'><strong>ne</strong></span> <span class='ocrx_word' id='word_1_126' title='bbox 310 1814 522 1871; x_wconf 87' lang='lat' dir='ltr'><strong>inimici</strong></span> <span class='ocrx_word' id='word_1_127' title='bbox 562 1818 735 1874; x_wconf 79' lang='lat' dir='ltr'><strong>nostri</strong></span> <span class='ocrx_word' id='word_1_128' title='bbox 780 1820 1088 1876; x_wconf 82' lang='lat' dir='ltr'><strong>exaltentur</strong></span> <span class='ocrx_word' id='word_1_129' title='bbox 1123 1823 1385 1880; x_wconf 88' lang='lat' dir='ltr'><strong>adversus</strong></span> <span class='ocrx_word' id='word_1_130' title='bbox 1415 1841 1550 1892; x_wconf 86' lang='lat' dir='ltr'><strong>nos;</strong></span> <span class='ocrx_word' id='word_1_131' title='bbox 1586 1827 1678 1881; x_wconf 86' lang='lat' dir='ltr'><strong>sed</strong></span> <span class='ocrx_word' id='word_1_132' title='bbox 1710 1828 1784 1883; x_wconf 89' lang='lat' dir='ltr'><strong>ita</strong></span> 
     </span>
    </p>
   </div>
   <div class='ocr_carea' id='block_1_19' title="bbox 206 1913 1782 1990">
    <p class='ocr_par' dir='ltr' id='par_1_19' title="bbox 206 1913 1782 1990">
     <span class='ocr_line' id='line_1_19' title="bbox 206 1913 1782 1990; baseline 0.006 -25"><span class='ocrx_word' id='word_1_133' title='bbox 206 1925 298 1965; x_wconf 87' lang='lat' dir='ltr'><strong>cor</strong></span> <span class='ocrx_word' id='word_1_134' title='bbox 345 1919 599 1966; x_wconf 89' lang='lat' dir='ltr'><strong>nostrum</strong></span> <span class='ocrx_word' id='word_1_135' title='bbox 650 1913 911 1970; x_wconf 85' lang='lat' dir='ltr'><strong>salutaris</strong></span> <span class='ocrx_word' id='word_1_136' title='bbox 959 1915 1039 1970; x_wconf 92' lang='lat' dir='ltr'><strong>tui</strong></span> <span class='ocrx_word' id='word_1_137' title='bbox 1085 1916 1450 1974; x_wconf 78' lang='lat' dir='ltr'><strong>exsultatione</strong></span> <span class='ocrx_word' id='word_1_138' title='bbox 1498 1919 1782 1990; x_wconf 80' lang='lat' dir='ltr'><strong>perfunde,</strong></span> 
     </span>
    </p>
   </div>
   <div class='ocr_carea' id='block_1_20' title="bbox 204 2002 1786 2071">
    <p class='ocr_par' dir='ltr' id='par_1_20' title="bbox 204 2002 1786 2071">
     <span class='ocr_line' id='line_1_20' title="bbox 204 2002 1786 2071; baseline 0.01 -16"><span class='ocrx_word' id='word_1_139' title='bbox 204 2012 259 2056; x_wconf 80' lang='lat' dir='ltr'><strong>ut</strong></span> <span class='ocrx_word' id='word_1_140' title='bbox 279 2002 447 2061; x_wconf 80' lang='lat' dir='ltr'><strong>facias</strong></span> <span class='ocrx_word' id='word_1_141' title='bbox 475 2021 734 2063; x_wconf 86' lang='lat' dir='ltr'><strong>somnum</strong></span> <span class='ocrx_word' id='word_1_142' title='bbox 773 2010 1023 2066; x_wconf 67' lang='lat' dir='ltr'><strong>secundae</strong></span> <span class='ocrx_word' id='word_1_143' title='bbox 1049 2012 1245 2070; x_wconf 88' lang='lat' dir='ltr'><strong>mortis</strong></span> <span class='ocrx_word' id='word_1_144' title='bbox 1265 2014 1518 2070; x_wconf 83' lang='lat' dir='ltr'><strong>evadere.</strong></span> <span class='ocrx_word' id='word_1_145' title='bbox 1551 2013 1655 2071; x_wconf 82' lang='lat' dir='ltr'><strong>Per</strong></span> <span class='ocrx_word' id='word_1_146' title='bbox 1681 2015 1786 2070; x_wconf 87' lang='lat' dir='ltr'><strong>Do-</strong></span> 
     </span>
    </p>
   </div>
   <div class='ocr_carea' id='block_1_21' title="bbox 204 2093 709 2154">
    <p class='ocr_par' dir='ltr' id='par_1_21' title="bbox 204 2093 709 2154">
     <span class='ocr_line' id='line_1_21' title="bbox 204 2093 709 2154; baseline 0.014 -6"><span class='ocrx_word' id='word_1_147' title='bbox 204 2093 408 2149; x_wconf 77' lang='lat' dir='ltr'><strong>minum</strong></span> <span class='ocrx_word' id='word_1_148' title='bbox 432 2106 709 2154; x_wconf 86' lang='lat' dir='ltr'><strong>nostrum.</strong></span> 
     </span>
    </p>
   </div>
   <div class='ocr_carea' id='block_1_22' title="bbox 746 2193 1242 2254">
    <p class='ocr_par' dir='ltr' id='par_1_22' title="bbox 746 2193 1242 2254">
     <span class='ocr_line' id='line_1_22' title="bbox 746 2193 1242 2254; baseline 0.014 -6"><span class='ocrx_word' id='word_1_149' title='bbox 746 2193 973 2250; x_wconf 79' lang='lat' dir='ltr'><strong>PSALM</strong></span> <span class='ocrx_word' id='word_1_150' title='bbox 983 2195 1069 2253; x_wconf 84' lang='lat' dir='ltr'><strong>US</strong></span> <span class='ocrx_word' id='word_1_151' title='bbox 1107 2198 1242 2254; x_wconf 82' lang='lat' dir='ltr'><strong>Xlll.</strong></span> 
     </span>
    </p>
   </div>
   <div class='ocr_carea' id='block_1_23' title="bbox 652 2299 1371 2346">
    <p class='ocr_par' dir='ltr' id='par_1_23' title="bbox 652 2299 1371 2346">
     <span class='ocr_line' id='line_1_23' title="bbox 652 2299 1371 2346; baseline 0.013 -9"><span class='ocrx_word' id='word_1_152' title='bbox 652 2299 1016 2343; x_wconf 67' lang='grc' dir='ltr'><strong>Αιιςωιεκτωι</strong></span> <span class='ocrx_word' id='word_1_153' title='bbox 1055 2303 1207 2345; x_wconf 73' lang='grc' dir='ltr'><strong>ΡΒΑΙ..</strong></span> <span class='ocrx_word' id='word_1_154' title='bbox 1247 2305 1371 2346; x_wconf 76' lang='lat' dir='ltr'><strong>XIII.</strong></span> 
     </span>
    </p>
   </div>
   <div class='ocr_carea' id='block_1_24' title="bbox 273 2369 1790 2454">
    <p class='ocr_par' dir='ltr' id='par_1_24' title="bbox 273 2369 1790 2454">
     <span class='ocr_line' id='line_1_24' title="bbox 273 2369 1790 2454; baseline 0.01 -28"><span class='ocrx_word' id='word_1_155' title='bbox 273 2369 315 2426; x_wconf 85' lang='lat' dir='ltr'><strong><em>C</em></strong></span> <span class='ocrx_word' id='word_1_156' title='bbox 361 2372 612 2430; x_wconf 85' lang='lat' dir='ltr'><strong>Ecclesia</strong></span> <span class='ocrx_word' id='word_1_157' title='bbox 658 2374 876 2435; x_wconf 65' lang='lat' dir='ltr'><strong>Judaaos</strong></span> <span class='ocrx_word' id='word_1_158' title='bbox 920 2381 1207 2453; x_wconf 82' lang='lat' dir='ltr'><strong>increpans</strong></span> <span class='ocrx_word' id='word_1_159' title='bbox 1251 2383 1344 2454; x_wconf 92' lang='lat' dir='ltr'><strong>qui</strong></span> <span class='ocrx_word' id='word_1_160' title='bbox 1374 2383 1510 2450; x_wconf 90' lang='lat' dir='ltr'><strong>_viso</strong></span> <span class='ocrx_word' id='word_1_161' title='bbox 1560 2383 1790 2441; x_wconf 89' lang='lat' dir='ltr'><strong>Domino</strong></span> 
     </span>
    </p>
   </div>
   <div class='ocr_carea' id='block_1_25' title="bbox 208 2462 1791 2544">
    <p class='ocr_par' dir='ltr' id='par_1_25' title="bbox 208 2462 1791 2544">
     <span class='ocr_line' id='line_1_25' title="bbox 208 2462 1791 2544; baseline 0.011 -30"><span class='ocrx_word' id='word_1_162' title='bbox 208 2462 428 2519; x_wconf 86' lang='lat' dir='ltr'><strong>minime</strong></span> <span class='ocrx_word' id='word_1_163' title='bbox 471 2465 847 2536; x_wconf 88' lang='lat' dir='ltr'><strong>crediderunt,</strong></span> <span class='ocrx_word' id='word_1_164' title='bbox 903 2471 1052 2527; x_wconf 91' lang='lat' dir='ltr'><strong>inani</strong></span> <span class='ocrx_word' id='word_1_165' title='bbox 1099 2487 1194 2529; x_wconf 87' lang='lat' dir='ltr'><strong>eos</strong></span> <span class='ocrx_word' id='word_1_166' title='bbox 1247 2473 1612 2544; x_wconf 89' lang='lat' dir='ltr'><strong>trepidatione</strong></span> <span class='ocrx_word' id='word_1_167' title='bbox 1659 2468 1791 2532; x_wconf 81' lang='lat' dir='ltr'><strong>dicit</strong></span> 
     </span>
    </p>
   </div>
   <div class='ocr_carea' id='block_1_26' title="bbox 209 2552 1792 2638">
    <p class='ocr_par' dir='ltr' id='par_1_26' title="bbox 209 2552 1792 2638">
     <span class='ocr_line' id='line_1_26' title="bbox 209 2552 1792 2638; baseline 0.011 -33"><span class='ocrx_word' id='word_1_168' title='bbox 209 2552 460 2610; x_wconf 79' lang='lat' dir='ltr'><strong>confundi</strong></span> <span class='ocrx_word' id='word_1_169' title='bbox 511 2558 601 2629; x_wconf 79' lang='lat' dir='ltr'><strong>qui</strong></span> <span class='ocrx_word' id='word_1_170' title='bbox 645 2557 985 2616; x_wconf 81' lang='lat' dir='ltr'><strong>fructuosum</strong></span> <span class='ocrx_word' id='word_1_171' title='bbox 1028 2563 1280 2620; x_wconf 87' lang='lat' dir='ltr'><strong>timorem</strong></span> <span class='ocrx_word' id='word_1_172' title='bbox 1331 2565 1545 2622; x_wconf 89' lang='lat' dir='ltr'><strong>Domini</strong></span> <span class='ocrx_word' id='word_1_173' title='bbox 1593 2581 1792 2638; x_wconf 62' lang='lat' dir='ltr'><strong>cognoo</strong></span> 
     </span>
    </p>
   </div>
   <div class='ocr_carea' id='block_1_27' title="bbox 210 2647 1790 2716">
    <p class='ocr_par' dir='ltr' id='par_1_27' title="bbox 210 2647 1790 2716">
     <span class='ocr_line' id='line_1_27' title="bbox 210 2647 1790 2716; baseline 0.008 -19"><span class='ocrx_word' id='word_1_174' title='bbox 210 2658 360 2700; x_wconf 87' lang='lat' dir='ltr'><strong>scere</strong></span> <span class='ocrx_word' id='word_1_175' title='bbox 387 2647 704 2716; x_wconf 90' lang='lat' dir='ltr'><strong>noluerunt,</strong></span> <span class='ocrx_word' id='word_1_176' title='bbox 733 2666 920 2707; x_wconf 76' lang='lat' dir='ltr'><strong>eorum</strong></span> <span class='ocrx_word' id='word_1_177' title='bbox 953 2653 1006 2708; x_wconf 91' lang='lat' dir='ltr'><strong>in</strong></span> <span class='ocrx_word' id='word_1_178' title='bbox 1031 2652 1139 2710; x_wconf 85' lang='lat' dir='ltr'><strong>ﬁne</strong></span> <span class='ocrx_word' id='word_1_179' title='bbox 1165 2654 1349 2711; x_wconf 69' lang='lat' dir='ltr'><strong>saeculi</strong></span> <span class='ocrx_word' id='word_1_180' title='bbox 1379 2656 1790 2712; x_wconf 84' lang='lat' dir='ltr'><strong>conversionem</strong></span> 
     </span>
    </p>
   </div>
   <div class='ocr_carea' id='block_1_28' title="bbox 214 2735 529 2804">
    <p class='ocr_par' dir='ltr' id='par_1_28' title="bbox 214 2735 529 2804">
     <span class='ocr_line' id='line_1_28' title="bbox 214 2735 529 2804; baseline 0 -13"><span class='ocrx_word' id='word_1_181' title='bbox 214 2735 529 2804; x_wconf 58' lang='lat' dir='ltr'><strong>praedicens.</strong></span> 
     </span>
    </p>
   </div>
   <div class='ocr_carea' id='block_1_29' title="bbox 347 2823 1400 2911">
    <p class='ocr_par' dir='ltr' id='par_1_29' title="bbox 347 2823 1400 2911">
     <span class='ocr_line' id='line_1_29' title="bbox 347 2823 1400 2911; baseline 0.012 -33"><span class='ocrx_word' id='word_1_182' title='bbox 347 2823 459 2880; x_wconf 73' lang='lat' dir='ltr'><strong>TT.</strong></span> <span class='ocrx_word' id='word_1_183' title='bbox 490 2825 558 2881; x_wconf 84' lang='lat' dir='ltr'><strong>In</strong></span> <span class='ocrx_word' id='word_1_184' title='bbox 585 2829 747 2898; x_wconf 77' lang='lat' dir='ltr'><strong>ﬁnem</strong></span> <span class='ocrx_word' id='word_1_185' title='bbox 778 2846 840 2888; x_wconf 76' lang='grc' dir='ltr'><strong>αι-</strong></span> <span class='ocrx_word' id='word_1_186' title='bbox 875 2831 1125 2889; x_wconf 83' lang='lat' dir='ltr'><strong>Psalmus</strong></span> <span class='ocrx_word' id='word_1_187' title='bbox 1207 2834 1400 2891; x_wconf 76' lang='lat' dir='ltr'><strong>Dat-id.</strong></span> 
     </span>
    </p>
   </div>
   <div class='ocr_carea' id='block_1_30' title="bbox 282 2914 1790 2999">
    <p class='ocr_par' dir='ltr' id='par_1_30' title="bbox 282 2914 1790 2999">
     <span class='ocr_line' id='line_1_30' title="bbox 282 2914 1790 2999; baseline 0.009 -28"><span class='ocrx_word' id='word_1_188' title='bbox 282 2914 324 2972; x_wconf 83' lang='lat' dir='ltr'><strong><em>C</em></strong></span> <span class='ocrx_word' id='word_1_189' title='bbox 359 2917 513 2974; x_wconf 81' lang='lat' dir='ltr'><strong>Finis</strong></span> <span class='ocrx_word' id='word_1_190' title='bbox 561 2920 840 2977; x_wconf 79' lang='lat' dir='ltr'><strong>Christum</strong></span> <span class='ocrx_word' id='word_1_191' title='bbox 887 2925 1180 2997; x_wconf 87' lang='lat' dir='ltr'><strong>signiﬁcat,</strong></span> <span class='ocrx_word' id='word_1_192' title='bbox 1211 2927 1334 2983; x_wconf 89' lang='lat' dir='ltr'><strong>ideo</strong></span> <span class='ocrx_word' id='word_1_193' title='bbox 1364 2927 1681 2999; x_wconf 78' lang='lat' dir='ltr'><strong>frequenter</strong></span> <span class='ocrx_word' id='word_1_194' title='bbox 1706 2943 1790 2985; x_wconf 87' lang='lat' dir='ltr'><strong>re-</strong></span> 
     </span>
    </p>
   </div>
   <div class='ocr_carea' id='block_1_31' title="bbox 219 2998 1867 3087">
    <p class='ocr_par' dir='ltr' id='par_1_31' title="bbox 219 2998 1867 3087">
     <span class='ocr_line' id='line_1_31' title="bbox 219 2998 1867 3087; baseline 0.009 -26"><span class='ocrx_word' id='word_1_195' title='bbox 219 3009 433 3085; x_wconf 80' lang='lat' dir='ltr'><strong>petitur,</strong></span> <span class='ocrx_word' id='word_1_196' title='bbox 471 3021 534 3065; x_wconf 88' lang='lat' dir='ltr'><strong>ut</strong></span> <span class='ocrx_word' id='word_1_197' title='bbox 555 3027 772 3082; x_wconf 86' lang='lat' dir='ltr'><strong>semper</strong></span> <span class='ocrx_word' id='word_1_198' title='bbox 794 3015 858 3069; x_wconf 89' lang='lat' dir='ltr'><strong>ad</strong></span> <span class='ocrx_word' id='word_1_199' title='bbox 886 3014 1323 3087; x_wconf 88' lang='lat' dir='ltr'><strong>Omnipotentem</strong></span> <span class='ocrx_word' id='word_1_200' title='bbox 1360 2998 1636 3076; x_wconf 87' lang='lat' dir='ltr'><strong>audientis</strong></span> <span class='ocrx_word' id='word_1_201' title='bbox 1679 3021 1795 3076; x_wconf 81' lang='lat' dir='ltr'><strong>ani-</strong></span> <span class='ocrx_word' id='word_1_202' title='bbox 1823 2998 1867 3060; x_wconf 67' lang='grc' dir='ltr'>(ἶ</span> 
     </span>
    </p>
   </div>
   <div class='ocr_carea' id='block_1_32' title="bbox 220 3104 1794 3175">
    <p class='ocr_par' dir='ltr' id='par_1_32' title="bbox 220 3104 1794 3175">
     <span class='ocr_line' id='line_1_32' title="bbox 220 3104 1794 3175; baseline 0.006 -18"><span class='ocrx_word' id='word_1_203' title='bbox 220 3115 333 3157; x_wconf 87' lang='lat' dir='ltr'><strong>mus</strong></span> <span class='ocrx_word' id='word_1_204' title='bbox 357 3104 622 3172; x_wconf 79' lang='lat' dir='ltr'><strong>erigatur.</strong></span> <span class='ocrx_word' id='word_1_205' title='bbox 673 3106 716 3161; x_wconf 74' lang='grc' dir='ltr'><strong>Ο</strong></span> <span class='ocrx_word' id='word_1_206' title='bbox 752 3106 1001 3164; x_wconf 86' lang='lat' dir='ltr'><strong>Psalmus</strong></span> <span class='ocrx_word' id='word_1_207' title='bbox 1031 3109 1154 3175; x_wconf 88' lang='lat' dir='ltr'><strong>iste,</strong></span> <span class='ocrx_word' id='word_1_208' title='bbox 1182 3109 1493 3166; x_wconf 69' lang='lat' dir='ltr'><strong>Judazorum</strong></span> <span class='ocrx_word' id='word_1_209' title='bbox 1518 3112 1794 3168; x_wconf 78' lang='lat' dir='ltr'><strong>vesaniam</strong></span> 
     </span>
    </p>
   </div>
   <div class='ocr_carea' id='block_1_33' title="bbox 218 3193 1793 3273">
    <p class='ocr_par' dir='ltr' id='par_1_33' title="bbox 218 3193 1793 3273">
     <span class='ocr_line' id='line_1_33' title="bbox 218 3193 1793 3273; baseline 0.009 -28"><span class='ocrx_word' id='word_1_210' title='bbox 218 3193 519 3251; x_wconf 75' lang='lat' dir='ltr'><strong>vehementi</strong></span> <span class='ocrx_word' id='word_1_211' title='bbox 545 3198 916 3270; x_wconf 84' lang='lat' dir='ltr'><strong>increpatione</strong></span> <span class='ocrx_word' id='word_1_212' title='bbox 928 3203 1182 3273; x_wconf 79' lang='lat' dir='ltr'><strong>castigat,</strong></span> <span class='ocrx_word' id='word_1_213' title='bbox 1199 3217 1359 3272; x_wconf 86' lang='lat' dir='ltr'><strong>asper</strong></span> <span class='ocrx_word' id='word_1_214' title='bbox 1381 3202 1793 3267; x_wconf 85' lang='lat' dir='ltr'><strong>invectionibus,</strong></span> 
     </span>
    </p>
   </div>
   <div class='ocr_carea' id='block_1_34' title="bbox 220 3285 1798 3357">
    <p class='ocr_par' dir='ltr' id='par_1_34' title="bbox 220 3285 1798 3357">
     <span class='ocr_line' id='line_1_34' title="bbox 220 3285 1798 3357; baseline 0.008 -20"><span class='ocrx_word' id='word_1_215' title='bbox 220 3285 474 3342; x_wconf 86' lang='lat' dir='ltr'><strong>terribilis</strong></span> <span class='ocrx_word' id='word_1_216' title='bbox 522 3287 792 3357; x_wconf 79' lang='lat' dir='ltr'><strong>profanis,</strong></span> <span class='ocrx_word' id='word_1_217' title='bbox 835 3307 1058 3348; x_wconf 88' lang='lat' dir='ltr'><strong>amarus</strong></span> <span class='ocrx_word' id='word_1_218' title='bbox 1106 3293 1426 3357; x_wconf 86' lang='lat' dir='ltr'><strong>incredulis,</strong></span> <span class='ocrx_word' id='word_1_219' title='bbox 1463 3302 1523 3349; x_wconf 88' lang='lat' dir='ltr'><strong>ut</strong></span> <span class='ocrx_word' id='word_1_220' title='bbox 1554 3296 1668 3350; x_wconf 66' lang='lat' dir='ltr'><strong>huic</strong></span> <span class='ocrx_word' id='word_1_221' title='bbox 1713 3295 1798 3350; x_wconf 62' lang='lat' dir='ltr'><strong>in.</strong></span> 
     </span>
    </p>
   </div>
   <div class='ocr_carea' id='block_1_35' title="bbox 217 3377 1574 3446">
    <p class='ocr_par' dir='ltr' id='par_1_35' title="bbox 217 3377 1574 3446">
     <span class='ocr_line' id='line_1_35' title="bbox 217 3377 1574 3446; baseline 0.011 -18"><span class='ocrx_word' id='word_1_222' title='bbox 217 3377 453 3446; x_wconf 80' lang='lat' dir='ltr'><strong>crepatio</strong></span> <span class='ocrx_word' id='word_1_223' title='bbox 484 3381 681 3436; x_wconf 88' lang='lat' dir='ltr'><strong>merito</strong></span> <span class='ocrx_word' id='word_1_224' title='bbox 709 3382 864 3438; x_wconf 87' lang='lat' dir='ltr'><strong>detur</strong></span> <span class='ocrx_word' id='word_1_225' title='bbox 893 3383 1172 3440; x_wconf 58' lang='lat' dir='ltr'><strong>Ecclesia.</strong></span> <span class='ocrx_word' id='word_1_226' title='bbox 1569 3394 1574 3398; x_wconf 86' lang='grc'><strong>’</strong></span> 
     </span>
    </p>
   </div>
   <div class='ocr_carea' id='block_1_36' title="bbox 219 3468 1209 3544">
    <p class='ocr_par' dir='ltr' id='par_1_36' title="bbox 219 3468 1209 3544">
     <span class='ocr_line' id='line_1_36' title="bbox 219 3468 1209 3544; baseline 0.013 -22"><span class='ocrx_word' id='word_1_227' title='bbox 219 3468 244 3522; x_wconf 79' lang='lat' dir='ltr'><strong>l</strong></span> <span class='ocrx_word' id='word_1_228' title='bbox 349 3469 503 3526; x_wconf 74' lang='lat' dir='ltr'><strong>Dixit</strong></span> <span class='ocrx_word' id='word_1_229' title='bbox 529 3474 780 3544; x_wconf 80' lang='lat' dir='ltr'><strong>insipiens</strong></span> <span class='ocrx_word' id='word_1_230' title='bbox 811 3477 864 3530; x_wconf 91' lang='lat' dir='ltr'><strong>in</strong></span> <span class='ocrx_word' id='word_1_231' title='bbox 889 3479 1046 3532; x_wconf 85' lang='lat' dir='ltr'><strong>corde</strong></span> <span class='ocrx_word' id='word_1_232' title='bbox 1072 3495 1168 3532; x_wconf 87' lang='lat' dir='ltr'><strong>suo</strong></span> <span class='ocrx_word' id='word_1_233' title='bbox 1191 3493 1209 3536; x_wconf 87' lang='lat'><strong>.&#39;</strong></span> 
     </span>
    </p>
   </div>
   <div class='ocr_carea' id='block_1_37' title="bbox 356 3561 764 3619">
    <p class='ocr_par' dir='ltr' id='par_1_37' title="bbox 356 3561 764 3619">
     <span class='ocr_line' id='line_1_37' title="bbox 356 3561 764 3619; baseline 0.007 -3"><span class='ocrx_word' id='word_1_234' title='bbox 356 3561 481 3616; x_wconf 81' lang='lat' dir='ltr'><strong>Non</strong></span> <span class='ocrx_word' id='word_1_235' title='bbox 506 3575 581 3618; x_wconf 88' lang='lat' dir='ltr'><strong>est</strong></span> <span class='ocrx_word' id='word_1_236' title='bbox 604 3563 764 3619; x_wconf 84' lang='lat' dir='ltr'><strong>Dens.</strong></span> 
     </span>
    </p>
   </div>
   <div class='ocr_carea' id='block_1_38' title="bbox 282 3651 1800 3728">
    <p class='ocr_par' dir='ltr' id='par_1_38' title="bbox 282 3651 1800 3728">
     <span class='ocr_line' id='line_1_38' title="bbox 282 3651 1800 3728; baseline 0.009 -20"><span class='ocrx_word' id='word_1_237' title='bbox 282 3651 324 3708; x_wconf 92' lang='lat' dir='ltr'><strong>C</strong></span> <span class='ocrx_word' id='word_1_238' title='bbox 369 3654 572 3710; x_wconf 83' lang='lat' dir='ltr'><strong>Videns</strong></span> <span class='ocrx_word' id='word_1_239' title='bbox 617 3658 826 3728; x_wconf 82' lang='lat' dir='ltr'><strong>pupulis</strong></span> <span class='ocrx_word' id='word_1_240' title='bbox 864 3659 1170 3717; x_wconf 67' lang='lat' dir='ltr'><strong>Iudaeorum</strong></span> <span class='ocrx_word' id='word_1_241' title='bbox 1206 3663 1481 3719; x_wconf 85' lang='lat' dir='ltr'><strong>Christum</strong></span> <span class='ocrx_word' id='word_1_242' title='bbox 1521 3666 1800 3722; x_wconf 88' lang='lat' dir='ltr'><strong>humiliter</strong></span> 
     </span>
    </p>
   </div>
   <div class='ocr_carea' id='block_1_39' title="bbox 218 3744 1798 3828">
    <p class='ocr_par' dir='ltr' id='par_1_39' title="bbox 218 3744 1798 3828">
     <span class='ocr_line' id='line_1_39' title="bbox 218 3744 1798 3828; baseline 0.01 -32"><span class='ocrx_word' id='word_1_243' title='bbox 218 3744 429 3801; x_wconf 82' lang='lat' dir='ltr'><strong>venisse</strong></span> <span class='ocrx_word' id='word_1_244' title='bbox 474 3747 656 3803; x_wconf 79' lang='lat' dir='ltr'><strong>dixit:</strong></span> <span class='ocrx_word' id='word_1_245' title='bbox 687 3748 804 3805; x_wconf 82' lang='lat' dir='ltr'><strong>Non</strong></span> <span class='ocrx_word' id='word_1_246' title='bbox 851 3761 934 3808; x_wconf 88' lang='lat' dir='ltr'><strong>est</strong></span> <span class='ocrx_word' id='word_1_247' title='bbox 960 3753 1122 3820; x_wconf 89' lang='lat' dir='ltr'><strong>Deus,</strong></span> <span class='ocrx_word' id='word_1_248' title='bbox 1171 3770 1270 3811; x_wconf 91' lang='lat' dir='ltr'><strong>nec</strong></span> <span class='ocrx_word' id='word_1_249' title='bbox 1317 3755 1583 3812; x_wconf 82' lang='lat' dir='ltr'><strong>intellexit</strong></span> <span class='ocrx_word' id='word_1_250' title='bbox 1622 3757 1798 3828; x_wconf 91' lang='lat' dir='ltr'><strong>ipsum</strong></span> 
     </span>
    </p>
   </div>
   <div class='ocr_carea' id='block_1_40' title="bbox 218 3839 1801 3924">
    <p class='ocr_par' dir='ltr' id='par_1_40' title="bbox 218 3839 1801 3924">
     <span class='ocr_line' id='line_1_40' title="bbox 218 3839 1801 3924; baseline 0.01 -33"><span class='ocrx_word' id='word_1_251' title='bbox 218 3850 337 3892; x_wconf 86' lang='lat' dir='ltr'><strong>esse</strong></span> <span class='ocrx_word' id='word_1_252' title='bbox 362 3839 454 3908; x_wconf 85' lang='lat' dir='ltr'><strong>qui</strong></span> <span class='ocrx_word' id='word_1_253' title='bbox 489 3855 519 3894; x_wconf 86' lang='lat' dir='ltr'><strong>a</strong></span> <span class='ocrx_word' id='word_1_254' title='bbox 557 3843 835 3912; x_wconf 88' lang='lat' dir='ltr'><strong>prophetis</strong></span> <span class='ocrx_word' id='word_1_255' title='bbox 869 3847 1160 3916; x_wconf 75' lang='lat' dir='ltr'><strong>przedictus</strong></span> <span class='ocrx_word' id='word_1_256' title='bbox 1188 3858 1292 3905; x_wconf 90' lang='lat' dir='ltr'><strong>est.</strong></span> <span class='ocrx_word' id='word_1_257' title='bbox 1322 3849 1390 3904; x_wconf 86' lang='lat' dir='ltr'><strong>Et</strong></span> <span class='ocrx_word' id='word_1_258' title='bbox 1420 3851 1540 3906; x_wconf 88' lang='lat' dir='ltr'><strong>ideo</strong></span> <span class='ocrx_word' id='word_1_259' title='bbox 1579 3851 1801 3924; x_wconf 89' lang='lat' dir='ltr'><strong>insuper</strong></span> 
     </span>
    </p>
   </div>
   <div class='ocr_carea' id='block_1_41' title="bbox 217 3931 1799 4009">
    <p class='ocr_par' dir='ltr' id='par_1_41' title="bbox 217 3931 1799 4009">
     <span class='ocr_line' id='line_1_41' title="bbox 217 3931 1799 4009; baseline 0.011 -27"><span class='ocrx_word' id='word_1_260' title='bbox 217 3931 434 3998; x_wconf 87' lang='lat' dir='ltr'><strong>gravius</strong></span> <span class='ocrx_word' id='word_1_261' title='bbox 476 3941 578 3997; x_wconf 89' lang='lat' dir='ltr'><strong>est,</strong></span> <span class='ocrx_word' id='word_1_262' title='bbox 608 3935 733 4002; x_wconf 85' lang='lat' dir='ltr'><strong>quia</strong></span> <span class='ocrx_word' id='word_1_263' title='bbox 765 3936 1021 3993; x_wconf 80' lang='lat' dir='ltr'><strong>dixerunt</strong></span> <span class='ocrx_word' id='word_1_264' title='bbox 1050 3939 1152 3994; x_wconf 89' lang='lat' dir='ltr'><strong>hoc</strong></span> <span class='ocrx_word' id='word_1_265' title='bbox 1185 3956 1292 3996; x_wconf 92' lang='lat' dir='ltr'><strong>non</strong></span> <span class='ocrx_word' id='word_1_266' title='bbox 1319 3941 1373 3995; x_wconf 92' lang='lat' dir='ltr'><strong>in</strong></span> <span class='ocrx_word' id='word_1_267' title='bbox 1405 3941 1584 4009; x_wconf 88' lang='lat' dir='ltr'><strong>labiis,</strong></span> <span class='ocrx_word' id='word_1_268' title='bbox 1621 3943 1714 3998; x_wconf 88' lang='lat' dir='ltr'><strong>sed</strong></span> <span class='ocrx_word' id='word_1_269' title='bbox 1744 3944 1799 3999; x_wconf 86' lang='lat' dir='ltr'><strong>in</strong></span> 
     </span>
    </p>
   </div>
   <div class='ocr_carea' id='block_1_42' title="bbox 218 4019 1799 4103">
    <p class='ocr_par' dir='ltr' id='par_1_42' title="bbox 218 4019 1799 4103">
     <span class='ocr_line' id='line_1_42' title="bbox 218 4019 1799 4103; baseline 0.009 -30"><span class='ocrx_word' id='word_1_270' title='bbox 218 4019 397 4084; x_wconf 84' lang='lat' dir='ltr'><strong>corde,</strong></span> <span class='ocrx_word' id='word_1_271' title='bbox 429 4029 490 4075; x_wconf 88' lang='lat' dir='ltr'><strong>ut</strong></span> <span class='ocrx_word' id='word_1_272' title='bbox 532 4022 675 4078; x_wconf 88' lang='lat' dir='ltr'><strong>malo</strong></span> <span class='ocrx_word' id='word_1_273' title='bbox 717 4034 844 4080; x_wconf 91' lang='lat' dir='ltr'><strong>voto</strong></span> <span class='ocrx_word' id='word_1_274' title='bbox 883 4026 1037 4096; x_wconf 84' lang='lat' dir='ltr'><strong>pejor</strong></span> <span class='ocrx_word' id='word_1_275' title='bbox 1075 4029 1432 4086; x_wconf 87' lang='lat' dir='ltr'><strong>incredulitas</strong></span> <span class='ocrx_word' id='word_1_276' title='bbox 1455 4029 1799 4103; x_wconf 73' lang='lat' dir='ltr'><strong>iungeretur.</strong></span> 
     </span>
    </p>
   </div>
   <div class='ocr_carea' id='block_1_43' title="bbox 218 4110 1799 4190">
    <p class='ocr_par' dir='ltr' id='par_1_43' title="bbox 218 4110 1799 4190">
     <span class='ocr_line' id='line_1_43' title="bbox 218 4110 1799 4190; baseline 0.009 -26"><span class='ocrx_word' id='word_1_277' title='bbox 218 4111 261 4164; x_wconf 75' lang='grc' dir='ltr'><strong>Δ</strong></span> <span class='ocrx_word' id='word_1_278' title='bbox 301 4110 396 4166; x_wconf 73' lang='lat' dir='ltr'><strong>Vel</strong></span> <span class='ocrx_word' id='word_1_279' title='bbox 426 4113 691 4186; x_wconf 84' lang='lat' dir='ltr'><strong>insipiens</strong></span> <span class='ocrx_word' id='word_1_280' title='bbox 737 4118 901 4174; x_wconf 87' lang='lat' dir='ltr'><strong>etiam</strong></span> <span class='ocrx_word' id='word_1_281' title='bbox 940 4120 1157 4190; x_wconf 76' lang='lat' dir='ltr'><strong>gentilis</strong></span> <span class='ocrx_word' id='word_1_282' title='bbox 1204 4115 1425 4188; x_wconf 87' lang='lat' dir='ltr'><strong>dicitur,</strong></span> <span class='ocrx_word' id='word_1_283' title='bbox 1471 4122 1642 4180; x_wconf 90' lang='lat' dir='ltr'><strong>Deum</strong></span> <span class='ocrx_word' id='word_1_284' title='bbox 1691 4139 1799 4179; x_wconf 91' lang='lat' dir='ltr'><strong>non</strong></span> 
     </span>
    </p>
   </div>
   <div class='ocr_carea' id='block_1_44' title="bbox 219 4207 1799 4283">
    <p class='ocr_par' dir='ltr' id='par_1_44' title="bbox 219 4207 1799 4283">
     <span class='ocr_line' id='line_1_44' title="bbox 219 4207 1799 4283; baseline 0.01 -29"><span class='ocrx_word' id='word_1_285' title='bbox 219 4214 335 4256; x_wconf 87' lang='lat' dir='ltr'><strong>esse</strong></span> <span class='ocrx_word' id='word_1_286' title='bbox 373 4213 596 4272; x_wconf 86' lang='lat' dir='ltr'><strong>putans,</strong></span> <span class='ocrx_word' id='word_1_287' title='bbox 638 4207 730 4276; x_wconf 86' lang='lat' dir='ltr'><strong>qui</strong></span> <span class='ocrx_word' id='word_1_288' title='bbox 774 4217 1065 4279; x_wconf 89' lang='lat' dir='ltr'><strong>corruptus</strong></span> <span class='ocrx_word' id='word_1_289' title='bbox 1103 4219 1187 4266; x_wconf 89' lang='lat' dir='ltr'><strong>est</strong></span> <span class='ocrx_word' id='word_1_290' title='bbox 1235 4221 1437 4278; x_wconf 91' lang='lat' dir='ltr'><strong>mente,</strong></span> <span class='ocrx_word' id='word_1_291' title='bbox 1464 4211 1668 4283; x_wconf 87' lang='lat' dir='ltr'><strong>lignum</strong></span> <span class='ocrx_word' id='word_1_292' title='bbox 1695 4214 1799 4270; x_wconf 89' lang='lat' dir='ltr'><strong>sibi</strong></span> 
     </span>
    </p>
   </div>
   <div class='ocr_carea' id='block_1_45' title="bbox 221 4289 638 4350">
    <p class='ocr_par' dir='ltr' id='par_1_45' title="bbox 221 4289 638 4350">
     <span class='ocr_line' id='line_1_45' title="bbox 221 4289 638 4350; baseline 0.014 -6"><span class='ocrx_word' id='word_1_293' title='bbox 221 4289 382 4347; x_wconf 88' lang='lat' dir='ltr'><strong>Deum</strong></span> <span class='ocrx_word' id='word_1_294' title='bbox 411 4292 638 4350; x_wconf 79' lang='lat' dir='ltr'><strong>faciens.</strong></span> 
     </span>
    </p>
   </div>
   <div class='ocr_carea' id='block_1_46' title="bbox 220 4381 1799 4464">
    <p class='ocr_par' dir='ltr' id='par_1_46' title="bbox 220 4381 1799 4464">
     <span class='ocr_line' id='line_1_46' title="bbox 220 4381 1799 4464; baseline 0.011 -31"><span class='ocrx_word' id='word_1_295' title='bbox 220 4381 254 4433; x_wconf 66' lang='grc' dir='ltr'><strong>Ξ</strong></span> <span class='ocrx_word' id='word_1_296' title='bbox 357 4383 604 4456; x_wconf 83' lang='lat' dir='ltr'><strong>Corrupti</strong></span> <span class='ocrx_word' id='word_1_297' title='bbox 641 4401 763 4444; x_wconf 84' lang='lat' dir='ltr'><strong>sunt</strong></span> <span class='ocrx_word' id='word_1_298' title='bbox 807 4401 856 4444; x_wconf 87' lang='lat' dir='ltr'><strong>et</strong></span> <span class='ocrx_word' id='word_1_299' title='bbox 895 4392 1275 4451; x_wconf 78' lang='lat' dir='ltr'><strong>abominabiles</strong></span> <span class='ocrx_word' id='word_1_300' title='bbox 1305 4394 1436 4464; x_wconf 87' lang='lat' dir='ltr'><strong>facti</strong></span> <span class='ocrx_word' id='word_1_301' title='bbox 1464 4406 1585 4452; x_wconf 87' lang='lat' dir='ltr'><strong>sunt</strong></span> <span class='ocrx_word' id='word_1_302' title='bbox 1609 4397 1662 4451; x_wconf 88' lang='lat' dir='ltr'><strong>in</strong></span> <span class='ocrx_word' id='word_1_303' title='bbox 1684 4406 1799 4451; x_wconf 85' lang='lat' dir='ltr'><strong>stu-</strong></span> 
     </span>
    </p>
   </div>
   <div class='ocr_carea' id='block_1_47' title="bbox 428 4480 802 4552">
    <p class='ocr_par' dir='ltr' id='par_1_47' title="bbox 428 4480 802 4552">
     <span class='ocr_line' id='line_1_47' title="bbox 428 4480 802 4552; baseline 0.013 -22"><span class='ocrx_word' id='word_1_304' title='bbox 428 4480 531 4534; x_wconf 87' lang='lat' dir='ltr'><strong>diis</strong></span> <span class='ocrx_word' id='word_1_305' title='bbox 558 4495 616 4538; x_wconf 73' lang='lat'><em>+</em></span> <span class='ocrx_word' id='word_1_306' title='bbox 642 4484 753 4536; x_wconf 82' lang='lat' dir='ltr'><strong>suis</strong></span> <span class='ocrx_word' id='word_1_307' title='bbox 786 4484 802 4552; x_wconf 69' lang='grc' dir='ltr'>ξ</span> 
     </span>
    </p>
   </div>
   <div class='ocr_carea' id='block_1_48' title="bbox 359 4570 1802 4656">
    <p class='ocr_par' dir='ltr' id='par_1_48' title="bbox 359 4570 1802 4656">
     <span class='ocr_line' id='line_1_48' title="bbox 359 4570 1802 4656; baseline 0.008 -32"><span class='ocrx_word' id='word_1_308' title='bbox 359 4570 481 4626; x_wconf 75' lang='lat' dir='ltr'><strong>Non</strong></span> <span class='ocrx_word' id='word_1_309' title='bbox 524 4584 600 4626; x_wconf 84' lang='lat' dir='ltr'><strong>est</strong></span> <span class='ocrx_word' id='word_1_310' title='bbox 636 4577 725 4644; x_wconf 85' lang='lat' dir='ltr'><strong>qui</strong></span> <span class='ocrx_word' id='word_1_311' title='bbox 768 4575 936 4646; x_wconf 78' lang='lat' dir='ltr'><strong>faciat</strong></span> <span class='ocrx_word' id='word_1_312' title='bbox 982 4579 1173 4633; x_wconf 88' lang='lat' dir='ltr'><strong>bonum</strong></span> <span class='ocrx_word' id='word_1_313' title='bbox 1203 4593 1264 4633; x_wconf 65' lang='grc' dir='ltr'><strong>-ξ-</strong></span> <span class='ocrx_word' id='word_1_314' title='bbox 1291 4597 1396 4634; x_wconf 88' lang='lat' dir='ltr'><strong>non</strong></span> <span class='ocrx_word' id='word_1_315' title='bbox 1422 4591 1495 4636; x_wconf 91' lang='lat' dir='ltr'><strong>est</strong></span> <span class='ocrx_word' id='word_1_316' title='bbox 1529 4598 1691 4656; x_wconf 80' lang='lat' dir='ltr'><strong>usque</strong></span> <span class='ocrx_word' id='word_1_317' title='bbox 1733 4581 1802 4635; x_wconf 84' lang='lat' dir='ltr'><strong>ad</strong></span> 
     </span>
    </p>
   </div>
   <div class='ocr_carea' id='block_1_49' title="bbox 429 4679 1040 4743">
    <p class='ocr_par' dir='ltr' id='par_1_49' title="bbox 429 4679 1040 4743">
     <span class='ocr_line' id='line_1_49' title="bbox 429 4679 1040 4743; baseline 0.003 -27"><span class='ocrx_word' id='word_1_318' title='bbox 429 4679 592 4717; x_wconf 67' lang='lat' dir='ltr'><strong>meum</strong></span> <span class='ocrx_word' id='word_1_319' title='bbox 629 4718 645 4734; x_wconf 52' lang='grc' dir='ltr'><strong>ο</strong></span> <span class='ocrx_word' id='word_1_320' title='bbox 679 4702 694 4718; x_wconf 92' lang='grc'><strong>.</strong></span> <span class='ocrx_word' id='word_1_321' title='bbox 1035 4737 1040 4743; x_wconf 30' lang='grc'>.</span> 
     </span>
    </p>
   </div>
   <div class='ocr_carea' id='block_1_50' title="bbox 295 4747 1806 4835">
    <p class='ocr_par' dir='ltr' id='par_1_50' title="bbox 295 4747 1806 4835">
     <span class='ocr_line' id='line_1_50' title="bbox 295 4747 1806 4835; baseline 0.006 -28"><span class='ocrx_word' id='word_1_322' title='bbox 295 4748 333 4803; x_wconf 78' lang='grc' dir='ltr'><strong>η</strong></span> <span class='ocrx_word' id='word_1_323' title='bbox 370 4747 425 4808; x_wconf 87' lang='lat' dir='ltr'><strong>Si</strong></span> <span class='ocrx_word' id='word_1_324' title='bbox 459 4757 608 4811; x_wconf 90' lang='lat' dir='ltr'><strong>enim</strong></span> <span class='ocrx_word' id='word_1_325' title='bbox 653 4758 904 4814; x_wconf 81' lang='lat' dir='ltr'><strong>notitiam</strong></span> <span class='ocrx_word' id='word_1_326' title='bbox 935 4761 1257 4817; x_wconf 85' lang='lat' dir='ltr'><strong>habuissent</strong></span> <span class='ocrx_word' id='word_1_327' title='bbox 1286 4763 1400 4829; x_wconf 88' lang='lat' dir='ltr'><strong>Dei,</strong></span> <span class='ocrx_word' id='word_1_328' title='bbox 1439 4763 1679 4835; x_wconf 85' lang='lat' dir='ltr'><strong>corrupti</strong></span> <span class='ocrx_word' id='word_1_329' title='bbox 1708 4779 1806 4832; x_wconf 87' lang='lat' dir='ltr'><strong>per</strong></span> 
     </span>
    </p>
   </div>
   <div class='ocr_carea' id='block_1_51' title="bbox 231 4837 1798 4917">
    <p class='ocr_par' dir='ltr' id='par_1_51' title="bbox 231 4837 1798 4917">
     <span class='ocr_line' id='line_1_51' title="bbox 231 4837 1798 4917; baseline 0.013 -27"><span class='ocrx_word' id='word_1_330' title='bbox 231 4837 590 4904; x_wconf 83' lang='lat' dir='ltr'><strong>inﬁdelitatem</strong></span> <span class='ocrx_word' id='word_1_331' title='bbox 637 4856 692 4903; x_wconf 90' lang='lat' dir='ltr'><strong>et</strong></span> <span class='ocrx_word' id='word_1_332' title='bbox 736 4849 1150 4917; x_wconf 86' lang='lat' dir='ltr'><strong>abominabiles,</strong></span> <span class='ocrx_word' id='word_1_333' title='bbox 1202 4852 1254 4908; x_wconf 90' lang='lat' dir='ltr'><strong>id</strong></span> <span class='ocrx_word' id='word_1_334' title='bbox 1299 4864 1382 4910; x_wconf 82' lang='lat' dir='ltr'><strong>est</strong></span> <span class='ocrx_word' id='word_1_335' title='bbox 1429 4855 1658 4912; x_wconf 90' lang='lat' dir='ltr'><strong>odibiles</strong></span> <span class='ocrx_word' id='word_1_336' title='bbox 1692 4869 1798 4910; x_wconf 89' lang='lat' dir='ltr'><strong>non</strong></span> 
     </span>
    </p>
   </div>
   <div class='ocr_carea' id='block_1_52' title="bbox 232 4927 1801 5012">
    <p class='ocr_par' dir='ltr' id='par_1_52' title="bbox 232 4927 1801 5012">
     <span class='ocr_line' id='line_1_52' title="bbox 232 4927 1801 5012; baseline 0.012 -31"><span class='ocrx_word' id='word_1_337' title='bbox 232 4927 456 4992; x_wconf 75' lang='lat' dir='ltr'><strong>fuissent.</strong></span> <span class='ocrx_word' id='word_1_338' title='bbox 506 4937 632 4994; x_wconf 80' lang='lat' dir='ltr'><strong>Non</strong></span> <span class='ocrx_word' id='word_1_339' title='bbox 673 4947 758 4994; x_wconf 90' lang='lat' dir='ltr'><strong>est</strong></span> <span class='ocrx_word' id='word_1_340' title='bbox 807 4956 974 5012; x_wconf 90' lang='lat' dir='ltr'><strong>usque</strong></span> <span class='ocrx_word' id='word_1_341' title='bbox 1015 4945 1080 4998; x_wconf 90' lang='lat' dir='ltr'><strong>ad</strong></span> <span class='ocrx_word' id='word_1_342' title='bbox 1122 4958 1311 4999; x_wconf 91' lang='lat' dir='ltr'><strong>unum.</strong></span> <span class='ocrx_word' id='word_1_343' title='bbox 1343 4944 1384 5001; x_wconf 89' lang='lat' dir='ltr'>C</span> <span class='ocrx_word' id='word_1_344' title='bbox 1411 4945 1622 5004; x_wconf 78' lang='lat' dir='ltr'><strong>Revera</strong></span> <span class='ocrx_word' id='word_1_345' title='bbox 1655 4945 1801 5000; x_wconf 91' lang='lat' dir='ltr'><strong>solus</strong></span> 
     </span>
    </p>
   </div>
   <div class='ocr_carea' id='block_1_53' title="bbox 225 5021 1799 5108">
    <p class='ocr_par' dir='ltr' id='par_1_53' title="bbox 225 5021 1799 5108">
     <span class='ocr_line' id='line_1_53' title="bbox 225 5021 1799 5108; baseline 0.007 -32"><span class='ocrx_word' id='word_1_346' title='bbox 225 5021 452 5084; x_wconf 87' lang='lat' dir='ltr'><strong>Christus</strong></span> <span class='ocrx_word' id='word_1_347' title='bbox 480 5037 592 5093; x_wconf 89' lang='lat' dir='ltr'><strong>est,</strong></span> <span class='ocrx_word' id='word_1_348' title='bbox 634 5031 753 5084; x_wconf 91' lang='lat' dir='ltr'><strong>sine</strong></span> <span class='ocrx_word' id='word_1_349' title='bbox 778 5046 884 5100; x_wconf 92' lang='lat' dir='ltr'><strong>quo</strong></span> <span class='ocrx_word' id='word_1_350' title='bbox 912 5033 1128 5105; x_wconf 87' lang='lat' dir='ltr'><strong>aliquod</strong></span> <span class='ocrx_word' id='word_1_351' title='bbox 1175 5033 1371 5088; x_wconf 88' lang='lat' dir='ltr'><strong>bonum</strong></span> <span class='ocrx_word' id='word_1_352' title='bbox 1423 5039 1503 5094; x_wconf 89' lang='lat' dir='ltr'><strong>vel</strong></span> <span class='ocrx_word' id='word_1_353' title='bbox 1559 5035 1799 5108; x_wconf 85' lang='lat' dir='ltr'><strong>incipere</strong></span> 
     </span>
    </p>
   </div>
   <div class='ocr_carea' id='block_1_54' title="bbox 222 5118 1797 5192">
    <p class='ocr_par' dir='ltr' id='par_1_54' title="bbox 222 5118 1797 5192">
     <span class='ocr_line' id='line_1_54' title="bbox 222 5118 1797 5192; baseline 0.008 -22"><span class='ocrx_word' id='word_1_354' title='bbox 222 5118 292 5170; x_wconf 85' lang='lat' dir='ltr'><strong>vel</strong></span> <span class='ocrx_word' id='word_1_355' title='bbox 322 5119 551 5192; x_wconf 90' lang='lat' dir='ltr'><strong>implere</strong></span> <span class='ocrx_word' id='word_1_356' title='bbox 583 5121 771 5176; x_wconf 89' lang='lat' dir='ltr'><strong>nullus</strong></span> <span class='ocrx_word' id='word_1_357' title='bbox 813 5125 969 5180; x_wconf 89' lang='lat' dir='ltr'><strong>valet.</strong></span> <span class='ocrx_word' id='word_1_358' title='bbox 1011 5129 1135 5184; x_wconf 81' lang='lat' dir='ltr'><strong>Alia</strong></span> <span class='ocrx_word' id='word_1_359' title='bbox 1182 5126 1359 5184; x_wconf 88' lang='lat' dir='ltr'><strong>littera</strong></span> <span class='ocrx_word' id='word_1_360' title='bbox 1397 5133 1560 5189; x_wconf 87' lang='lat' dir='ltr'><strong>habet</strong></span> <span class='ocrx_word' id='word_1_361' title='bbox 1609 5149 1622 5184; x_wconf 89' lang='lat'><strong>:</strong></span> <span class='ocrx_word' id='word_1_362' title='bbox 1664 5129 1797 5182; x_wconf 83' lang='lat' dir='ltr'><strong>Cor-</strong></span> 
     </span>
    </p>
   </div>
   <div class='ocr_carea' id='block_1_55' title="bbox 217 5212 1797 5280">
    <p class='ocr_par' dir='ltr' id='par_1_55' title="bbox 217 5212 1797 5280">
     <span class='ocr_line' id='line_1_55' title="bbox 217 5212 1797 5280; baseline 0.003 -14"><span class='ocrx_word' id='word_1_363' title='bbox 217 5213 346 5280; x_wconf 81' lang='lat' dir='ltr'><strong>rupti</strong></span> <span class='ocrx_word' id='word_1_364' title='bbox 401 5224 534 5270; x_wconf 88' lang='lat' dir='ltr'><strong>sunt</strong></span> <span class='ocrx_word' id='word_1_365' title='bbox 594 5215 650 5269; x_wconf 93' lang='lat' dir='ltr'><strong>in</strong></span> <span class='ocrx_word' id='word_1_366' title='bbox 707 5212 1074 5276; x_wconf 85' lang='lat' dir='ltr'><strong>voluntatibus</strong></span> <span class='ocrx_word' id='word_1_367' title='bbox 1123 5219 1256 5274; x_wconf 87' lang='lat' dir='ltr'><strong>suis.</strong></span> <span class='ocrx_word' id='word_1_368' title='bbox 1309 5221 1574 5279; x_wconf 78' lang='lat' dir='ltr'><strong>Voluntas</strong></span> <span class='ocrx_word' id='word_1_369' title='bbox 1614 5227 1797 5274; x_wconf 89' lang='lat' dir='ltr'><strong>autem</strong></span> 
     </span>
    </p>
   </div>
   <div class='ocr_carea' id='block_1_56' title="bbox 217 5302 1803 5370">
    <p class='ocr_par' dir='ltr' id='par_1_56' title="bbox 217 5302 1803 5370">
     <span class='ocr_line' id='line_1_56' title="bbox 217 5302 1803 5370; baseline 0.003 -15"><span class='ocrx_word' id='word_1_370' title='bbox 217 5302 343 5358; x_wconf 85' lang='lat' dir='ltr'><strong>dicta</strong></span> <span class='ocrx_word' id='word_1_371' title='bbox 390 5316 477 5361; x_wconf 88' lang='lat' dir='ltr'><strong>est</strong></span> <span class='ocrx_word' id='word_1_372' title='bbox 503 5321 534 5359; x_wconf 86' lang='lat' dir='ltr'><strong>a</strong></span> <span class='ocrx_word' id='word_1_373' title='bbox 565 5305 776 5370; x_wconf 84' lang='lat' dir='ltr'><strong>volatu,</strong></span> <span class='ocrx_word' id='word_1_374' title='bbox 807 5311 1057 5370; x_wconf 88' lang='lat' dir='ltr'><strong>quoniam</strong></span> <span class='ocrx_word' id='word_1_375' title='bbox 1094 5309 1312 5365; x_wconf 90' lang='lat' dir='ltr'><strong>animus</strong></span> <span class='ocrx_word' id='word_1_376' title='bbox 1354 5327 1460 5370; x_wconf 85' lang='lat' dir='ltr'><strong>quo</strong></span> <span class='ocrx_word' id='word_1_377' title='bbox 1488 5311 1606 5367; x_wconf 86' lang='lat' dir='ltr'><strong>vult</strong></span> <span class='ocrx_word' id='word_1_378' title='bbox 1637 5307 1803 5363; x_wconf 86' lang='lat' dir='ltr'><strong>nimia</strong></span> 
     </span>
    </p>
   </div>
   <div class='ocr_carea' id='block_1_57' title="bbox 262 1717 1838 1804">
    <p class='ocr_par' dir='ltr' id='par_1_57' title="bbox 262 1717 1838 1804">
     <span class='ocr_line' id='line_1_57' title="bbox 262 1717 1838 1804; baseline 0.01 -31"><span class='ocrx_word' id='word_1_379' title='bbox 262 1717 337 1774; x_wconf 80' lang='lat' dir='ltr'><strong>Ne</strong></span> <span class='ocrx_word' id='word_1_380' title='bbox 365 1731 588 1777; x_wconf 84' lang='lat' dir='ltr'><strong>avertas</strong></span> <span class='ocrx_word' id='word_1_381' title='bbox 608 1721 804 1780; x_wconf 69' lang='lat' dir='ltr'><strong>faciem</strong></span> <span class='ocrx_word' id='word_1_382' title='bbox 832 1735 978 1781; x_wconf 83' lang='lat' dir='ltr'><strong>tuam</strong></span> <span class='ocrx_word' id='word_1_383' title='bbox 1005 1744 1034 1782; x_wconf 88' lang='lat' dir='ltr'><strong>a</strong></span> <span class='ocrx_word' id='word_1_384' title='bbox 1059 1729 1233 1795; x_wconf 82' lang='lat' dir='ltr'><strong>nobis,</strong></span> <span class='ocrx_word' id='word_1_385' title='bbox 1255 1733 1600 1804; x_wconf 90' lang='lat' dir='ltr'><strong>omnipotens</strong></span> <span class='ocrx_word' id='word_1_386' title='bbox 1617 1734 1786 1801; x_wconf 78' lang='lat' dir='ltr'><strong>Deus,</strong></span> <span class='ocrx_word' id='word_1_387' title='bbox 1833 1743 1838 1752; x_wconf 92' lang='lat'><em>&#39;</em></span> 
     </span>
    </p>
   </div>
   <div class='ocr_carea' id='block_1_58' title="bbox 1800 216 3472 330">
    <p class='ocr_par' dir='ltr' id='par_1_58' title="bbox 1800 216 3472 330">
     <span class='ocr_line' id='line_1_58' title="bbox 1800 216 3472 330; baseline -0.006 -10"><span class='ocrx_word' id='word_1_388' title='bbox 1800 261 1850 320; x_wconf 71' lang='grc' dir='ltr'>Α</span> <span class='ocrx_word' id='word_1_389' title='bbox 1879 256 2154 322; x_wconf 69' lang='lat' dir='ltr'><strong>maculati.</strong></span> <span class='ocrx_word' id='word_1_390' title='bbox 2183 259 2238 313; x_wconf 85' lang='lat' dir='ltr'><strong>in</strong></span> <span class='ocrx_word' id='word_1_391' title='bbox 2260 272 2477 329; x_wconf 67' lang='lat' dir='ltr'><strong>patiam</strong></span> <span class='ocrx_word' id='word_1_392' title='bbox 2503 268 2712 330; x_wconf 79' lang='lat' dir='ltr'><strong>peccati</strong></span> <span class='ocrx_word' id='word_1_393' title='bbox 2729 259 2900 316; x_wconf 81' lang='lat' dir='ltr'><strong>etiam</strong></span> <span class='ocrx_word' id='word_1_394' title='bbox 2930 259 3038 314; x_wconf 90' lang='lat' dir='ltr'><strong>Deo</strong></span> <span class='ocrx_word' id='word_1_395' title='bbox 3060 216 3472 318; x_wconf 78' lang='lat' dir='ltr'><strong>abominabiles.</strong></span> 
     </span>
    </p>
   </div>
   <div class='ocr_carea' id='block_1_59' title="bbox 1879 349 2191 407">
    <p class='ocr_par' dir='ltr' id='par_1_59' title="bbox 1879 349 2191 407">
     <span class='ocr_line' id='line_1_59' title="bbox 1879 349 2191 407; baseline 0.003 -3"><span class='ocrx_word' id='word_1_396' title='bbox 1879 349 2008 407; x_wconf 77' lang='lat' dir='ltr'><strong>lacti</strong></span> <span class='ocrx_word' id='word_1_397' title='bbox 2043 361 2191 406; x_wconf 78' lang='lat' dir='ltr'><strong>sunt.</strong></span> 
     </span>
    </p>
   </div>
   <div class='ocr_carea' id='block_1_60' title="bbox 1877 441 3460 515">
    <p class='ocr_par' dir='ltr' id='par_1_60' title="bbox 1877 441 3460 515">
     <span class='ocr_line' id='line_1_60' title="bbox 1877 441 3460 515; baseline -0.002 -18"><span class='ocrx_word' id='word_1_398' title='bbox 1877 444 1912 497; x_wconf 77' lang='lat'><strong>3</strong></span> <span class='ocrx_word' id='word_1_399' title='bbox 2022 442 2278 498; x_wconf 78' lang='lat' dir='ltr'><strong>Dominus</strong></span> <span class='ocrx_word' id='word_1_400' title='bbox 2299 444 2370 499; x_wconf 83' lang='lat' dir='ltr'><strong>de.</strong></span> <span class='ocrx_word' id='word_1_401' title='bbox 2385 445 2510 498; x_wconf 71' lang='lat' dir='ltr'><strong>caelo</strong></span> <span class='ocrx_word' id='word_1_402' title='bbox 2531 447 2796 515; x_wconf 74' lang='lat' dir='ltr'><strong>prospexit</strong></span> <span class='ocrx_word' id='word_1_403' title='bbox 2815 461 2974 515; x_wconf 79' lang='lat' dir='ltr'><strong>super</strong></span> <span class='ocrx_word' id='word_1_404' title='bbox 2991 443 3130 512; x_wconf 76' lang='lat' dir='ltr'><strong>ﬁlios</strong></span> <span class='ocrx_word' id='word_1_405' title='bbox 3150 441 3420 495; x_wconf 78' lang='lat' dir='ltr'><strong>hominum</strong></span> <span class='ocrx_word' id='word_1_406' title='bbox 3437 456 3460 494; x_wconf 88' lang='lat'><strong><em>:</em></strong></span> 
     </span>
    </p>
   </div>
   <div class='ocr_carea' id='block_1_61' title="bbox 2022 528 3458 605">
    <p class='ocr_par' dir='ltr' id='par_1_61' title="bbox 2022 528 3458 605">
     <span class='ocr_line' id='line_1_61' title="bbox 2022 528 3458 605; baseline -0.003 -17"><span class='ocrx_word' id='word_1_407' title='bbox 2022 532 2090 588; x_wconf 84' lang='lat' dir='ltr'><strong>Ut</strong></span> <span class='ocrx_word' id='word_1_408' title='bbox 2116 533 2286 589; x_wconf 84' lang='lat' dir='ltr'><strong>videat</strong></span> <span class='ocrx_word' id='word_1_409' title='bbox 2312 533 2358 588; x_wconf 87' lang='lat' dir='ltr'><strong>si</strong></span> <span class='ocrx_word' id='word_1_410' title='bbox 2389 541 2465 588; x_wconf 86' lang='lat' dir='ltr'><strong>est</strong></span> <span class='ocrx_word' id='word_1_411' title='bbox 2494 533 2810 605; x_wconf 79' lang='lat' dir='ltr'><strong>intelligens,</strong></span> <span class='ocrx_word' id='word_1_412' title='bbox 2842 544 2932 587; x_wconf 90' lang='lat' dir='ltr'><strong>aut</strong></span> <span class='ocrx_word' id='word_1_413' title='bbox 2962 533 3229 604; x_wconf 84' lang='lat' dir='ltr'><strong>requirens</strong></span> <span class='ocrx_word' id='word_1_414' title='bbox 3264 528 3458 586; x_wconf 79' lang='lat' dir='ltr'><strong>Deum.</strong></span> 
     </span>
    </p>
   </div>
   <div class='ocr_carea' id='block_1_62' title="bbox 1953 626 3463 700">
    <p class='ocr_par' dir='ltr' id='par_1_62' title="bbox 1953 626 3463 700">
     <span class='ocr_line' id='line_1_62' title="bbox 1953 626 3463 700; baseline -0.005 -15"><span class='ocrx_word' id='word_1_415' title='bbox 1953 629 1992 685; x_wconf 89' lang='lat' dir='ltr'><strong><em>C</em></strong></span> <span class='ocrx_word' id='word_1_416' title='bbox 2015 628 2301 700; x_wconf 80' lang='lat' dir='ltr'><strong>Prospexit</strong></span> <span class='ocrx_word' id='word_1_417' title='bbox 2321 628 2597 693; x_wconf 89' lang='lat' dir='ltr'><strong>Dominus,</strong></span> <span class='ocrx_word' id='word_1_418' title='bbox 2621 629 2829 684; x_wconf 85' lang='lat' dir='ltr'><strong>scilicet</strong></span> <span class='ocrx_word' id='word_1_419' title='bbox 2853 628 3082 684; x_wconf 87' lang='lat' dir='ltr'><strong>utnohis</strong></span> <span class='ocrx_word' id='word_1_420' title='bbox 3097 627 3330 682; x_wconf 85' lang='lat' dir='ltr'><strong>mitteret</strong></span> <span class='ocrx_word' id='word_1_421' title='bbox 3346 626 3463 679; x_wconf 90' lang='lat' dir='ltr'><strong>uni-</strong></span> 
     </span>
    </p>
   </div>
   <div class='ocr_carea' id='block_1_63' title="bbox 1879 717 3460 792">
    <p class='ocr_par' dir='ltr' id='par_1_63' title="bbox 1879 717 3460 792">
     <span class='ocr_line' id='line_1_63' title="bbox 1879 717 3460 792; baseline -0.006 -16"><span class='ocrx_word' id='word_1_422' title='bbox 1879 721 2118 792; x_wconf 89' lang='lat' dir='ltr'><strong>genitum</strong></span> <span class='ocrx_word' id='word_1_423' title='bbox 2149 719 2344 774; x_wconf 84' lang='lat' dir='ltr'><strong>Filium</strong></span> <span class='ocrx_word' id='word_1_424' title='bbox 2372 733 2550 776; x_wconf 83' lang='lat' dir='ltr'><strong>suum.</strong></span> <span class='ocrx_word' id='word_1_425' title='bbox 2589 717 2764 790; x_wconf 90' lang='lat' dir='ltr'><strong>Super</strong></span> <span class='ocrx_word' id='word_1_426' title='bbox 2792 718 2951 782; x_wconf 84' lang='lat' dir='ltr'><strong>ﬁlios,</strong></span> <span class='ocrx_word' id='word_1_427' title='bbox 2975 717 3030 773; x_wconf 89' lang='lat' dir='ltr'><strong>id</strong></span> <span class='ocrx_word' id='word_1_428' title='bbox 3058 726 3142 773; x_wconf 87' lang='lat' dir='ltr'><strong>est</strong></span> <span class='ocrx_word' id='word_1_429' title='bbox 3163 717 3460 771; x_wconf 83' lang='lat' dir='ltr'><strong>Immanum</strong></span> 
     </span>
    </p>
   </div>
   <div class='ocr_carea' id='block_1_64' title="bbox 1881 807 3464 883">
    <p class='ocr_par' dir='ltr' id='par_1_64' title="bbox 1881 807 3464 883">
     <span class='ocr_line' id='line_1_64' title="bbox 1881 807 3464 883; baseline -0.004 -17"><span class='ocrx_word' id='word_1_430' title='bbox 1881 827 2070 883; x_wconf 87' lang='lat' dir='ltr'><strong>genus.</strong></span> <span class='ocrx_word' id='word_1_431' title='bbox 2103 810 2149 865; x_wconf 79' lang='grc' dir='ltr'><em>Η</em></span> <span class='ocrx_word' id='word_1_432' title='bbox 2191 809 2262 867; x_wconf 86' lang='lat' dir='ltr'><strong>Ut</strong></span> <span class='ocrx_word' id='word_1_433' title='bbox 2289 813 2474 868; x_wconf 88' lang='lat' dir='ltr'><strong>videre</strong></span> <span class='ocrx_word' id='word_1_434' title='bbox 2519 821 2742 867; x_wconf 88' lang='lat' dir='ltr'><strong>sanctos</strong></span> <span class='ocrx_word' id='word_1_435' title='bbox 2789 825 2920 865; x_wconf 88' lang='lat' dir='ltr'><strong>suos</strong></span> <span class='ocrx_word' id='word_1_436' title='bbox 2961 807 3149 872; x_wconf 80' lang='lat' dir='ltr'><strong>faciat,</strong></span> <span class='ocrx_word' id='word_1_437' title='bbox 3197 821 3294 876; x_wconf 81' lang='lat' dir='ltr'><strong>per</strong></span> <span class='ocrx_word' id='word_1_438' title='bbox 3325 821 3464 875; x_wconf 78' lang='lat' dir='ltr'><strong>quos</strong></span> 
     </span>
    </p>
   </div>
   <div class='ocr_carea' id='block_1_65' title="bbox 1883 896 3474 974">
    <p class='ocr_par' dir='ltr' id='par_1_65' title="bbox 1883 896 3474 974">
     <span class='ocr_line' id='line_1_65' title="bbox 1883 896 3474 974; baseline -0.004 -16"><span class='ocrx_word' id='word_1_439' title='bbox 1883 903 2130 974; x_wconf 87' lang='lat' dir='ltr'><strong>respicit,</strong></span> <span class='ocrx_word' id='word_1_440' title='bbox 2157 913 2212 958; x_wconf 92' lang='lat' dir='ltr'><strong>et</strong></span> <span class='ocrx_word' id='word_1_441' title='bbox 2240 904 2294 958; x_wconf 90' lang='lat' dir='ltr'><strong>in</strong></span> <span class='ocrx_word' id='word_1_442' title='bbox 2325 904 2524 974; x_wconf 86' lang='lat' dir='ltr'><strong>quibus</strong></span> <span class='ocrx_word' id='word_1_443' title='bbox 2551 903 2788 967; x_wconf 87' lang='lat' dir='ltr'><strong>habitat,</strong></span> <span class='ocrx_word' id='word_1_444' title='bbox 2819 902 2870 958; x_wconf 85' lang='lat' dir='ltr'><strong>si</strong></span> <span class='ocrx_word' id='word_1_445' title='bbox 2902 901 2974 956; x_wconf 89' lang='lat' dir='ltr'><strong>sit</strong></span> <span class='ocrx_word' id='word_1_446' title='bbox 3009 900 3246 970; x_wconf 85' lang='lat' dir='ltr'><strong>sapiens.</strong></span> <span class='ocrx_word' id='word_1_447' title='bbox 3281 897 3323 952; x_wconf 64' lang='grc' dir='ltr'><strong>(ξ</strong></span> <span class='ocrx_word' id='word_1_448' title='bbox 3361 896 3474 965; x_wconf 86' lang='lat' dir='ltr'><strong>Qui.</strong></span> 
     </span>
    </p>
   </div>
   <div class='ocr_carea' id='block_1_66' title="bbox 1881 989 3472 1064">
    <p class='ocr_par' dir='ltr' id='par_1_66' title="bbox 1881 989 3472 1064">
     <span class='ocr_line' id='line_1_66' title="bbox 1881 989 3472 1064; baseline -0.003 -17"><span class='ocrx_word' id='word_1_449' title='bbox 1881 994 2052 1048; x_wconf 88' lang='lat' dir='ltr'><strong>Deum</strong></span> <span class='ocrx_word' id='word_1_450' title='bbox 2092 1003 2271 1050; x_wconf 88' lang='lat' dir='ltr'><strong>mente</strong></span> <span class='ocrx_word' id='word_1_451' title='bbox 2316 993 2582 1064; x_wconf 82' lang='lat' dir='ltr'><strong>intelligat</strong></span> <span class='ocrx_word' id='word_1_452' title='bbox 2623 1009 2754 1050; x_wconf 82' lang='lat' dir='ltr'><strong>esse</strong></span> <span class='ocrx_word' id='word_1_453' title='bbox 2785 1008 2972 1048; x_wconf 83' lang='lat' dir='ltr'><strong>verum</strong></span> <span class='ocrx_word' id='word_1_454' title='bbox 3004 991 3175 1047; x_wconf 83' lang='lat' dir='ltr'><strong>Deum</strong></span> <span class='ocrx_word' id='word_1_455' title='bbox 3201 1001 3257 1046; x_wconf 90' lang='lat' dir='ltr'><strong>et</strong></span> <span class='ocrx_word' id='word_1_456' title='bbox 3291 989 3472 1045; x_wconf 83' lang='lat' dir='ltr'><strong>humi-</strong></span> 
     </span>
    </p>
   </div>
   <div class='ocr_carea' id='block_1_67' title="bbox 1881 1082 3467 1156">
    <p class='ocr_par' dir='ltr' id='par_1_67' title="bbox 1881 1082 3467 1156">
     <span class='ocr_line' id='line_1_67' title="bbox 1881 1082 3467 1156; baseline -0.005 -17"><span class='ocrx_word' id='word_1_457' title='bbox 1881 1101 2027 1151; x_wconf 86' lang='lat' dir='ltr'><strong>nem,</strong></span> <span class='ocrx_word' id='word_1_458' title='bbox 2056 1095 2111 1141; x_wconf 90' lang='lat' dir='ltr'><strong>et</strong></span> <span class='ocrx_word' id='word_1_459' title='bbox 2142 1086 2387 1156; x_wconf 86' lang='lat' dir='ltr'><strong>requirat</strong></span> <span class='ocrx_word' id='word_1_460' title='bbox 2422 1086 2738 1156; x_wconf 85' lang='lat' dir='ltr'><strong>operatione</strong></span> <span class='ocrx_word' id='word_1_461' title='bbox 2777 1084 2968 1149; x_wconf 81' lang='lat' dir='ltr'><strong>Deum,</strong></span> <span class='ocrx_word' id='word_1_462' title='bbox 2995 1082 3467 1152; x_wconf 58' lang='lat' dir='ltr'><strong>.sequendomath</strong></span> 
     </span>
    </p>
   </div>
   <div class='ocr_carea' id='block_1_68' title="bbox 1883 1169 3470 1250">
    <p class='ocr_par' dir='ltr' id='par_1_68' title="bbox 1883 1169 3470 1250">
     <span class='ocr_line' id='line_1_68' title="bbox 1883 1169 3470 1250; baseline -0.008 -16"><span class='ocrx_word' id='word_1_463' title='bbox 1883 1180 2008 1234; x_wconf 86' lang='lat' dir='ltr'><strong>data</strong></span> <span class='ocrx_word' id='word_1_464' title='bbox 2039 1180 2178 1250; x_wconf 88' lang='lat' dir='ltr'><strong>ejus,</strong></span> <span class='ocrx_word' id='word_1_465' title='bbox 2225 1190 2284 1234; x_wconf 88' lang='lat' dir='ltr'><strong>ut</strong></span> <span class='ocrx_word' id='word_1_466' title='bbox 2325 1179 2394 1234; x_wconf 88' lang='lat' dir='ltr'><strong>ab</strong></span> <span class='ocrx_word' id='word_1_467' title='bbox 2419 1178 2538 1248; x_wconf 78' lang='lat' dir='ltr'><strong>ejus</strong></span> <span class='ocrx_word' id='word_1_468' title='bbox 2564 1178 2844 1234; x_wconf 88' lang='lat' dir='ltr'><strong>voluntate</strong></span> <span class='ocrx_word' id='word_1_469' title='bbox 2893 1190 2998 1231; x_wconf 87' lang='lat' dir='ltr'><strong>non</strong></span> <span class='ocrx_word' id='word_1_470' title='bbox 3031 1174 3325 1242; x_wconf 89' lang='lat' dir='ltr'><strong>discrepet.</strong></span> <span class='ocrx_word' id='word_1_471' title='bbox 3359 1169 3470 1224; x_wconf 83' lang='lat' dir='ltr'><strong>Sed</strong></span> 
     </span>
    </p>
   </div>
   <div class='ocr_carea' id='block_1_69' title="bbox 1883 1259 3474 1340">
    <p class='ocr_par' dir='ltr' id='par_1_69' title="bbox 1883 1259 3474 1340">
     <span class='ocr_line' id='line_1_69' title="bbox 1883 1259 3474 1340; baseline -0.007 -15"><span class='ocrx_word' id='word_1_472' title='bbox 1883 1271 2013 1340; x_wconf 90' lang='lat' dir='ltr'><strong>quid</strong></span> <span class='ocrx_word' id='word_1_473' title='bbox 2035 1271 2268 1327; x_wconf 85' lang='lat' dir='ltr'><strong>viderint</strong></span> <span class='ocrx_word' id='word_1_474' title='bbox 2296 1271 2468 1326; x_wconf 84' lang='lat' dir='ltr'><strong>sancti</strong></span> <span class='ocrx_word' id='word_1_475' title='bbox 2499 1269 2618 1334; x_wconf 89' lang='lat' dir='ltr'><strong>Dei,</strong></span> <span class='ocrx_word' id='word_1_476' title='bbox 2643 1283 2742 1338; x_wconf 89' lang='lat' dir='ltr'><strong>per</strong></span> <span class='ocrx_word' id='word_1_477' title='bbox 2767 1282 2904 1337; x_wconf 90' lang='lat' dir='ltr'><strong>quos</strong></span> <span class='ocrx_word' id='word_1_478' title='bbox 2933 1266 3079 1320; x_wconf 88' lang='lat' dir='ltr'><strong>Deus</strong></span> <span class='ocrx_word' id='word_1_479' title='bbox 3110 1264 3304 1319; x_wconf 86' lang='lat' dir='ltr'><strong>videre</strong></span> <span class='ocrx_word' id='word_1_480' title='bbox 3329 1259 3474 1314; x_wconf 48' lang='lat' dir='ltr'><strong>dicio-</strong></span> 
     </span>
    </p>
   </div>
   <div class='ocr_carea' id='block_1_70' title="bbox 1885 1360 3058 1428">
    <p class='ocr_par' dir='ltr' id='par_1_70' title="bbox 1885 1360 3058 1428">
     <span class='ocr_line' id='line_1_70' title="bbox 1885 1360 3058 1428; baseline -0.003 -12"><span class='ocrx_word' id='word_1_481' title='bbox 1885 1373 1994 1428; x_wconf 87' lang='lat' dir='ltr'><strong>tur,</strong></span> <span class='ocrx_word' id='word_1_482' title='bbox 2026 1363 2232 1427; x_wconf 85' lang='lat' dir='ltr'><strong>subdit,</strong></span> <span class='ocrx_word' id='word_1_483' title='bbox 2266 1377 2459 1418; x_wconf 90' lang='lat' dir='ltr'><strong>omnes</strong></span> <span class='ocrx_word' id='word_1_484' title='bbox 2489 1360 2924 1423; x_wconf 87' lang='lat' dir='ltr'><strong>declinaverunt,</strong></span> <span class='ocrx_word' id='word_1_485' title='bbox 2950 1369 3058 1413; x_wconf 92' lang='lat' dir='ltr'><strong>etc.</strong></span> 
     </span>
    </p>
   </div>
   <div class='ocr_carea' id='block_1_71' title="bbox 1884 1448 3472 1518">
    <p class='ocr_par' dir='ltr' id='par_1_71' title="bbox 1884 1448 3472 1518">
     <span class='ocr_line' id='line_1_71' title="bbox 1884 1448 3472 1518; baseline -0.007 -12"><span class='ocrx_word' id='word_1_486' title='bbox 1884 1453 1918 1506; x_wconf 73' lang='grc'><strong>4</strong></span> <span class='ocrx_word' id='word_1_487' title='bbox 2031 1453 2224 1508; x_wconf 88' lang='lat' dir='ltr'><strong>Omnes</strong></span> <span class='ocrx_word' id='word_1_488' title='bbox 2262 1454 2675 1517; x_wconf 81' lang='lat' dir='ltr'><strong>declinaverunt,</strong></span> <span class='ocrx_word' id='word_1_489' title='bbox 2707 1451 2867 1506; x_wconf 85' lang='lat' dir='ltr'><strong>simul</strong></span> <span class='ocrx_word' id='word_1_490' title='bbox 2907 1448 3116 1504; x_wconf 82' lang='lat' dir='ltr'><strong>inutiles</strong></span> <span class='ocrx_word' id='word_1_491' title='bbox 3153 1448 3282 1518; x_wconf 78' lang='lat' dir='ltr'><strong>[acti</strong></span> <span class='ocrx_word' id='word_1_492' title='bbox 3307 1459 3424 1502; x_wconf 85' lang='lat' dir='ltr'><strong>sunt</strong></span> <span class='ocrx_word' id='word_1_493' title='bbox 3447 1456 3472 1496; x_wconf 86' lang='lat'><strong><em>:</em></strong></span> 
     </span>
    </p>
   </div>
   <div class='ocr_carea' id='block_1_72' title="bbox 2035 1538 3470 1615">
    <p class='ocr_par' dir='ltr' id='par_1_72' title="bbox 2035 1538 3470 1615">
     <span class='ocr_line' id='line_1_72' title="bbox 2035 1538 3470 1615; baseline -0.007 -15"><span class='ocrx_word' id='word_1_494' title='bbox 2035 1542 2155 1600; x_wconf 77' lang='lat' dir='ltr'><strong>Non</strong></span> <span class='ocrx_word' id='word_1_495' title='bbox 2195 1555 2272 1600; x_wconf 86' lang='lat' dir='ltr'><strong>est</strong></span> <span class='ocrx_word' id='word_1_496' title='bbox 2314 1545 2403 1615; x_wconf 81' lang='lat' dir='ltr'><strong>qui</strong></span> <span class='ocrx_word' id='word_1_497' title='bbox 2451 1545 2614 1615; x_wconf 74' lang='lat' dir='ltr'><strong>faciat</strong></span> <span class='ocrx_word' id='word_1_498' title='bbox 2649 1544 2863 1599; x_wconf 85' lang='lat' dir='ltr'><strong>bonum.</strong></span> <span class='ocrx_word' id='word_1_499' title='bbox 2913 1538 3038 1596; x_wconf 82' lang='lat' dir='ltr'><strong>Non</strong></span> <span class='ocrx_word' id='word_1_500' title='bbox 3079 1549 3154 1594; x_wconf 87' lang='lat' dir='ltr'><strong>est</strong></span> <span class='ocrx_word' id='word_1_501' title='bbox 3197 1554 3360 1609; x_wconf 86' lang='lat' dir='ltr'><strong>usque</strong></span> <span class='ocrx_word' id='word_1_502' title='bbox 3399 1539 3470 1591; x_wconf 80' lang='lat' dir='ltr'><strong>ad</strong></span> 
     </span>
    </p>
   </div>
   <div class='ocr_carea' id='block_1_73' title="bbox 2105 1655 2292 1694">
    <p class='ocr_par' dir='ltr' id='par_1_73' title="bbox 2105 1655 2292 1694">
     <span class='ocr_line' id='line_1_73' title="bbox 2105 1655 2292 1694; baseline 0.005 -1"><span class='ocrx_word' id='word_1_503' title='bbox 2105 1655 2292 1694; x_wconf 86' lang='lat' dir='ltr'><strong>unum.</strong></span> 
     </span>
    </p>
   </div>
   <div class='ocr_carea' id='block_1_74' title="bbox 1958 1726 3472 1798">
    <p class='ocr_par' dir='ltr' id='par_1_74' title="bbox 1958 1726 3472 1798">
     <span class='ocr_line' id='line_1_74' title="bbox 1958 1726 3472 1798; baseline -0.005 -12"><span class='ocrx_word' id='word_1_504' title='bbox 1958 1731 2000 1786; x_wconf 88' lang='lat' dir='ltr'><strong>C</strong></span> <span class='ocrx_word' id='word_1_505' title='bbox 2038 1730 2138 1787; x_wconf 83' lang='lat' dir='ltr'><strong>llic</strong></span> <span class='ocrx_word' id='word_1_506' title='bbox 2185 1731 2320 1788; x_wconf 84' lang='lat' dir='ltr'><strong>dicit</strong></span> <span class='ocrx_word' id='word_1_507' title='bbox 2365 1746 2575 1797; x_wconf 89' lang='lat' dir='ltr'><strong>omnes,</strong></span> <span class='ocrx_word' id='word_1_508' title='bbox 2621 1731 2674 1787; x_wconf 81' lang='lat' dir='ltr'><strong>id</strong></span> <span class='ocrx_word' id='word_1_509' title='bbox 2718 1740 2803 1787; x_wconf 88' lang='lat' dir='ltr'><strong>est</strong></span> <span class='ocrx_word' id='word_1_510' title='bbox 2843 1740 3053 1794; x_wconf 89' lang='lat' dir='ltr'><strong>totum,</strong></span> <span class='ocrx_word' id='word_1_511' title='bbox 3101 1737 3158 1784; x_wconf 87' lang='lat' dir='ltr'><strong>et</strong></span> <span class='ocrx_word' id='word_1_512' title='bbox 3203 1726 3472 1798; x_wconf 80' lang='lat' dir='ltr'><strong>signiﬁcat</strong></span> 
     </span>
    </p>
   </div>
   <div class='ocr_carea' id='block_1_75' title="bbox 1889 1819 3472 1897">
    <p class='ocr_par' dir='ltr' id='par_1_75' title="bbox 1889 1819 3472 1897">
     <span class='ocr_line' id='line_1_75' title="bbox 1889 1819 3472 1897; baseline -0.005 -17"><span class='ocrx_word' id='word_1_513' title='bbox 1889 1834 2118 1897; x_wconf 85' lang='lat' dir='ltr'><strong>partem.</strong></span> <span class='ocrx_word' id='word_1_514' title='bbox 2150 1825 2590 1891; x_wconf 87' lang='lat' dir='ltr'><strong>Declinaverunt,</strong></span> <span class='ocrx_word' id='word_1_515' title='bbox 2623 1826 2832 1882; x_wconf 89' lang='lat' dir='ltr'><strong>scilicet</strong></span> <span class='ocrx_word' id='word_1_516' title='bbox 2856 1840 2885 1879; x_wconf 89' lang='lat' dir='ltr'><strong>a</strong></span> <span class='ocrx_word' id='word_1_517' title='bbox 2914 1823 3087 1896; x_wconf 86' lang='lat' dir='ltr'><strong>gratia</strong></span> <span class='ocrx_word' id='word_1_518' title='bbox 3112 1821 3229 1886; x_wconf 86' lang='lat' dir='ltr'><strong>Dei,</strong></span> <span class='ocrx_word' id='word_1_519' title='bbox 3257 1830 3312 1876; x_wconf 85' lang='lat' dir='ltr'><strong>et</strong></span> <span class='ocrx_word' id='word_1_520' title='bbox 3339 1819 3472 1875; x_wconf 81' lang='lat' dir='ltr'><strong>lacti</strong></span> 
     </span>
    </p>
   </div>
   <div class='ocr_carea' id='block_1_76' title="bbox 1887 1911 3474 1993">
    <p class='ocr_par' dir='ltr' id='par_1_76' title="bbox 1887 1911 3474 1993">
     <span class='ocr_line' id='line_1_76' title="bbox 1887 1911 3474 1993; baseline -0.004 -21"><span class='ocrx_word' id='word_1_521' title='bbox 1887 1927 2015 1993; x_wconf 74' lang='lat' dir='ltr'><strong>sqnt</strong></span> <span class='ocrx_word' id='word_1_522' title='bbox 2042 1917 2257 1973; x_wconf 83' lang='lat' dir='ltr'><strong>inutiles</strong></span> <span class='ocrx_word' id='word_1_523' title='bbox 2279 1917 2382 1974; x_wconf 91' lang='lat' dir='ltr'><strong>sibi</strong></span> <span class='ocrx_word' id='word_1_524' title='bbox 2403 1927 2454 1973; x_wconf 87' lang='lat' dir='ltr'><strong>et</strong></span> <span class='ocrx_word' id='word_1_525' title='bbox 2479 1918 2619 1972; x_wconf 90' lang='lat' dir='ltr'><strong>aliis.</strong></span> <span class='ocrx_word' id='word_1_526' title='bbox 2647 1917 2806 1972; x_wconf 88' lang='lat' dir='ltr'><strong>Tanti</strong></span> <span class='ocrx_word' id='word_1_527' title='bbox 2839 1917 2982 1970; x_wconf 90' lang='lat' dir='ltr'><strong>enim</strong></span> <span class='ocrx_word' id='word_1_528' title='bbox 3003 1923 3060 1970; x_wconf 89' lang='lat' dir='ltr'><strong>et</strong></span> <span class='ocrx_word' id='word_1_529' title='bbox 3084 1923 3161 1969; x_wconf 93' lang='lat' dir='ltr'><strong>tot</strong></span> <span class='ocrx_word' id='word_1_530' title='bbox 3182 1916 3248 1968; x_wconf 88' lang='lat' dir='ltr'><strong>de</strong></span> <span class='ocrx_word' id='word_1_531' title='bbox 3271 1911 3474 1967; x_wconf 58' lang='lat' dir='ltr'><strong>Iudaeis</strong></span> 
     </span>
    </p>
   </div>
   <div class='ocr_carea' id='block_1_77' title="bbox 1889 2004 3475 2082">
    <p class='ocr_par' dir='ltr' id='par_1_77' title="bbox 1889 2004 3475 2082">
     <span class='ocr_line' id='line_1_77' title="bbox 1889 2004 3475 2082; baseline -0.006 -16"><span class='ocrx_word' id='word_1_532' title='bbox 1889 2011 2040 2082; x_wconf 88' lang='lat' dir='ltr'><strong>impii</strong></span> <span class='ocrx_word' id='word_1_533' title='bbox 2067 2010 2304 2077; x_wconf 84' lang='lat' dir='ltr'><strong>luerunt,</strong></span> <span class='ocrx_word' id='word_1_534' title='bbox 2331 2021 2390 2067; x_wconf 91' lang='lat' dir='ltr'><strong>ut</strong></span> <span class='ocrx_word' id='word_1_535' title='bbox 2415 2026 2554 2082; x_wconf 91' lang='lat' dir='ltr'><strong>pene</strong></span> <span class='ocrx_word' id='word_1_536' title='bbox 2584 2024 2774 2066; x_wconf 89' lang='lat' dir='ltr'><strong>omnes</strong></span> <span class='ocrx_word' id='word_1_537' title='bbox 2795 2007 2985 2079; x_wconf 87' lang='lat' dir='ltr'><strong>perﬁdi</strong></span> <span class='ocrx_word' id='word_1_538' title='bbox 3020 2021 3142 2063; x_wconf 91' lang='lat' dir='ltr'><strong>esse</strong></span> <span class='ocrx_word' id='word_1_539' title='bbox 3179 2019 3243 2060; x_wconf 88' lang='lat' dir='ltr'><strong>ac</strong></span> <span class='ocrx_word' id='word_1_540' title='bbox 3269 2004 3475 2074; x_wconf 87' lang='lat' dir='ltr'><strong>perisse</strong></span> 
     </span>
    </p>
   </div>
   <div class='ocr_carea' id='block_1_78' title="bbox 1890 2095 3479 2172">
    <p class='ocr_par' dir='ltr' id='par_1_78' title="bbox 1890 2095 3479 2172">
     <span class='ocr_line' id='line_1_78' title="bbox 1890 2095 3479 2172; baseline -0.006 -16"><span class='ocrx_word' id='word_1_541' title='bbox 1890 2112 2234 2172; x_wconf 88' lang='lat' dir='ltr'><strong>putarentur.</strong></span> <span class='ocrx_word' id='word_1_542' title='bbox 2273 2103 2318 2157; x_wconf 76' lang='grc' dir='ltr'>Α</span> <span class='ocrx_word' id='word_1_543' title='bbox 2366 2101 2634 2158; x_wconf 88' lang='lat' dir='ltr'><strong>Similiter</strong></span> <span class='ocrx_word' id='word_1_544' title='bbox 2660 2101 2728 2156; x_wconf 87' lang='lat' dir='ltr'><strong>de</strong></span> <span class='ocrx_word' id='word_1_545' title='bbox 2759 2098 3033 2170; x_wconf 88' lang='lat' dir='ltr'><strong>gentibus,</strong></span> <span class='ocrx_word' id='word_1_546' title='bbox 3077 2111 3266 2152; x_wconf 89' lang='lat' dir='ltr'><strong>omnes</strong></span> <span class='ocrx_word' id='word_1_547' title='bbox 3309 2095 3479 2166; x_wconf 84' lang='lat' dir='ltr'><strong>igitur</strong></span> 
     </span>
    </p>
   </div>
   <div class='ocr_carea' id='block_1_79' title="bbox 1891 2186 3480 2264">
    <p class='ocr_par' dir='ltr' id='par_1_79' title="bbox 1891 2186 3480 2264">
     <span class='ocr_line' id='line_1_79' title="bbox 1891 2186 3480 2264; baseline -0.004 -15"><span class='ocrx_word' id='word_1_548' title='bbox 1891 2209 1998 2251; x_wconf 91' lang='lat' dir='ltr'><strong>non</strong></span> <span class='ocrx_word' id='word_1_549' title='bbox 2044 2193 2355 2264; x_wconf 87' lang='lat' dir='ltr'><strong>intelligunt</strong></span> <span class='ocrx_word' id='word_1_550' title='bbox 2406 2208 2507 2248; x_wconf 89' lang='lat' dir='ltr'><strong>nec</strong></span> <span class='ocrx_word' id='word_1_551' title='bbox 2553 2193 2875 2263; x_wconf 90' lang='lat' dir='ltr'><strong>requirunt,</strong></span> <span class='ocrx_word' id='word_1_552' title='bbox 2926 2191 3021 2244; x_wconf 87' lang='lat' dir='ltr'><strong>sed</strong></span> <span class='ocrx_word' id='word_1_553' title='bbox 3063 2186 3480 2243; x_wconf 75' lang='lat' dir='ltr'><strong>declinaverunt</strong></span> 
     </span>
    </p>
   </div>
   <div class='ocr_carea' id='block_1_80' title="bbox 1893 2284 2652 2355">
    <p class='ocr_par' dir='ltr' id='par_1_80' title="bbox 1893 2284 2652 2355">
     <span class='ocr_line' id='line_1_80' title="bbox 1893 2284 2652 2355; baseline -0.003 -13"><span class='ocrx_word' id='word_1_554' title='bbox 1893 2296 2002 2342; x_wconf 86' lang='lat' dir='ltr'><strong>tam</strong></span> <span class='ocrx_word' id='word_1_555' title='bbox 2023 2284 2191 2342; x_wconf 60' lang='lat' dir='ltr'><strong>Judaei</strong></span> <span class='ocrx_word' id='word_1_556' title='bbox 2213 2300 2376 2355; x_wconf 91' lang='lat' dir='ltr'><strong>quam</strong></span> <span class='ocrx_word' id='word_1_557' title='bbox 2400 2284 2652 2355; x_wconf 86' lang='lat' dir='ltr'><strong>gentiles.</strong></span> 
     </span>
    </p>
   </div>
   <div class='ocr_carea' id='block_1_81' title="bbox 1894 2369 3471 2448">
    <p class='ocr_par' dir='ltr' id='par_1_81' title="bbox 1894 2369 3471 2448">
     <span class='ocr_line' id='line_1_81' title="bbox 1894 2369 3471 2448; baseline -0.007 -14"><span class='ocrx_word' id='word_1_558' title='bbox 1894 2378 1928 2434; x_wconf 85' lang='lat'><strong><em>5</em></strong></span> <span class='ocrx_word' id='word_1_559' title='bbox 1999 2393 2060 2436; x_wconf 79' lang='grc' dir='ltr'><strong>-ι-</strong></span> <span class='ocrx_word' id='word_1_560' title='bbox 2087 2377 2397 2446; x_wconf 82' lang='lat' dir='ltr'><strong>Sepulcrum</strong></span> <span class='ocrx_word' id='word_1_561' title='bbox 2425 2387 2608 2448; x_wconf 86' lang='lat' dir='ltr'><strong>patens</strong></span> <span class='ocrx_word' id='word_1_562' title='bbox 2645 2383 2720 2432; x_wconf 87' lang='lat' dir='ltr'><strong>est</strong></span> <span class='ocrx_word' id='word_1_563' title='bbox 2761 2385 2942 2447; x_wconf 83' lang='lat' dir='ltr'><strong>guttur</strong></span> <span class='ocrx_word' id='word_1_564' title='bbox 2960 2389 3140 2430; x_wconf 86' lang='lat' dir='ltr'><strong>eorum</strong></span> <span class='ocrx_word' id='word_1_565' title='bbox 3170 2371 3195 2445; x_wconf 68' lang='grc' dir='ltr'>ζ</span> <span class='ocrx_word' id='word_1_566' title='bbox 3226 2413 3238 2425; x_wconf 94' lang='grc'><strong>.</strong></span> <span class='ocrx_word' id='word_1_567' title='bbox 3267 2369 3471 2429; x_wconf 55' lang='grc' dir='ltr'><strong>φιλη-</strong></span> 
     </span>
    </p>
   </div>
   <div class='ocr_carea' id='block_1_82' title="bbox 2108 2465 2902 2542">
    <p class='ocr_par' dir='ltr' id='par_1_82' title="bbox 2108 2465 2902 2542">
     <span class='ocr_line' id='line_1_82' title="bbox 2108 2465 2902 2542; baseline -0.001 -17"><span class='ocrx_word' id='word_1_568' title='bbox 2108 2471 2346 2542; x_wconf 85' lang='lat' dir='ltr'><strong>guissuis</strong></span> <span class='ocrx_word' id='word_1_569' title='bbox 2377 2468 2556 2524; x_wconf 88' lang='lat' dir='ltr'><strong>dolose</strong></span> <span class='ocrx_word' id='word_1_570' title='bbox 2585 2469 2802 2540; x_wconf 87' lang='lat' dir='ltr'><strong>agebant</strong></span> <span class='ocrx_word' id='word_1_571' title='bbox 2836 2465 2854 2538; x_wconf 72' lang='grc' dir='ltr'><strong>ξ</strong></span> <span class='ocrx_word' id='word_1_572' title='bbox 2887 2509 2902 2524; x_wconf 92' lang='grc'><strong>.</strong></span> 
     </span>
    </p>
   </div>
   <div class='ocr_carea' id='block_1_83' title="bbox 2007 2557 3218 2630">
    <p class='ocr_par' dir='ltr' id='par_1_83' title="bbox 2007 2557 3218 2630">
     <span class='ocr_line' id='line_1_83' title="bbox 2007 2557 3218 2630; baseline -0.007 -12"><span class='ocrx_word' id='word_1_573' title='bbox 2007 2577 2072 2621; x_wconf 75' lang='grc' dir='ltr'>ιιι-</span> <span class='ocrx_word' id='word_1_574' title='bbox 2115 2559 2381 2616; x_wconf 78' lang='lat' dir='ltr'><strong>Venenum</strong></span> <span class='ocrx_word' id='word_1_575' title='bbox 2407 2559 2649 2630; x_wconf 84' lang='lat' dir='ltr'><strong>aspidam</strong></span> <span class='ocrx_word' id='word_1_576' title='bbox 2675 2557 2769 2613; x_wconf 72' lang='lat' dir='ltr'><strong>sub</strong></span> <span class='ocrx_word' id='word_1_577' title='bbox 2791 2557 2944 2612; x_wconf 79' lang='lat' dir='ltr'><strong>labiis</strong></span> <span class='ocrx_word' id='word_1_578' title='bbox 2974 2573 3155 2612; x_wconf 85' lang='lat' dir='ltr'><strong>eorum</strong></span> <span class='ocrx_word' id='word_1_579' title='bbox 3202 2595 3218 2606; x_wconf 90' lang='lat'><strong>.</strong></span> 
     </span>
    </p>
   </div>
   <div class='ocr_carea' id='block_1_84' title="bbox 1967 2648 3478 2722">
    <p class='ocr_par' dir='ltr' id='par_1_84' title="bbox 1967 2648 3478 2722">
     <span class='ocr_line' id='line_1_84' title="bbox 1967 2648 3478 2722; baseline -0.007 -12"><span class='ocrx_word' id='word_1_580' title='bbox 1967 2653 2010 2710; x_wconf 88' lang='lat' dir='ltr'><strong>C</strong></span> <span class='ocrx_word' id='word_1_581' title='bbox 2038 2651 2230 2709; x_wconf 80' lang='lat' dir='ltr'><strong>Merito</strong></span> <span class='ocrx_word' id='word_1_582' title='bbox 2249 2666 2380 2722; x_wconf 87' lang='lat' dir='ltr'><strong>ergo</strong></span> <span class='ocrx_word' id='word_1_583' title='bbox 2392 2649 2700 2720; x_wconf 85' lang='lat' dir='ltr'><strong>sepulcrum</strong></span> <span class='ocrx_word' id='word_1_584' title='bbox 2723 2648 2925 2704; x_wconf 83' lang='lat' dir='ltr'><strong>dictum</strong></span> <span class='ocrx_word' id='word_1_585' title='bbox 2947 2659 3030 2704; x_wconf 90' lang='lat' dir='ltr'><strong>est</strong></span> <span class='ocrx_word' id='word_1_586' title='bbox 3049 2657 3234 2719; x_wconf 86' lang='lat' dir='ltr'><strong>guttur</strong></span> <span class='ocrx_word' id='word_1_587' title='bbox 3252 2659 3440 2702; x_wconf 90' lang='lat' dir='ltr'><strong>eorum</strong></span> <span class='ocrx_word' id='word_1_588' title='bbox 3460 2662 3478 2700; x_wconf 91' lang='lat'><strong>:</strong></span> 
     </span>
    </p>
   </div>
   <div class='ocr_carea' id='block_1_85' title="bbox 1897 2735 3484 2814">
    <p class='ocr_par' dir='ltr' id='par_1_85' title="bbox 1897 2735 3484 2814">
     <span class='ocr_line' id='line_1_85' title="bbox 1897 2735 3484 2814; baseline -0.006 -17"><span class='ocrx_word' id='word_1_589' title='bbox 1897 2743 1991 2814; x_wconf 86' lang='lat' dir='ltr'><strong>qui</strong></span> <span class='ocrx_word' id='word_1_590' title='bbox 2035 2741 2326 2814; x_wconf 82' lang='lat' dir='ltr'><strong>pestiferos</strong></span> <span class='ocrx_word' id='word_1_591' title='bbox 2372 2754 2652 2796; x_wconf 86' lang='lat' dir='ltr'><strong>sermones</strong></span> <span class='ocrx_word' id='word_1_592' title='bbox 2690 2737 3063 2810; x_wconf 80' lang='lat' dir='ltr'><strong>proferebant,</strong></span> <span class='ocrx_word' id='word_1_593' title='bbox 3114 2737 3256 2792; x_wconf 90' lang='lat' dir='ltr'><strong>sicut</strong></span> <span class='ocrx_word' id='word_1_594' title='bbox 3303 2735 3484 2806; x_wconf 86' lang='lat' dir='ltr'><strong>sepul-</strong></span> 
     </span>
    </p>
   </div>
   <div class='ocr_carea' id='block_1_86' title="bbox 1899 2824 3483 2898">
    <p class='ocr_par' dir='ltr' id='par_1_86' title="bbox 1899 2824 3483 2898">
     <span class='ocr_line' id='line_1_86' title="bbox 1899 2824 3483 2898; baseline -0.006 -9"><span class='ocrx_word' id='word_1_595' title='bbox 1899 2847 2052 2889; x_wconf 87' lang='lat' dir='ltr'><strong>crum</strong></span> <span class='ocrx_word' id='word_1_596' title='bbox 2098 2830 2297 2887; x_wconf 84' lang='lat' dir='ltr'><strong>l’etidos</strong></span> <span class='ocrx_word' id='word_1_597' title='bbox 2343 2829 2542 2886; x_wconf 86' lang='lat' dir='ltr'><strong>odores</strong></span> <span class='ocrx_word' id='word_1_598' title='bbox 2593 2829 2832 2885; x_wconf 80' lang='lat' dir='ltr'><strong>exhalat.</strong></span> <span class='ocrx_word' id='word_1_599' title='bbox 2885 2827 3108 2898; x_wconf 84' lang='lat' dir='ltr'><strong>Linguis</strong></span> <span class='ocrx_word' id='word_1_600' title='bbox 3141 2826 3256 2882; x_wconf 87' lang='lat' dir='ltr'><strong>suis</strong></span> <span class='ocrx_word' id='word_1_601' title='bbox 3295 2824 3483 2880; x_wconf 83' lang='lat' dir='ltr'><strong>dolose</strong></span> 
     </span>
    </p>
   </div>
   <div class='ocr_carea' id='block_1_87' title="bbox 1904 2917 3485 2996">
    <p class='ocr_par' dir='ltr' id='par_1_87' title="bbox 1904 2917 3485 2996">
     <span class='ocr_line' id='line_1_87' title="bbox 1904 2917 3485 2996; baseline -0.006 -17"><span class='ocrx_word' id='word_1_602' title='bbox 1904 2925 2157 2996; x_wconf 85' lang='lat' dir='ltr'><strong>agebant,</strong></span> <span class='ocrx_word' id='word_1_603' title='bbox 2184 2924 2380 2994; x_wconf 90' lang='lat' dir='ltr'><strong>quibus</strong></span> <span class='ocrx_word' id='word_1_604' title='bbox 2409 2921 2690 2978; x_wconf 84' lang='lat' dir='ltr'><strong>mortifera</strong></span> <span class='ocrx_word' id='word_1_605' title='bbox 2723 2922 2888 2978; x_wconf 84' lang='lat' dir='ltr'><strong>verba</strong></span> <span class='ocrx_word' id='word_1_606' title='bbox 2917 2920 3294 2991; x_wconf 88' lang='lat' dir='ltr'><strong>loquebantur.</strong></span> <span class='ocrx_word' id='word_1_607' title='bbox 3331 2917 3485 2987; x_wconf 71' lang='lat' dir='ltr'><strong>Aspi~</strong></span> 
     </span>
    </p>
   </div>
   <div class='ocr_carea' id='block_1_88' title="bbox 1899 3007 3488 3085">
    <p class='ocr_par' dir='ltr' id='par_1_88' title="bbox 1899 3007 3488 3085">
     <span class='ocr_line' id='line_1_88' title="bbox 1899 3007 3488 3085; baseline -0.004 -14"><span class='ocrx_word' id='word_1_608' title='bbox 1899 3018 2025 3072; x_wconf 83' lang='lat' dir='ltr'><strong>dum</strong></span> <span class='ocrx_word' id='word_1_609' title='bbox 2070 3017 2309 3072; x_wconf 89' lang='lat' dir='ltr'><strong>immane</strong></span> <span class='ocrx_word' id='word_1_610' title='bbox 2351 3030 2522 3085; x_wconf 89' lang='lat' dir='ltr'><strong>genus</strong></span> <span class='ocrx_word' id='word_1_611' title='bbox 2543 3023 2627 3070; x_wconf 88' lang='lat' dir='ltr'><strong>est</strong></span> <span class='ocrx_word' id='word_1_612' title='bbox 2654 3014 3016 3085; x_wconf 84' lang='lat' dir='ltr'><strong>serpentium,</strong></span> <span class='ocrx_word' id='word_1_613' title='bbox 3059 3010 3204 3082; x_wconf 88' lang='lat' dir='ltr'><strong>quod</strong></span> <span class='ocrx_word' id='word_1_614' title='bbox 3245 3007 3488 3065; x_wconf 82' lang='lat' dir='ltr'><strong>naturali</strong></span> 
     </span>
    </p>
   </div>
   <div class='ocr_carea' id='block_1_89' title="bbox 1897 3101 3488 3176">
    <p class='ocr_par' dir='ltr' id='par_1_89' title="bbox 1897 3101 3488 3176">
     <span class='ocr_line' id='line_1_89' title="bbox 1897 3101 3488 3176; baseline -0.006 -12"><span class='ocrx_word' id='word_1_615' title='bbox 1897 3107 2266 3164; x_wconf 89' lang='lat' dir='ltr'><strong>obstinatione</strong></span> <span class='ocrx_word' id='word_1_616' title='bbox 2291 3105 2456 3162; x_wconf 88' lang='lat' dir='ltr'><strong>verba</strong></span> <span class='ocrx_word' id='word_1_617' title='bbox 2489 3105 2880 3162; x_wconf 90' lang='lat' dir='ltr'><strong>incantantium</strong></span> <span class='ocrx_word' id='word_1_618' title='bbox 2904 3102 3223 3176; x_wconf 85' lang='lat' dir='ltr'><strong>perhibetur</strong></span> <span class='ocrx_word' id='word_1_619' title='bbox 3253 3114 3360 3156; x_wconf 92' lang='lat' dir='ltr'><strong>non</strong></span> <span class='ocrx_word' id='word_1_620' title='bbox 3392 3101 3488 3154; x_wconf 58' lang='lat' dir='ltr'><strong>ad-</strong></span> 
     </span>
    </p>
   </div>
   <div class='ocr_carea' id='block_1_90' title="bbox 1899 3194 3496 3271">
    <p class='ocr_par' dir='ltr' id='par_1_90' title="bbox 1899 3194 3496 3271">
     <span class='ocr_line' id='line_1_90' title="bbox 1899 3194 3496 3271; baseline -0.001 -18"><span class='ocrx_word' id='word_1_621' title='bbox 1899 3199 2140 3264; x_wconf 89' lang='lat' dir='ltr'><strong>mittere,</strong></span> <span class='ocrx_word' id='word_1_622' title='bbox 2179 3211 2333 3253; x_wconf 90' lang='lat' dir='ltr'><strong>neca</strong></span> <span class='ocrx_word' id='word_1_623' title='bbox 2359 3206 2488 3253; x_wconf 89' lang='lat' dir='ltr'><strong>voto</strong></span> <span class='ocrx_word' id='word_1_624' title='bbox 2532 3212 2632 3253; x_wconf 91' lang='lat' dir='ltr'><strong>suo</strong></span> <span class='ocrx_word' id='word_1_625' title='bbox 2674 3204 2859 3271; x_wconf 89' lang='lat' dir='ltr'><strong>potest</strong></span> <span class='ocrx_word' id='word_1_626' title='bbox 2901 3195 3191 3260; x_wconf 90' lang='lat' dir='ltr'><strong>removeri,</strong></span> <span class='ocrx_word' id='word_1_627' title='bbox 3230 3202 3288 3248; x_wconf 90' lang='lat' dir='ltr'><strong>et</strong></span> <span class='ocrx_word' id='word_1_628' title='bbox 3333 3194 3496 3262; x_wconf 58' lang='lat' dir='ltr'><strong>quoi</strong></span> 
     </span>
    </p>
   </div>
   <div class='ocr_carea' id='block_1_91' title="bbox 1901 3285 3487 3358">
    <p class='ocr_par' dir='ltr' id='par_1_91' title="bbox 1901 3285 3487 3358">
     <span class='ocr_line' id='line_1_91' title="bbox 1901 3285 3487 3358; baseline -0.006 -12"><span class='ocrx_word' id='word_1_629' title='bbox 1901 3307 2009 3348; x_wconf 91' lang='lat' dir='ltr'><strong>non</strong></span> <span class='ocrx_word' id='word_1_630' title='bbox 2053 3290 2200 3346; x_wconf 87' lang='lat' dir='ltr'><strong>valet</strong></span> <span class='ocrx_word' id='word_1_631' title='bbox 2239 3291 2352 3345; x_wconf 91' lang='lat' dir='ltr'><strong>ullo</strong></span> <span class='ocrx_word' id='word_1_632' title='bbox 2398 3290 2643 3346; x_wconf 85' lang='lat' dir='ltr'><strong>carmine</strong></span> <span class='ocrx_word' id='word_1_633' title='bbox 2675 3287 2940 3358; x_wconf 86' lang='lat' dir='ltr'><strong>mitigari,</strong></span> <span class='ocrx_word' id='word_1_634' title='bbox 2975 3287 3119 3343; x_wconf 86' lang='lat' dir='ltr'><strong>sicut</strong></span> <span class='ocrx_word' id='word_1_635' title='bbox 3147 3285 3250 3339; x_wconf 89' lang='lat' dir='ltr'><strong>alia</strong></span> <span class='ocrx_word' id='word_1_636' title='bbox 3282 3297 3487 3355; x_wconf 83' lang='lat' dir='ltr'><strong>genera</strong></span> 
     </span>
    </p>
   </div>
   <div class='ocr_carea' id='block_1_92' title="bbox 1899 3375 3496 3456">
    <p class='ocr_par' dir='ltr' id='par_1_92' title="bbox 1899 3375 3496 3456">
     <span class='ocr_line' id='line_1_92' title="bbox 1899 3375 3496 3456; baseline -0.002 -17"><span class='ocrx_word' id='word_1_637' title='bbox 1899 3384 2247 3456; x_wconf 88' lang='lat' dir='ltr'><strong>serpentina;</strong></span> <span class='ocrx_word' id='word_1_638' title='bbox 2290 3382 2434 3454; x_wconf 89' lang='lat' dir='ltr'><strong>quod</strong></span> <span class='ocrx_word' id='word_1_639' title='bbox 2469 3381 2742 3456; x_wconf 86' lang='lat' dir='ltr'><strong>signiﬁcat</strong></span> <span class='ocrx_word' id='word_1_640' title='bbox 2769 3381 3090 3436; x_wconf 87' lang='lat' dir='ltr'><strong>surditatem</strong></span> <span class='ocrx_word' id='word_1_641' title='bbox 3138 3375 3496 3436; x_wconf 52' lang='lat' dir='ltr'><strong>mortiferam.</strong></span> 
     </span>
    </p>
   </div>
   <div class='ocr_carea' id='block_1_93' title="bbox 1896 3470 3488 3542">
    <p class='ocr_par' dir='ltr' id='par_1_93' title="bbox 1896 3470 3488 3542">
     <span class='ocr_line' id='line_1_93' title="bbox 1896 3470 3488 3542; baseline -0.005 -12"><span class='ocrx_word' id='word_1_642' title='bbox 1896 3474 2227 3531; x_wconf 68' lang='lat' dir='ltr'><strong>Iudaeorum.</strong></span> <span class='ocrx_word' id='word_1_643' title='bbox 2253 3471 2534 3529; x_wconf 80' lang='lat' dir='ltr'><strong>Venenum</strong></span> <span class='ocrx_word' id='word_1_644' title='bbox 2561 3471 2764 3527; x_wconf 89' lang='lat' dir='ltr'><strong>dictum</strong></span> <span class='ocrx_word' id='word_1_645' title='bbox 2786 3479 2871 3528; x_wconf 90' lang='lat' dir='ltr'><strong>est</strong></span> <span class='ocrx_word' id='word_1_646' title='bbox 2892 3470 3036 3542; x_wconf 89' lang='lat' dir='ltr'><strong>quod</strong></span> <span class='ocrx_word' id='word_1_647' title='bbox 3058 3484 3158 3540; x_wconf 89' lang='lat' dir='ltr'><strong>per</strong></span> <span class='ocrx_word' id='word_1_648' title='bbox 3175 3483 3340 3523; x_wconf 90' lang='lat' dir='ltr'><strong>venas</strong></span> <span class='ocrx_word' id='word_1_649' title='bbox 3364 3472 3488 3524; x_wconf 69' lang='lat' dir='ltr'><strong>cur-</strong></span> 
     </span>
    </p>
   </div>
   <div class='ocr_carea' id='block_1_94' title="bbox 1899 3559 3484 3636">
    <p class='ocr_par' dir='ltr' id='par_1_94' title="bbox 1899 3559 3484 3636">
     <span class='ocr_line' id='line_1_94' title="bbox 1899 3559 3484 3636; baseline -0.006 -14"><span class='ocrx_word' id='word_1_650' title='bbox 1899 3576 2023 3634; x_wconf 85' lang='lat' dir='ltr'><strong>rat;</strong></span> <span class='ocrx_word' id='word_1_651' title='bbox 2077 3567 2158 3622; x_wconf 90' lang='lat' dir='ltr'><strong>sic</strong></span> <span class='ocrx_word' id='word_1_652' title='bbox 2204 3575 2260 3622; x_wconf 88' lang='lat' dir='ltr'><strong>et</strong></span> <span class='ocrx_word' id='word_1_653' title='bbox 2306 3574 2432 3620; x_wconf 87' lang='lat' dir='ltr'><strong>vota</strong></span> <span class='ocrx_word' id='word_1_654' title='bbox 2477 3564 2842 3636; x_wconf 88' lang='lat' dir='ltr'><strong>malignorum</strong></span> <span class='ocrx_word' id='word_1_655' title='bbox 2887 3561 3104 3619; x_wconf 90' lang='lat' dir='ltr'><strong>occulta</strong></span> <span class='ocrx_word' id='word_1_656' title='bbox 3149 3559 3484 3632; x_wconf 83' lang='lat' dir='ltr'><strong>cogitatione</strong></span> 
     </span>
    </p>
   </div>
   <div class='ocr_carea' id='block_1_95' title="bbox 1898 3668 2235 3731">
    <p class='ocr_par' dir='ltr' id='par_1_95' title="bbox 1898 3668 2235 3731">
     <span class='ocr_line' id='line_1_95' title="bbox 1898 3668 2235 3731; baseline 0.003 -18"><span class='ocrx_word' id='word_1_657' title='bbox 1898 3668 2235 3731; x_wconf 86' lang='lat' dir='ltr'><strong>grassantur.</strong></span> 
     </span>
    </p>
   </div>
   <div class='ocr_carea' id='block_1_96' title="bbox 1899 3742 3487 3816">
    <p class='ocr_par' dir='ltr' id='par_1_96' title="bbox 1899 3742 3487 3816">
     <span class='ocr_line' id='line_1_96' title="bbox 1899 3742 3487 3816; baseline -0.006 -12"><span class='ocrx_word' id='word_1_658' title='bbox 1899 3749 1932 3804; x_wconf 86' lang='lat'><strong>6</strong></span> <span class='ocrx_word' id='word_1_659' title='bbox 2006 3748 2312 3816; x_wconf 80' lang='lat' dir='ltr'><strong>+Quorum</strong></span> <span class='ocrx_word' id='word_1_660' title='bbox 2335 3765 2394 3802; x_wconf 88' lang='lat' dir='ltr'><strong>os</strong></span> <span class='ocrx_word' id='word_1_661' title='bbox 2413 3747 2778 3802; x_wconf 87' lang='lat' dir='ltr'><strong>maledictione</strong></span> <span class='ocrx_word' id='word_1_662' title='bbox 2817 3756 2866 3800; x_wconf 84' lang='lat' dir='ltr'><strong>et</strong></span> <span class='ocrx_word' id='word_1_663' title='bbox 2900 3744 3258 3800; x_wconf 78' lang='lat' dir='ltr'><strong>amaritudine</strong></span> <span class='ocrx_word' id='word_1_664' title='bbox 3271 3742 3487 3814; x_wconf 84' lang='lat' dir='ltr'><strong>plenum</strong></span> 
     </span>
    </p>
   </div>
   <div class='ocr_carea' id='block_1_97' title="bbox 2109 3841 2289 3911">
    <p class='ocr_par' dir='ltr' id='par_1_97' title="bbox 2109 3841 2289 3911">
     <span class='ocr_line' id='line_1_97' title="bbox 2109 3841 2289 3911; baseline 0.006 -17"><span class='ocrx_word' id='word_1_665' title='bbox 2109 3841 2289 3911; x_wconf 61' lang='lat' dir='ltr'><strong>estj:</strong></span> 
     </span>
    </p>
   </div>
   <div class='ocr_carea' id='block_1_98' title="bbox 2008 3917 3494 4000">
    <p class='ocr_par' dir='ltr' id='par_1_98' title="bbox 2008 3917 3494 4000">
     <span class='ocr_line' id='line_1_98' title="bbox 2008 3917 3494 4000; baseline -0.005 -15"><span class='ocrx_word' id='word_1_666' title='bbox 2008 3944 2072 3985; x_wconf 67' lang='grc'><strong>4·</strong></span> <span class='ocrx_word' id='word_1_667' title='bbox 2130 3928 2338 3984; x_wconf 86' lang='lat' dir='ltr'><strong>Veloces</strong></span> <span class='ocrx_word' id='word_1_668' title='bbox 2381 3930 2537 4000; x_wconf 86' lang='lat' dir='ltr'><strong>pedes</strong></span> <span class='ocrx_word' id='word_1_669' title='bbox 2593 3945 2774 3984; x_wconf 88' lang='lat' dir='ltr'><strong>eorum</strong></span> <span class='ocrx_word' id='word_1_670' title='bbox 2821 3929 2892 3982; x_wconf 84' lang='lat' dir='ltr'><strong>ad</strong></span> <span class='ocrx_word' id='word_1_671' title='bbox 2933 3925 3308 3997; x_wconf 54' lang='lat' dir='ltr'><strong>&quot;fundendum</strong></span> <span class='ocrx_word' id='word_1_672' title='bbox 3355 3917 3494 3978; x_wconf 60' lang='lat' dir='ltr'><strong>sm...</strong></span> 
     </span>
    </p>
   </div>
   <div class='ocr_carea' id='block_1_99' title="bbox 2116 4015 3448 4092">
    <p class='ocr_par' dir='ltr' id='par_1_99' title="bbox 2116 4015 3448 4092">
     <span class='ocr_line' id='line_1_99' title="bbox 2116 4015 3448 4092; baseline -0.002 -19"><span class='ocrx_word' id='word_1_673' title='bbox 2116 4021 2322 4091; x_wconf 86' lang='lat' dir='ltr'><strong>guinem</strong></span> <span class='ocrx_word' id='word_1_674' title='bbox 2354 4019 2377 4090; x_wconf 69' lang='grc' dir='ltr'>ζ</span> <span class='ocrx_word' id='word_1_675' title='bbox 2419 4061 2426 4074; x_wconf 93' lang='grc'><strong>.</strong></span> <span class='ocrx_word' id='word_1_676' title='bbox 3439 4015 3448 4092; x_wconf 54' lang='grc' dir='ltr'><strong>ί</strong></span> 
     </span>
    </p>
   </div>
   <div class='ocr_carea' id='block_1_100' title="bbox 1968 4103 3490 4192">
    <p class='ocr_par' dir='ltr' id='par_1_100' title="bbox 1968 4103 3490 4192">
     <span class='ocr_line' id='line_1_100' title="bbox 1968 4103 3490 4192; baseline -0.005 -26"><span class='ocrx_word' id='word_1_677' title='bbox 1968 4111 2029 4166; x_wconf 91' lang='lat' dir='ltr'><strong>C.</strong></span> <span class='ocrx_word' id='word_1_678' title='bbox 2054 4109 2294 4178; x_wconf 83' lang='lat' dir='ltr'><strong>Quorum</strong></span> <span class='ocrx_word' id='word_1_679' title='bbox 2319 4125 2402 4177; x_wconf 87' lang='lat' dir='ltr'><strong>os,</strong></span> <span class='ocrx_word' id='word_1_680' title='bbox 2433 4111 2484 4166; x_wconf 91' lang='lat' dir='ltr'><strong>id</strong></span> <span class='ocrx_word' id='word_1_681' title='bbox 2509 4119 2592 4167; x_wconf 88' lang='lat' dir='ltr'><strong>est</strong></span> <span class='ocrx_word' id='word_1_682' title='bbox 2619 4109 2949 4178; x_wconf 68' lang='lat' dir='ltr'><strong>Iudaeorum,</strong></span> <span class='ocrx_word' id='word_1_683' title='bbox 2965 4107 3184 4179; x_wconf 87' lang='lat' dir='ltr'><strong>quando</strong></span> <span class='ocrx_word' id='word_1_684' title='bbox 3209 4121 3309 4177; x_wconf 90' lang='lat' dir='ltr'><strong>pro</strong></span> <span class='ocrx_word' id='word_1_685' title='bbox 3331 4103 3490 4192; x_wconf 78' lang='lat' dir='ltr'><strong>bonis</strong></span> 
     </span>
    </p>
   </div>
   <div class='ocr_carea' id='block_1_101' title="bbox 1900 4199 3492 4274">
    <p class='ocr_par' dir='ltr' id='par_1_101' title="bbox 1900 4199 3492 4274">
     <span class='ocr_line' id='line_1_101' title="bbox 1900 4199 3492 4274; baseline -0.003 -17"><span class='ocrx_word' id='word_1_686' title='bbox 1900 4201 2358 4259; x_wconf 79' lang='lat' dir='ltr'><strong>admonitionibus</strong></span> <span class='ocrx_word' id='word_1_687' title='bbox 2410 4201 2862 4274; x_wconf 87' lang='lat' dir='ltr'><strong>blasphemahant</strong></span> <span class='ocrx_word' id='word_1_688' title='bbox 2909 4200 3207 4257; x_wconf 85' lang='lat' dir='ltr'><strong>Christum.</strong></span> <span class='ocrx_word' id='word_1_689' title='bbox 3270 4199 3492 4254; x_wconf 79' lang='lat' dir='ltr'><strong>Amari-</strong></span> 
     </span>
    </p>
   </div>
   <div class='ocr_carea' id='block_1_102' title="bbox 1907 4291 3494 4362">
    <p class='ocr_par' dir='ltr' id='par_1_102' title="bbox 1907 4291 3494 4362">
     <span class='ocr_line' id='line_1_102' title="bbox 1907 4291 3494 4362; baseline -0.004 -14"><span class='ocrx_word' id='word_1_690' title='bbox 1907 4293 2129 4360; x_wconf 90' lang='lat' dir='ltr'><strong>tudine,</strong></span> <span class='ocrx_word' id='word_1_691' title='bbox 2164 4307 2288 4348; x_wconf 90' lang='lat' dir='ltr'><strong>cum</strong></span> <span class='ocrx_word' id='word_1_692' title='bbox 2320 4293 2388 4348; x_wconf 90' lang='lat' dir='ltr'><strong>de</strong></span> <span class='ocrx_word' id='word_1_693' title='bbox 2425 4307 2559 4350; x_wconf 89' lang='lat' dir='ltr'><strong>nece</strong></span> <span class='ocrx_word' id='word_1_694' title='bbox 2604 4291 2723 4362; x_wconf 84' lang='lat' dir='ltr'><strong>ejus</strong></span> <span class='ocrx_word' id='word_1_695' title='bbox 2750 4292 3079 4349; x_wconf 88' lang='lat' dir='ltr'><strong>tractabant.</strong></span> <span class='ocrx_word' id='word_1_696' title='bbox 3110 4291 3284 4346; x_wconf 82' lang='lat' dir='ltr'><strong>Pedes</strong></span> <span class='ocrx_word' id='word_1_697' title='bbox 3306 4330 3321 4354; x_wconf 92' lang='lat'><strong>,</strong></span> <span class='ocrx_word' id='word_1_698' title='bbox 3361 4303 3494 4343; x_wconf 83' lang='lat' dir='ltr'><strong>con-</strong></span> 
     </span>
    </p>
   </div>
   <div class='ocr_carea' id='block_1_103' title="bbox 1907 4383 3497 4458">
    <p class='ocr_par' dir='ltr' id='par_1_103' title="bbox 1907 4383 3497 4458">
     <span class='ocr_line' id='line_1_103' title="bbox 1907 4383 3497 4458; baseline -0.004 -16"><span class='ocrx_word' id='word_1_699' title='bbox 1907 4386 2010 4443; x_wconf 91' lang='lat' dir='ltr'><strong>silii</strong></span> <span class='ocrx_word' id='word_1_700' title='bbox 2043 4399 2364 4457; x_wconf 85' lang='lat' dir='ltr'><strong>progressus</strong></span> <span class='ocrx_word' id='word_1_701' title='bbox 2403 4385 2658 4458; x_wconf 87' lang='lat' dir='ltr'><strong>appellat,</strong></span> <span class='ocrx_word' id='word_1_702' title='bbox 2711 4384 2909 4455; x_wconf 88' lang='lat' dir='ltr'><strong>quibus</strong></span> <span class='ocrx_word' id='word_1_703' title='bbox 2938 4385 3007 4439; x_wconf 88' lang='lat' dir='ltr'><strong>de</strong></span> <span class='ocrx_word' id='word_1_704' title='bbox 3048 4383 3266 4454; x_wconf 88' lang='lat' dir='ltr'><strong>incepto</strong></span> <span class='ocrx_word' id='word_1_705' title='bbox 3311 4395 3497 4435; x_wconf 63' lang='lat' dir='ltr'><strong>move.</strong></span> 
     </span>
    </p>
   </div>
   <div class='ocr_carea' id='block_1_104' title="bbox 1908 4469 3497 4540">
    <p class='ocr_par' dir='ltr' id='par_1_104' title="bbox 1908 4469 3497 4540">
     <span class='ocr_line' id='line_1_104' title="bbox 1908 4469 3497 4540; baseline -0.006 -6"><span class='ocrx_word' id='word_1_706' title='bbox 1908 4495 2031 4534; x_wconf 89' lang='lat' dir='ltr'><strong>mur</strong></span> <span class='ocrx_word' id='word_1_707' title='bbox 2059 4479 2126 4532; x_wconf 90' lang='lat' dir='ltr'><strong>ad</strong></span> <span class='ocrx_word' id='word_1_708' title='bbox 2160 4478 2341 4534; x_wconf 78' lang='lat' dir='ltr'><strong>exitus</strong></span> <span class='ocrx_word' id='word_1_709' title='bbox 2372 4493 2580 4532; x_wconf 88' lang='lat' dir='ltr'><strong>rerum.</strong></span> <span class='ocrx_word' id='word_1_710' title='bbox 2607 4475 2743 4532; x_wconf 91' lang='lat' dir='ltr'><strong>Cum</strong></span> <span class='ocrx_word' id='word_1_711' title='bbox 2773 4475 2942 4540; x_wconf 92' lang='lat' dir='ltr'><strong>dicit,</strong></span> <span class='ocrx_word' id='word_1_712' title='bbox 2979 4472 3227 4536; x_wconf 85' lang='lat' dir='ltr'><strong>veloces,</strong></span> <span class='ocrx_word' id='word_1_713' title='bbox 3259 4469 3497 4531; x_wconf 76' lang='lat' dir='ltr'><strong>defuisse</strong></span> 
     </span>
    </p>
   </div>
   <div class='ocr_carea' id='block_1_105' title="bbox 1903 4563 3500 4625">
    <p class='ocr_par' dir='ltr' id='par_1_105' title="bbox 1903 4563 3500 4625">
     <span class='ocr_line' id='line_1_105' title="bbox 1903 4563 3500 4625; baseline -0.009 0"><span class='ocrx_word' id='word_1_714' title='bbox 1903 4569 2017 4625; x_wconf 86' lang='lat' dir='ltr'><strong>illis</strong></span> <span class='ocrx_word' id='word_1_715' title='bbox 2043 4568 2283 4624; x_wconf 90' lang='lat' dir='ltr'><strong>ostendit</strong></span> <span class='ocrx_word' id='word_1_716' title='bbox 2305 4569 2534 4625; x_wconf 88' lang='lat' dir='ltr'><strong>consilia</strong></span> <span class='ocrx_word' id='word_1_717' title='bbox 2562 4567 2972 4624; x_wconf 89' lang='lat' dir='ltr'><strong>moderationis.</strong></span> <span class='ocrx_word' id='word_1_718' title='bbox 3002 4564 3086 4620; x_wconf 86' lang='lat' dir='ltr'><strong>Ad</strong></span> <span class='ocrx_word' id='word_1_719' title='bbox 3111 4563 3500 4619; x_wconf 79' lang='lat' dir='ltr'><strong>ellundendum</strong></span> 
     </span>
    </p>
   </div>
   <div class='ocr_carea' id='block_1_106' title="bbox 1909 4659 3512 4734">
    <p class='ocr_par' dir='ltr' id='par_1_106' title="bbox 1909 4659 3512 4734">
     <span class='ocr_line' id='line_1_106' title="bbox 1909 4659 3512 4734; baseline -0.011 -14"><span class='ocrx_word' id='word_1_720' title='bbox 1909 4661 2330 4734; x_wconf 88' lang='lat' dir='ltr'><strong>sanguinem,id</strong></span> <span class='ocrx_word' id='word_1_721' title='bbox 2355 4671 2442 4718; x_wconf 89' lang='lat' dir='ltr'><strong>est</strong></span> <span class='ocrx_word' id='word_1_722' title='bbox 2482 4661 2696 4717; x_wconf 86' lang='lat' dir='ltr'><strong>Domini</strong></span> <span class='ocrx_word' id='word_1_723' title='bbox 2736 4659 3035 4714; x_wconf 87' lang='lat' dir='ltr'><strong>Salvatoris</strong></span> <span class='ocrx_word' id='word_1_724' title='bbox 3073 4666 3128 4709; x_wconf 89' lang='lat' dir='ltr'><strong>et</strong></span> <span class='ocrx_word' id='word_1_725' title='bbox 3169 4668 3414 4714; x_wconf 87' lang='lat' dir='ltr'><strong>suorum.</strong></span> <span class='ocrx_word' id='word_1_726' title='bbox 3446 4663 3512 4704; x_wconf 79' lang='lat' dir='ltr'><strong>ut</strong></span> 
     </span>
    </p>
   </div>
   <div class='ocr_carea' id='block_1_107' title="bbox 1909 4739 3510 4813">
    <p class='ocr_par' dir='ltr' id='par_1_107' title="bbox 1909 4739 3510 4813">
     <span class='ocr_line' id='line_1_107' title="bbox 1909 4739 3510 4813; baseline -0.014 -2"><span class='ocrx_word' id='word_1_727' title='bbox 1909 4756 2190 4813; x_wconf 73' lang='lat' dir='ltr'><strong>scelerata:</strong></span> <span class='ocrx_word' id='word_1_728' title='bbox 2217 4753 2297 4810; x_wconf 92' lang='lat' dir='ltr'><strong>rei</strong></span> <span class='ocrx_word' id='word_1_729' title='bbox 2323 4763 2536 4812; x_wconf 84' lang='lat' dir='ltr'><strong>crescat</strong></span> <span class='ocrx_word' id='word_1_730' title='bbox 2567 4750 2880 4808; x_wconf 89' lang='lat' dir='ltr'><strong>immanitas</strong></span> <span class='ocrx_word' id='word_1_731' title='bbox 2902 4747 3132 4805; x_wconf 88' lang='lat' dir='ltr'><strong>actionis</strong></span> <span class='ocrx_word' id='word_1_732' title='bbox 3155 4786 3171 4810; x_wconf 93' lang='lat'><strong>,</strong></span> <span class='ocrx_word' id='word_1_733' title='bbox 3200 4748 3325 4801; x_wconf 87' lang='lat' dir='ltr'><strong>dum</strong></span> <span class='ocrx_word' id='word_1_734' title='bbox 3349 4748 3406 4795; x_wconf 87' lang='lat' dir='ltr'><strong>et</strong></span> <span class='ocrx_word' id='word_1_735' title='bbox 3448 4739 3510 4805; x_wconf 72' lang='lat' dir='ltr'><strong>tu</strong></span> 
     </span>
    </p>
   </div>
   <div class='ocr_carea' id='block_1_108' title="bbox 1909 4835 3317 4906">
    <p class='ocr_par' dir='ltr' id='par_1_108' title="bbox 1909 4835 3317 4906">
     <span class='ocr_line' id='line_1_108' title="bbox 1909 4835 3317 4906; baseline -0.013 0"><span class='ocrx_word' id='word_1_736' title='bbox 1909 4848 2199 4906; x_wconf 90' lang='lat' dir='ltr'><strong>Dominum</strong></span> <span class='ocrx_word' id='word_1_737' title='bbox 2229 4846 2571 4904; x_wconf 86' lang='lat' dir='ltr'><strong>Salvatorem</strong></span> <span class='ocrx_word' id='word_1_738' title='bbox 2603 4859 2794 4900; x_wconf 88' lang='lat' dir='ltr'><strong>manus</strong></span> <span class='ocrx_word' id='word_1_739' title='bbox 2824 4835 3317 4905; x_wconf 80' lang='lat' dir='ltr'><strong>noxiasinjiciunt.</strong></span> 
     </span>
    </p>
   </div>
   <div class='ocr_carea' id='block_1_109' title="bbox 1906 4927 3519 5014">
    <p class='ocr_par' dir='ltr' id='par_1_109' title="bbox 1906 4927 3519 5014">
     <span class='ocr_line' id='line_1_109' title="bbox 1906 4927 3519 5014; baseline -0.014 -19"><span class='ocrx_word' id='word_1_740' title='bbox 1906 4941 1939 4995; x_wconf 89' lang='lat'><strong>7</strong></span> <span class='ocrx_word' id='word_1_741' title='bbox 2019 4956 2081 4998; x_wconf 64' lang='grc' dir='ltr'><strong>-ι-</strong></span> <span class='ocrx_word' id='word_1_742' title='bbox 2124 4939 2383 4997; x_wconf 88' lang='lat' dir='ltr'><strong>Contritio</strong></span> <span class='ocrx_word' id='word_1_743' title='bbox 2427 4950 2476 4995; x_wconf 89' lang='lat' dir='ltr'><strong>et</strong></span> <span class='ocrx_word' id='word_1_744' title='bbox 2519 4935 2801 5006; x_wconf 78' lang='lat' dir='ltr'><strong>infelicitas</strong></span> <span class='ocrx_word' id='word_1_745' title='bbox 2842 4936 2896 4986; x_wconf 85' lang='lat' dir='ltr'><strong>in</strong></span> <span class='ocrx_word' id='word_1_746' title='bbox 2928 4933 3022 5014; x_wconf 81' lang='lat' dir='ltr'><strong>viis</strong></span> <span class='ocrx_word' id='word_1_747' title='bbox 3060 4927 3299 4994; x_wconf 65' lang='lat' dir='ltr'><strong>eorum:</strong></span> <span class='ocrx_word' id='word_1_748' title='bbox 3353 4935 3423 4977; x_wconf 63' lang='grc' dir='ltr'><strong>-ιι</strong></span> <span class='ocrx_word' id='word_1_749' title='bbox 3451 4935 3519 4974; x_wconf 80' lang='lat' dir='ltr'><strong>ct</strong></span> 
     </span>
    </p>
   </div>
   <div class='ocr_carea' id='block_1_110' title="bbox 2120 5021 3070 5101">
    <p class='ocr_par' dir='ltr' id='par_1_110' title="bbox 2120 5021 3070 5101">
     <span class='ocr_line' id='line_1_110' title="bbox 2120 5021 3070 5101; baseline -0.017 -11"><span class='ocrx_word' id='word_1_750' title='bbox 2120 5036 2260 5090; x_wconf 88' lang='lat' dir='ltr'><strong>viam</strong></span> <span class='ocrx_word' id='word_1_751' title='bbox 2285 5033 2432 5101; x_wconf 84' lang='lat' dir='ltr'><strong>pacis</strong></span> <span class='ocrx_word' id='word_1_752' title='bbox 2469 5048 2570 5086; x_wconf 89' lang='lat' dir='ltr'><strong>non</strong></span> <span class='ocrx_word' id='word_1_753' title='bbox 2598 5035 2943 5098; x_wconf 85' lang='lat' dir='ltr'><strong>cognoverunt</strong></span> <span class='ocrx_word' id='word_1_754' title='bbox 3001 5021 3020 5091; x_wconf 72' lang='grc' dir='ltr'>ζ</span> <span class='ocrx_word' id='word_1_755' title='bbox 3051 5036 3070 5074; x_wconf 87' lang='lat'><strong><em>:</em></strong></span> 
     </span>
    </p>
   </div>
   <div class='ocr_carea' id='block_1_111' title="bbox 2020 5109 3290 5182">
    <p class='ocr_par' dir='ltr' id='par_1_111' title="bbox 2020 5109 3290 5182">
     <span class='ocr_line' id='line_1_111' title="bbox 2020 5109 3290 5182; baseline -0.014 0"><span class='ocrx_word' id='word_1_756' title='bbox 2020 5141 2076 5182; x_wconf 75' lang='grc' dir='ltr'><strong>-ι-</strong></span> <span class='ocrx_word' id='word_1_757' title='bbox 2117 5123 2240 5179; x_wconf 88' lang='lat' dir='ltr'><strong>Non</strong></span> <span class='ocrx_word' id='word_1_758' title='bbox 2266 5134 2340 5175; x_wconf 85' lang='lat' dir='ltr'><strong>est</strong></span> <span class='ocrx_word' id='word_1_759' title='bbox 2370 5123 2527 5177; x_wconf 86' lang='lat' dir='ltr'><strong>timor</strong></span> <span class='ocrx_word' id='word_1_760' title='bbox 2551 5120 2647 5174; x_wconf 84' lang='lat' dir='ltr'><strong>Dei</strong></span> <span class='ocrx_word' id='word_1_761' title='bbox 2668 5126 2787 5172; x_wconf 88' lang='lat' dir='ltr'><strong>ante</strong></span> <span class='ocrx_word' id='word_1_762' title='bbox 2809 5116 2986 5170; x_wconf 85' lang='lat' dir='ltr'><strong>oculos</strong></span> <span class='ocrx_word' id='word_1_763' title='bbox 3008 5124 3191 5163; x_wconf 85' lang='lat' dir='ltr'><strong>eorum</strong></span> <span class='ocrx_word' id='word_1_764' title='bbox 3223 5109 3244 5182; x_wconf 65' lang='grc' dir='ltr'>ξ</span> <span class='ocrx_word' id='word_1_765' title='bbox 3278 5151 3290 5164; x_wconf 93' lang='grc'><strong>.</strong></span> 
     </span>
    </p>
   </div>
   <div class='ocr_carea' id='block_1_112' title="bbox 1984 5195 3515 5278">
    <p class='ocr_par' dir='ltr' id='par_1_112' title="bbox 1984 5195 3515 5278">
     <span class='ocr_line' id='line_1_112' title="bbox 1984 5195 3515 5278; baseline -0.016 -7"><span class='ocrx_word' id='word_1_766' title='bbox 1984 5216 2029 5271; x_wconf 84' lang='lat' dir='ltr'><strong>ll</strong></span> <span class='ocrx_word' id='word_1_767' title='bbox 2059 5211 2326 5270; x_wconf 86' lang='lat' dir='ltr'><strong>Contritio</strong></span> <span class='ocrx_word' id='word_1_768' title='bbox 2353 5253 2370 5278; x_wconf 93' lang='lat'><strong>,</strong></span> <span class='ocrx_word' id='word_1_769' title='bbox 2402 5213 2607 5268; x_wconf 81' lang='lat' dir='ltr'><strong>scilicet</strong></span> <span class='ocrx_word' id='word_1_770' title='bbox 2646 5209 2890 5277; x_wconf 91' lang='lat' dir='ltr'><strong>corporis</strong></span> <span class='ocrx_word' id='word_1_771' title='bbox 2944 5199 3257 5257; x_wconf 71' lang='lat' dir='ltr'><strong>Judazorum</strong></span> <span class='ocrx_word' id='word_1_772' title='bbox 3281 5240 3295 5266; x_wconf 94' lang='lat'><strong>,</strong></span> <span class='ocrx_word' id='word_1_773' title='bbox 3331 5195 3515 5252; x_wconf 80' lang='lat' dir='ltr'><strong>infeli-</strong></span> 
     </span>
    </p>
   </div>
   <div class='ocr_carea' id='block_1_113' title="bbox 1910 5286 3508 5368">
    <p class='ocr_par' dir='ltr' id='par_1_113' title="bbox 1910 5286 3508 5368">
     <span class='ocr_line' id='line_1_113' title="bbox 1910 5286 3508 5368; baseline -0.014 -8"><span class='ocrx_word' id='word_1_774' title='bbox 1910 5307 2051 5362; x_wconf 88' lang='lat' dir='ltr'><strong>citas</strong></span> <span class='ocrx_word' id='word_1_775' title='bbox 2071 5305 2287 5360; x_wconf 74' lang='lat' dir='ltr'><strong>animm.</strong></span> <span class='ocrx_word' id='word_1_776' title='bbox 2319 5298 2377 5354; x_wconf 82' lang='lat' dir='ltr'><strong>In</strong></span> <span class='ocrx_word' id='word_1_777' title='bbox 2415 5303 2535 5364; x_wconf 88' lang='lat' dir='ltr'><strong>viis,</strong></span> <span class='ocrx_word' id='word_1_778' title='bbox 2574 5301 2626 5354; x_wconf 90' lang='lat' dir='ltr'><strong>in</strong></span> <span class='ocrx_word' id='word_1_779' title='bbox 2666 5296 2920 5368; x_wconf 88' lang='lat' dir='ltr'><strong>operibus</strong></span> <span class='ocrx_word' id='word_1_780' title='bbox 2947 5301 3156 5345; x_wconf 90' lang='lat' dir='ltr'><strong>eorum.</strong></span> <span class='ocrx_word' id='word_1_781' title='bbox 3193 5287 3343 5344; x_wconf 83' lang='lat' dir='ltr'><strong>Cur?</strong></span> <span class='ocrx_word' id='word_1_782' title='bbox 3377 5286 3508 5354; x_wconf 81' lang='lat' dir='ltr'><strong>quia</strong></span> 
     </span>
    </p>
   </div>
  </div>
