4000 5370
519 316 585 370 87

1471 316 1528 372 S.
1578 317 1928 378 BRUNONIS
1969 321 2510 384 HERBIPOLENSIS
2543 327 2850 396 EPISCOPI

3703 336 3763 393 88

518 437 573 480 et
605 427 656 480 in
687 425 851 481 corde
879 442 977 482 suo
991 426 1383 495 iucunditatem
1425 437 1482 484 et
1525 432 1944 489 exsultationem
2000 434 2102 489 lin-
2130 440 2175 502 Α
2206 439 2562 498 diminutione
2587 443 2837 514 diritatis).
2856 446 3258 500 utcxaudiatur
3287 450 3432 518 Quod
3464 461 3632 521 rogat.
3657 453 3762 510 Non

518 531 637 587 £013
667 515 768 570 sibi
795 530 915 570 esse
949 525 1196 570 testatur.
1224 516 1268 571 H
1295 517 1435 572 Caro
1463 518 1760 576 Ecclesium
1806 523 2100 592 signiﬁcat,

519 623 642 676 quze
673 608 967 677 requiescit
991 607 1059 662 ad
1093 619 1302 678 tempus
1327 609 1381 664 in
1412 625 1506 681 spe
1529 610 1723 674 intutae
1749 619 2104 669 resurrectio-

525 699 628 752 nis.
660 698 899 753 Ecclesia
930 699 1075 753 enim
1105 709 1188 753 est
1235 714 1364 754 caro
1417 699 1644 766 Christi,
1690 703 1812 758 ideo
1852 703 2102 758 Christus

524 791 758 862 loquitur
791 806 806 844 :
846 791 1111 856 Ecclesia,
1137 806 1257 862 qua:
1276 801 1359 848 est
1385 808 1514 846 caro
1539 807 1678 859 mea,
1708 793 1868 850 modo
1894 796 2102 864 requie.

512 883 618 940 scit
643 883 696 937 in
727 899 822 954 spe
849 883 1283 948 resurrectionis,
1313 893 1372 938 ut
1402 885 1492 940 ubi
1523 895 1682 955 caput
1718 889 2015 956 praecessit,
2047 898 2102 942 et

510 975 757 1032 membra
785 985 1103 1045 sequantur,
1133 977 1425 1045 quoniam,
1447 986 1554 1032 etc.
1584 977 1625 1032 C
1673 977 1761 1033 Vel
1785 979 2103 1048 intelligitur

511 1067 583 1122 de
613 1081 778 1122 carne
806 1067 1042 1122 hominis
1088 1066 1312 1132 Christi,
1363 1084 1525 1138 quam
1557 1085 1655 1139 pro
1708 1079 1892 1125 nostra
1928 1070 2102 1125 salute

511 1160 770 1229 suscepit,
810 1177 930 1230 qua:
977 1161 1030 1214 in
1063 1160 1324 1230 sepulcro.
1357 1160 1592 1230 quievit,
1635 1163 1687 1217 in
1719 1177 1814 1231 spe
1854 1177 2098 1218 nesurres-

516 1251 711 1307 ctiouis
741 1254 827 1308 die
852 1254 1008 1307 tertia
1036 1252 1212 1308 factm.

519 1339 585 1396 ιο
657 1341 922 1408 Quoniam
961 1359 1064 1399 non
1103 1344 1434 1416 derelinquere
1466 1347 1699 1400 animam
1735 1363 1903 1401 meam
1944 1346 1998 1400 in
2021 1347 2101 1401 in-

727 1434 878 1505 ferno
903 1450 926 1488 :

657 1525 771 1580 Nec
807 1528 960 1582 dabis
995 1529 1251 1585 Sanctum
1292 1540 1445 1585 tuum
1477 1531 1651 1586 uidere
1688 1530 2097 1601 corruptionem.

469 1631 487 1647 ν
583 1614 624 1670 C
666 1614 807 1670 Ecce
830 1617 1006 1672 Filius
1030 1619 1235 1689 gratias
1276 1620 1388 1691 agit
1418 1619 1588 1683 Patri,
1613 1618 2098 1689 quiaejusanima

516 1722 624 1762 non
652 1707 724 1762 sit
758 1723 910 1763 more
940 1711 1213 1764 communi
1247 1711 1299 1764 in
1330 1709 1540 1764 inferno
1565 1709 1846 1773 derelicta,
1870 1710 1966 1766 sed
1988 1710 2100 1763 cla-

544 1799 557 1811 .
922 1802 934 1811 ,
1264 1802 1275 1814 ⁸
1494 1804 1504 1814 ,
1809 1803 1820 1814 ,
2043 1803 2054 1816 _
2202 1792 2310 1798 --η
2359 1792 2555 1798 μνη-τ
2605 1792 2766 1800 --_-.--
2792 1792 2804 1798 -
2848 1792 2994 1803 νη..
3125 1792 3139 1813 ,
3186 1792 3239 1803 ν.
3424 1792 3649 1821 .-.,......-
3674 1792 3771 1804 ..νη

516 1798 934 1915 [ηξθῗξίξ-ξξῖωη
986 1811 1410 1915 ¹ξ⁰⁸ξ¹ξ¹ξ³⁰¹¹ίξ¹¹ξξ
1440 1802 1545 1915 ξίιξ
1582 1802 2093 1915 ¹ξν¹ξ⁰ξ¹ξ¹ξῖχξί¹
2127 1792 2171 1863 Β
2205 1836 2564 1901 divinitatem,
2615 1840 2711 1894 sed
2735 1840 2927 1894 merita
2967 1839 3170 1896 Christi
3193 1853 3247 1898 et
3273 1841 3584 1898 Judteorum
3613 1843 3783 1915 signi-.

515 1896 599 1943 est
629 1889 968 1958 putrediuetn
989 1891 1134 1961 juste
1159 1892 1483 1961 negattieri,
1512 1907 1632 1960 qua:
1658 1907 1877 1946 carnem
1902 1907 2100 1946 consu-

516 1980 616 2034 mit
673 1981 990 2036 humanam.
1034 1982 1176 2039 Caro
1217 1983 1364 2038 enim
1403 1982 1605 2038 Christi
1627 1999 1734 2040 non
1768 1984 1945 2054 potuit
1978 2000 2114 2039 cor-.

517 2071 699 2142 rumpi
725 2072 778 2126 in
803 2073 1077 2143 sepulcro.

515 2159 572 2213 Η
657 2161 832 2218 Notas
867 2165 993 2219 mihi
1014 2165 1186 2236 fecisti
1215 2166 1329 2221 ria:
1358 2168 1474 2223 eitte
1495 2180 1516 2220 :
1537 2167 1862 2240 adimplebis.
1887 2184 1967 2222 me
2007 2167 2096 2222 Ιαξο

723 2257 844 2312 titia
879 2274 997 2312 eum
1037 2258 1181 2313 vultu
1217 2269 1355 2315 tuo:

653 2347 1026 2405 Delectationet
1064 2353 1119 2405 in
1145 2352 1359 2408 dextera
1376 2364 1468 2407 tua
1497 2367 1560 2409 -ι-
1592 2371 1754 2425 usque
1785 2354 1818 2426 ζ·
1835 2357 1889 2409 in
1915 2356 2096 2424 ﬁnem.

576 2438 624 2494 Η
667 2438 779 2494 Vox
809 2440 1105 2510 justorum,
1145 2453 1304 2499 notas
1354 2445 1486 2498 mihi
1532 2445 1734 2512 fecisti,
1779 2445 1832 2501 id
1879 2455 1985 2506 est.
2014 2458 2100 2502 me

515 2544 839 2599 cognoscere
881 2532 1058 2588 fecisti
1088 2534 1340 2590 mandata
1368 2533 1593 2592 Christi.
1633 2537 1919 2593 Tunc-erit
1943 2538 2113 2607 plena.

515 2620 718 2683 ttetitia,
751 2637 877 2676 eum
901 2623 1196 2678 adunatum
1226 2626 1392 2680 fuerit
1423 2641 1645 2697 corpus,
1673 2628 1831 2683 idest
1855 2628 2098 2683 Ecclesia

501 2727 564 2766 ‘m
599 2727 768 2783 regno
807 2714 924 2777 Dei,
981 2716 1073 2769 ubi
1107 2717 1418 2785 speculatur
1456 2720 1636 2773 vultus
1662 2719 1778 2774 Dei.
1816 2721 1857 2774 C
1887 2720 1943 2775 lu
1968 2720 2102 2775 dexo

512 2811 631 2857 tera
675 2820 772 2860 sua
822 2806 970 2869 dicit,
1021 2809 1280 2881 quoniam
1320 2811 1629 2868 nullatenus
1654 2827 1685 2866 a
1717 2822 1942 2882 paterna
1972 2830 2102 2869 eon-

514 2894 866 2962 templatione
905 2898 1184 2954 discessit...
1219 2899 1371 2956 Finis
1417 2901 2097 2974 signiﬁcat-perlectionem

507 2991 676 3054 atque
696 2989 1078 3057 aeternitatem,
1105 3000 1164 3047 ut
1189 3007 1362 3063 usque
1386 2992 1442 3048 in
1475 2991 1661 3060 tinem,
1691 2995 1742 3051 id
1759 3004 1844 3050 est
1861 2995 2108 3052 perfecte

514 3080 566 3128 et
602 3078 957 3138 teternaliter.

985 3189 1185 3232 οῐιΑτιο
1221 3193 1290 3232 EX
1329 3193 1479 3234 ΡεΑι..
1519 3195 1610 3235 κν.

578 3255 877 3323 Conserva,
935 3261 1185 3332 Domine,
1241 3277 1531 3338 sperantes
1552 3270 1604 3324 in
1639 3277 1711 3334 te,
1742 3277 1798 3324 et
1823 3270 1973 3325 cnice
1997 3285 2096 3325 vo-

512 3351 750 3406 luntates
784 3361 905 3408 tuas
939 3356 1244 3423 uobiscum,
1280 3367 1338 3414 ut
1375 3360 1657 3417 clarificati
1701 3361 1885 3416 lauitia
1919 3376 2099 3417 resur-

512 3445 771 3503 rectionis
823 3457 948 3512 tum,
977 3464 1284 3506 mereamur
1317 3469 1344 3506 a
1377 3453 1722 3508 dextristu-is
1743 3468 1867 3510 cum
1894 3454 2100 3510 sanctis

509 3539 762 3596 omnibus
790 3540 1070 3597 delectari.
1102 3542 1206 3598 Per
1229 3544 1817 3613 Domimunnostrum,
1842 3556 1950 3603 etc.

1047 3635 1370 3693 PSALMUS
1419 3638 1558 3694 XVI.

955 3744 1317 3786 ARGUIENTUSI
1358 3745 1506 3786 PSH»
1545 3748 1656 3788 XVI.

579 3818 622 3874 C
661 3817 895 3874 Trifaria
915 3819 1092 3874 oratio
1113 3819 1182 3873 ab
1208 3822 1546 3877 humanitate
1574 3822 1858 3877 Christi'in
1886 3823 2113 3894 psalmo

511 3910 868 3981 depromitur.
918 3909 1120 3976 Primo,
1167 3913 1465 3967 secundum
1504 3913 1771 3984 justitiam
1823 3916 1923 3970 sibi
1964 3917 2111 3985 petit-

509 4001 708 4058 debere
729 4001 964 4057 restitui.
995 4001 1266 4068 Secundo,
1295 4014 1403 4058 uta
1425 4002 1730 4060 Iudaeorum
1750 4005 1963 4060 insidiis
1983 4006 2112 4075 ejus.

514 4094 726 4163 paritas
755 4093 1035 4149 liberetur.
1088 4092 1296 4160 Tertio,
1331 4096 1787 4152 resurrectionem
1816 4097 2098 4153 velocissi-

513 4197 656 4239 mam
707 4184 1054 4255 deprecatur,
1112 4200 1180 4240 ne
1228 4184 1468 4242 inimicis
1499 4185 1708 4242 diutius
1744 4185 1907 4243 liceat
1932 4187 2098 4244 insul-

511 4285 650 4332 tare.

1023 4370 1132 4427 TT.
1176 4373 1369 4429 Oratio.
1399 4373 1586 4428 David.

587 4458 631 4514 Η
668 4460 859 4518 Oratio
882 4463 1070 4518 David.
1101 4464 1206 4519 Iste
1234 4466 1476 4535 psalmus
1505 4473 1760 4520 cantatur
1788 4473 1978 4520 contra
2002 4463 2098 4519 ,ιιι-

510 4553 658 4610 dmos
708 4568 774 4610 ex
825 4571 1054 4627 persona
1086 4555 1289 4613 Christi
1316 4575 1330 4622 ;
1365 4558 1448 4614 vel
1476 4569 1666 4613 contra
1695 4558 1997 4620 haereticos,
2027 4571 2096 4610 ex

511 4658 747 4713 persona
784 4646 1058 4703 Ecclesiae.

463 4762 477 4774 ι
513 4736 539 4790 1
657 4733 893 4805 Exaudi,
938 4738 1176 4802 Domine,
1205 4739 1474 4808 justitiam
1513 4755 1682 4793 meam
1720 4753 1750 4788 :-

662 4827 883 4885 Intende
915 4831 1329 4901 deprecationem
1370 4848 1541 4886 meam

587 4919 630 4975 C
667 4919 784 4975 Vox
807 4917 1010 4974 Christi
1034 4921 1087 4974 in
1112 4920 1385 4990 passione,
1417 4924 1473 4973 e't
1501 4933 1604 4974 vox
1636 4916 1893 4974 Ecclesiae
1921 4917 1974 4972 in
2003 4916 2100 4970 tri-

511 5010 811 5054 'hnlatinnn-
838 5010 905 5054 Et
931 5011 1180 5054 Chi-istnc
1204 5011 1337 5054 R9251.
1362 5011 1604 5054 αττηιδίνί
1633 5009 1890 5054 iustitiam
1917 5023 2095 5054 suam-

2207 535 2259 588 in
2290 532 2450 589 labiis
2488 535 2711 600 dolosis,
2757 538 2898 594 sicut
2931 548 3014 593 est
3037 540 3212 594 oratio
3238 555 3424 596 eorum
3449 545 3536 612 qui
3563 560 3648 600 me
3671 547 3764 602 iui-

2205 642 2312 696 que
2343 628 2605 684 damnant
2639 637 2695 685 et
2723 645 2895 695 meos,
2939 639 2998 685 ut
3047 642 3174 688 sunt
3198 631 3389 688 Judzni.
3424 636 3468 689 Α
3499 637 3541 689 Α
3576 634 3764 693 Judteis

2203 721 2348 774 enim
2400 723 2640 776 manavit
2692 721 2826 779 falsa
2852 725 3144 788 sententia,
3175 728 3314 796 apud
3356 743 3494 796 quos
3520 729 3766 788 innocens

2203 809 2490 866 damnatus
2517 819 2618 876 est,
2647 823 2701 867 et
2723 811 2866 868 latro
2893 816 3236 885 cognoscitur:
3269 817 3562 873 absolutus.

2202 921 2236 976 5
2343 921 2422 975 De
2457 922 2600 976 vultu
2639 938 2729 978 tuo
2767 925 3019 989 iudicium
3059 941 3230 978 meum
3266 927 3532 994 prodeat:

2346 1011 2502 1067 Oculi
2541 1016 2619 1068 tui
2657 1015 2865 1070 videant
2905 1017 3196 1086 a’quitates.

2271 1104 2312 1160 C
2351 1106 2426 1160 De
2455 1106 2604 1160 vultu
2631 1115 2723 1161 tuo
2745 1109 2966 1177 prodeat
2986 1108 3268 1176 judicium.
3292 1112 3552 1170 Inusitata
3582 1115 3770 1171 locutio

2202 1205 2306 1264 est,
2351 1199 2476 1269 quia
2527 1201 2594 1254 de
2641 1212 2822 1254 tuente
2873 1201 3013 1256 solet
3048 1203 3231 1257 venire
3276 1207 3548 1260 sententia
3586 1210 3770 1262 nonde

2201 1289 2374 1356 vultu,
2403 1289 2496 1344 sed
2523 1291 2626 1346 hoc
2647 1290 2867 1347 Christo
2885 1295 3270 1348 convenienter
3289 1305 3528 1366 aptatur,
3551 1299 3669 1366 quia
3689 1299 3771 1354 ille

2201 1377 2344 1450 quod
2391 1375 2598 1446 iudicat
2651 1381 2818 1444 videt,
2845 1383 2938 1452 qui
2968 1382 3114 1437 solus
3136 1385 3316 1438 omnia
3346 1395 3556 1440 secreta
3579 1402 3769 1458 cogno-

2201 1470 2326 1525 scit.
2371 1469 2524 1526 Oculi
2568 1471 2686 1526 mei-
2721 1473 2937 1527 videant
2961 1475 3293 1544 :cquitatem,
3318 1476 3410 1531 hic
3447 1479 3767 1546 aequitatem,

2201 1559 2372 1628 ipsam
2423 1561 2758 1616 divinitatem
2790 1562 3079 1633 signiﬁcat,
3103 1580 3265 1634 quam
3297 1567 3416 1636 ipse
3456 1566 3620 1622 Filius
3644 1584 3780 1623 sem-.

2198 1667 2298 1724 per
2324 1653 2488 1718 videt,
2525 1653 2617 1723 qui
2663 1655 2889 1724 aequalis
2907 1668 2990 1710 est
3016 1656 3186 1711 Patri.
3223 1656 3314 1713 Sic
3343 1659 3449 1713 alia
3475 1659 3650 1713 littera
3682 1660 3772 1714 ha-

2200 1744 2310 1798 bet.
2359 1741 2555 1798 Nostra
2604 1745 2806 1800 habet:
2843 1745 2996 1803 Oculi
3021 1749 3139 1813 tui';
3184 1758 3239 1803 et
3269 1759 3398 1804 tunc
3424 1751 3649 1821 :cquitas
3673 1765 3771 1804 non

2205 1926 2353 1983 ticat.

2201 2021 2236 2075 Δ
2345 2021 2593 2076 Probain
2627 2039 2719 2078 cor
2753 2039 2925 2080 meum
2957 2040 3018 2082 -ε-
3054 2037 3104 2081 et
3135 2026 3154 2096 ζ
3185 2029 3411 2083 visitasti
3446 2038 3592 2083 nocte
3622 2045 3642 2084 :

2346 2114 2478 2188 Igne
2518 2133 2597 2172 me
2634 2119 2971 2174 examinasti.
2996 2119 3068 2174 Et
3109 2137 3213 2176 non
3252 2132 3327 2176 est
3369 2122 3578 2178 inventa
3610 2121 3777 2183 inme

2415 2211 2685 2281 iniquitas.
3330 2221 3338 2226 ”

2201 2301 2235 2356 5
2345 2299 2412 2355 Ut
2449 2317 2553 2357 non
2587 2301 2836 2373 loquatur
2871 2321 2928 2359 os
2964 2321 3136 2359 meum
3171 2321 3327 2375 opera
3359 2306 3636 2360 hominum
3665 2321 3694 2360 :~

2348 2391 2572 2463 Propter
2622 2395 2775 2450 verba
2821 2396 3083 2450 (abiaram
3130 2407 3342 2452 tuorum
3390 2415 3494 2469 ego
3541 2386 3784 2452 custodiri

2415 2485 2524 2538 uias
2564 2484 2748 2539 duras.

2273 2575 2314 2631 C
2349 2574 2606 2630 Probatio
2637 2573 2726 2629 hie
2757 2575 3027 2645 significat
3052 2577 3380 2646 passionem,
3416 2577 3630 2648 quando
3650 2577 3794 2637 inter;

2201 2667 2441 2736 pericula
2482 2666 2672 2721 mortis
2700 2667 2906 2735 optima
2947 2666 3268 2722 documenta
3305 2670 3585 2738 patientiae
3604 2677 3776 2729 osten-

2203 2761 2282 2814 dit
2311 2776 2326 2823 ;
2370 2759 2629 2823 visitatio,
2682 2759 3164 2816 resurrectionem.
3201 2762 3469 2818 Visitatus
3496 2771 3577 2819 est
3608 2770 3789 2830 nocte,

2202 2852 2419 2923 quando
2453 2851 2633 2914 anima
2656 2851 2774 2921 ejus
2800 2853 2852 2908 in
2881 2852 3096 2908 inferno
3120 2870 3223 2910 non
3246 2867 3330 2909 est
3353 2857 3634 2912 derelicta.
3657 2854 3792 2926 Igne.

2202 2945 2568 3010 examinatus,
2624 2945 2676 3000 id
2725 2954 2829 3010 est,
2857 2947 3203 3003 tribulatione
3241 2949 3534 3019 passionis.
3568 2948 3680 3005 Non
3701 2955 3786 3004 est.

2203 3037 2420 3093 inventa
2477 3038 2738 3110 iniquitas
2783 3040 2837 3104 in
2894 3038 3008 3104 illo,
3057 3055 3218 3110 quam
3251 3041 3466 3104 adustio
3491 3041 3597 3108 ulla
3626 3043 3788 3097 deco-.

2126 3145 2171 3212 ς
2203 3141 2412 3201 queret.

2271 3222 2312 3279 C
2349 3222 2460 3280 Via:
2510 3224 2659 3280 durae
2688 3234 2836 3290 sunt,
2872 3239 3009 3295 quas
3039 3225 3237 3282 debent
3267 3223 3518 3280 homines
3555 3221 3788 3284 imitari,

2201 3315 2398 3388 quibus
2443 3315 2551 3370 iter
2596 3317 2852 3371 vitiorum
2901 3316 3020 3371 leve
3065 3326 3168 3374 est.
3218 3314 3352 3370 Nam
3390 3328 3512 3368 cum
3562 3319 3779 3383 peccata

2200 3411 2462 3475 vitantur,
2494 3391 2700 3465 homini
2730 3411 2830 3464 vite
2853 3412 3000 3465 dura:
3027 3417 3184 3472 sunt;
3218 3422 3352 3478 quas
3373 3407 3490 3465 vias
3521 3405 3776 3460 immacu-

2199 3502 2344 3558 latus
2385 3504 2626 3572 peccatis
2654 3501 2901 3558 Christus
2946 3502 3258 3556 ambulavit.
3290 3503 3329 3554 A
3358 3499 3452 3555 Vel
3495 3498 3595 3554 viae
3637 3500 3794 3554 dum-

2201 3593 2453 3651 dicuntur
2465 3608 2627 3662 Opera
2647 3593 3093 3661 hontinum,quas
3108 3589 3316 3646 scilicet
3330 3597 3787 3658 merenturOpera

2201 3683 2511 3744 hominum.
2538 3698 2702 3752 opera
2740 3682 2883 3736 enim
2936 3680 3072 3734 mala
3114 3691 3240 3734 sunt
3281 3696 3446 3752 opera
3479 3680 3794 3746 hominum,

2201 3790 2305 3830 non
2330 3773 2446 3839 Dei,
2466 3774 2554 3829 illa
2584 3783 2764 3829 autem
2795 3782 3071 3828 uterentur
3099 3786 3313 3842 pmnam
3342 3788 3505 3843 quam
3535 3769 3796 3828 Christus.

2200 3868 2493 3926 sustinuit-

2201 3983 2236 4039 6
2343 3982 2546 4052 Perﬁce
2573 3999 2782 4052 gressus
2812 3999 2950 4036 meo:
2978 3983 3033 4036 in
3059 3983 3255 4036 semitis
3285 3983 3391 4036 tuis
3412 3995 3433 4032 :

2347 4073 2550 4129 Ut-non
2577 4084 2883 4128 moveantur
2911 4075 3121 4143 vestigia
3150 4089 3287 4126 mea.

2270 4166 2310 4223 C
2340 4166 2479 4222 Petit
2513 4181 2641 4236 ergo
2681 4165 2928 4222 Christus
2971 4179 3189 4236 gressus
3233 4177 3360 4218 suos
3415 4159 3698 4227 custodiri,
3726 4159 3788 4216 id.

2200 4267 2304 4322 est,
2331 4267 2482 4314 actus
2505 4259 2772 4317 humanos
2788 4257 3027 4314 ﬁdelium
3057 4267 3276 4309 suorum
3305 4251 3692 4305 membrorum.
3723 4247 3788 4308 In,

2201 4351 2430 4414 sentitis,
2469 4351 2518 4405 id
2549 4360 2633 4405 est
2661 4347 3012 4408 iumandatis
3057 4345 3183 4401 tuis.
3225 4343 3454 4406 Perfice,
3501 4343 3555 4398 id
3581 4351 3667 4397 est
3695 4338 3777 4395 fac

2199 4457 2567 4512 perseverare.
2619 4437 2853 4507 Vestigia
2897 4445 3024 4492 sunt
3068 4437 3220 4506 signa
3267 4434 3611 4504 plantarum;
3659 4443 3776 4500 qua:

2197 4533 2502 4604 signiﬁcant
2529 4527 2824 4600 apostolos,
2856 4542 2954 4598 pro
2983 4525 3337 4596 quibuspetit
3359 4523 3610 4580 Christus
3638 4530 3696 4574 ut
3717 4533 3778 4572 so

2198 4621 2476 4682 imitantes
2519 4635 2625 4674 non
2657 4626 2979 4673 moveantur
3029 4632 3057 4669 a
3107 4615 3286 4670 Patre.
3326 4613 3373 4666 Α
3403 4611 3523 4674 Vel,
3553 4607 3772 4678 vestigia

2199 4721 2326 4769 sunt
2353 4710 2597 4767 doctrina
2646 4724 2766 4774 sua,
2810 4709 2880 4763 ab
2908 4723 2973 4764 eo
3013 4707 3196 4763 relicta
3229 4713 3352 4775 post
3379 4702 3771 4763 ascensionem.

2199 4805 2370 4872 Quam
2391 4803 2523 4872 petit
2543 4817 2648 4878 non
2665 4801 2893 4865 moveri,
2909 4815 3030 4870 qute
3056 4799 3130 4854 ita
3155 4797 3364 4852 ﬁrmata
3393 4802 3511 4859 est,
3529 4799 3589 4848 ut
3613 4791 3776 4878 etiam

2199 4894 2404 4949 ctutum
2438 4877 2696 4962 terraque
2751 4890 3077 4960 transibunt,
3129 4889 3295 4944 verba
3345 4894 3530 4943 autem
3575 4877 3773 4940 Christi

2197 4999 2309 5041 non
2333 4981 2550 5054 (Matth.
2584 4982 2760 5054 xxiv).
