4000 5370
184 322 253 381 89
1389 311 1751 371 EXPOSITIO

1901 311 2249 372 ιιιιοιιυιι.
3396 315 3465 373 ιο

185 436 218 489 8
335 430 566 502 Hiriﬁsa
595 429 982 484 misericordias
1004 437 1122 483 tttas
1136 441 1155 480 :

335 522 442 589 Qui
469 521 640 576 salivas
669 519 803 589 facis
829 530 1094 588 sperantes
1119 520 1174 572 iu
1195 528 1264 572 te.

258 614 304 668 Η
361 613 516 668 Tunc
571 611 881 666 mirilicavit
933 610 1333 666 misericordias
1392 620 1548 679 pater
1625 616 1775 674 snas,

186 706 406 778 quando
433 719 532 774 per
556 703 834 774 apostolos
864 713 918 757 et
945 713 1171 757 cancros
1194 713 1412 758 sanctos
1434 702 1781 758 inﬁrmitates

188 797 554 866 indigentium
577 795 809 850 curavit.
835 793 876 848 C
921 793 1111 848 Salvos
1139 793 1298 860 lacis,
1314 795 1366 848 id
1384 804 1469 849 est
1500 797 1554 848 in
1573 803 1778 850 aterna

187 887 300 942 vita
328 889 638 944 constitues
657 896 938 956 sperantes
968 886 1020 940 in
1052 895 1122 940 te.

184 1001 221 1054 Θ
333 1003 376 1055 Α
403 1001 765 1055 resistentibus
790 1000 1017 1054 dextera:
1046 1010 1150 1054 tute
1179 1000 1387 1054 custodi
1413 1017 1493 1054 me
1514 1018 1541 1055 τ

337 1089 405 1144 Ut
435 1091 696 1160 pupillam
728 1091 886 1144 oculi.

257 1184 302 1240 C
359 1185 598 1239 Dextera
639 1184 783 1239 enim
815 1182 990 1238 Patris
1036 1183 1205 1238 Filius
1244 1195 1347 1250 est,
1381 1184 1656 1239 cniJudmi
1698 1200 1781 1240 re-

190 1281 407 1339 sistere,
438 1276 490 1330 id
539 1284 625 1330 εει
679 1291 978 1346 repugnare
1025 1277 1140 1330 ausi
1189 1288 1332 1330 sunt.
1383 1277 1585 1348 Pupilla
1635 1279 1779 1331 enim

193 1386 323 1442 pars
370 1379 456 1424 est
501 1369 672 1432 oculi,
706 1383 811 1438 qua
862 1370 1222 1424 discernimus
1257 1371 1546 1440 qualitates
1577 1387 1780 1437 rerum,

191 1460 332 1514 dicta
363 1475 391 1513 ιι
421 1461 696 1534 parvitate
725 1460 879 1529 quasi
928 1460 1142 1534 pusilla.
1183 1461 1280 1516 Cui
1322 1473 1670 1531 comparatus
1700 1471 1784 1516 est

192 1550 460 1614 Christus,
513 1553 607 1622 qui
659 1552 712 1604 in
760 1567 859 1605 suo
895 1551 1100 1620 judicio
1135 1551 1314 1621 jnslos
1348 1568 1375 1605 a
1410 1554 1784 1621 peccatoribus

193 1647 559 1716 segregandos
600 1647 886 1716 conspicit.
929 1647 1219 1716 Aptissime
1259 1662 1316 1700 se
1365 1648 1498 1716 petit
1525 1644 1781 1700 custodiri

193 1746 251 1791 ιιι
276 1736 566 1808 pupillam,
599 1753 724 1792 eum
770 1754 864 1807 per
892 1739 1062 1807 ipsam
1111 1753 1198 1792 res
1241 1737 1475 1792 visuales
1520 1734 1785 1790 discerni-

1793 425 1848 484 Δ
1874 425 1939 480 l5
2009 425 2249 491 Domine,
2293 447 2324 483 a
2355 444 2537 499 paucis
2561 446 2625 483 ne
2665 438 2806 482 terra
2828 429 3002 484 dirids
3039 443 3126 482 eos
3167 428 3220 481 in
3253 429 3361 483 vita
3377 445 3464 484 eoo

2093 538 2207 575 rum
2231 538 2249 575 ἔ

2024 610 2100 664 De
2123 611 2443 666 absconditis
2491 615 2596 666 tuis
2621 611 2938 680 adimpletus
2965 624 3041 666 est
3068 622 3242 667 venter
3258 628 3462 668 eorum.

1953 701 1998 756 Η
2039 700 2151 756 Vox
2176 701 2376 756 Christi
2404 702 2470 756 ad
2501 701 2716 758 Patrem
2743 713 2797 756 nt
2820 703 3120 771 prasveniat
3142 704 3338 759 aninne
3355 719 3470 760 suae

1880 793 2313 848 nelazderctnra
2359 795 2605 863 principe
2656 794 2892 860 diabolo,
2925 795 3295 865 prtcvenitque
3339 810 3468 852 eum

1882 895 2126 956 potestas
2165 884 2489 950 divinitatis,
2522 895 2577 939 ει
2603 886 2844 956 alligavit
2867 897 2924 942 et
2950 889 3017 942 ad
3048 888 3322 944 infernum
3347 904 3476 958 per-

1881 976 2057 1030 duxit.
2109 975 2150 1030 C
2199 977 2455 1041 Framea,
2511 976 2673 1030 modo
2713 986 2964 1042 contum,
3007 983 3169 1034 modo
3217 978 3469 1044 loricam.

1885 1065 2044 1118 modo
2082 1064 2322 1134 gladium
2369 1064 2644 1136 signiﬁcat
2689 1066 2779 1120 bis
2823 1077 3071 1132 acutum,
3118 1083 3238 1137 qua:
3289 1077 3473 1123 tamen

1883 1158 2062 1213 omnia
2108 1159 2176 1211 ad
2211 1159 2569 1213 instrumenta
2610 1173 2890 1212 armorum
2929 1168 3136 1214 certum
3180 1170 3265 1215 est
3305 1161 3476 1230 perti-

1886 1264 2037 1306 nere.
2069 1247 2112 1302 ll
2140 1247 2366 1307 Framea
2399 1258 2484 1303 est
2513 1249 2656 1302 enim
2698 1248 2902 1312 Patris,
2931 1249 3114 1305 anima
3142 1248 3473 1317 Salvatoris,

1886 1345 2102 1414 quando
2125 1359 2220 1414 per
2249 1344 2426 1411 ipsutn
2456 1341 2732 1397 diabolum
2767 1343 2918 1399 vicit.
2946 1341 2988 1397 C
3018 1341 3157 1397 Sunt
3187 1341 3332 1396 enim
3360 1341 3476 1395 dia-

1886 1435 1994 1490 holi
2039 1435 2244 1492 inimici
2293 1450 2487 1489 manus
2534 1433 2770 1498 Domini,
2821 1433 2915 1504 qui
2965 1433 3263 1487 humanum
3304 1445 3476 1501 genus

1887 1538 2077 1581 contra
2106 1526 2438 1580 voluntatem
2478 1523 2692 1578 Domini
2739 1538 2957 1579 semoer
2987 1536 3246 1593 perversa
3288 1519 3478 1576 volun-

1890 1627 2001 1672 tate
2029 1617 2354 1672 dilacerant.

1959 1711 2001 1763 (ἒ
2041 1709 2306 1765 Precatur
2346 1709 2511 1764 etiam
2565 1709 2780 1764 Patrem
2817 1707 3012 1773 Filius,
3065 1716 3123 1761 ut
3164 1704 3478 1760 dividantur

193 1801 331 1893 mus,
353 1801 415 1882 et
442 1831 496 1883 in
529 1839 719 1885 nostro
744 1801 972 1899 corpore
993 1828 1066 1883 nil
1101 1829 1452 1900 praestantius
1488 1827 1781 1882 invenitur.
1813 1813 1860 1872 Β
1892 1802 2166 1900 creduli}
2206 1801 2416 1900 βίξιίθίθν
2448 1802 2499 1900 id
2527 1810 2610 1856 θεῖ
2639 1802 2707 1855 ab
2751 1801 3032 1900 0925‘0'35
3063 1807 3122 1900 ξη
3148 1807 3478 1900 ⁰⁰¹¹νθ¹ξξ²¹ξ⁴

193 1935 258 1990 i0
330 1934 444 2006 Sub
471 1937 656 1991 umbra
682 1937 886 1991 alarunt
917 1948 1125 1991 tuarum
1153 1949 1359 2008 protege
1388 1954 1496 1992 me:

330 2027 379 2079 Α
407 2027 544 2095 facie
575 2027 855 2095 impiorum
878 2029 966 2097 qui
997 2043 1078 2080 me
1112 2027 1426 2098 afﬂixerunt.

256 2114 298 2170 C
325 2115 446 2169 Alzc
479 2125 604 2170 sunt
658 2115 840 2169 Patris
867 2135 878 2169 :
908 2117 1278 2171 misericordia
1306 2126 1358 2170 ει
1383 2116 1645 2182 Charitas,
1673 2117 1786 2186 qui-

194 2207 288 2265 bus
316 2221 382 2260 sc
409 2206 619 2278 protegi
652 2215 839 2260 sancta
883 2207 972 2261 Dei
1018 2207 1256 2262 Ecclesia
1289 2208 1615 2277 expostulat.
1660 2208 1700 2262 C
1738 2209 1785 2263 Α

194 2293 327 2351 l'acie
382 2295 714 2365 impiorum,
766 2296 1037 2352 dwmones
1087 2297 1357 2368 significat
1411 2307 1465 2352 et
1524 2313 1787 2368 sequaces

194 2401 408 2450 corum,
454 2387 545 2464 qui
589 2387 840 2442 ardorem
889 2389 1208 2444 insidiarum
1258 2390 1310 2446 in
1343 2404 1527 2443 necem
1577 2389 1786 2444 Domini

194 2475 272 2529 vel
303 2476 363 2530 in
397 2486 618 2532 snnctos
639 2478 1006 2533 cumulabant.
1035 2479 1225 2536 Facies
1254 2481 1565 2535 instantiam
1597 2483 1789 2552 impio-

197 2581 309 2620 rum
341 2577 516 2632 notat,
542 2569 625 2624 vel
654 2570 892 2640 ipsorum
926 2571 1288 2625 truculentam
1327 2573 1696 2640 ρι’τεεειιιίειιιι.

200 2678 257 2742 ll
335 2678 556 2735 Inimici
577 2683 676 2736 mei
707 2684 936 2736 animam
956 2700 1125 2737 meam
1146 2682 1598 2738 circumdederunt
1623 2696 1641 2735 :
1664 2684 1786 2737 adi-

410 2792 524 2844 pem
554 2792 710 2830 suum
739 2776 1108 2831 concluserunt
1130 2790 1150 2828 :

333 2867 413 2924 0s
440 2885 620 2922 eorum
658 2869 890 2923 locutunt
920 2880 992 2924 est
1020 2869 1342 2937 superbiam.

263 2958 304 3016 C
332 2958 607 3022 Inimicos,
635 2959 852 3016 Iudaeos
895 2961 1044 3014 dicit.
1077 2960 1349 3024 Animam,
1379 2960 1546 3014 vitam
1577 2969 1781 3030 tempo-

202 3050 390 3113 ralem.
433 3068 595 3120 quam
645 3053 886 3122 arripere
923 3051 1227 3114 voluerunt,
1275 3067 1398 3106 cum
1433 3067 1557 3106 eum
1599 3053 1789 3117 gladiis

202 3152 253 3199 ει
275 3142 515 3198 fustibus
540 3143 1037 3197 circtumlederunt.
1067 3142 1408 3198 Couclmlunt
1436 3143 1647 3212 adipem
1695 3143 1785 3214 qui
1816 3156 1862 3220 ς

203 3237 367 3299 multa
421 3237 724 3293 voracitate
756 3236 1148 3306 pinguescunt;
1184 3235 1262 3290 sic
1301 3233 1471 3289 Judaei
1525 3236 1790 3291 scelerum

202 3329 483 3384 nimietate
521 3330 831 3393 iucrassati,
885 3329 1055 3393 locuti
1096 3338 1220 3384 sunt
1257 3330 1566 3400 superbiam
1596 3343 1788 3388 contra

203 3419 474 3478 Christum
521 3421 708 3491 impii;
760 3420 804 3475 ll
854 3421 938 3475 vel
987 3428 1174 3482 contra
1230 3420 1565 3488 Ecolcsiam,
1606 3423 1646 3479 C
1689 3439 1788 3478 sua

205 3517 336 3570 mala
366 3515 508 3570 facta
542 3515 903 3571 defendendo.

207 3625 271 3680 ιε
342 3627 696 3697 ΡιοῙίτίειιιει
718 3645 799 3683 me
829 3644 967 3682 nune
994 3627 1448 3687 circumdederunt
1477 3640 1597 3685 me;

327 3720 538 3776 Oculos
573 3739 699 3776 suos
734 3731 1031 3776 statuerunt
1063 3720 1328 3775 declinare
1355 3721 1410 3774 in
1433 3730 1651 3774 terram.

272 3810 312 3866 C
334 3811 721 3881 Projicientes.
752 3813 961 3868 scilicet
985 3812 1266 3868 Christum
1309 3821 1466 3867 extta
1491 3813 1792 3867 civitatem.

209 3903 716 3970 Circumdedernnt,
748 3921 856 3960 non
888 3905 1147 3975 obsequio
1172 3904 1274 3961 sed
1313 3905 1494 3959 furore
1522 3905 1574 3959 in
1609 3920 1792 3960 cruce.

208 3991 396 4050 Oculos
419 3996 551 4050 mali
582 3995 858 4050 declinant
903 3996 958 4051 in
1004 4004 1228 4058 terram,
1272 3996 1511 4065 quamdo
1537 3996 1796 4050 malaco-

210 4087 459 4155 gitatione
489 4089 679 4158 aliqua.
719 4090 770 4143 in
817 4099 1000 4144 meme
1030 4089 1271 4143 volvunt.
1320 4089 1369 4143 ιι
1401 4089 1496 4143 Vel
1523 4089 1711 4144 oculos
1739 4089 1793 4144 in

214 4184 404 4232 terram
430 4187 742 4234 statuerunt
765 4179 1065 4238 declittare.
1089 4179 1309 4249 quando
1349 4179 1414 4233 dc.
1443 4179 1674 4234 terrenis
1702 4194 1796 4234 co-

216 4269 470 4336 gitabant,
501 4279 559 4325 et
590 4272 657 4326 de
682 4271 996 4327 caelestibus
1023 4287 1127 4327 non
1157 4271 1579 4326 meditabantur.

217 4377 277 4432 13
303 4372 307 4375 “
345 4378 701 4450 Susceperunt
734 4399 813 4435 me
841 4381 977 4435 sicut
1007 4379 1087 4434 leo
1113 4391 1332 4449 paratus
1355 4380 1425 4433 ad
1456 4379 1725 4450 praulam:

346 4471 413 4526 Et
446 4473 585 4528 sicut
609 4472 816 4527 catulus
847 4473 1013 4526 leonis
1040 4473 1286 4525 habitans
1313 4473 1366 4525 in
1405 4472 1614 4525 abditis.

279 4561 316 4616 C
345 4563 716 4633 Susceperunt
746 4579 850 4626 tne,
881 4562 932 4617 id
963 4571 1067 4628 est,
1094 4559 1262 4616 Judaei
1299 4577 1329 4615 a
1360 4561 1556 4626 Pilato,
1579 4559 1794 4630 quando

221 4649 593 4708 dixitz'l‘ollite
637 4668 760 4708 eum
791 4663 844 4724 et
889 4654 1220 4724 crucitigite;
1258 4651 1341 4706 leo
1365 4652 1613 4708 diabolus
1641 4652 1796 4706 intel-

221 4735 408 4807 ligitur,
458 4742 545 4797 cui
593 4742 684 4797 hic
745 4718 916 4798 Judaei
969 4742 1164 4797 merito
1216 4752 1620 4810 comparantur.
1670 4757 1795 4797 cum

223 4829 371 4884 etiam
400 4846 464 4885 eo
490 4831 708 4902 pejores
757 4833 854 4887 visi
901 4833 1038 4898 sint,
1063 4833 1321 4901 quoniam
1355 4834 1443 4889 ille
1486 4832 1592 4888 luit-
1629 4848 1795 4887 ausus

225 4917 489 4977 Dominum
533 4933 772 4986 tentare,
816 4923 988 4979 σιυάεεί
1041 4935 1218 4979 autem
1267 4923 1554 4981 Dominum
1579 4925 1801 4980 crucill-v

226 5028 356 5084 gere.
405 5017 631 5074 Catulus
679 5017 848 5072 leonis
903 5018 1168 5088 reliquum
1200 5019 1452 5089 populum
1488 5019 1798 5075 Iudaeorum

228 5105 519 5181 δῑεηειι,ιιιιί
567 5125 630 5166 se
665 5109 866 5164 diaboli
903 5108 1043 5165 lilios
1090 5109 1406 5166 elleceruut.
1446 5109 1713 5166 Habitaus
1742 5110 1794 5163 in

229 5197 421 5265 abditis,
463 5203 660 5266 idest,
707 5199 761 5254 in
805 5199 1017 5255 insidiis
1041 5198 1299 5262 occultis;
1336 5203 1601 5256 malorum
1645 5200 1795 5254 enim

227 5285 477 5349 hominum
522 5292 870 5349 consuetudo
895 5301 978 5346 est
1025 5293 1164 5347 mala
1211 5299 1335 5344 vota
1385 5303 1588 5365 tegere,
1625 5300 1686 5346 ut
1715 5291 1796 5346 sic

1894 1901 1980 1947 tur
2009 1894 2075 1947 ad
2115 1893 2402 1947 Dominum
2433 1893 2498 1946 de
2531 1902 2696 1957 terra,
2741 1893 2950 1947 scilicet
2993 1890 3154 1958 hujus
3184 1889 3370 1945 tntmdi
3404 1889 3482 1941 vi-

1893 1987 2050 2042 tiosa.
2080 1986 2136 2040 ln
2169 1987 2278 2040 vita
2309 2001 2519 2051 eorum,
2553 1986 2605 2040 id
2634 1995 2716 2040 est
2748 1986 2798 2039 in
2841 1989 3040 2040 mundo
3080 1987 3206 2046 isto,
3229 1983 3320 2039 ubi
3362 1995 3472 2053 pm-

1891 2077 2131 2133 nitentia:
2180 2076 2330 2134 locus
2367 2085 2472 2141 est,
2516 2087 2576 2132 ut
2623 2077 2675 2131 in
2726 2076 3002 2132 Christum
3043 2077 3352 2132 crederent.
3399 2071 3476 2127 Do

1889 2167 2225 2224 absconditis
2275 2167 2399 2220 tuis.
2449 2165 2621 2222 Omne
2667 2175 2949 2236 peccatum
2989 2165 3066 2219 illi
3111 2162 3476 2218 abominabile

1891 2267 1974 2312 est
2001 2267 2164 2327 atque
2187 2273 2216 2310 a
2245 2267 2538 2326 conspectu
2576 2256 2696 2326 cjns
2730 2257 2883 2325 quasi
2918 2253 3318 2315 absconditmn,
3349 2253 3481 2321 quia

1891 2357 2213 2402 extraneum
2237 2356 2320 2401 est
2351 2347 2447 2400 illi.
2496 2346 2622 2400 lude
2652 2346 2784 2401 dicit
2826 2345 3177 2414 adimpletum
3206 2358 3328 2398 esse
3355 2357 3482 2396 ven-

1894 2447 2054 2501 trem,
2085 2438 2137 2491 id
2168 2446 2272 2499 est,
2301 2451 2520 2490 sensum
2563 2435 2992 2490 incredulorum.
3039 2435 3082 2487 Δ
3115 2434 3155 2488 C
3187 2431 3276 2486 Vel
3303 2430 3482 2485 divide

1889 2529 2106 2586 Judzeos
2128 2545 2156 2584 a
2188 2540 2332 2584 terra
2377 2544 2566 2584 eorum
2597 2529 2652 2582 in
2696 2529 3006 2584 universmn
3039 2525 3250 2590 orbem,
3274 2533 3329 2578 ει
3372 2523 3476 2576 Ιιοε

1893 2620 1946 2674 in
1979 2621 2088 2674 vita
2139 2620 2226 2674 illa
2265 2635 2474 2682 eorum,
2519 2635 2683 2688 qttam
2735 2618 2906 2673 solam
2951 2632 3104 2672 suam
3152 2623 3368 2685 putant,
3405 2612 3476 2668 de

1891 2721 2094 2766 interna
2123 2712 2488 2782 desperantes.
2521 2711 2574 2764 In
2599 2710 2783 2764 futuro
2809 2719 2992 2764 autem
3017 2707 3147 2776 quid
3179 2714 3307 2760 tunc
3329 2702 3434 2758 erit
3463 2718 3480 2755 :

1894 2824 1961 2878 16
2035 2822 2275 2878 Saturati
2303 2833 2423 2876 sunt
2444 2823 2569 2892 ﬁliis
2593 2835 2612 2874 :

2031 2913 2100 2968 Et
2132 2915 2440 2970 dimiserunt
2472 2914 2719 2984 reliquias
2760 2930 2884 2967 suas
2909 2911 3139 2983 pamvulis
3168 2911 3301 2966 suis.

1964 3023 2010 3078 Il
2051 3023 2292 3079 Saturati
2342 3033 2469 3079 sunt
2499 3023 2644 3087 liliis,
2691 3025 2902 3081 scilicet
2930 3023 3098 3080 Judaei
3129 3023 3220 3094 qui
3269 3023 3320 3076 in
3352 3037 3478 3092 pro-

1895 3120 2175 3172 creatione
2202 3118 2434 3172 liliorum
2457 3118 2800 3189 multiplicati
2834 3128 2980 3183 sunt,
3009 3126 3061 3172 et
3088 3118 3250 3171 rebus
3276 3112 3479 3169 StcCllll.

1899 3211 2231 3265 Dimisernut
2278 3210 2537 3280 reliquias
2587 3209 3002 3271 maledictiouis,
3035 3209 3135 3262 hoc
3176 3217 3261 3260 est
3303 3205 3482 3260 vindi-

1895 3312 2039 3358 ctam
2090 3303 2232 3356 illam
2277 3319 2441 3373 quam
2487 3304 2875 3364 merebantur,
2927 3300 3215 3354 dicentes:
3250 3295 3486 3366 Sanguis

1895 3393 2011 3460 ejus
2042 3409 2206 3463 super
2250 3410 2348 3447 nos
2385 3403 2439 3447 et
2481 3409 2646 3462 super
2687 3393 2824 3446 lilios
2865 3400 3098 3445 nostros.
3127 3388 3485 3458 Reliquerunt

1895 3486 2023 3541 liliis
2052 3486 2184 3550 suis,
2219 3485 2342 3555 quia
2376 3485 2452 3538 illi
2480 3486 2621 3538 sicut
2645 3494 2829 3556 patres
2855 3481 3114 3538 excmcati
3145 3477 3485 3548 dispersique

1895 3581 2043 3632 sunt.
3419 3615 3432 3622 .

1896 3669 1964 3726 17
2039 3666 2152 3739 Ego
2188 3682 2248 3724 σε-
2282 3678 2456 3722 autem
2490 3667 2592 3738 '_in
2625 3666 2840 3736 juszitia
2883 3661 3146 3732 apparebo
3185 3659 3238 3713 in
3268 3671 3480 3726 conspe-

2107 3772 2191 3813 (ιιι
2218 3770 2353 3813 tuo:

2040 3849 2290 3908 Satiubor
2319 3867 2438 3905 cunt
2471 3849 2776 3920 apparuerit
2801 3847 2970 3918 gloria
2995 3857 3112 3900 tua.

1967 3966 2008 4023 C
2045 3966 2322 4036 Apparere
2353 3979 2410 4020 se
2440 3965 2569 4020 dicit
2615 3964 2670 4018 iu
2702 3971 2995 4030 conspectu
3026 3956 3210 4012 Patris
3233 3969 3356 4009 cum
3381 3952 3474 4021 ju-

1898 4060 2069 4122 stitia,
2107 4057 2366 4128 quoniam
2399 4055 2517 4123 ejus
2548 4055 2881 4110 voluntatem
2931 4050 3267 4119 impleverat.
3301 4044 3484 4097 Satia-

1896 4152 1997 4206 bor
2028 4151 2094 4204 de
2121 4149 2344 4204 humani
2369 4149 2587 4218 generis
2609 4146 2950 4204 credulitate,
2984 4138 3204 4210 quando
3227 4145 3485 4188 numerus

1897 4251 2212 4299 sanctorum
2240 4249 2323 4294 est
2351 4239 2700 4308 supplendus.
2733 4235 2916 4292 Gloria
2957 4231 3136 4286 Patris
3163 4225 3482 4282 manifestae

1903 4343 1988 4388 tur
2032 4334 2083 4386 iu
2109 4332 2315 4402 judicio
2347 4329 2560 4384 Domini
2605 4325 2931 4392 Salvatoris,
2953 4339 3077 4380 cum
3107 4317 3485 4387 unusquisque

1900 4426 2125 4498 recipiet
2148 4439 2246 4496 pro
2272 4424 2485 4480 actibus
2511 4423 2642 4478 suis.

2371 4550 2572 4591 οιιιιτιο
2608 4550 2675 4590 EX
2713 4548 2863 4589 PSAL.
2902 4545 3014 4586 XVI.

1972 4655 2267 4718 Converte,
2317 4653 2565 4717 Domine,
2597 4650 2784 4706 oculos
2811 4648 2995 4704 cordis
3037 4641 3208 4698 nostri
3258 4640 3325 4694 ad
3370 4651 3489 4691 cer-

1902 4748 2136 4802 nendam
2177 4743 2459 4816 tuijudicii
2492 4743 2797 4803 veritatem,
2825 4748 2886 4793 ιιι
2906 4739 3032 4793 dum
3060 4734 3146 4789 hic
3176 4732 3303 4803 igne
3329 4725 3490 4816 spirl-
3533 4754 3554 4769 ο

1903 4841 2032 4895 tuali
2072 4815 2388 4909 probamur,
2437 4836 2505 4891 de
2554 4835 2748 4890 tuisin’
2787 4841 3052 4908 aeternum
3101 4815 3491 4894 conspectibus

1902 4949 2026 4988 cum
2071 4931 2253 4986 l‘ructu
2290 4928 2521 4998 justitizn
2566 4927 2846 4984 saticmur.
2912 4924 3014 4978 Per
3053 4917 3341 4974 Dominum
3394 4917 3494 4958 n0-

1903 5034 2104 5087 Sll‘Ulll,
2134 5031 2241 5077 CiC.

2441 5131 2762 5192 PSALMUS
2801 5128 2968 5185 XVII.

2336 5260 2708 5304 ARGUMENTUM
2739 5257 2890 5298 PSaL.
2925 5252 3056 5296 xvn.
3135 5317 3138 5320 .
