4000 5370
517 200 584 254 95
1461 195 1518 252 δ.
1559 193 1907 252 ΒιιυλοΝιὸ
1946 192 2118 248 11Ε111]

2233 190 2488 247 ILENSIS
2529 189 2828 250 EPISCOPI

515 310 848 367 voluntatem
875 322 1052 365 meam
1079 323 1109 364 a
1144 317 1195 364 te
1236 309 1368 362 mihi
1403 308 1584 363 datam
1621 309 1820 363 bonam
1858 323 1956 378 per
1976 322 2100 376 grao
2129 311 2175 368 Α
2203 302 2266 357 51
2345 303 2606 371 Quoniam
2632 315 2689 359 tu
2711 303 2983 358 illuminas
3008 315 3276 357 inermum
3299 311 3510 355 meam:

517 402 667 456 tiam.
721 400 1088 456 Innocentiam
1137 413 1425 464 manuum,
1468 411 1632 467 Opera
1675 395 1809 452 dicit
1859 397 2094 466 pietatis.

516 509 678 564 quam
744 501 1058 548 sanctorum
1114 491 1288 546 virtus
1350 491 1535 546 divino
1596 505 1823 546 monere
1887 503 2102 559 semper

515 591 754 639 exercet.

515 673 585 729 2i
657 673 796 739 Quia
822 673 1080 728 custodiri
1103 674 1214 728 vias
1239 673 1452 728 Domini
1481 689 1500 726 :

659 763 771 818 Nec
801 766 955 834 impie
992 768 1124 835 gessi
1161 784 1192 820 a
1224 765 1332 820 Deo
1363 783 1498 820 meo.

585 854 628 911 C
665 854 775 910 Via:
808 857 1045 923 Domini,
1075 867 1202 912 sunt
1235 857 1456 913 dilectio
1498 857 1589 913 Dei
1619 867 1673 912 ct
1710 859 1939 928 proximi
1968 873 2102 927 quas

516 957 732 1004 constat
755 964 848 1004 eos
878 949 1179 1014 custodire,
1203 949 1294 1019 qui
1325 949 1512 1004 nolunt
1540 965 1570 1004 a
1597 950 1854 1004 mandato
1882 949 1973 1003 Dei
2010 949 2101 1003 de-

517 1041 740 1099 clinare.
774 1041 940 1113 impie
970 1042 1104 1112 agit,
1135 1041 1225 1112 qui
1248 1040 1402 1110 jussa
1430 1043 1641 1097 Domini
1673 1041 1944 1096 declinare
1971 1055 2106 1110 prae-

514 1221 586 1276 25
661 1222 922 1288 Quoniam
950 1225 1127 1280 omnia
1149 1225 1356 1295 judicia
1383 1225 1498 1295 ejus
1522 1227 1576 1278 in
1606 1233 1880 1294 conspectu
1909 1239 2020 1277 meo
2049 1236 2068 1272 :

659 1311 727 1365 Et
754 1312 992 1383 justitias
1018 1314 1132 1383 ejus
1163 1323 1267 1368 n'on
1296 1316 1461 1384 repuli
1487 1333 1519 1368 α
1548 1332 1648 1368 me.

589 1402 631 1458 C
674 1402 844 1459 llabct
876 1405 928 1458 iu
957 1415 1248 1476 conspectu
1282 1421 1380 1460 suo
1411 1405 1613 1474 judicia
1644 1406 1763 1471 Dei,
1791 1405 1882 1476 qui
1903 1404 2107 1476 jugiter

522 1496 636 1566 ejus
669 1497 930 1551 terribilia
965 1498 1169 1568 judicia
1203 1500 1425 1570 cogitat.
1466 1497 1750 1569 Nunquam
1781 1499 1975 1569 repulit
2015 1498 2103 1570 ju-

524 1586 722 1640 stitiam
766 1589 855 1642 Dei
885 1605 914 1642 a
952 1605 1041 1653 se,
1071 1589 1156 1644 cui
1191 1605 1407 1658 semper
1443 1591 1492 1644 in
1531 1592 1695 1645 corde
1721 1591 1969 1645 Christus
1994 1593 2106 1645 sive

524 1679 725 1749 iustitia
758 1691 1058 1750 permanet.
1091 1682 1380 1752 Repellunt
1418 1681 1662 1751 jnstitias
1694 1683 1825 1746 Dei,
1858 1683 1950 1754 qui
1989 1697 2109 1736 t-ar-
2137 1663 2184 1722 Β

525 1770 609 1825 nis
634 1769 925 1842 fragilitate
950 1774 1214 1842 superati,
1247 1773 1403 1844 longa
1433 1783 1823 1844 praeceptorum
1853 1777 2110 1828 observa-

525 1864 669 1918 tione
693 1863 1007 1920 deﬁcientes
1028 1906 1042 1933 ,
1075 1867 1384 1938 {equitatem
1416 1867 1600 1938 (quam
1631 1868 1904 1923 custodire
1933 1882 2113 1937 cmpe-

526 1957 673 2022 runt)
705 1954 980 2010 deserunt.

526 2042 593 2098 26
666 2042 732 2098 Et
765 2063 852 2099 ero
880 2048 1248 2104 inmaculatus
1275 2068 1393 2104 cum
1419 2067 1478 2104 eo
1510 2068 1530 2106 :

668 2133 736 2188 Et
770 2136 1048 2191 observabo
1078 2156 1158 2192 nte
1186 2141 1249 2192 ab
1280 2141 1555 2211 iniquitate
1583 2159 1717 2197 mea.

597 2225 644 2280 11
684 2226 788 2282 Ero
827 2228 1242 2295 immaculatus,
1273 2233 1330 2286 id
1368 2243 1483 2296 est,
1519 2234 1880 2303 perseverabo
1923 2235 1976 2289 in
2025 2234 2112 2288 illa

529 2321 835 2374 tnnocentia
877 2321 1309 2379 Christianitatis
1346 2325 1399 2378 in
1429 2341 1534 2396 qua
1565 2337 1790 2382 vocatus
1832 2343 1974 2382 sum.
2007 2327 2116 2382 Ob-

528 2413 759 2467 servabo
811 2429 929 2480 me,
969 2425 1027 2470 ut
1071 2432 1177 2470 non
1215 2426 1504 2473 convertar
1541 2419 1606 2473 ad
1653 2407 2025 2475 inﬁdelitatem
2061 2421 2114 2474 in

528 2518 632 2574 qua
679 2506 829 2574 prius
873 2507 977 2569 fni,
1011 2508 1104 2562 sed
1145 2508 1378 2564 ﬁrmiter
1406 2526 1756 2579 perseverare
1778 2503 1902 2567 volo
1931 2513 1983 2566 in
2027 2512 2114 2566 illa

529 2596 850 2652 credulitate
874 2598 1306 2655 Christianitatis
1332 2618 1494 2670 quam
1527 2612 1706 2656 teneo.

533 2686 602 2740 27
681 2702 733 2744 σε·
781 2688 849 2742 Et
887 2693 905 2764 ξ
939 2691 1185 2744 retribuet
1215 2692 1345 2744 milii
1372 2691 1627 2746 Dominus
1653 2693 1936 2746 secundum
1957 2692 2119 2761 justi-

749 2782 878 2835 tiam
911 2798 1079 2836 meam
1108 2799 1126 2837 :

677 2873 741 2926 Et
763 2875 1047 2930 secundum
1075 2876 1354 2946 puritatem
1376 2893 1627 2932 manuum
1651 2893 1884 2932 mearum
1915 2877 1968 2930 in
1995 2895 2120 2932 eon-

749 2977 926 3034 spectu
953 2967 1219 3021 oculorum
1250 2969 1381 3038 ejus.

2348 395 2566 450 Domine
2593 395 2734 450 Deus
2753 411 2918 459 meus,
2951 393 3188 448 illumina
3211 391 3450 448 tenebras
3474 405 3636 444 meas.

2273 486 2320 541 H
2357 486 2601 542 Lucerna
2629 496 2713 541 est
2743 485 3050 541 intellectus
3070 484 3265 539 animai
3289 499 3412 554 qua:
3442 480 3786 536 illuminatur

2202 597 2232 636 a
2257 580 2498 637 Christo.
2537 581 2813 636 Tenebras
2835 581 2966 636 dicit
2987 580 3350 652 ignorantiam
3380 577 3583 645 cordis,
3622 591 3789 647 quam

2201 673 2338 741 petit
2373 688 2403 726 a
2439 673 2659 729 Christo
2685 674 3001 728 illuminari.

2201 765 2272 820 52
2347 765 2610 831 Quoniam
2633 768 2686 820 in
2709 779 2759 822 te
2779 767 2976 837 eripior
3001 785 3034 821 a
3055 767 3342 821 tentatioue
3365 779 3388 819 :

2345 857 2414 912 Et
2445 859 2499 911 in
2525 856 2636 911 Deo
2660 873 2773 912 meo
2795 859 3158 926 transgredior
3195 873 3432 911 murum.

2273 943 2316 1000 ε
2351 945 2408 999 In
2450 955 2504 1000 te
2543 947 2781 1016 eripias,
2840 962 2944 1001 non
2977 962 3007 999 a
3054 960 3140 1001 me
3165 986 3182 1012 ,
3227 945 3450 1001 tentatio
3516 945 3794 999 diabo.um

2203 1037 2401 1108 signat,
2443 1038 2536 1108 qni
2583 1040 2836 1094 omnibus
2897 1039 3186 1095 momentis
3231 1047 3412 1093 tentat.
3459 1036 3608 1093 Bene
3654 1036 3798 1091 dixit

2205 1129 2576 1200 transgrediar
2602 1146 2840 1196 murutn,
2872 1130 2926 1185 id
2954 1139 3039 1184 est
3067 1128 3404 1184 obstaculum
3419 1136 3798 1199 peccatorum,

2203 1223 2347 1292 quod
2401 1231 2484 1276 est
2528 1238 2717 1277 murus
2769 1221 2961 1277 mortis
3001 1237 3110 1276 non
3162 1219 3388 1286 salutis,
3438 1234 3602 1290 quem
3651 1218 3800 1273 inter

2205 1311 2375 1368 Deum
2418 1323 2473 1370 ct
2521 1315 2768 1370 homines
2809 1313 3119 1369 mortalium
3166 1311 3423 1383 nequitia:
3467 1319 3799 1367 construxe-

2207 1412 2355 1458 runt.

2205 1494 2279 1548 55
2337 1494 2477 1550 Deus
2505 1511 2564 1551 +
2589 1513 2735 1551 meus
2767 1496 2786 1566 ζ
2817 1496 3088 1566 impolluta
3111 1498 3193 1552 via
3219 1496 3333 1568 ejus
3356 1495 3562 1566 eloquia
3583 1491 3803 1548 Domini

2416 1588 2536 1656 igne
2555 1589 2860 1642 examinata
2885 1604 2905 1642 :

2355 1675 2631 1731 Protector
2654 1687 2727 1732 est
2759 1679 2989 1732 omnium
3016 1680 3334 1749 sperantium
3356 1678 3410 1732 in
3436 1693 3512 1732 se.

2284 1766 2326 1822 C
2362 1768 2644 1838 lmpolluta
2696 1770 2781 1824 via
2812 1770 2951 1840 ejus,
3001 1770 3101 1824 hoc
3131 1779 3215 1825 est
3262 1767 3567 1824 lncarnatio
3608 1764 3804 1830 Verbi,

2213 1873 2374 1926 quam
2404 1868 2618 1915 constat
2660 1861 3008 1930 pollutionem
3040 1876 3144 1916 non
3198 1860 3452 1915 habuisse
3487 1857 3722 1929 peccati.
3759 1856 3808 1910 ll

2214 1947 2440 2018 Eloquia
2471 1950 2587 2014 Dei,
2620 1962 2744 2005 sunt
2781 1949 2898 2018 ejus
2929 1952 3050 2022 igne
3096 1951 3216 2006 ﬁdei
3267 1952 3382 2006 sive
3433 1946 3816 2005 tribulationis.

2215 2041 2524 2096 examinata
2557 2043 2831 2108 mandata,
2870 2043 3001 2098 ideo
3026 2045 3134 2098 Deo
3159 2054 3282 2100 sunt
3310 2044 3504 2115 placita
3531 2043 3676 2098 sicut
3706 2057 3807 2098 au-

2215 2148 2335 2186 rum
2365 2133 2488 2202 igne
2510 2133 2814 2204 probatum.
2851 2135 2950 2202 Qui
2978 2137 3029 2190 in
3053 2137 3326 2192 Christum
3357 2136 3585 2191 credunt
3617 2143 3807 2204 prote—

2215 2230 2436 2292 guntut‘.
2478 2222 2519 2278 C
2566 2222 2756 2278 Nullus
2777 2224 3032 2280 dimissus
3059 2234 3145 2282 est
3176 2226 3278 2281 nisi
3318 2226 3414 2297 qui
3446 2227 3498 2281 in
3527 2239 3656 2280 eum
3687 2239 3808 2295 spe-

2217 2327 2338 2367 rare
2365 2313 2621 2384 neglexit.

2215 2403 2284 2459 54
2359 2404 2620 2471 Quoniam
2648 2408 2763 2477 quis
2789 2407 2929 2464 Deus
2957 2419 3146 2478 prwter
3165 2408 3449 2462 Dominum
3473 2409 3500 2462 2

2358 2497 2428 2552 Et
2453 2500 2569 2570 quis
2598 2500 2740 2555 Deus
2766 2513 2959 2571 prteter
2976 2501 3142 2556 Deum
3170 2500 3448 2556 nostrum?

2287 2588 2330 2644 C
2367 2588 2482 2645 Hoc
2526 2600 2716 2646 contra
2767 2607 3102 2662 paganorum
3162 2590 3490 2646 dementiam
3546 2588 3752 2643 dicitur
3789 2605 3807 2642 :

2217 2682 2308 2750 qui
2345 2682 2473 2737 deos
2495 2683 2595 2738 sibi
2629 2683 2920 2739 multifaria
2967 2685 3204 2738 vanitate
3231 2682 3458 2737 ﬁnxere.
3514 2679 3819 2736 Dominum.

2218 2773 2419 2841 posuit,
2451 2774 2576 2844 quia
2614 2774 2784 2844 ipsius
2811 2775 2953 2830 servi
2987 2789 3174 2829 sumus
3217 2782 3271 2828 et
3315 2786 3447 2826 eum
3490 2771 3806 2825 adoramus.

2219 2861 2324 2918 Iste
2351 2864 2496 2918 cnim
2555 2864 2695 2919 Deus
2733 2864 2975 2921 Trinitas
3009 2874 3096 2920 est
3129 2861 3538 2934 inseparabilis,
3588 2870 3808 2922 tantum

2176 3017 2189 3038 ο
2221 2955 2479 3010 distincta
2502 2958 2752 3026 personis
2787 2973 2891 3011 non
2922 2956 3222 3016 substantia
3263 2955 3503 3010 deitatis.

603 3061 644 3117 C
669 3059 946 3116 Justitiam
976 3077 1174 3124 meam,
1199 3078 1358 3131 quam
1390 3071 1466 3128 tu,
1497 3063 1663 3127 Deus,
1687 3063 1919 3117 donasti.
1948 3063 1990 3116 H
2015 3061 2118 3115 Per

2233 3047 2294 3101 55
2368 3025 2515 3101 Deus
2533 3049 2625 3118 qui
2645 3048 2919 3118 pra’cinxit
2955 3064 3032 3101 nte
3067 3048 3253 3101 rirtute
3283 3061 3303 3100 :

533 3151 737 3215 nenlos,
773 3160 1025 3220 aspectus
1057 3151 1377 3222 intelligitur
1400 3152 1720 3207 divinitatis.
1752 3153 1793 3207 C
1819 3151 1954 3218 Quia
1980 3152 2121 3206 sient

536 3242 660 3311 iusti
709 3256 924 3311 semper
964 3242 1129 3295 corde
1177 3242 1342 3296 Deum
1373 3244 1748 3306 considerant,
1785 3244 1857 3297 ita
1888 3258 1981 3297 eos
2006 3244 2118 3297 vir-

536 3340 624 3386 tus
652 3332 830 3385 divina
865 3331 1069 3402 jugiter
1112 3335 1362 3402 respicit,
1399 3343 1454 3388 et
1501 3335 1789 3404 unicuique
1821 3334 1997 3388 reddit
2037 3350 2122 3389 se-

535 3422 769 3477 cundum
796 3424 1084 3493 puritatem
1112 3424 1375 3478 bonorum
1403 3433 1640 3480 actuum.

537 3514 608 3569 28
679 3513 809 3569 Cum
837 3527 1018 3570 sancto
1045 3527 1255 3572 sanctus
1281 3519 1382 3571 eris
1409 3534 1430 3572 :

679 3604 749 3659 Et
787 3623 906 3660 cum
937 3609 1044 3661 riro
1076 3610 1348 3662 innocente
1382 3610 1628 3664 innocens
1659 3612 1780 3664 eris.

611 3694 653 3750 C
687 3693 821 3749 Ctun
857 3707 1045 3751 sancto
1077 3699 1211 3761 viro,
1239 3700 1289 3753 id
1318 3708 1400 3753 est
1430 3700 1654 3754 Domino
1682 3700 1986 3765 Salvatore,
2011 3705 2125 3772 ipso

542 3795 834 3855 praestante
868 3790 1043 3843 sancti
1081 3805 1200 3845 esse
1243 3805 1562 3860 possumus,
1607 3793 1919 3862 praecipitur
1965 3794 2125 3847 etiam

541 3888 604 3933 ut
649 3895 770 3935 cum
831 3883 1139 3938 innocentia
1196 3883 1312 3952 ejus
1369 3885 1685 3939 innocentes
1741 3901 1862 3940 esse
1919 3902 2125 3942 merea-

546 3986 686 4024 mur.
739 3969 926 4027 Solent
974 3974 1117 4028 enim
1161 3989 1340 4028 mores
1384 3974 1660 4028 hominum
1702 3972 2012 4044 frequenter
2050 3976 2130 4031 cis

547 4059 753 4114 similes
786 4060 902 4114 ﬁeri
947 4077 1085 4131 quos
1113 4061 1418 4116 habuerunt
1445 4063 1696 4117 doctores
1737 4073 1791 4116 et
1834 4075 2128 4134 praecepto-

549 4166 656 4204 res.

548 4241 618 4298 29
692 4258 756 4300 -ι-
795 4244 862 4298 Et
895 4249 913 4317 ζ
945 4263 1062 4300 cum
1090 4248 1247 4303 electo
1273 4249 1464 4304 electus
1489 4251 1592 4304 eris
1618 4267 1636 4303 :

695 4335 760 4389 Et
791 4353 907 4390 cum
941 4355 1176 4407 perverso
1205 4344 1524 4409 perverteris.

620 4429 662 4485 C
699 4428 994 4485 Petendum
1023 4442 1109 4488 est
1136 4443 1194 4486 ut
1214 4448 1333 4486 cum
1361 4434 1625 4497 electione
1651 4435 1850 4491 Christi
1883 4435 1995 4504 (qui
2021 4434 2131 4489 ele-

553 4531 672 4576 ctus
698 4523 765 4575 ab
791 4521 925 4577 Isaia
952 4523 1169 4595 dicitur)
1198 4523 1336 4596 [Isai
1363 4526 1496 4599 sui]
1526 4527 1812 4598 eligantur,
1838 4527 1981 4596 quod
2007 4535 2133 4580 tunc

553 4615 750 4671 accidit
781 4616 934 4672 nobis
960 4619 1174 4686 quando
1204 4618 1486 4688 praeceptis
1507 4618 1623 4686 ejus
1657 4617 1956 4671 obedinms.
1996 4616 2130 4671 Cum

553 4721 833 4778 perverso,
867 4707 919 4762 id
950 4716 1063 4773 est,
1095 4724 1218 4763 cum
1245 4709 1460 4763 diabolo
1490 4708 1839 4771 subvertet-is,
1873 4706 1963 4776 qui
2010 4721 2133 4776 pro-

555 4801 672 4871 pria
706 4801 990 4870 iniquitate
1017 4817 1302 4872 perversos
1326 4811 1442 4866 est,
1475 4802 1594 4855 illos
1620 4802 1817 4855 etenim
1856 4799 2138 4868 iniquissi-

559 4907 677 4948 mos
706 4894 909 4950 similes
940 4894 1041 4951 sibi
1071 4893 1232 4956 facit,
1263 4909 1398 4963 quos
1426 4893 1494 4947 ad
1531 4907 1639 4947 sua:
1665 4891 1982 4946 obedientia:
2013 4891 2137 4962 jura

555 4985 841 5038 convertit.

555 5077 624 5132 50
699 5077 959 5144 Quoniam
990 5090 1047 5134 tu
1073 5078 1320 5148 populum
1340 5077 1586 5130 Immilem
1611 5075 1810 5128 salvum
1832 5075 1991 5142 facies
2011 5087 2032 5128 :

702 5174 768 5226 Et
801 5174 976 5227 oculos
1007 5174 1346 5241 superborum
1376 5166 1700 5222 ltumiliabis.

627 5266 667 5322 C
707 5267 924 5322 Salvum
956 5267 1120 5321 faciet
1146 5263 1397 5333 populum
1419 5302 1431 5323 ,
1466 5276 1585 5314 cum
1633 5261 1684 5313 in
1742 5261 1829 5315 die
1857 5262 2041 5330 jutlicii
2071 5259 2138 5314 ad

1589 5361 1600 5370 ι
1680 5352 1718 5370 Π
1793 5353 1805 5370 1

2155 4381 2205 4439 D

2362 3136 2430 3190 Et
2453 3139 2621 3192 uosuit
2644 3137 3039 3191 immaculatam
3061 3138 3196 3191 riam
3217 3152 3407 3190 meam.

2290 3230 2336 3284 11
2377 3230 2528 3298 Quod
2554 3231 2648 3296 ait,
2675 3229 2956 3300 pricciuxit
2999 3244 3113 3293 nte,
3147 3229 3355 3283 scilicet
3409 3225 3649 3298 Spiritus
3679 3241 3808 3281 san-

2221 3329 2361 3385 ctus,
2416 3322 2508 3391 qui
2553 3335 2652 3374 nos
2680 3330 2856 3374 armat
2901 3328 3088 3375 contra
3135 3326 3428 3387 potestates
3481 3316 3723 3386 iniquas.
3770 3313 3813 3370 C

2221 3410 2636 3473 Immaculatam,
2653 3412 2818 3476 viam,
2859 3411 2960 3466 hoc
2985 3419 3068 3465 est
3107 3409 3248 3462 viam
3299 3407 3644 3478 purissimam
3692 3404 3814 3459 sine

2224 3505 2386 3559 sorde
2415 3505 2620 3570 delicti,
2651 3520 2811 3575 quam
2842 3504 2988 3558 solus
3020 3502 3106 3556 ille
3131 3500 3427 3556 ambulavit
3447 3499 3540 3569 qui
3582 3506 3819 3568 peccata

2225 3611 2332 3650 non
2364 3597 2511 3660 fecit,
2541 3605 2594 3650 et
2619 3597 2753 3651 alios
2780 3594 3059 3649 ambulare
3088 3592 3216 3647 fecit
3240 3593 3290 3646 in
3314 3606 3398 3645 ea.

2225 3687 2298 3743 56
2369 3689 2474 3753 Qui
2509 3687 2724 3757 perfecit
2762 3687 2914 3756 pedes
2945 3701 3083 3738 meos
3105 3694 3355 3753 tanquam
3381 3694 3654 3736 cervorum
3683 3693 3710 3729 :e

2371 3780 2435 3833 Et
2463 3797 2618 3850 super
2643 3779 2845 3833 excelsa
2868 3787 3101 3831 statuens
3125 3791 3228 3828 me.

2295 3873 2337 3927 C
2377 3871 2752 3926 Transmeavit
2779 3869 3060 3931 Christus,
3103 3865 3300 3920 delicta
3321 3862 3614 3934 pungentia
3647 3859 3816 3929 hujus

2229 3963 2408 4019 szeculi
2455 3971 2508 4017 et
2559 3960 2722 4015 facies
2775 3969 3120 4030 peccatorum
3165 3954 3637 4026 profundissimas,
3670 3952 3818 4007 sicut

2230 4070 2425 4110 cervus
2452 4053 2669 4123 Spinosa
2697 4051 2979 4106 fructecta.
3001 4049 3177 4118 Super
3203 4047 3420 4103 excelsa
3440 4045 3634 4101 statuit
3660 4059 3813 4106 eum.

2232 4148 2281 4200 id
2303 4157 2386 4201 est
2409 4145 2548 4200 Deus
2569 4144 2727 4200 Pater
2751 4159 2910 4212 super
2929 4157 3141 4196 omnem
3167 4140 3506 4194 altitudinem
3527 4147 3814 4192 creatura-

2232 4253 2374 4301 rum,
2406 4247 2464 4290 ιιι
2485 4235 2774 4304 Apostolus
2800 4235 2877 4287 ait
2909 4252 2922 4286 :
2955 4234 3021 4287 Et
3048 4233 3270 4287 donavnt
3305 4231 3379 4286 illi
3417 4244 3640 4295 nomen,
3669 4227 3819 4300 quod

2232 4337 2315 4382 est
2345 4342 2506 4397 super
2527 4341 2689 4379 omne
2722 4339 2938 4378 nomen.

2233 4419 2300 4472 57
2376 4417 2479 4483 Qui
2499 4416 2644 4469 docet
2683 4431 2866 4468 atauus
2889 4431 3029 4469 meas
3050 4415 3118 4468 ad
3147 4415 3388 4484 prwlium
3417 4429 3436 4467 :

2377 4506 2445 4560 Et
2467 4506 2687 4578 posuisti
2715 4516 2769 4560 ut
2799 4522 2980 4560 arcum
3011 4522 3203 4560 wreum
3235 4506 3448 4560 brae/tia
3479 4519 3617 4557 mea.

2305 4601 2347 4657 C
2386 4601 2597 4666 Doceri,
2625 4607 2710 4654 est
2753 4599 2821 4654 ab
2873 4597 3280 4652 imminentibus
3333 4595 3546 4650 insidiis
3591 4604 3819 4650 cautum

2236 4693 2373 4748 ﬁeri.
2405 4692 2594 4746 Manus
2635 4690 2979 4760 operationes
3002 4689 3329 4759 signiﬁcant,
3362 4685 3608 4756 praelium
3637 4695 3818 4740 certa.

2234 4799 2356 4839 men
2396 4782 2590 4836 diaboli
2628 4799 2645 4834 :
2671 4781 2890 4836 brachia
2933 4795 3063 4834 vero
3088 4776 3312 4840 Christi,
3354 4775 3634 4852 propheta:
3691 4785 3816 4836 sunt

2231 4886 2287 4932 et
2310 4875 2534 4946 apostoli
2566 4888 2664 4945 per
2683 4889 2820 4946 quos
2843 4873 3167 4928 desiderium
3196 4869 3643 4925 sume'voluntatis
3689 4881 3820 4937 ope.

2232 4977 2384 5022 ratus
2413 4978 2515 5022 est.
2570 4966 2666 5020 His
2719 4971 3000 5032 comparat
3043 4977 3227 5016 areum
3274 4973 3496 5020 meum,
3541 4957 3668 5028 quia
3718 4969 3818 5010 ne-

2233 5059 2409 5114 sciunt
2431 5058 2572 5114 servi
2605 5056 2697 5112 Dei
2731 5053 3072 5125 przedicando
3099 5053 3439 5115 mollescere,
3469 5050 3565 5106 sed
3608 5049 3663 5103 in
3701 5061 3815 5101 cte-

2232 5151 2351 5205 lesti
2418 5148 2731 5204 fortitudine
2776 5154 3190 5216 permanentes,
3247 5142 3429 5197 verbis
3482 5139 3818 5196 salutaribus

2233 5243 2471 5305 emissis,
2501 5242 2644 5294 velut
2691 5239 2900 5308 sagittis
2952 5235 3163 5290 eminus
3187 5234 3462 5305 jaculatis,
3493 5232 3815 5286 devotorum

2237 5336 2358 5370 Imm
2369 5337 2513 5370 imum
2541 5334 2702 5370 ,τη-θῆαι
2733 5343 2924 5370 ρηιιιηη
2934 5343 3034 5370 non
3045 5337 3118 5370 nl-
