4000 5370
171 267 260 338 ,97
1341 273 1702 332 EXPOSITIO
1738 275 2059 336 PSALMOR
2069 281 2182 338 illi.
3399 305 3467 364 :3

191 389 419 453 etionis,
471 388 705 459 quando,
745 389 957 444 mortali
1017 405 1179 445 carne
1219 390 1482 460 deposita,
1532 391 1775 446 eamdem
1806 395 1852 456 Α
1882 408 1981 450 nos
2012 395 2224 467 (Halm.
2261 406 2454 473 xxvii),
2491 404 2605 462 haec
2630 407 2774 462 enim
2809 417 2888 465 est
2921 426 3085 469 causa
3113 415 3469 486 dispersionis

193 479 652 549 incorruptibilem
685 482 1005 553 resumpsit.
1064 483 1312 546 Dextera,
1345 483 1588 554 polentia
1639 483 1774 538 divi-

189 569 371 623 uitatis
403 577 486 623 cst
508 610 523 632 ,
551 584 671 638 qua:
701 582 974 641 assumpta
1005 573 1448 630 mhumanitatem
1472 577 1529 628 in
1568 583 1772 629 acterna

189 661 468 728 majestate
487 663 782 717 constituit.

187 751 249 806 39
323 764 386 807 σι
419 751 483 804 Et
507 751 787 821 disciplina
821 761 914 805 tua
938 751 1162 806 correxit
1190 768 1272 806 me
1297 751 1352 806 in
1379 749 1536 820 ﬁnem
1621 766 1640 807 :

318 843 386 896 Et
414 843 698 912 disciplina
731 854 820 898 tua
853 845 971 914 ipsa
1001 861 1082 899 me
1104 845 1326 899 docebit.

245 936 289 991 ll
321 935 440 992 Vox
469 937 748 1002 Ecclesiae,
776 952 936 1006 quem
971 938 1115 990 enim
1145 937 1321 1005 diligit
1348 938 1491 994 Deus
1519 940 1764 1012 corripit,

183 1037 230 1080 et
249 1027 496 1081 doctrina
525 1036 614 1081 tua
644 1036 726 1099 (ιιι
758 1027 920 1081 habet
947 1025 1050 1081 alia
1078 1027 1281 1097 littera)
1331 1029 1446 1097 ipsa
1473 1045 1559 1084 tne
1605 1030 1768 1086 doce-

181 1116 268 1177 bit.
299 1118 425 1186 quia
458 1133 686 1173 necesse
715 1126 817 1180 est,
850 1119 977 1172 dum
1006 1117 1095 1172 hic
1135 1134 1344 1184 sumus,
1388 1134 1612 1191 semper
1664 1125 1765 1177 sub

181 1208 416 1261 doctrina
447 1223 589 1264 esse.
623 1208 774 1264 Unde
806 1207 1029 1274 Paulus,
1073 1210 1274 1275 omnis,
1325 1211 1520 1279 inquit,
1557 1211 1761 1266 doctri-

179 1301 339 1364 na,in
399 1304 661 1370 prmsenti
692 1319 797 1358 non
825 1303 1044 1357 videtur
1089 1317 1210 1359 esse
1261 1306 1441 1374 gaudii
1494 1305 1588 1360 sed
1629 1321 1762 1362 moe-
1860 1331 1933 1387 ,ιδ
2009 1333 2388 1393 memmium

178 1392 322 1456 roris,
350 1394 404 1447 in
432 1394 619 1449 futuro
646 1410 773 1449 vero
805 1395 1030 1448 multum
1061 1394 1298 1450 fructum
1329 1394 1507 1450 affert.

175 1482 238 1534 ω
301 1483 560 1538 Dilatasti
586 1501 794 1556 gressus
827 1501 965 1538 meos
993 1486 1176 1538 subtus
1199 1502 1276 1538 me
1303 1501 1322 1539 :

1877 499 2091 553 eorum,
2125 492 2344 560 sanguis
2373 493 2574 551 Christi
2596 498 2824 555 scilicet.

1873 594 1944 650 43
2016 597 2385 657 Clamarerunt
2413 622 2505 660 nec
2529 619 2642 662 erat
2665 611 2754 680 qui
2785 613 2956 669 salvos
2998 616 3194 684 faceret
3234 622 3304 674 ad
3357 621 3466 676 Do-

2017 693 2216 746 minuat
2237 710 2255 752 ε

2017 779 2132 834 Nec
2154 787 2419 841 exaudivit
2449 807 2556 844 eos.

1946 873 1989 927 ll
2011 873 2334 932 Clamabunt
2366 880 2512 951 impii
2543 892 2597 937 et
2620 883 2790 940 Judaei
2820 887 2871 941 in
2913 889 3097 965 futuro
3141 891 3347 959 judicio
3393 895 3462 950 ad

1869 967 2170 1032 Christum,
2200 986 2324 1024 cum
2364 973 2600 1029 viderint
2631 993 2779 1046 spem
2811 995 2962 1034 suam
2992 982 3044 1036 in
3078 984 3295 1040 diabolo
3339 1001 3460 1042 cor-

1870 1058 2061 1112 ruisse.
2105 1060 2146 1115 C
2191 1060 2309 1116 Non
2345 1065 2598 1120 exaudiet
2641 1083 2756 1133 eos,
2811 1073 3067 1139 quoniam
3123 1075 3460 1135 infructuosa

1867 1148 1974 1204 illis
1998 1161 2081 1205 est
2127 1154 2467 1222 pmttitentia,
2498 1159 2584 1213 ubi
2610 1157 2724 1227 jam
2765 1166 3111 1234 cognoscitur
3149 1183 3271 1224 esse
3307 1170 3457 1240 justa

1865 1242 2161 1300 damnatio.

2392 1358 2441 1395 m
2465 1358 2554 1397 eos
2571 1355 2624 1397 ut
2644 1348 2904 1414 pulverem
2928 1359 3049 1404 ante
3070 1350 3259 1420 faciem
3283 1353 3416 1407 venit
3434 1364 3456 1406 :

2005 1424 2072 1481 Ut
2101 1427 2269 1482 lutum
2295 1431 2591 1499 platearum
2617 1436 2797 1489 delebo
2824 1454 2931 1492 eos.

1928 1516 1976 1572 C
1993 1517 2303 1590 lntclligant
2322 1537 2380 1577 se
2397 1526 2614 1594 superbi
2638 1539 2690 1580 et
2716 1530 3059 1602 grandiloqui
3085 1535 3461 1591 comminuen-

300 1575 366 1630 Et
395 1594 503 1631 non
525 1588 648 1632 sunt
672 1580 939 1647 inﬁrmata
964 1580 1176 1648 vestigia
1203 1595 1336 1632 mea.

235 1668 275 1722 ll
306 1669 555 1724 Dilatasti
586 1687 808 1741 gressus
835 1686 1005 1734 meos,
1040 1671 1091 1725 id
1123 1680 1207 1726 est
1241 1687 1459 1726 sensum
1494 1688 1670 1728 meum
1701 1674 1754 1727 in

177 1759 515 1829 amplitudine
542 1769 646 1814 tua:
662 1761 963 1815 charitatis.
995 1761 1040 1814 Α
1068 1760 1202 1828 Quia
1234 1761 1396 1816 latam
1421 1761 1593 1818 fecisti
1623 1765 1753 1818 cha-
1788 1743 1829 1802 Β

176 1849 390 1908 ritatent.
449 1851 702 1905 hilariter
730 1861 1046 1920 operantem
1091 1851 1254 1905 etiam
1309 1851 1362 1905 in
1417 1851 1502 1906 his
1547 1853 1756 1908 scilicet

175 1941 471 1997 mortalibus
532 1944 696 1997 rebus
743 1953 797 1998 et
846 1941 1107 1996 membris
1133 1958 1252 2012 quae
1283 1953 1405 1996 sunt
1435 1943 1537 1997 sub
1570 1959 1674 1998 me.
1707 1943 1752 1999 ll

173 2031 271 2087 Non
307 2042 432 2088 sunt
461 2032 739 2088 infirmata
766 2033 1017 2104 vestigia,
1047 2034 1098 2086 id
1141 2042 1228 2087 est
1257 2032 1504 2103 exempla
1540 2034 1686 2104 ejus,
1719 2050 1750 2088 a

174 2123 567 2177 successoribus
590 2123 952 2192 sequenda.et
981 2123 1224 2176 doctrina
1255 2123 1391 2192 ejus.

169 2214 218 2266 ll
289 2211 590 2284 Persequar
643 2214 883 2268 inimicos
910 2223 958 2268 et
989 2214 1426 2282 comprehendam
1459 2213 1578 2268 illos
1598 2229 1617 2266 :

293 2307 354 2359 Et
386 2324 492 2360 non
529 2316 804 2359 convertar
833 2306 998 2360 donec
1020 2306 1287 2373 deﬁciant.

230 2396 268 2450 ll
292 2396 618 2466 Persequar,
637 2411 743 2450 vox
765 2394 987 2459 Christi,
1006 2395 1058 2450 id
1079 2404 1162 2449 εει
1176 2395 1425 2450 Christus
1436 2393 1647 2450 Iuda-os
1663 2395 1745 2452 vel

169 2487 388 2554 gentiles,
416 2487 514 2556 qui
554 2487 604 2540 ei
628 2486 829 2555 injuste
857 2487 1062 2540 inimici
1095 2486 1225 2540 facti
1254 2495 1405 2550 sunt,
1436 2486 1519 2540 vel
1551 2485 1743 2541 Eccle-

170 2577 232 2630 sia
259 2578 602 2648 persequitur
630 2577 880 2632 carnales
911 2576 1159 2641 allectus,
1203 2587 1258 2632 et
1286 2578 1741 2646 comprehendam

168 2666 268 2721 illos
300 2677 594 2739 antequam
627 2669 1059 2738 comprehendar
1108 2668 1177 2721 ab
1206 2668 1336 2731 illis,
1371 2677 1428 2722 et
1455 2684 1562 2722 non
1606 2683 1741 2722 con-

167 2770 338 2823 vertar,
378 2761 692 2815 scilicetab
725 2761 830 2815 hac
863 2759 1186 2814 intentione.
1244 2759 1426 2815 Donec
1484 2760 1741 2815 deficiant

164 2850 436 2918 hnjnsmodi
500 2851 753 2906 carnales
829 2851 1053 2906 allectus
1126 2851 1181 2905 in
1251 2867 1336 2905 me
1392 2851 1505 2906 sive
1532 2850 1739 2906 inimici

163 2942 308 2997 Judaei
344 2953 399 2997 et
436 2941 567 2997 mali
614 2958 806 2997 omnes
849 2958 879 2995 a
911 2941 1117 2996 malitia
1145 2941 1283 2996 vela
1315 2942 1740 3011 cogitationibus

163 3035 336 3097 pravis.
878 3047 880 3049 '

162 3123 219 3176 ὀὶ
281 3123 622 3194 Confringam
647 3123 763 3178 illos
781 3139 873 3178 nec
897 3133 1139 3194 poterunt
1159 3133 1298 3178 stare
1315 3137 1334 3176 :

279 3214 470 3270 Cadent
503 3215 691 3269 subtus
713 3216 867 3285 pedes
895 3232 1054 3270 meos.

218 3303 256 3358 ll
276 3305 513 3376 Al'fligam
543 3306 668 3360 illos
692 3306 773 3376 (ut
799 3307 962 3361 habet
986 3307 1088 3360 alia
1110 3307 1412 3379 translatio)
1446 3309 1652 3364 scilicet
1678 3311 1728 3364 in

159 3400 318 3456 multis
343 3403 518 3468 malis,
558 3402 832 3472 sicutjam
866 3401 1064 3456 factum
1093 3402 1319 3472 legimus
1339 3402 1564 3467 .ludteis,
1596 3412 1730 3456 tem-

158 3493 352 3558 poribus
383 3492 511 3547 Titi.
574 3492 685 3547 Nec
715 3502 862 3546 stare
897 3502 1171 3562 poterant,
1217 3494 1345 3561 quia
1374 3493 1426 3547 in
1471 3493 1726 3564 superbia

157 3582 300 3636 erecti
342 3583 580 3637 fuerant.
637 3582 865 3645 Cadent,
908 3583 1023 3637 sive
1071 3592 1131 3636 ut
1182 3583 1411 3638 adorent
1447 3599 1507 3638 se
1549 3584 1728 3637 humi-

157 3671 332 3738 liando,
363 3688 455 3729 seu
491 3683 552 3726 ut
580 3672 971 3730 conculcentur
999 3671 1261 3726 damnati.

155 3762 212 3814 43
276 3781 331 3821 +
363 3764 428 3819 Et
463 3763 482 3833 ζ
515 3763 841 3836 pra’cinxistt'
870 3779 952 3816 me
977 3765 1162 3817 uirtute
1187 3763 1256 3816 ad
1277 3762 1498 3817 bellum:

271 3855 629 3928 Supplantasti
661 3855 985 3924 insurgentes
1010 3854 1065 3906 in
1092 3869 1174 3907 me
1197 3855 1378 3908 subtus
1406 3871 1506 3909 me.

211 3949 597 4005 CPrzccinctus
623 3958 706 4004 εει
737 3949 884 4001 enim
921 3947 1124 4001 virtute
1179 3945 1457 4007 Christus,
1509 3949 1724 4016 quando

157 4042 383 4108 patientia
407 4053 461 4096 et
492 4039 834 4100 fortitudine,
860 4037 1087 4092 adversa
1115 4036 1462 4090 inimicorum
1494 4052 1720 4105 supera.

158 4133 233 4184 vit.
255 4131 627 4203 Supplantavit
658 4144 773 4193 eos,
797 4127 1008 4199 quando
1042 4127 1134 4196 qui
1166 4135 1355 4180 contra
1375 4141 1499 4180 eum
1531 4128 1719 4181 insana

160 4224 528 4293 conspiratione
577 4229 912 4283 tumuerunt,
974 4234 1074 4274 suo
1119 4217 1327 4286 judicio
1380 4217 1499 4271 sine
1551 4218 1720 4274 dubio

1859 1605 1956 1662 dos
1983 1620 2039 1662 ιιι
2065 1614 2338 1680 pulverem
2359 1631 2372 1667 :
2396 1615 2485 1684 qui
2509 1617 2808 1673 moliuntur
2825 1620 3052 1674 Domino
3085 1628 3268 1692 pravis
3300 1641 3456 1680 tuen¢

1861 1699 2002 1754 tibus
2047 1703 2442 1760 contradicere.
2475 1707 2616 1762 Ante
2647 1707 2836 1764 faciem
2871 1714 3036 1777 venti,
3075 1724 3132 1768 ιιι
3159 1717 3447 1784 quiescere

1858 1805 1963 1845 nou
1995 1793 2202 1862 possint
2233 1811 2352 1850 cum
2384 1796 2584 1854 fuerint
2614 1800 2903 1858 imminuti.
2952 1805 3096 1860 Bene
3143 1806 3259 1861 luto
3298 1823 3450 1862 com—

1855 1895 2012 1952 parat
2051 1898 2364 1955 peecatores
2417 1893 2508 1961 qui
2562 1892 2743 1952 fetidis
2776 1899 3015 1967 peccatis
3069 1901 3446 1970 inquinantnr.

1858 1973 2078 2039 Delebo,
2114 1977 2297 2045 idest,
2351 1980 2418 2035 de
2470 1984 2648 2037 medio
2687 1997 2998 2041 sanctorum
3049 1989 3252 2054 tollam,
3303 1990 3447 2061 quod

1851 2063 2092 2130 pertinet
2131 2067 2196 2120 ad
2241 2067 2416 2122 lutum
2470 2070 2803 2140 platearum;
2846 2075 3019 2130 lutum
3071 2077 3270 2149 quippe
3316 2079 3446 2148 quia

1851 2155 2225 2212 mollissimum
2256 2161 2414 2216 facile
2446 2163 2673 2219 tulliltlt‘.

1848 2245 1915 2299 47
1991 2247 2200 2318 Eripies
2246 2267 2328 2304 me
2355 2253 2420 2306 de
2443 2255 2944 2312 contradictionibus
2975 2259 3194 2328 populi:

1991 2343 2286 2398 Constitues
2307 2363 2388 2400 me
2408 2347 2464 2399 in
2489 2359 2642 2416 caput
2671 2353 2921 2418 gentium.

1917 2432 1957 2488 C
1980 2432 2209 2502 Ereptus
2237 2445 2320 2488 est
2341 2434 2588 2492 Christus
2605 2439 3204 2497 decontradictionibus
3221 2442 3401 2514 papuli
3425 2461 3438 2495 :

1845 2526 2058 2593 quando
2085 2526 2322 2595 esplosis
2344 2528 2565 2597 perlidis
2585 2528 2802 2594 Judmis,
2823 2533 2888 2584 ad
2906 2533 3145 2602 gentium
3163 2537 3319 2590 tidem
3345 2538 3440 2592 de-

1843 2615 2229 2686 votionemque
2263 2618 2557 2674 translatus
2583 2631 2683 2674 est.
2706 2621 3049 2678 Constitutus
3071 2635 3157 2677 est
3187 2625 3240 2678 in
3270 2635 3437 2696 caput

1842 2709 2106 2778 gentium,
2121 2709 2435 2779 quattdoper
2449 2709 2606 2765 ﬁdem
2626 2711 2835 2765 illorum
2857 2724 3144 2783 susceptus
3166 2725 3279 2780 est;
3306 2716 3434 2788 quia

1842 2797 1894 2851 in
1915 2798 2184 2854 frontibus
2197 2801 2460 2870 gentium,
2478 2803 2658 2857 crucis
2671 2803 2975 2858 habuerunt
2988 2805 3179 2860 vexilla
3197 2807 3430 2863 radiare.

1838 2901 1909 2956 48
1984 2899 2220 2970 Populus
2246 2917 2398 2971 quem
2422 2917 2523 2955 non
2545 2905 2754 2972 cognovi
2775 2906 2982 2958 servivit
3003 2905 3150 2959 mihi.

1985 3005 2045 3047 σιν
2077 2990 2144 3044 In
2178 2989 2196 3057 ξ
2229 2990 2419 3043 auditu
2450 2991 2598 3044 auris
2636 2991 2856 3047 obedirit
2895 2993 3043 3047 mihi.

1761 3099 1806 3159 ε
1909 3080 1950 3137 C
1970 3081 2152 3136 Servit
2184 3081 2412 3151 populus
2433 3081 2671 3148 Christo,
2699 3083 2836 3137 idem
2867 3095 3058 3154 gentes
3089 3086 3434 3143 crediderunt

1837 3177 2077 3242 Christo,
2106 3191 2266 3247 quem
2298 3177 2448 3246 prius
2501 3190 2608 3232 non
2667 3179 2941 3248 cognovit,
2996 3181 3122 3248 quia
3171 3181 3222 3234 in
3280 3182 3428 3236 illum

1835 3269 2026 3324 credit.
2063 3269 2104 3322 ll
2133 3269 2386 3324 Ubedivit
2425 3270 2609 3323 auditu
2643 3269 2824 3335 auris;
2876 3273 3000 3340 quia
3032 3272 3299 3326 mirabilia
3335 3274 3426 3328 Dei

1833 3377 1938 3416 non
1988 3362 2238 3418 videntes
2293 3377 2471 3431 neque
2531 3346 2874 3432 praesentiam
2925 3366 3284 3434 corporalem,
3335 3369 3430 3424 sed

1833 3461 2020 3520 postea
2049 3453 2356 3518 audierunt,
2384 3463 2433 3506 et
2464 3453 2575 3507 suis
2616 3454 2928 3509 doctoribus
2962 3456 3281 3513 obedientes
3305 3475 3426 3513 cre-

1831 3543 2106 3610 diderunt,
2136 3556 2191 3599 et
2218 3561 2384 3614 opere
2415 3545 2575 3600 fidem
2605 3544 2990 3616 impleverunt.

1828 3655 1900 3711 49
1973 3654 2102 3710 Filii
2123 3657 2282 3712 alieni
2308 3658 2508 3712 mentiti
2527 3668 2648 3711 sunt
2669 3659 2832 3712 mihi:
2848 3658 2949 3726 ﬁlii
2976 3659 3135 3728 alieni
3159 3662 3427 3718 inveterati

2047 3762 2206 3806 sunt:

1971 3843 2039 3897 Et
2089 3841 2514 3898 claudicaverunt
2561 3861 2594 3897 a
2634 3843 2830 3899 semitis
2874 3847 3010 3901 suis.

1899 3938 1942 3993 ll
1984 3939 2106 3994 Filii
2153 3939 2346 4003 alieni,
2397 3937 2487 3992 lilii
2537 3939 2770 4005 diaboli,
2821 3939 3018 4009 quibus
3072 3940 3185 4008 ipse.
3235 3941 3420 3997 dixit:

1827 4033 1935 4089 Vos
1982 4049 2048 4086 ex
2098 4044 2253 4102 patre
2302 4031 2516 4085 diabolo
2567 4031 2752 4102 (.loan.
2806 4033 2923 4102 vnt)
2975 4039 3130 4086 estis.
3182 4033 3224 4086 C
3275 4032 3422 4088 Meno

1828 4124 1910 4179 titi
1941 4133 2068 4178 sunt
2113 4124 2265 4186 mihi,
2324 4123 2540 4191 quando
2571 4125 2824 4178 dicebant
2855 4141 2867 4175 :
2903 4122 3186 4192 Magister.
3216 4123 3418 4180 scimus

1824 4215 1949 4284 quia
2000 4228 2029 4266 a
2087 4213 2196 4267 Deo
2234 4211 2460 4276 venisti,
2517 4222 2571 4266 et
2608 4213 2660 4266 in
2692 4213 2917 4266 veritate
2945 4213 3086 4266 viam
3132 4212 3224 4267 Dei
3257 4214 3420 4270 doces

159 4314 383 4373 subdendi
411 4323 561 4378 sunt,
601 4320 659 4366 ut
690 4327 812 4366 cum
841 4326 938 4365 suo
966 4309 1285 4380 instigatore
1325 4318 1570 4379 pereant,
1624 4311 1718 4379 qui
1824 4302 2040 4375 (Matth.
2072 4303 2230 4374 xx").
2264 4301 2476 4356 Meutiri
2524 4310 2607 4358 est
2646 4303 2790 4355 enim
2838 4311 3026 4356 contra
3072 4313 3307 4358 mentem
3341 4303 3420 4357 lo-

160 4409 447 4463 auctorisuo
470 4405 696 4462 credere
716 4402 1024 4458 noluerunt.
1049 4401 1164 4455 Hoc
1187 4401 1327 4453 enim
1346 4400 1417 4455 de
1437 4399 1716 4470 spiritibus
1822 4397 1946 4465 qui,
1999 4407 2054 4450 et
2100 4395 2226 4450 illud
2278 4395 2330 4449 in
2385 4393 2566 4462 lingua
2610 4409 2860 4465 proruere
2913 4395 3056 4464 quod
3106 4407 3321 4451 constat
3363 4398 3415 4451 in

161 4494 412 4551 immundis
445 4497 651 4550 dictum
675 4499 780 4558 est,
811 4491 902 4560 qui
929 4506 1026 4560 per
1047 4489 1264 4545 Judmos
1292 4488 1509 4545 Christo
1531 4490 1716 4560 iniqua
1743 4472 1798 4534 Ῑ)
1821 4489 2002 4544 animo
2049 4503 2155 4542 non
2189 4487 2410 4542 habere.
2459 4486 2504 4539 A
2537 4485 2580 4539 ll
2619 4486 2908 4540 luvetcrati
2953 4495 3107 4550 sunt,
3160 4486 3213 4541 id
3249 4499 3326 4542 εει
3362 4488 3416 4541 in

161 4589 416 4640 certamina
448 4591 759 4640 moverunt.
1821 4583 1989 4638 veteri
2035 4582 2253 4636 homine
2304 4587 2717 4644 remanserunt,
2769 4593 2906 4646 quos
2959 4578 3220 4632 innovare
3270 4579 3410 4644 veni,

163 4674 216 4729 ιι
279 4693 331 4733 -ι-
358 4678 420 4731 Et
454 4678 473 4748 ζ
505 4677 746 4730 inimicos
774 4690 912 4727 nteos
939 4673 1132 4730 dedisti
1155 4673 1285 4726 mihi
1304 4673 1550 4730 dorsum:
1821 4675 1887 4729 Et
1945 4674 2336 4731 claudicarunt.
2370 4672 2410 4725 t‘.
2453 4671 2587 4726 Nam
2640 4668 2946 4725 claudicare
2997 4669 3232 4724 dicimus
3282 4683 3376 4723 eos
3397 4707 3414 4733 ,

280 4769 334 4823 Et
362 4771 594 4824 odientes
618 4785 700 4822 me
726 4767 1103 4838 disperdidisti.
1819 4767 1912 4837 qui
1946 4782 2054 4821 uno
2082 4766 2216 4834 pede
2251 4763 2452 4818 debiles
2481 4771 2627 4820 sunt.
2676 4762 2717 4816 ll
2749 4760 2842 4816 Ille
2892 4760 3160 4817 claudicat
3193 4761 3285 4830 qui
3316 4759 3416 4811 Pa-

217 4863 252 4918 C
289 4864 328 4919 ll
369 4865 597 4920 Dorsum
657 4863 837 4932 signat
882 4864 1299 4919 conversionem
1345 4879 1558 4927 eorum,
1621 4866 1715 4933 qui
1821 4869 1959 4913 trem
1985 4857 2186 4919 credit,
2223 4865 2277 4909 et
2306 4855 2500 4910 Filium
2531 4871 2638 4910 non
2686 4853 2878 4908 credit.
2933 4854 2974 4908 C
3007 4851 3178 4906 Judzni
3213 4847 3416 4903 claudi-

167 4957 440 5012 resistcntcs
467 4955 674 5012 nomini
707 4953 923 5018 Christi,
965 4957 1115 5025 prius
1165 4953 1386 5007 dorsum
1429 4963 1713 5010 verterunt
1813 4961 1971 5015 cant,
2048 4951 2140 5019 qui
2207 4963 2366 5002 unam
2413 4959 2619 5018 partem
2673 4946 3001 5013 Scriptum,
3057 4944 3226 5035 Vetus
3271 4937 3417 5035 sciti:

167 5050 219 5101 ad
242 5048 493 5104 Christum
522 5066 629 5103 non
662 5046 877 5108 faciem,
901 5024 1082 5114 postea
1126 5047 1378 5102 conversi
1423 5045 1553 5103 facti
1585 5053 1715 5101 sunt
1814 5053 1901 5098 cet
1933 5042 2340 5097 Testamentum
2373 5039 2670 5094 carnaliter
2699 5035 3094 5105 intelligentes,
3130 5031 3291 5083 aliam
3311 5024 3414 5108 ,itl

167 5137 438 5202 Christiani.
467 5151 525 5195 ut
553 5137 756 5194 Paulus
784 5141 1067 5206 apostolus.
1095 5137 1140 5194 C
1173 5133 1267 5191 Vel
1306 5139 1528 5194 dorsum
1558 5137 1718 5192 dede.
1817 5144 1901 5190 est
1947 5134 2155 5189 Novum
2189 5131 2600 5188 Testamentum
2629 5139 2952 5196 rcspuentes
2982 5141 3087 5181 non
3117 5123 3343 5176 habent.
3412 5185 3416 5189 η

168 5239 264 5283 runt
301 5233 505 5302 quando
534 5230 665 5285 victi
702 5234 845 5291 sunt,
877 5239 930 5285 et
975 5226 1258 5292 conversi,
1304 5244 1534 5300 quorum
1590 5227 1714 5297 fuga
1817 5226 1888 5282 50
1969 5223 2105 5278 Vivit
2154 5221 2414 5276 Dominus
2447 5234 2493 5277 et
2531 5219 2824 5276 benedictus
2874 5217 3014 5272 Deus
3045 5227 3189 5265 meus
3213 5249 3228 5264 .

168 5336 280 5370 tam».
311 5341 397 5370 ηρι·
423 5327 642 5370 unt-gum
673 5323 936 5370 siunamrl
963 5326 1104 5370 ΓειρΙςι
1143 5329 1228 5370 est.
1249 5321 1452 5370 Christi
1480 5321 1719 5370 gloriosa
1971 5317 2035 5370 Et
2084 5312 2345 5370 exaltetur
2381 5315 2518 5370 Deus
2559 5309 2744 5366 salutis
2778 5323 2932 5363 metu.
