4000 5370
494 334 599 393 1οὸ

492 444 765 517 Propheta
788 455 818 495 a
840 434 1073 493 Domino
1098 427 1409 486 Christiano
1437 414 1660 517 populo,
1680 415 1823 517 sicut
1858 416 2079 508 sanctus
2106 408 2156 463 Α
2181 403 2215 459 8

494 496 804 607 patriarcha
836 525 1003 581 Jacob
1030 519 1225 591 priscis
1254 510 1585 584 temporibus
1614 506 1683 561 ab
1708 505 1827 574 ipso
1851 496 2076 600 accepit,

492 587 712 703 quando
748 622 889 680 Esau
926 587 1082 672 fratri
1122 610 1374 684 prmlatus
1411 612 1516 660 est.
1573 596 1765 655 Audiri
1803 587 2084 664 cognosci-

494 691 639 784 mur,
667 712 883 787 quando
916 702 1241 763 omnimodis
1264 695 1465 768 aliquid
1487 691 1813 748 obtinemtts.

492 832 530 887 2
641 824 819 884 Mittat
850 820 943 874 tibi
974 814 1232 871 auxilium
1257 809 1320 863 de
1353 814 1535 862 sancto
1572 820 1593 858 :

639 910 709 971 Et
737 914 802 969 de
831 910 961 968 Sion
991 911 1292 962 tueaturte.

640 1022 887 1095 Optaudo
912 1018 1100 1074 dicens
1122 1014 1302 1069 mittat
1335 1028 1350 1064 :
1385 1004 1624 1064 ostendit
1651 1018 1681 1056 a
1705 1000 1866 1055 Patre
1886 988 2087 1052 Filium

503 1117 732 1177 missum
774 1127 957 1173 suout,
1003 1108 1057 1162 in
1110 1103 1369 1159 auxilium
1413 1106 1617 1154 sancta!
1666 1093 1761 1149 Dei
1810 1087 2102 1169 Ecclesizc.‘

500 1210 638 1267 Sion
667 1210 811 1263 enim
844 1216 1000 1258 mons
1029 1200 1206 1269 signat
1235 1190 1660 1266 speculationem,
1690 1199 1811 1254 quae
1839 1178 2094 1238 convenit

500 1298 798 1362 divinitati,
827 1292 1082 1366 quoniam
1122 1288 1198 1343 illi
1228 1293 1422 1342 cuncta
1449 1290 1578 1337 sunt
1619 1287 1772 1333 nota.

504 1414 543 1468 8
649 1410 855 1468 Memor
874 1407 939 1461 sit
970 1404 1139 1459 omnis
1162 1397 1410 1468 sacriﬁcii
1437 1394 1515 1449 lui
1541 1408 1561 1448 :

654 1499 724 1556 Et
753 1499 1116 1553 holocaustum
1147 1503 1293 1545 tuum
1319 1488 1509 1558 pingue
1536 1482 1655 1553 ﬁat.
1693 1476 2027 1549 Diapsalma.

578 1615 620 1671 (Ξ
651 1611 993 1669 Sacrificium
1026 1613 1226 1662 sancta:
1244 1599 1525 1665 Ecclesiae,
1551 1605 1635 1652 est
1665 1595 1802 1648 ritus
1829 1590 2101 1660 accipien-

510 1707 639 1770 dus,
674 1704 769 1773 qui
817 1714 960 1756 nunc
990 1699 1171 1769 agitur
1217 1692 1463 1764 corporis
1488 1699 1543 1746 et
1573 1684 1850 1757 sanguinis
1884 1679 2094 1736 Domini

508 1794 883 1852 immolatione
939 1786 1187 1844 solemni.
1241 1783 1652 1841 Hoiocaustum,
1694 1785 1862 1830 totum
1912 1772 2100 1826 inceu-
2131 1784 2174 1844 Β
2206 1787 2305 1825 nus
2335 1769 2555 1831 dicitur,
2585 1764 2794 1820 scilicet
2832 1778 2862 1815 a
2891 1767 3066 1816 morte
3090 1756 3371 1817 vitiorum,

510 1886 868 1949 snmdicitur,
896 1892 950 1936 et
980 1883 1334 1949 repraesentat
1374 1874 1516 1928 idem
1546 1871 1660 1941 jam
1697 1868 1902 1921 dictum
1930 1859 2102 1917 sacri-

512 1976 718 2032 ﬁcium.
764 1973 918 2040 Quod
965 1971 1164 2041 pingue
1214 1965 1274 2019 lit
1321 1974 1482 2034 atque
1518 1961 1833 2031 jucundum,
1885 1953 2101 2024 quando

512 2074 697 2120 nostra
727 2062 934 2117 oblatio
956 2058 1154 2115 tuentis
1184 2063 1240 2110 et
1264 2052 1514 2124 corporis
1539 2067 1570 2105 a
1597 2048 1775 2118 gratia
1799 2041 2102 2100 divinitatis

517 2157 836 2213 assumitur.

517 2268 552 2322 ι
663 2266 880 2322 Tribuat
918 2264 1012 2320 tibi
1034 2260 1321 2319 secundum
1347 2274 1440 2314 cor
1462 2268 1609 2312 tttum
1636 2262 1661 2308 ξ

661 2358 731 2413 Et
764 2372 913 2412 omne
945 2355 1220 2410 consilium
1245 2363 1392 2406 tuum
1419 2350 1710 2417 conﬁrmet.

588 2471 631 2530 α
682 2472 843 2538 Dicit,
893 2468 1101 2524 tribuat
1132 2467 1224 2522 tibi
1259 2465 1556 2521 secundum
1603 2475 1697 2517 cor
1724 2468 1902 2523 tuum,
1934 2457 1986 2512 id
2024 2463 2111 2512 est

519 2565 816 2620 secundum
872 2561 1207 2616 intellectum
1242 2572 1401 2627 quem
1445 2552 1612 2609 habes
1665 2551 1731 2605 de
1770 2549 2020 2612 Domino,
2050 2555 2112 2600 ut

520 2673 645 2713 eum
667 2652 858 2709 credas
888 2666 1054 2706 unum
1084 2666 1153 2704 ex
1184 2648 1444 2711 trinitate,
1474 2658 1693 2714 passum
1717 2655 1901 2703 carne,
1932 2652 2114 2693 resur-

522 2747 754 2807 resisse,
799 2737 1111 2798 ascendisse
1138 2739 1190 2793 in
1238 2736 1457 2799 cmlum,
1497 2741 1604 2788 etc.
1645 2730 1711 2786 Et
1736 2743 1897 2784 omne
1935 2725 2115 2782 consi-

525 2838 658 2892 lium
718 2844 869 2889 tunm
927 2831 1235 2893 contirmet,
1290 2828 1393 2882 hoc
1437 2833 1521 2880 est
1579 2821 1862 2877 consilimn
1910 2826 2112 2874 sancta:

525 2925 829 2981 Ecclesiae:
884 2920 1102 2977 Patrem
1144 2927 1201 2974 et
1250 2916 1446 2972 Filium
1474 2923 1527 2968 et
1557 2912 1817 2983 Spiritum
1863 2918 2111 2964 sanctum

526 3032 693 3070 unum
727 3014 891 3068 Deum
921 3012 1172 3073 credere,
1202 3024 1232 3062 a
1261 3022 1368 3078 quo
1398 3014 1524 3061 sunt
1551 3004 1762 3065 omnia;
1792 3011 1847 3056 et
1871 3014 1938 3055 ex
1983 3013 2114 3054 con-

532 3108 656 3167 silio
685 3106 983 3164 deliberate
1029 3103 1212 3160 omnia
1254 3116 1352 3172 pro
1380 3099 1486 3155 ista
1514 3097 1619 3153 (ide
1639 3108 1895 3167 spernere
1930 3090 2112 3147 mundi
2140 3132 2187 3187 ⁸.,

530 3202 929 3259 deiectameuta

536 3313 573 3370 3
685 3312 1007 3369 Ltctobintnr
1028 3312 1082 3365 in
1110 3308 1339 3364 salutari
1365 3317 1455 3360 tuo
1476 3320 1495 3358 :

646 3468 653 3473 ε
678 3403 747 3459 Et
775 3406 827 3457 in
849 3402 1055 3458 nomine
1081 3399 1177 3454 Dei
1212 3398 1375 3452 nostri
1406 3394 1864 3466 magniﬁcabimur

610 3518 654 3575 C
681 3517 817 3574 Nam
856 3517 911 3570 in
967 3513 1190 3569 salutari
1239 3510 1495 3567 Ecclesia:
1526 3509 1693 3581 (quod
1747 3516 1834 3563 est
1875 3505 2125 3562 Christus

538 3609 728 3681 Jesus)
781 3609 1087 3663 laetandum
1136 3620 1196 3659 se
1240 3618 1362 3658 esse
1392 3600 1707 3667 declaravit,
1760 3609 1819 3654 ut
1856 3614 1915 3654 se
1959 3614 2127 3654 unum

539 3719 757 3759 esse'cx
786 3702 905 3771 ejus
934 3714 1161 3769 corpore
1188 3706 1535 3752 monstraret.
1566 3696 1633 3750 Et
1667 3696 1719 3749 in
1749 3694 1921 3765 ipsius
1953 3692 2128 3748 nomi-

544 3810 697 3850 nese
746 3798 869 3847 esse
924 3788 1401 3860 magniticandum,
1432 3787 1560 3857 quia
1605 3801 1669 3839 ex
1702 3786 1817 3855 ipso
1859 3781 2129 3838 Christia-

543 3885 599 3940 ni
648 3882 868 3939 fuerant
917 3875 1286 3946 nuncnpandi.
1352 3874 1687 3947 Magtiiticari
1738 3882 1823 3929 est
1874 3885 2130 3942 maguum

546 3976 688 4033 ﬁeri.

545 4088 582 4144 6
685 4084 909 4156 Impleat
944 4083 1203 4139 Dominus
1233 4097 1411 4136 omnes
1431 4080 1704 4151 petitiones
1732 4088 1852 4134 tuos
1874 4096 1893 4134 :

689 4177 850 4232 Nunc
915 4178 1129 4247 cognovi
1172 4175 1422 4246 quoniam
1483 4172 1683 4227 salvum
1714 4171 1835 4241 fecit
1876 4170 2130 4225 Dominus

763 4268 1016 4321 cltristum
1043 4281 1218 4320 suum.

625 4378 668 4435 ϐ
694 4378 918 4449 impleat
949 4378 1232 4442 Dominus,
1262 4379 1532 4434 tititerum
1563 4377 1629 4432 ad
1657 4376 1956 4432 Ecciesiam
1980 4384 2134 4447 grata

551 4472 853 4527 conversio.
888 4469 1040 4525 Nunc
1085 4469 1312 4540 cognovi
1372 4469 1622 4534 dicendo,
1667 4483 1917 4539 magnam
1964 4468 2218 4539 virtu-D

555 4574 725 4619 tutem
773 4576 883 4617 sum
938 4560 1373 4631 prophetationis
1415 4560 1672 4623 ostendit,
1711 4575 1836 4613 cum
1884 4573 1943 4613 se
1996 4555 2143 4613 dicat

555 4659 610 4714 in
647 4657 899 4729 prmscnti
933 4657 1250 4727 cognovisse
1282 4670 1404 4725 qua:
1442 4664 1562 4726 post
1611 4653 1804 4709 stt-cuia
1831 4651 1997 4707 multa
2025 4652 2125 4706 im-

553 4750 744 4823 plenda
775 4759 950 4804 erant.
984 4747 1202 4803 Salvum
1232 4748 1359 4803 fecit
1383 4747 1548 4802 Pater
1592 4744 1793 4801 Filium
1818 4746 1872 4799 in
1900 4759 2144 4800 resurre-

554 4843 737 4896 ctione
774 4839 1005 4911 gloriosa
1032 4850 1086 4894 et
1115 4840 1167 4893 in
1198 4838 1363 4893 cmios
1404 4838 1746 4893 ascensione.

557 4972 588 5024 7
699 4971 963 5026 Exaudiet
992 4970 1145 5024 illum
1169 4970 1235 5023 de
1261 4968 1387 5023 mlo
1409 4978 1596 5023 sancto
1628 4983 1724 5022 suo
1749 4980 1768 5017 :

701 5063 771 5118 In
800 5062 1154 5133 potentatibus
1176 5059 1322 5115 salus
1346 5061 1579 5115 dextera
1610 5060 1748 5129 ejus.

631 5174 674 5228 C
704 5170 910 5228 Sensus
944 5174 1044 5228 iste
1101 5170 1223 5225 talis
1267 5178 1350 5224 est
1395 5187 1410 5223 :
1468 5167 1735 5223 Exaudict
1762 5166 1954 5222 Filium
1979 5166 2142 5221 Pater

564 5264 630 5316 de
659 5265 819 5328 cmio,
847 5266 973 5333 quia
1002 5266 1055 5320 in
1080 5264 1304 5319 dextera
1340 5261 1457 5331 ejus
1496 5269 1582 5315 est
1634 5258 1803 5322 salus,
1849 5273 2010 5328 quam
2039 5258 2139 5312 ha-

1490 5366 1513 5370 ...
1557 5358 1800 5370 -___n__-
1836 5350 1974 5370 --ε-1-.

1447 309 1505 365 S.
1542 298 1893 362 BBUNONIS
1930 289 2478 351 ilERBiPOLENSlS
2514 279 2821 346 EPISCOPl

3662 265 3765 321 θοι

2323 402 2397 458 Hi
2421 403 2476 457 in
2502 400 2744 456 curribus
2758 406 2806 451 et
2829 395 2883 449 lii
2905 396 2961 448 in
2981 388 3163 461 equis:

2326 493 2441 550 Nos
2467 502 2645 547 autem
2666 490 2722 544 in
2750 487 2959 543 nomine
2986 478 3196 537 Domini
3229 475 3329 531 Dei
3355 471 3520 528 nostri
3554 469 3772 524 inuoco-

2394 586 2591 640 bimus.

2255 678 2301 733 ii
2333 678 2436 732 Per
2465 685 2685 738 currus,
2715 670 2965 739 voluptas
3009 662 3192 720 nmndi
3227 658 3345 715 sive
3374 653 3647 726 cupiditas
3672 650 3773 706 de-

2185 769 2454 839 signatur,
2520 763 2777 834 quoniam
2827 755 3048 828 superbi
3103 762 3163 808 ct
3213 747 3392 819 cupidi
3436 745 3587 800 velut
3637 751 3775 796 rotat

2186 856 2493 917 ins'abilcs,
2539 830 2742 908 “mente
2804 850 2909 904 huc
2986 844 3219 913 illosque
3280 838 3613 894 discurrunt.
3667 830 3778 886 Per

2187 963 2371 1017 equos,
2405 944 2620 1015 superbi
2652 941 3052 1011 intelliguntur;
3106 933 3206 1003 ipsi
3242 936 3370 986 sunt
3406 923 3609 996 cupidi.
3659 921 3705 977 ll
3733 919 3776 975 ϐ

2188 1037 2299 1093 Nos
2347 1012 2528 1091 autem
2576 1035 2631 1088 in
2685 1032 2793 1087 illis
2844 1042 2949 1084 non
2992 1025 3308 1098 gloriemur,
3336 1019 3431 1075 sed
3459 1018 3515 1072 in
3556 1012 3779 1070 nomine

2191 1127 2310 1193 Dei,
2342 1126 2482 1195 quod
2503 1124 2570 1179 ad
2597 1121 2815 1192 praemia
2845 1127 3047 1173 aeterna
3073 1112 3341 1184 perducit.

2193 1219 2229 1276 9
2335 1216 2447 1286 Ipsi
2474 1213 2690 1285 obligati
2707 1222 2828 1266 sunt
2850 1220 2897 1263 et
2925 1208 3267 1262 ceciderunt:

2341 1308 2453 1363 Nos
2474 1319 2651 1361 autem
2674 1303 3000 1360 surreximus
3030 1309 3078 1354 et
3106 1297 3264 1353 erecti
3289 1302 3491 1350 sumus.

2264 1403 2309 1458 Ε
2339 1401 2479 1456 Dicit
2513 1399 2777 1468 Propheta
2827 1395 3080 1450 lnnnauis
3122 1389 3418 1445 honoribus
3467 1383 3549 1437 vel
3594 1379 3785 1451 pravis

2197 1493 2481 1550 desideriis
2505 1490 2772 1561 obligatos
2801 1484 3082 1555 cecidisse
3130 1486 3469 1548 arrogantes,
3515 1471 3660 1542 quod
3691 1483 3788 1524 ne-

2199 1600 2350 1643 cesse
2392 1594 2478 1639 est
2524 1560 2633 1637 illis
2662 1580 2973 1648 contingere
3003 1575 3095 1645 qui
3140 1584 3200 1627 se
3242 1570 3495 1624 videnlur
3527 1560 3788 1620 aestuosis

2200 1679 2477 1736 errorihus
2501 1677 2730 1747 illigare.
2760 1673 3063 1740 Resurgere
3092 1665 3303 1722 duobus
3325 1662 3498 1717 modis
3518 1656 3793 1715 Clu-istis.

3410 1759 3466 1805 et
3488 1750 3538 1804 ir
3573 1746 3663 1801 illa
3696 1756 3785 1798 re-

2204 1863 2562 1920 surrectione.
2603 1859 2655 1912 in
2686 1873 2791 1926 qua
2814 1853 2944 1924 justi
2991 1860 3191 1905 :eterna
3220 1838 3783 1915 prtemia'accipiunt,

2204 1956 2270 2010 de
2301 1963 2530 2022 utraque.
2559 1951 2647 2005 hic
2674 1945 2895 2015 intelligi
2930 1940 3275 1998 manifestum
3300 1945 3407 1992 est.

2205 2046 2274 2102 10
2344 2043 2587 2105 Domine,
2612 2038 2811 2094 salvum
2834 2038 2919 2106 [ac
2953 2038 3201 2104 regemé—
3223 2040 3270 2084 et
3308 2080 3325 2097 ,
3354 2026 3547 2083 θωπιάί
3570 2032 3703 2078 nos:

2349 2132 2512 2187 Indie
2533 2146 2636 2203 qua
2654 2125 3064 2183 ineocaverimus
3081 2138 3139 2178 οι-
3164 2133 3212 2176 te
3243 2118 3261 2189 ζ
3311 2159 3329 2174 .

2280 2227 2323 2283 C
2352 2226 2555 2281 Dicitur
2598 2221 2765 2285 Patri,
2815 2218 3035 2275 Salvum
3093 2215 3178 2270 fac
3223 2225 3427 2282 regem,
3482 2206 3536 2265 id
3579 2214 3687 2270 est,
3738 2208 3804 2259 ut

2210 2320 2459 2377 Christus
2503 2321 2753 2384 resurgat
2781 2329 2811 2365 a
2861 2309 3111 2365 mortuis.
3144 2304 3351 2360 Exaudi
3388 2317 3509 2365 nos,
3542 2296 3794 2370 provenit

2212 2409 2339 2464 illud
2390 2415 2519 2461 tunc
2569 2403 2751 2475 generi
2789 2403 3044 2459 inunano,
3075 2396 3292 2467 quando
3336 2388 3796 2447 resurrectionem

2212 2500 2411 2556 Christi
2445 2500 2598 2552 lirtne
2627 2495 2800 2549 credit
2827 2502 2882 2546 et
2907 2491 3154 2545 lmtauler
3199 2485 3413 2556 aSpicit,
3446 2481 3530 2538 vel
3555 2495 3656 2552 per
3674 2491 3814 2533 eum

2215 2606 2396 2662 regem
2427 2588 2623 2646 exaudi
2648 2597 2745 2642 nes
2772 2585 2826 2639 in
2862 2584 2950 2638 dic
2976 2579 3315 2647 necessitatis
3338 2583 3558 2632 nostrm.

2681 2692 2882 2735 ORATIO
2924 2692 2991 2730 EX
3039 2690 3186 2729 ιιελι.
3235 2687 3327 2725 XIX

2289 2774 2474 2845 impie,
2523 2772 2750 2827 Domine
2799 2769 3093 2840 petitiones
3150 2773 3383 2828 nostras,
3439 2768 3495 2816 et
3547 2768 3804 2828 tanquam

2217 2867 2633 2937 pinguissimum
2663 2878 2760 2917 nos
2781 2861 3151 2916 holocaustum
3181 2866 3417 2917 assume,
3448 2861 3529 2915 ut,
3556 2846 3808 2905 inimico-

2220 2972 2340 3013 rum
2390 2955 2639 3012 curribus
2685 2952 2957 3022 obligatis,
3011 2944 3270 3005 salutaris
3321 2944 3397 2998 tui
3449 2940 3811 3010 cpitniatioas

2220 3050 2483 3104 iactemur.
2511 3046 2611 3101 Per
2648 3044 2933 3098 Dominum
2956 3049 3200 3094 nostrum
3230 3035 3434 3097 Jesum,
3459 3040 3569 3087 etc.

2782 3149 3102 3208 PSALMUS
3144 3148 3263 3206 XX.

2666 3259 3029 3303 ARGUMENTUM
3072 3259 3217 3297 PSAL.
3262 3257 3354 3295 ῘΧ.

2292 3350 2334 3406 C
2357 3348 2457 3405 Hic
2481 3342 2743 3417 psalmus,
2777 3339 2987 3395 Domini
3018 3335 3313 3393 Salvatoris
3355 3333 3530 3404 primo
3554 3330 3815 3386 incarna-

2224 3443 2445 3502 tionem,
2476 3447 2530 3494 et
2559 3444 2746 3507 postea
2772 3431 2993 3488 deitatis
3033 3429 3198 3496 facta,
3230 3421 3503 3497 Propheta
3532 3429 3816 3485 narrante.

2226 3532 2501 3588 decantat.

2371 3615 2483 3673 TT.
2525 3614 2591 3669 In
2621 3615 2778 3684 finem
2805 3611 3038 3684 psalmus
3068 3602 3262 3663 David.

2300 3708 2341 3766 C
2372 3709 2495 3763 ideo
2535 3704 2722 3761 titulus
2768 3703 2859 3758 hic
2909 3715 3051 3756 nono
3094 3698 3307 3754 decimo
3335 3690 3544 3766 psalmo
3573 3707 3676 3764 par
3700 3698 3821 3755 est.

2231 3803 2482 3873 quoniam
2503 3809 2557 3853 et
2580 3800 2681 3853 iste
2704 3795 2917 3865 quidem
2940 3793 3007 3847 de
3030 3791 3259 3848 Domino
3276 3787 3557 3843 Saivatore
3580 3785 3826 3856 loquitur

2231 3895 2372 3951 sicut
2397 3891 2663 3961 superior,
2690 3886 2785 3943 sed
2812 3887 2912 3943 sub
2939 3885 3114 3953 aliqua
3144 3881 3476 3938 diversitate.

2233 3986 2257 4040 i
2374 3982 2615 4049 Domine,
2644 3981 2699 4033 in
2727 3981 2914 4034 virtute
2939 3986 3030 4030 tua
3058 3973 3329 4029 ltrtabitur
3355 3986 3448 4025 rex
3468 3982 3489 4022 :

2376 4075 2443 4130 Et
2472 4089 2629 4145 super
2654 4070 2887 4126 salutare
2912 4079 3058 4122 tttum
3085 4064 3369 4121 exsultabit
3398 4064 3744 4118 uehementer.

2305 4165 2346 4222 C
2382 4166 2635 4226 Domine,
2676 4162 2807 4217 dicit
2842 4157 3106 4229 Propheta
3137 4159 3204 4212 ad
3236 4156 3493 4219 Patrem;
3537 4154 3828 4229 in‘virtute

2238 4267 2327 4311 tua
2349 4299 2363 4320 ,
2402 4256 2455 4310 id
2490 4264 2573 4309 est
2611 4253 2664 4307 in
2695 4249 3084 4320 omnipotentia
3121 4247 3420 4312 majestatis
3451 4255 3589 4307 tua),
3610 4225 3687 4297 oin
3720 4256 3828 4311 qua

2236 4356 2290 4403 et
2328 4346 2497 4401 Filius
2539 4352 2748 4413 regnat.
2804 4341 3103 4395 1.:etabitur
3151 4355 3243 4393 rex
3272 4379 3287 4404 ,
3336 4337 3533 4407 gaudet
3577 4334 3833 4390 Christus

2239 4437 2417 4494 Jesns.
2453 4433 2779 4495 Exsultabit,
2805 4431 2857 4485 id
2881 4439 2965 4486 est
2992 4432 3044 4485 in
3072 4446 3137 4485 eo
3162 4431 3306 4501 quod
3333 4445 3429 4500 per
3452 4444 3576 4483 eum
3605 4426 3831 4481 salvastt

2248 4528 2525 4589 homines,
2572 4522 2740 4577 Filius
2776 4531 2898 4575 tuus
2927 4520 3257 4586 exsultabit,
3303 4520 3393 4588 qui
3432 4528 3517 4574 est
3555 4516 3833 4573 Salvator.

2248 4617 2633 4680 Vehementer,
2690 4612 2923 4668 ostendit
2976 4611 3403 4682 magnitudinem
3449 4608 3677 4682 gaudii,
3733 4615 3835 4673 ut,

2253 4721 2455 4781 quanta
2494 4717 2577 4763 est
2612 4706 2767 4777 copia
2813 4703 2867 4759 in
2912 4704 3196 4782 beneﬁcio,
3247 4710 3397 4758 tanta
3439 4701 3512 4758 sit
3552 4709 3609 4755 et
3650 4697 3837 4770 gaudii

2251 4801 2584 4873 magnitudo.

2245 4893 2282 4947 2
2384 4890 2713 4946 Desiderium
2741 4887 2914 4942 cordis
2941 4887 3056 4957 ejus
3087 4884 3315 4939 tribuisti
3340 4884 3391 4937 ei
3411 4899 3431 4938 :

2389 4979 2459 5035 Et
2498 4978 2764 5034 voluntate
2806 4975 3064 5029 labiorum
3104 4973 3219 5045 ejus
3250 4989 3354 5028 non
3390 4970 3655 5043 fraudasti
3691 4981 3832 5023 eum.

2461 5060 2790 5139 Diapsalma.

2320 5163 2363 5221 Ο
2399 5162 2733 5218 Desiderium
2765 5159 2960 5214 animte
2987 5157 3103 5221 eius
3133 5157 3232 5213 fuit
3260 5171 3361 5230 pro
3387 5155 3630 5212 omnium
3662 5151 3836 5210 salute

2248 5255 2444 5318 occidi,
2465 5263 2523 5308 ut
2545 5253 2817 5323 pretiosus
2844 5251 3065 5322 sanguis
3091 5247 3207 5318 ejus
3234 5246 3495 5303 mundum
3525 5246 3832 5301 redimeret.

2254 5345 2507 5370 17-Ι..-.ο....
2541 5343 2801 5370 ι..ι.ξ.......ν.
2833 5339 2928 5370 ﬁdi
2996 5340 3209 5370 ηι-ηηιιιι
3238 5337 3532 5370 :nnmnntnc
3560 5332 3838 5370 εηῖιιῖιῖιὶηλ
