4000 5370
168 363 246 419 105

1339 355 1701 415 εχροειτιο
1740 333 2217 410 psswoncn.‘

3301 352 3401 407 106

188 477 217 530 5
282 475 548 542 Quoniam
576 475 873 547 pra'venisti
903 491 1018 528 eum
1052 475 1105 527 in
1139 472 1576 527 benedictionibus
1605 468 1722 522 dul-
1750 471 1802 530 Α
1861 466 1894 520 9
1971 464 2141 520 Panes
2163 483 2247 520 eos
2270 468 2599 522 utclibanum
2616 468 2748 537 ignis
2777 468 2830 522 in
2852 477 3080 538 tempore
3104 470 3401 527 vultustut:

359 569 562 620 cedinis
589 581 608 618 .'

285 655 612 710 Posuisti.in
643 657 812 725 capite
850 655 964 724 ejus
1005 669 1254 707 coronam
1296 653 1359 708 de
1399 651 1574 721 lapide
1610 667 1730 720 pre-

356 750 518 802 tioso.

217 840 254 895 C
288 839 560 906 Quoniam
613 839 964 910 praevenisti,
1019 836 1290 907 signiﬁcat
1340 835 1732 892 humanitatem

164 941 478 999 pmventam
510 932 686 1002 gratia
718 929 1034 985 divinitatis.
1082 930 1126 983 Α
1158 927 1468 982 Benedictio
1496 926 1737 982 dulcedi-

165 1024 235 1078 nis
250 1021 352 1078 fuit
373 1023 695 1077 immunitas
717 1022 947 1092 peccati,
969 1036 1072 1090 qua
1097 1021 1326 1076 donatus
1351 1027 1435 1073 est
1455 1018 1732 1084 Christus;

165 1131 247 1170 nos
279 1115 426 1170 enim
476 1116 529 1168 in
573 1115 936 1168 amaritudine
978 1115 1106 1167 Adae
1156 1113 1512 1182 concipimur.
1569 1112 1610 1166 C
1643 1109 1737 1166 Vel

165 1205 455 1261 benedictio
489 1205 790 1260 dulcedinis
826 1203 954 1266 fuit,
993 1204 1210 1273 quando
1239 1204 1442 1258 dictum
1478 1211 1598 1257 est:
1639 1201 1738 1255 Hic

166 1307 234 1350 est
259 1297 430 1351 Filius
461 1312 616 1352 meus
642 1296 890 1351 dilectus.
945 1297 1157 1350 Corona
1209 1304 1533 1350 conventum
1562 1295 1740 1364 signat

167 1386 540 1456 discipulorum
569 1404 584 1452 ;
639 1387 753 1442 lucc
789 1395 909 1442 erat
937 1402 1138 1441 corona
1169 1387 1383 1456 capitis,
1431 1386 1533 1441 hoc
1563 1384 1740 1456 regale

164 1476 423 1541 diadema,
453 1477 709 1546 quoniam
741 1478 915 1546 ipsum
942 1477 1222 1532 docentem
1251 1477 1508 1532 circuitus
1533 1485 1744 1546 aposto-

166 1567 322 1620 lorum
354 1569 656 1623 ambiebat.
706 1568 962 1622 Diadema
994 1567 1124 1623 illud
1151 1583 1256 1622 non
1292 1568 1411 1622 ideo
1439 1575 1497 1621 ut
1521 1575 1742 1622 ornaret

168 1666 236 1711 est
260 1658 615 1727 impositum,
659 1659 752 1714 sed
786 1668 845 1712 ut
873 1659 938 1713 de
966 1658 1184 1715 Christo
1219 1658 1398 1730 potius
1431 1666 1734 1714 ornaretur.

167 1744 384 1817 Lapides
412 1748 662 1818 pretiosi,
693 1748 919 1818 apostoli
951 1758 1098 1803 sunt.

197 1839 226 1892 6
307 1840 483 1894 Vitam
513 1842 660 1911 petiit
690 1859 722 1894 a
749 1853 799 1895 te
825 1851 873 1896 et
903 1841 1134 1895 tribuisti
1161 1841 1210 1894 ei
1232 1858 1251 1895 :

297 1929 709 1999 Longitudinem
763 1931 966 1983 dierum
1016 1931 1070 1984 in
1116 1929 1398 1997 steculum,
1442 1941 1490 1986 et
1531 1933 1585 1985 in
1643 1947 1745 1985 sa:-

370 2024 550 2077 culum
577 2038 635 2078 -t—
669 2024 849 2078 steculi
882 2025 902 2096 ξ

229 2116 267 2172 C
306 2116 432 2171 Vita
467 2117 926 2171 resurrectionem
959 2117 1137 2188 signat
1165 2132 1328 2186 quam
1367 2117 1454 2172 ille
1487 2118 1641 2188 petiit
1664 2115 1749 2172 di-

165 2209 375 2262 cendo:
437 2207 620 2272 Pater,
674 2206 911 2260 clariﬁca
963 2205 1157 2260 Filium
1211 2215 1381 2262 tuum.
1447 2206 1749 2277 Longitudo

170 2299 372 2353 dierum
402 2299 585 2369 signat
613 2297 1008 2367 perennitatem
1040 2297 1273 2362 Christi,
1316 2313 1435 2368 quae
1465 2298 1611 2352 nullo
1644 2297 1750 2352 line

171 2386 533 2442 concluditur.
571 2385 628 2440 In
658 2387 914 2442 saeculum
947 2387 1155 2451 saeculi,
1188 2388 1509 2443 indel‘ectam
1539 2387 1748 2442 stabili-

172 2489 334 2533 tatem
356 2477 529 2532 "futuri
560 2477 743 2533 saeculi
776 2477 994 2532 indicat.
1029 2476 1134 2533 Sed
1166 2488 1438 2533 memento
1465 2478 1605 2548 quod
1637 2478 1750 2532 haec

170 2580 221 2622 et
244 2570 332 2625 his
359 2569 562 2624 similia
591 2569 658 2623 ab
683 2570 771 2624 illa
801 2569 1056 2624 dicuntur
1081 2580 1236 2640 parte
1256 2586 1452 2640 passus
1477 2579 1582 2626 est.

203 2659 234 2712 5
309 2658 511 2729 Magna
539 2658 712 2729 gloria
741 2659 854 2727 ejus
881 2659 935 2711 in
961 2659 1189 2713 salutari
1217 2669 1305 2713 tuo
1328 2674 1347 2711 .·

307 2755 551 2811 Gloriam
583 2766 628 2810 et
656 2778 714 2810 ογ
748 2772 993 2826 magnum
1024 2756 1049 2826 ζ
1078 2757 1315 2811 decorem
1339 2758 1574 2828 impones
1603 2775 1755 2831 super

389 2863 529 2900 eum.

236 2937 277 2993 C
319 2937 454 2991 Nam
484 2937 655 3008 gloria
681 2950 736 2993 et
763 2953 1017 3010 magnum
1047 2943 1214 2996 decus
1239 2949 1448 3011 tempus
1478 2944 1651 3013 signat
1673 2941 1758 3011 ju-

173 3029 320 3094 dicii,
346 3030 435 3084 ubi
466 3030 521 3084 in
553 3030 753 3086 deitate
776 3046 872 3086 sua
895 3031 1206 3088 Altissimus
1227 3029 1526 3104 apparebit,
1554 3034 1758 3090 habens

175 3119 398 3189 gloriam
443 3137 506 3174 ex
548 3120 772 3191 judicio,
817 3121 1067 3177 decorem
1099 3124 1164 3178 de
1193 3126 1491 3196 majestate.
1549 3129 1760 3186 Sanctae

178 3213 336 3266 etiam
369 3211 730 3267 incarnationi
764 3227 957 3283 magna
995 3225 1079 3270 est
1114 3215 1286 3286 gloria
1315 3217 1370 3274 iu
1401 3219 1660 3288 salutari,
1705 3223 1759 3278 id

169 3313 255 3356 est
285 3305 338 3357 in
372 3304 539 3359 verbo
570 3303 770 3360 Patris.

210 3417 243 3471 6
316 3417 580 3484 Quoniam
621 3417 769 3473 dabis
812 3435 928 3474 eum
973 3421 1028 3474 in
1067 3420 1471 3478 benedictionem
1502 3426 1554 3480 in
1584 3444 1752 3482 atreu-

387 3509 495 3563 lum
522 3526 584 3566 -ι-
604 3513 784 3566 swculi
811 3511 834 3584 ζ

319 3600 639 3669 La'tiﬁcabis
668 3620 782 3656 eum
812 3605 866 3657 in
895 3606 1093 3674 gaudio
1123 3623 1240 3658 cum
1272 3608 1415 3660 vultu
1447 3619 1552 3662 tuo.

246 3691 291 3746 ll
326 3691 594 3759 Quoniam
638 3691 790 3748 dabis
836 3711 958 3750 eum
1004 3695 1065 3748 in
1117 3695 1586 3764 benedictionem,
1637 3699 1762 3769 quia

185 3785 352 3839 omnis
387 3792 640 3840 creatura
682 3784 954 3840 benedicit
992 3799 1137 3838 eum.
1195 3785 1520 3842 Laeliiicabis
1549 3804 1670 3842 eum
1711 3790 1762 3842 in

183 3876 392 3942 gaudio,
425 3892 551 3931 cum
583 3877 888 3930 coadunata
919 3875 1084 3931 fuerit
1113 3877 1400 3933 multitudo
1431 3890 1760 3944 sanctorum,

185 3969 337 4036 eique
371 3975 687 4023 sanctorum
726 3984 984 4021 numerus
1022 3967 1322 4022 restitutus.
1379 3968 1420 4024 C
1451 3970 1584 4024 Cum
1619 3973 1766 4025 vultu

189 4069 280 4113 tuo
307 4061 476 4126 dicit,
526 4070 586 4114 ut
636 4074 742 4114 una
791 4058 1123 4129 intelligatur
1163 4074 1393 4129 persona
1443 4061 1558 4114 sine
1605 4061 1768 4117 dubio

191 4169 304 4207 esse
328 4153 566 4218 Christi,
614 4153 744 4222 quia
788 4153 1097 4206 humanitas
1130 4152 1195 4206 de
1227 4153 1509 4208 divinitate
1551 4155 1765 4224 gaudet.
1802 4168 1807 4172 ‘

192 4245 437 4311 Quamvis
460 4247 629 4301 etiam
659 4243 727 4299 de
756 4245 1016 4299 membris
1041 4243 1170 4298 illud
1194 4245 1364 4316 accipi
1388 4244 1590 4301 Christi
1622 4257 1770 4304 recte

193 4338 369 4391 possit.

229 4424 261 4476 7
327 4427 585 4492 Quoniam
619 4443 711 4482 rea:
737 4436 913 4494 sperat
943 4426 995 4480 in
1023 4426 1246 4480 Domino
1270 4442 1291 4480 :

1972 556 2226 610 Dominus
2252 559 2305 610 in
2331 559 2410 611 ira
2434 575 2529 612 sua
2555 558 2879 612 conturbabit
2907 576 2992 613 eos
3025 574 3042 611 :
3067 569 3114 613 et
3137 563 3404 616 derorabit

2041 663 2127 701 eos
2155 648 2311 717 ignis.

1902 739 1944 792 C
1977 737 2233 794 Clibauus
2278 747 2361 793 est
2395 740 2689 808 coquendis
2732 742 2960 811 panibus
3008 743 3142 797 ωηρὶ
3196 744 3404 798 vasculi

1833 830 2064 885 deducta
2096 831 2416 894 rotunditas,
2447 847 2567 899 qua:
2595 833 2980 888 suburentibus
3004 833 3231 889 ﬂammis
3253 836 3408 890 ardet

1835 921 2188 985 intrinsecus;
2223 922 2364 990 quod
2411 923 2588 994 signat
2617 933 2948 991 peccatores,
2979 926 3069 995 qui
3117 927 3168 979 in
3203 925 3410 994 judicio

1835 1013 2118 1082 torquendi
2164 1022 2292 1068 sunt
2337 1023 2392 1069 et
2435 1030 2667 1070 mmrorc
2695 1017 2856 1070 animi
2889 1025 2942 1073 et
2971 1018 3168 1088 poenali
3209 1035 3405 1074 excru-

1836 1107 2088 1162 ciatione.
2119 1105 2356 1174 Tempus
2385 1105 2564 1160 vultus
2593 1106 2711 1172 Dei,
2742 1107 2858 1162 dies
2893 1117 2975 1163 est
2998 1111 3204 1180 judicii.
3239 1110 3283 1164 H
3312 1111 3412 1168 llic

1835 1199 1917 1252 ira
1947 1198 2038 1252 Dei
2067 1213 2171 1251 non
2200 1197 2372 1268 punit,
2406 1198 2498 1252 sed
2525 1201 2809 1254 conturbat
2837 1199 2902 1254 ad
2929 1201 3327 1270 ptenitentiam,
3358 1214 3415 1259 et

1839 1289 1924 1344 hic
1975 1289 2114 1359 ignis
2161 1288 2396 1358 Spiritus
2422 1291 2595 1345 sancti
2642 1291 2906 1358 devorat,
2957 1292 3008 1346 id
3057 1302 3138 1348 est
3189 1306 3413 1364 peccata

1839 1381 2130 1436 consumit.
2191 1380 2231 1436 C
2278 1380 2404 1436 Sive
2449 1384 2664 1451 quando
2711 1383 2934 1437 audient
2968 1401 2981 1437 :
3012 1383 3089 1437 Ite
3134 1385 3186 1438 in
3238 1387 3416 1457 ignem

1840 1485 2120 1539 aeternum,
2146 1483 2271 1530 tunc
2287 1474 2485 1544 judicis
2514 1478 2780 1532 sententia
2807 1477 3168 1546 conturbabit,
3197 1489 3252 1534 ct
3279 1481 3418 1550 ignis

1843 1569 2124 1624 devorabit
2150 1582 2428 1639 perpetuo.

1845 1660 1914 1715 10
1983 1659 2241 1715 Fructum
2266 1679 2443 1717 eorum
2473 1664 2536 1717 de
2563 1673 2701 1719 terra
2729 1665 2912 1732 perdes
2941 1679 2958 1717 :

1991 1753 2059 1808 Et
2089 1771 2263 1810 semen
2294 1772 2470 1810 eorum
2502 1774 2533 1810 a
2552 1757 2678 1826 ﬁliis
2708 1759 2996 1813 hominum.

1772 1819 1821 1880 Β
1919 1845 1960 1901 C
1999 1846 2042 1902 Η
2081 1847 2336 1902 Fructum
2363 1847 2492 1902 dicit
2519 1819 2682 1918 opera
2723 1849 3051 1919 iniquorum.
3098 1850 3330 1906 Perdere
3359 1851 3423 1906 de

1852 1948 2018 2003 terra,
2049 1939 2102 1993 id
2133 1947 2216 1995 est
2245 1939 2308 1994 de
2335 1948 2520 1994 sancta
2550 1939 2791 1994 Ecclesia
2816 1940 2900 1995 vel
2930 1950 3074 1995 terra
3105 1941 3422 1995 viventium.

1845 2029 1889 2084 C
1920 2027 2137 2095 Semen,
2173 2029 2225 2084 id
2251 2039 2336 2085 est
2362 2039 2485 2085 vota
2511 2031 2596 2084 vel
2635 2029 2774 2085 facta
2804 2031 3166 2102 peccantium.
3203 2032 3247 2084 A
3278 2029 3424 2095 (iliis,

1851 2122 1903 2176 id
1931 2131 2013 2177 est
2055 2123 2122 2176 de
2169 2123 2371 2178 sanctis
2394 2137 2488 2178 eos
2515 2121 2648 2178 facis
2678 2123 2897 2188 alienos,
2926 2139 3066 2194 quos
3096 2123 3149 2178 in
3199 2124 3428 2180 Incredi-

1851 2221 2015 2268 tatem
2041 2222 2300 2268 aeternam
2331 2223 2419 2269 tua
2459 2214 2708 2285 largitate
2735 2216 3000 2271 missurus
3024 2232 3106 2273 es.

1853 2305 1911 2360 Η
1993 2304 2254 2370 Quoniam
2281 2304 2671 2359 declinaverunt
2704 2307 2759 2360 in
2790 2316 2838 2361 te
2867 2307 3007 2362 mala
3033 2322 3051 2359 :

1992 2397 2358 2467 Cogitaverunt
2409 2397 2668 2463 consilia,
2720 2414 2838 2468 qua:
2895 2417 2997 2453 non
3035 2410 3312 2465 potuerunt
3363 2415 3430 2455 -ι-

2059 2491 2235 2546 stabili
2242 2507 2295 2545 re
2325 2495 2341 2564 ζ

1925 2585 1971 2641 H
2008 2587 2119 2641 Visi
2166 2595 2292 2641 sunt
2336 2584 2504 2641 ,ἰυᾱωί
2537 2585 2808 2642 declinare
2847 2570 2984 2642 mala
3030 2588 3083 2641 in
3128 2587 3429 2650 Christum.

1854 2678 2068 2750 quando
2098 2679 2349 2733 dixerunt
2381 2695 2394 2731 :
2436 2677 2638 2749 Dignus
2675 2686 2760 2732 est
2809 2689 3001 2734 morte.
3047 2679 3436 2751 Cogitaverunt

1855 2769 2146 2826 concilium
2178 2769 2404 2824 dicendo
2435 2786 2448 2822 :
2480 2768 2615 2824 Jube
2661 2783 2790 2839 ergo
2819 2769 3079 2824 custodiri
3125 2769 3434 2840 sepulcrum

1858 2862 2070 2933 (Matth.
2107 2861 2305 2933 xxvn),
2342 2861 2588 2917 nolentes
2630 2877 2732 2917 nec
2779 2863 2944 2916 etiam
2975 2863 3256 2918 credentes
3281 2861 3436 2918 Chri-

1858 2966 2001 3012 stum
2030 2970 2332 3026 resurgere.
2361 2955 2514 3023 Quod
2543 2971 2648 3011 non
2680 2964 2974 3026 potuerunt
2995 2957 3253 3022 stabilire,
3287 2957 3434 3026 quia,

1859 3049 2076 3119 quando
2101 3049 2269 3119 voluit
2315 3048 2586 3114 Christus,
2617 3049 2936 3103 resurrexit.
2973 3047 3014 3103 C
3042 3047 3323 3104 Declinare
3353 3049 3436 3103 di-

1864 3146 2036 3198 cimus
2067 3143 2205 3197 mala
2235 3157 2396 3213 supra
2429 3141 2583 3208 alios,
2617 3142 2940 3212 pmoitentia
2973 3143 3025 3197 in
3057 3141 3191 3197 alios
3218 3157 3439 3197 causam

1863 3233 2162 3304 iniquitatis
2205 3233 2432 3288 relidere
2459 3273 2474 3299 ,
2513 3233 2655 3304 quod
2700 3231 2869 3288 Judaei
2903 3233 3126 3289 Christo
3173 3234 3439 3301 fecerunt,

1861 3326 1987 3381 dum
2039 3325 2461 3380 destructionem
2504 3324 2739 3380 civitatis
2767 3334 2824 3380 et
2856 3326 3030 3397 gentis
3072 3327 3194 3382 vim
3238 3326 3442 3382 Christi

1861 3419 2263 3486 ascripserunt,
2321 3415 2565 3471 dicentes
2609 3430 2624 3469 :
2673 3415 2731 3471 Si
2801 3416 3124 3472 dimittimus
3191 3433 3314 3472 eum
3363 3417 3444 3471 sic

1865 3512 2047 3582 (Joun.
2076 3510 2155 3580 ιι)
2173 3551 2186 3575 ,
2215 3520 2320 3565 etc.

1865 3604 1932 3660 12
2003 3604 2265 3670 Quoniam
2300 3619 2458 3672 pones
2496 3617 2581 3657 eos
2612 3602 2821 3655 dorsum
2852 3618 2872 3654 :

2007 3697 2073 3750 In
2104 3695 2330 3767 reliquiis
2357 3695 2456 3748 tuis
2486 3693 2803 3765 prteparabis
2835 3692 3032 3746 vultum
3066 3709 3265 3746 eorum.

1932 3789 1978 3843 A
2028 3787 2195 3843 Positi
2238 3794 2364 3842 sunt
2404 3783 2574 3840 iudici
2623 3784 2882 3850 dorsum,
2929 3783 3146 3853 quando
3188 3783 3320 3838 vitio
3349 3798 3448 3838 suo

1866 3892 2082 3938 terrena
2106 3882 2397 3952 sapientes,
2436 3894 2542 3935 non
2573 3887 2889 3934 meruerunt
2913 3878 3151 3933 coelestia
3181 3878 3447 3932 contueri.

1868 3976 1909 4030 ll
1941 3975 2393 4045 Prreparabuntur
2425 3973 2668 4042 reliquiae
2693 3969 3000 4024 Judteorum
3026 4010 3040 4033 ,
3090 3969 3306 4038 quando
3329 4037 3332 4040 Q
3353 3983 3451 4037 per

1871 4070 2054 4124 Enoch
2085 4077 2141 4123 et
2170 4068 2338 4122 Eliam
2371 4067 2424 4120 in
2455 4065 2560 4120 line
2599 4063 2856 4119 credituri
2895 4070 3042 4127 sunt,
3070 4071 3124 4116 et
3155 4069 3281 4114 tunc
3313 4075 3451 4129 prai-

1869 4161 2084 4232 parahis
2110 4160 2316 4214 vultum
2345 4173 2559 4223 eorum,
2584 4155 2790 4211 scilicet
2825 4153 2881 4208 in
2912 4162 2966 4207 te
3002 4152 3358 4215 credentium,
3393 4159 3444 4202 ut

1867 4253 2075 4308 scilicet
2105 4257 2492 4306 convertantur
2521 4247 2684 4303 corda
2714 4255 2927 4315 patrum
2960 4245 3013 4299 in
3047 4243 3204 4297 lilios.

1873 4347 1940 4400 13
2011 4345 2286 4411 Exaltare,
2322 4342 2566 4407 Domine,
2607 4343 2660 4395 in
2693 4340 2878 4393 virtute
2916 4347 3005 4392 tua
3039 4352 3057 4388 :

2014 4438 2354 4492 Cantabimus
2381 4444 2426 4486 et
2455 4434 2738 4504 psallemus
2767 4431 2983 4485 virtutes
3011 4439 3149 4485 tuas.

323 4517 385 4572 Et
414 4522 465 4575 in
494 4520 866 4574 misericordia
895 4519 1149 4574 Altissimi
1178 4536 1283 4574 non
1311 4523 1730 4578 commovebitur.

1945 4529 1989 4584 ll
2021 4530 2271 4584 Exaltare
2301 4527 2354 4580 in
2381 4524 2606 4592 virtute,
2640 4524 2694 4579 id
2717 4531 2804 4578 est
2829 4523 3139 4577 detnonstra
3168 4522 3220 4575 in
3247 4521 3457 4592 judicio

265 4633 301 4689 C
332 4635 436 4690 Rex
467 4645 548 4691 est
576 4635 705 4698 iste,
739 4633 832 4702 qui
866 4633 1202 4704 in°passione
1230 4649 1325 4689 sua
1356 4636 1642 4707 ascriptus,
1673 4641 1767 4695 tri-

199 4721 291 4778 bus
316 4724 496 4795 linguis
533 4722 845 4792 legebatur.
901 4721 1149 4792 Speravit
1191 4723 1245 4777 in
1293 4725 1536 4791 Domino,
1572 4742 1767 4784 secun-

198 4811 309 4868 dum
351 4816 641 4872 hominem.
678 4812 803 4868 Non
864 4812 1292 4868 commovebitur
1317 4813 1362 4867 A
1398 4816 1768 4874 misericordia

188 4897 366 4973 Patris,
399 4910 522 4980 quia
550 4911 847 4979 protector
869 4912 953 4962 est
973 4903 1099 4959 olim
1125 4905 1460 4975 sperantium
1496 4906 1550 4961 in
1585 4923 1662 4963 se.

219 5012 258 5069 8
325 5021 616 5079 inveniatur
643 5033 844 5074 manus
865 5025 956 5069 tua
979 5017 1218 5071 omnibus
1243 5017 1466 5073 inimicis
1487 5021 1591 5075 tuis
1607 5035 1626 5073 :

329 5110 520 5172 Dextera
550 5129 655 5172 tua
681 5109 924 5166 inveniat
953 5124 1012 5165 -ε-
1038 5125 1216 5164 omnes
1248 5106 1391 5179 ζ·ᾳαὶ
1411 5119 1460 5164 te
1485 5111 1728 5168 oderunt.

278 5219 310 5264 (ἶ
330 5220 604 5264 Invenias...
637 5236 853 5264 mannc
881 5229 989 5264 ttln-
1031 5221 1080 5264 id
1109 5230 1193 5264 net.
1222 5221 1467 5264 nnamlin
1496 5232 1579 5264 Inst
1609 5237 1767 5264 rana-

1874 4623 2212 4692 maiestatem
2246 4631 2394 4675 tuam
2433 4629 2489 4673 et
2521 4625 2842 4690 potestatem
2870 4655 2883 4679 ,
2927 4616 3020 4685 qui
3071 4615 3218 4684 prius
3265 4613 3463 4670 venisti

1877 4717 1933 4770 in
1967 4716 2291 4770 humilitate.
2323 4710 2365 4766 (ἶ
2395 4709 2634 4766 Cantare
2662 4719 2745 4764 est
2772 4705 2933 4761 verba
2967 4705 3178 4761 Domini
3209 4719 3300 4760 ore
3332 4719 3462 4773 pro-

1879 4808 2053 4874 ferre;
2093 4806 2343 4878 psallere,
2376 4805 2634 4859 mandata
2657 4801 2840 4858 divina
2873 4798 3028 4854 bouis
3055 4796 3308 4867 operibus
3334 4810 3465 4850 cons

1875 4914 2090 4961 stanter
2119 4901 2363 4972 implere.

2354 5003 2568 5048 ORATIO
2597 5005 2662 5046 ει
2701 5002 2850 5042 PSH...
2880 4999 2984 5038 XX.

1945 5086 2202 5153 BellediC,
2232 5081 2485 5149 Domine,
2511 5081 2881 5143 benedictione
2907 5071 3226 5134 dulcedinis,
3241 5077 3295 5122 et
3323 5077 3484 5162 cout-

1873 5178 1966 5252 ple
1998 5181 2094 5234 tibi
2126 5181 2381 5252 placitum
2423 5175 2760 5234 deSiderium
2793 5177 3063 5231 nostrum,
3092 5171 3152 5217 ut
3179 5158 3486 5261 duorjugi-
