4000 5370
547 322 645 377 167

1484 307 1541 360 S.
1583 301 1924 359 BRUNONIS
1965 296 2500 355 HERBIPGLENSIS
2540 294 2840 349 EPISCOPI

3706 286 3805 338 103

550 433 768 486 Patrem
796 425 1052 494 loquitur,
1082 423 1442 488 admonetque
1472 417 1657 472 tldelcs
1692 417 1913 469 laudare
1941 414 2120 479 Domi-
2152 421 2197 476 Α
2225 421 2428 480 quanto
2452 409 2683 477 amplius
2708 407 2872 460 lilium
2898 413 3049 476 pater
3077 404 3271 460 liberat
3291 403 3418 459 dum
3447 401 3579 470 petit
3607 407 3661 454 et
3693 406 3806 454 \ltil

547 539 696 586 num,
719 521 846 594 quia
869 520 920 572 in
944 512 1335 570 resurrectione
1357 525 1452 566 sua
1477 509 1795 564 catholicam
1825 505 2119 575 respexerit

547 614 864 669 Ecclesium.

647 703 753 759 TT.
796 701 862 756 In
888 701 1045 770 ﬁnem
1090 715 1186 770 pro
1229 696 1555 766 susceptione
1593 692 1851 747 matutina
1890 692 2122 761 psalmus

760 810 821 851 -ίν-
849 792 1020 848 David
1052 789 1070 860 ζ

615 886 657 942 C
693 886 751 940 1η
782 885 979 949 linem;
1012 882 1124 937 sive
1153 879 1415 947 psalmus,
1438 876 1550 931 sive
1579 873 1767 937 David,
1793 873 1924 943 quid
1949 872 2124 942 signet

545 975 850 1047 expositum
899 982 1003 1028 est.
1052 969 1335 1040 Susceptio
1365 966 1632 1022 matutina
1666 973 1749 1020 est
1801 975 2010 1033 tempus
2039 977 2126 1018 re-

549 1063 1006 1128 resurrectionis,
1044 1061 1256 1131 quando
1305 1056 1533 1113 mortale
1585 1070 1781 1124 corpus
1825 1053 1877 1107 in
1932 1066 2124 1121 magna

549 1154 719 1225 gloria
770 1150 1124 1207 elarilicatum
1170 1146 1486 1216 assumpsit.
1550 1143 1874 1199 Matutinum
1923 1141 2124 1198 dictum

550 1255 653 1310 est,
681 1243 834 1315 quasi
869 1259 1027 1296 manu
1050 1240 1392 1310 primitivum,
1417 1239 1556 1306 quod
1591 1248 1800 1303 tempus
1830 1233 2126 1288 innumeris

551 1338 683 1392 locis
720 1337 786 1390 ad
821 1331 1270 1388 resurrectionem
1309 1329 1519 1384 Domini
1554 1335 1764 1382 constat
1792 1334 2052 1395 aptatum.

585 1452 612 1504 1
691 1449 864 1511 Deus,
895 1445 1031 1498 Deus
1062 1459 1205 1496 mcus
1235 1455 1294 1496 σί-
1331 1440 1524 1509 respice
1550 1438 1604 1492 in
1631 1453 1711 1490 me

769 1533 1087 1604 dereliquiin
1123 1547 1141 1584 :

691 1628 869 1696 Longe
909 1641 941 1678 a
984 1621 1155 1697 salute
1191 1637 1303 1673 mea
1340 1618 1490 1672 verba
1529 1617 1836 1670 delictorum
1873 1627 2124 1668 meorum.

623 1720 663 1776 C
703 1721 845 1773 Deus
881 1729 1059 1771 sermo
1102 1711 1323 1768 Graecus
1349 1718 1449 1771 est,
1493 1717 1548 1762 et
1585 1708 2028 1775 interpretatatur
2056 1702 2125 1754 ti-

1771 1437 1787 1506 ζ
1844 1450 2007 1505 quare
2043 1448 2126 1487 me

2228 502 2472 555 liberari.

2252 595 2286 646 5
2358 594 2438 647 Ad
2469 603 2518 648 te
2547 592 2900 652 clamauerunt
2933 601 2978 646 et
3004 589 3133 645 salvi
3161 589 3287 658 facti
3311 597 3432 644 sunt
3459 600 3479 637 :

2367 685 2433 739 In
2461 698 2508 740 te
2529 693 2861 756 speraverunt
2887 693 2932 738 et
2962 698 3062 737 non
3088 690 3206 736 sunt
3239 679 3465 748 confusi.

2294 800 2335 856 C
2369 799 2754 855 Clamaverunt
2798 807 3065 868 martyres
3103 795 3170 849 ad
3199 795 3473 850 Christum
3509 808 3524 846 :
3556 790 3684 844 dum
3713 803 3808 843 eos

2225 891 2522 961 corporalis
2561 903 2720 960 poena
2749 887 3107 956 consumpsit,
3135 894 3188 940 et
3219 885 3548 955 putabantur
3581 879 3652 934 ab
3689 877 3812 932 inii-

2225 982 2436 1038 delibus
2475 997 2581 1036 non
2610 979 2854 1036 exaudiri
2887 1020 2902 1045 ,
2955 979 3050 1034 sed
3091 977 3166 1032 illi
3211 976 3393 1048 potius
3431 973 3590 1028 valde
3635 971 3809 1026 auditi

2225 1084 2374 1137 sunt,
2405 1074 2531 1144 quia
2577 1087 2832 1128 coronam
2861 1072 3136 1141 percipere
3175 1076 3504 1123 meruerunt.
3546 1063 3657 1118 Nec
3685 1070 3812 1116 sunt

2226 1165 2436 1221 confusi
2463 1180 2478 1219 :
2502 1181 2638 1236 quos
2657 1173 2868 1219 constat
2888 1165 3098 1218 venisse
3120 1163 3185 1216 ad
3210 1161 3508 1232 praemium,
3532 1172 3636 1212 non
3664 1156 3810 1209 enim

2227 1254 2596 1319 confunditur,
2626 1255 2717 1324 qui
2753 1263 3014 1308 mternum
3045 1266 3268 1323 regnum
3301 1249 3669 1317 consequitur.

2259 1366 2292 1417 6
2365 1364 2481 1436 Ego
2517 1374 2692 1417 autem
2721 1378 2837 1416 sum
2870 1361 3054 1414 vermis
3091 1369 3138 1413 et
3167 1374 3268 1412 non
3295 1358 3446 1410 homo
3476 1370 3493 1408 :

2373 1455 2722 1525 Opprobrium
2746 1452 3013 1506 hominum
3037 1461 3083 1504 et
3109 1449 3329 1519 abjectio
3359 1448 3541 1518 plebis.

2299 1546 2339 1601 C
2376 1546 2556 1601 Vermi
2589 1544 2731 1600 enim
2772 1549 3117 1611 comparatur
3153 1540 3421 1601 Christus,
3454 1539 3578 1608 quia
3609 1542 3818 1591 morta-

2229 1635 2299 1690 lis
2321 1644 2375 1690 et
2401 1635 2466 1688 dc
2485 1647 2648 1687 carne
2671 1631 2792 1686 sine
2816 1630 3066 1684 mistionc
3087 1629 3309 1683 seminis
3334 1635 3494 1682 natus
3515 1635 3616 1680 est.
3649 1625 3815 1680 Simi-

2233 1726 2358 1781 liter
2379 1725 2580 1780 vermis
2606 1723 2722 1778 sine
2753 1720 3042 1776 concubitu
3087 1720 3346 1774 naseitur.
3392 1717 3503 1771 Non
3545 1718 3730 1779 homo,
3764 1717 3819 1770 id

551 1831 687 1868 mor.
719 1811 870 1880 [inde
897 1807 1116 1878 quidam
1153 1804 1228 1858 ait
1257 1803 1534 1874 gentilium
1562 1809 1843 1871 poetarum
1878 1815 1890 1850 :
1920 1796 2131 1867 primus
2159 1777 2205 1836 Β
2235 1825 2318 1872 εει
2344 1811 2448 1869 non-
2479 1820 2751 1883 poccamr,
2781 1811 2927 1880 quod
2957 1809 3011 1863 in
3058 1808 3146 1863 mo
3184 1823 3302 1862 esse
3335 1822 3440 1862 ηο,
3473 1807 3671 1876 νωηηῦ
3711 1777 3819 1872 ον,

553 1908 609 1962 in
634 1906 762 1960 orbe
785 1903 913 1962 deos
937 1899 1064 1954 fecit
1084 1899 1282 1962 timor;
1310 1895 1450 1950 unde
1476 1894 1748 1949 Christus.
1769 1889 1922 1960 quasi
1955 1887 2129 1942 vicina

554 1997 808 2067 passione
840 2000 1138 2064 permotus,
1165 2002 1230 2043 ex
1266 1987 1602 2040 humanitate
1633 1983 1830 2038 clamat
1862 1999 1875 2035 :
1906 1980 2132 2049 Respice

555 2090 611 2145 in
641 2103 744 2154 me,
777 2089 1073 2157 deprecans
1098 2082 1199 2138 sibi
1232 2080 1572 2136 celerrimum
1600 2077 1857 2132 auxilium
1890 2088 2134 2130 resurre-

557 2181 772 2236 ctionis.
803 2179 845 2234 ll
877 2177 1027 2246 Quod
1057 2190 1114 2230 se
1136 2174 1267 2228 dicit
1293 2171 1634 2236 derelictum,
1665 2185 1771 2224 non
1797 2182 1866 2223 ex
1893 2167 2133 2238 propria,

558 2271 650 2326 sed
681 2285 743 2324 ex
776 2268 954 2338 populi
999 2265 1082 2322 sui
1128 2278 1358 2335 persona
1410 2262 1668 2331 loquitur,
1715 2260 1869 2330 cujus
1913 2264 2134 2328 peccata

559 2363 674 2431 ipse
705 2359 962 2430 suscepit.
990 2356 1030 2412 C
1057 2354 1198 2410 Dicit
1223 2369 1253 2408 a
1285 2368 1344 2430 se
1370 2352 1527 2423 longe
1554 2351 1666 2406 lieri
1698 2349 1861 2404 verba
1893 2362 2013 2417 quae
2045 2346 2136 2399 de-

558 2453 682 2506 licta
710 2449 1044 2520 parturiunt,
1069 2454 1122 2500 et
1148 2446 1341 2498 iterum
1371 2460 1465 2496 sua
1493 2442 1623 2496 dicit
1646 2455 1764 2494 esse
1789 2447 2010 2509 peccata
2041 2451 2138 2490 no-

561 2554 674 2596 stra
704 2542 917 2606 delicta,
944 2538 1035 2608 qui
1067 2552 1174 2591 non
1223 2535 1411 2590 habuit
1456 2540 1696 2603 peccata.
1738 2534 1779 2582 A
1809 2529 1948 2584 Dicit
1979 2528 2138 2597 igitur

561 2651 620 2687 se
647 2631 964 2686 derelictmn
1005 2627 1059 2682 in
1100 2638 1328 2697 persona
1368 2623 1741 2690 membrorum
1772 2657 1786 2683 ,
1833 2632 1952 2687 quae
1995 2615 2137 2684 quod

563 2730 748 2793 petunt
777 2737 881 2774 non
913 2717 1208 2786 accipiunt,
1232 2729 1296 2770 eo
1321 2713 1460 2782 quod
1489 2712 1651 2766 verba
1677 2707 1993 2764 dolictonun
2017 2714 2142 2760 sunt

564 2813 853 2882 petitiones
898 2823 1083 2864 eorum
1109 2846 1125 2872 ,
1174 2807 1299 2860 dum
1347 2802 1432 2856 vel
1459 2809 1648 2872 petunt
1691 2808 1878 2854 contra
1911 2797 2140 2851 salutem

564 2905 648 2959 vel
679 2919 781 2957 non
810 2916 933 2956 mox
971 2897 1211 2954 exauditi
1254 2903 1614 2960 murmurant,
1653 2900 1707 2947 et
1750 2888 2037 2946 derelictos
2083 2901 2141 2942 se

569 3002 994 3066 conqueruntur.

604 3112 640 3166 Ξ
711 3111 852 3166 Deus
877 3125 1040 3168 meus,
1073 3105 1310 3160 clamabo
1340 3119 1433 3175 per
1453 3103 1586 3157 diem
1604 3111 1649 3156 et
1678 3117 1781 3156 non
1798 3097 2044 3155 exaudies
2066 3113 2085 3151 .°

714 3202 780 3255 Et
809 3209 954 3255 nocte
983 3206 1032 3252 et
1059 3214 1160 3251 non
1188 3195 1257 3250 ad
1289 3193 1638 3262 insipientiam
1664 3191 1812 3245 mihi.

641 3294 683 3350 ο
714 3291 995 3349 Clamabat
1016 3286 1322 3344 immanitas
1348 3283 1510 3340 Verbi
1543 3299 1638 3353 per
1663 3283 1824 3347 diem,
1850 3296 2011 3350 quam
2038 3294 2142 3332 non

571 3383 982 3441 circumdabant
1019 3379 1255 3434 tenebra:
1293 3384 1656 3448 peccatorum.
1707 3371 1753 3426 11
1783 3387 1888 3427 non
1918 3369 2145 3426 exaudi-

575 3487 663 3531 tur
693 3493 707 3530 :
740 3483 958 3545 propter
981 3469 1276 3525 destinatos
1316 3467 1385 3520 ad
1431 3474 1656 3518 mortem
1676 3503 1690 3527 ,
1724 3461 1815 3532 qui
1844 3461 2017 3514 noctis
2046 3474 2147 3524 no-

574 3568 720 3623 mine
749 3563 1073 3619 vocitantur.
1104 3559 1145 3614 C
1171 3556 1284 3611 Non
1315 3557 1382 3611 ad
1413 3553 1796 3624 insipientiam,
1825 3548 2149 3604 subaudien-

578 3657 704 3711 dum
729 3651 1006 3723 reputabis
1034 3647 1190 3711 mihi,
1215 3645 1264 3699 id
1297 3655 1379 3698 est
1407 3643 1568 3697 Pater
1595 3641 1753 3704 Filio,
1781 3639 1995 3709 petebat
2022 3651 2152 3706 ergo

580 3745 843 3799 mediator
881 3740 974 3796 Dei
1021 3748 1076 3794 et
1102 3737 1378 3794 hominum
1425 3749 1532 3790 non
1561 3732 1876 3802 insipienter
1901 3730 1994 3782 sed
2024 3743 2152 3797 pru-

581 3840 791 3902 denter,
817 3843 872 3889 et
902 3843 1080 3888 tamen
1113 3846 1218 3885 non
1257 3834 1469 3883 constat
1511 3823 1750 3878 auditum
1776 3860 1790 3884 ,
1839 3819 1964 3888 quia
2017 3817 2154 3886 peti-

583 3931 727 3983 tione
751 3935 804 3980 ct
832 3923 1082 3996 passione
1116 3919 1372 3974 mundum
1400 3923 1519 3970 erat
1553 3914 1950 3982 redempturus.
1975 3907 2018 3961 ﬂ
2046 3907 2086 3962 C
2109 3908 2148 3960 Α

585 4021 679 4078 Vel
711 4020 826 4074 dies
855 4029 1132 4087 prospera,
1161 4027 1266 4066 nox
1296 4009 1520 4062 adversa
1549 4004 1828 4074 signiﬁcat.
1875 4001 1931 4056 In
1958 4000 2154 4071 quibus

582 4111 900 4183 quandoque
936 4112 1176 4178 petentes
1218 4102 1356 4156 Deus
1401 4113 1505 4154 non
1550 4094 1804 4161 exaudit,
1833 4093 2020 4150 ethoc
2049 4107 2154 4147 non

587 4207 652 4261 ad
678 4201 1041 4272 insipientiam
1070 4210 1283 4259 eorum,
1309 4193 1404 4248 sed
1433 4190 1596 4246 utsic
1621 4188 1898 4258 sapientes
1942 4186 2075 4239 ﬁant
2104 4190 2159 4237 et

589 4299 796 4351 discant
837 4292 1109 4359 sapienter
1152 4297 1356 4356 petere,
1389 4299 1496 4338 non
1527 4291 1737 4337 terrena
1768 4279 1863 4334 sed
1895 4275 2156 4336 cmlestia,

590 4388 672 4443 vel
701 4395 914 4441 terrena
952 4381 1018 4435 ad
1045 4379 1275 4434 salutem
1301 4376 1514 4430 animze.

620 4503 654 4557 3
724 4499 852 4553 Cum
879 4505 1053 4551 autem
1085 4494 1138 4546 in
1173 4499 1354 4544 sancto
1387 4488 1590 4542 habitas
1614 4503 1632 4539 :

731 4588 874 4643 Laus
899 4581 1088 4640 Israel.

663 4681 703 4736 C
733 4679 788 4734 ln
821 4686 1010 4732 saneto
1034 4671 1247 4727 habitas
1292 4669 1439 4734 laus,
1484 4665 1912 4721 incarnationem
1941 4679 2042 4734 per
2062 4663 2166 4718 hoc

595 4772 794 4831 Christi
843 4766 1142 4825 declaravit
1187 4763 1448 4834 prophela
1475 4801 1489 4824 ,
1525 4759 1650 4830 quia
1700 4759 1752 4813 in
1793 4756 1930 4811 Filio
1959 4757 2168 4812 habitat

598 4866 732 4926 laus,
766 4861 816 4914 id
844 4868 927 4913 est
949 4857 1108 4912 Pater
1135 4855 1226 4924 qui
1253 4861 1335 4908 est
1363 4851 1480 4906 laus
1506 4848 1690 4916 Israel,
1727 4847 1781 4902 id
1806 4854 1887 4902 est
1915 4846 2172 4928 Ecclesiae

596 4951 828 5009 videntis
863 4962 960 5019 per
1005 4947 1160 5000 [idem
1192 4956 1268 4999 te.
1293 4943 1418 4998 ldeo
1443 4942 1604 4997 etiam
1639 4956 1744 4996 non
1775 4939 2086 4995 exauditum
2114 4951 2173 4990 se

597 5045 854 5110 ostendit,
885 5056 992 5098 non
1034 5047 1256 5110 pr0pter
1285 5037 1670 5107 insipientiam,
1703 5033 1795 5090 sed
1839 5040 2061 5104 propter
2088 5045 2173 5083 sa-

600 5142 768 5196 lutem
811 5135 1026 5208 generis
1074 5131 1295 5186 humani
1340 5145 1436 5199 per
1482 5128 1792 5199 passionem
1845 5139 1993 5179 suam
2039 5121 2172 5198 alias

600 5233 797 5288 factam
823 5239 1088 5294 sanctam,
1110 5225 1365 5297 quoniam
1389 5223 1550 5278 Pater
1570 5235 1782 5292 semper
1807 5216 1957 5271 audit
1979 5213 2170 5268 Filium

605 5325 659 5370 in
689 5339 794 5370 mm
823 5335 1036 5370 semper
1059 5317 1290 5370 habitat.

2233 1905 2512 1977 probrium
2557 1902 2839 1956 hominum
2884 1916 2900 1953 :
2947 1900 3160 1968 quando
3186 1899 3239 1952 in
3271 1913 3393 1951 cum
3439 1897 3724 1966 spuchant,
3765 1903 3822 1947 et

2233 1995 2405 2064 alapis
2429 1990 2806 2047 verberabant.
2838 1987 3108 2056 Abjectio,
3141 2001 3265 2042 cum
3306 1983 3585 2055 elegerunt
3610 1982 3823 2036 Barab-

2233 2087 2382 2152 bam,
2410 2084 2684 2141 Christum
2722 2079 3059 2150 abiecerunt.

2273 2198 2304 2252 7
2382 2195 2583 2252 Omnes
2615 2190 2842 2248 videntes
2885 2207 2965 2243 me
3003 2189 3293 2243 deriserunt
3322 2204 3401 2241 me
3429 2203 3452 2240 :

2381 2289 2565 2344 Locuti
2587 2298 2703 2342 sunt
2725 2285 2897 2339 labiis.
2921 2281 2988 2336 Et
3005 2292 3263 2336 mouerunt
3290 2290 3468 2352 caput.

2307 2384 2351 2440 C
2386 2383 2608 2447 Omnes,
2634 2381 2698 2436 de
2724 2377 2881 2434 malis
2916 2375 3317 2445 suscipiendum
3349 2384 3468 2428 est:
3495 2370 3830 2433 deriserunt,

2240 2491 2346 2531 non
2395 2473 2666 2529 credendo
2718 2470 2772 2524 in
2823 2467 3121 2524 Christum.
3160 2464 3205 2516 ﬂ
3252 2463 3440 2517 Loculi
3467 2469 3593 2517 sunt
3620 2460 3825 2513 labiis:

2243 2564 2302 2619 Si
2327 2565 2496 2618 Filius
2522 2563 2616 2618 Dei
2651 2570 2735 2616 est
2763 2557 3056 2616 descendat
3087 2556 3154 2610 de
3181 2570 3342 2610 cruce
3381 2553 3594 2624 (Matth.
3633 2553 3831 2610 xxvii).

2243 2655 2525 2710 Moverunt
2550 2663 2732 2723 caput.
2763 2649 2804 2705 C
2833 2649 2936 2704 Per
2967 2647 3304 2702 iracundiam
3335 2661 3350 2700 :
3383 2652 3525 2716 quod
3554 2645 3834 2698 minantes

2228 2747 2448 2802 “faciunt
2476 2760 2580 2800 non
2601 2744 2907 2815 iudicantes
2930 2740 3207 2802 ett-corde.
3235 2742 3330 2794 ore
3356 2737 3498 2793 enim
3528 2751 3642 2791 non
3663 2737 3840 2789 "corde

2245 2838 2626 2908 loquebantur,
2654 2835 2851 2905 quibus
2879 2849 2986 2888 non
3013 2832 3261 2905 provenit
3290 2846 3360 2887 ex
3382 2830 3538 2887 ﬁrma
3561 2830 3838 2886 delibera-

2245 2931 2391 2985 tione
2420 2929 2707 2983 sententia.
3240 2921 3244 2926 ’

2277 3043 2353 3114 8,“.
2385 3039 2623 3110 Speravit
2653 3040 2708 3094 in
2737 3037 2958 3093 Domino
2986 3038 3168 3112 eripiat
3208 3053 3323 3092 eum
3351 3051 3371 3089 .'

2392 3131 2610 3205 Salvu‘m
2644 3130 2805 3201 faciat
2837 3145 2956 3184 eum
2993 3129 3240 3199 quoniam
3270 3127 3375 3182 vult
3405 3141 3543 3180 eum.

2320 3226 2363 3281 11
2403 3226 2512 3280 Vox
2554 3215 2848 3296 prOphetai.
2887 3223 3160 3292 Speravit,
3191 3223 3294 3276 huc
3323 3229 3406 3276 est
3439 3216 3755 3274 humanitas
3783 3216 3845 3270 in

2254 3314 2615 3374 divinitatem.
2665 3315 2902 3383 Eripiat,
2931 3314 2984 3367 id
3024 3322 3108 3366 est
3148 3312 3215 3367 de
3256 3310 3485 3373 Iudicis,
3525 3307 3642 3361 vult
3685 3322 3847 3370 eum,

2253 3408 2508 3480 quoniam
2538 3405 2678 3460 Deus
2701 3405 2862 3458 Pater
2888 3402 3045 3456 talem
3081 3401 3274 3456 Filium
3303 3399 3502 3454 habere
3523 3397 3696 3451 voluit
3720 3393 3852 3450 sine

2252 3509 2517 3572 peccato,
2561 3513 2659 3568 per
2698 3511 2858 3564 quem
2889 3503 3110 3563 peccata
3153 3492 3364 3546 tolleret
3405 3488 3611 3544 mundi.
3657 3487 3699 3542 C
3749 3485 3851 3540 Vel

2255 3591 2450 3646 melius
2475 3591 2580 3643 hoc
2610 3603 2704 3658 per
2733 3586 2960 3640 ironiam
3005 3585 3208 3638 dictum
3241 3593 3323 3638 est
3366 3600 3394 3636 a
3443 3580 3677 3644 Judmis,
3719 3594 3854 3648 quae

2257 3684 2424 3752 ﬁgura
2481 3680 2672 3735 Latine
2716 3677 2890 3731 irrisio
2933 3676 3150 3736 dicitur,
3194 3675 3335 3728 aliud
3376 3689 3534 3744 quam
3610 3680 3855 3726 conatur

2255 3776 2376 3845 quis
2403 3774 2715 3827 ostendens.

2290 3867 2324 3922 9
2397 3865 2660 3930 Quoniam
2693 3873 2746 3916 tu
2783 3879 2837 3916 es
2871 3863 2956 3932 qui
2987 3859 3261 3913 extruxisti
3287 3875 3367 3912 me
3393 3859 3456 3912 tle
3477 3835 3650 3913 ventre
3679 3876 3698 3912 :

2397 3958 2525 4029 Spes
2567 3973 2680 4011 mea
2717 3957 2780 4009 ab
2809 3954 3052 4009 uberibus
3084 3952 3269 4007 matris
3311 3968 3438 4004 mea:
3467 3967 3484 4004 :
3514 3949 3567 4004 in
3594 3961 3642 4003 te
3667 3950 3854 4020 projeo

2473 4053 2723 4103 ctii‘s‘sum
2753 4061 2818 4099 ea:
2841 4055 3004 4098 utero.

2330 4139 2378 4196 11
2415 4141 2528 4195 Vox
2577 4133 2950 4199 humanitatis,
2991 4131 3222 4186 ednxisti
3273 4145 3358 4184 me
3394 4138 3579 4184 ventre
3605 4169 3619 4194 ,
3670 4128 3722 4182 id
3768 4138 3882 4183 est;

2261 4236 2328 4290 de
2375 4243 2530 4288 utero
2574 4237 2776 4284 sanctae
2821 4225 3024 4279 Marite.
3064 4223 3105 4278 C
3140 4223 3276 4289 Quia
3317 4233 3442 4275 tunc
3487 4221 3553 4275 ab
3593 4220 3855 4290 originali

2262 4326 2473 4396 peccati
2521 4321 2651 4375 vitio
2693 4325 3062 4386 sequestratus
3099 4332 3114 4367 :
3149 4324 3404 4382 tanquam
3449 4287 3678 4381 sponsus
3725 4325 3857 4379 pro-

2266 4418 2433 4473 cessit
2472 4415 2538 4469 de
2580 4410 2835 4467 thalamo.
2868 4407 3004 4478 Spes
3036 4422 3150 4460 mea
3180 4405 3248 4460 ab
3287 4404 3564 4465 uberibus,
3594 4402 3638 4456 11
3684 4402 3740 4455 id
3770 4408 3860 4455 est

2269 4507 2562 4566 secundum
2601 4502 3013 4562 humanitatem,
3042 4499 3338 4554 secundum
3369 4511 3530 4566 quam
3563 4511 3671 4549 non
3703 4495 3862 4554 dedi-

2270 4610 2462 4672 gnatus
2483 4606 2564 4652 est
2584 4609 2775 4666 sugere
2801 4592 2965 4647 ubera
2995 4592 3207 4644 matris.
3237 4589 3373 4654 lnte
3402 4589 3682 4672 projectus
3709 4603 3857 4642 sum.

2271 4658 2311 4748 ἆ
2341 4689 2586 4747 Ostendit
2612 4658 2677 4742 se
2699 4685 2865 4740 fuisse
2893 4684 2960 4737 ab
2991 4682 3224 4736 humana
3253 4658 3539 4748 iniquitate
3559 4658 3818 4732 divisum.

2276 4781 2342 4835 10
2417 4779 2488 4833 De
2517 4787 2689 4832 ventre
2725 4774 2906 4828 matris
2947 4788 3073 4826 mea:
3113 4771 3248 4826 Deus
3287 4787 3432 4826 mens
3460 4786 3513 4823 es
3539 4781 3593 4821 tu
3622 4785 3640 4822 :

2412 4870 2496 4924 Ne
2523 4867 2819 4920 discesseris
2859 4882 2889 4916 a
2927 4879 3027 4916 me.

2356 4962 2396 5017 C
2435 4960 2566 5015 Cum
2599 4957 2731 5011 dicit
2758 4955 2823 5009 de
2850 4964 3036 5009 ventre
3062 4953 3252 5007 matris
3270 4969 3404 5007 mea:
3433 4971 3448 5006 ;
3475 4947 3724 5007 ostemh‘t'
3752 4964 3862 5006 tum

2273 5051 2440 5106 fuisse
2477 5048 2592 5102 sine
2615 5046 2726 5100 Deo
2758 5059 2856 5098 nec
2886 5045 3054 5112 ipsam
3094 5043 3505 5112 conceptionem
3543 5041 3748 5096 carnis.
3779 5040 3863 5094 Ne

2277 5142 2524 5199 discedas
2550 5157 2578 5192 a
2616 5153 2723 5192 me.
2761 5136 2804 5190 11
2832 5136 2889 5190 ln
2917 5135 2999 5188 die
3031 5135 3323 5203 passionis.

2280 5235 2341 5289 1-1
2421 5230 2682 5296 Quoniam
2709 5224 2977 5280 tribulatio
3007 5227 3246 5293 proxima
3272 5231 3348 5281 es:
3371 5240 3387 5292 ⁶ς

2424 5320 2685 5370 Quoniam
2706 5333 2808 5370 non
2835 5325 2906 5368 est
2934 5315 3021 5370 aui
3051 5315 3278 5370 adiuvet.
