4000 5370
265 309 355 365 100
1447 307 1808 362 EXPOSlTlO
1845 309 2291 366 PSAI..\l0BU.\i.

1851 423 1896 478 Α
1929 419 1999 477 13
2076 418 2344 473 Foderunt
2377 426 2569 473 manus
2591 436 2729 473 meas
2759 432 2804 473 e.’
2830 421 2984 490 pedes
3011 438 3148 475 meos
3178 437 3195 472 :

265 421 323 474 l2
389 417 850 472 Circumdederunt
883 434 962 472 me
985 417 1134 472 vituli
1163 418 1312 472 multi
1339 431 1355 467 :

389 511 550 563 Tauri
576 511 788 580 pingues
823 511 1132 565 obsederunt
1168 528 1268 566 me.

321 622 358 676 C
413 620 574 675 Vituli
630 621 810 692 populi
853 621 1202 687 Judaaorum,
1259 621 1349 691 qui
1399 624 1643 691 ignorate
1693 620 1821 690 jugo

259 713 379 766 Dei:
412 712 813 766 inconsiderata
841 711 1172 781 procacitate
1194 710 1478 764 lasciviunt
1500 751 1514 775 ,
1547 711 1704 764 simul
1731 725 1818 778 pe-

259 803 472 857 tulantes
502 811 558 858 et
586 802 741 867 fatui,
765 803 857 870 qui
883 815 1098 870 gressus
1118 815 1244 856 suos
1267 800 1411 854 nulla
1445 801 1819 855 moderatione

255 895 603 965 distinguunt,
634 895 727 947 sed
753 893 870 963 vagi
896 907 960 946 ac
989 891 1203 962 penduli
1237 909 1250 944 :
1281 893 1346 945 ad
1381 892 1563 960 iniqua
1592 891 1820 945 coasilia

255 983 560 1053 quibusdam
589 981 816 1036 saltibus
851 978 1170 1034 efferuntur.
1215 977 1379 1032 Tauri
1412 977 1682 1048 principes
1729 975 1824 1031 Ju-

255 1075 474 1128 daaorum
513 1073 820 1142 designant.
878 1069 1099 1124 Addidit
1147 1070 1394 1140 pingues,
1445 1069 1570 1139 quia
1596 1067 1817 1124 .l'eroces

254 1162 717 1217 circumdederunt
754 1159 1025 1215 Christum
1056 1174 1179 1212 cum
1224 1157 1418 1229 gladiis
1456 1167 1512 1212 et
1547 1155 1779 1211 fustibus
1806 1199 1821 1223 ,

254 1251 432 1306 animal
467 1251 616 1306 enim
649 1249 1072 1320 impinguatum:
1101 1248 1401 1318 inquietant
1431 1245 1662 1303 etierox
1711 1246 1822 1304 elli-

251 1343 400 1397 citur.

253 1457 312 1511 i3
377 1457 710 1527 Aperuerunt
749 1471 906 1526 super
929 1471 1011 1509 me
1036 1471 1092 1509 os
1117 1471 1270 1509 suum
1286 1473 1312 1508 ς

375 1548 526 1604 Sicut
558 1548 638 1603 lea
671 1549 874 1618 rapiens
903 1558 949 1601 et
978 1549 1206 1617 rugiens.

307 1640 346 1697 C
377 1641 724 1712 Aperueruut
751 1641 918 1695 Judaei
947 1656 1009 1695 os
1028 1642 1306 1696 dicentes:
1333 1640 1620 1712 Cruciﬁge,
1643 1640 1821 1696 cruci-

246 1732 342 1801 ﬁge
367 1730 584 1801 (Matth.
602 1730 799 1801 xxvii.)
825 1729 992 1784 Suum
1020 1730 1286 1794 videlicet,
1305 1731 1448 1798 quod
1477 1731 1703 1784 nonillis
1730 1745 1816 1783 sa-

3396 315 3497 368 110

2069 513 2534 566 Dinumerant-runt
2563 515 2734 566 omnia
2759 529 2877 566 ossa
2910 530 3040 566 mea.

1997 606 2038 660 ll
2081 605 2349 658 Foderunt
2376 619 2586 666 manus,
2610 605 2659 658 id
2688 614 2790 667 est,
2824 605 2990 661 clavis
3021 606 3284 671 ﬁxerunt,
3318 621 3371 664 ct
3397 611 3507 666 l’ru-

1925 708 2073 751 ctum
2115 711 2368 764 magnum
2402 696 2724 750 invenerunt
2771 698 2822 752 id
2852 706 2964 761 est,
3004 699 3230 754 salutem
3262 704 3503 757 omnium

1927 791 2188 863 gentium;
2241 788 2282 844 C
2313 789 2800 844 Dinumeraverunt
2835 805 2958 845 ossa
2987 790 3134 860 ejus,
3168 795 3417 864 mystice,
3451 797 3504 850 id

1923 895 2032 949 est,
2061 880 2333 953 apostolos
2361 894 2453 934 seu
2485 880 2720 949 reliquos
2747 881 3100 946 Christianos,
3135 899 3272 954 quos
3298 901 3506 954 quer-

1927 975 2057 1030 bant
2105 971 2276 1027 Judaei
2324 971 2699 1042 persecutione
2746 970 2884 1026 facta
2936 975 3314 1042 exstinguere,
3358 991 3425 1032 ne
3450 978 3505 1031 in

1927 1065 2132 1134 majore
2157 1079 2439 1118 numerum
2470 1062 2926 1118 convalescereet.
2947 1062 3040 1119 Vel
3063 1082 3260 1136 corpus
3281 1069 3396 1138 ejus
3425 1071 3504 1124 sic

1925 1156 2289 1210 extenderunt
2320 1154 2372 1207 in
2391 1167 2578 1219 cruce,
2602 1161 2663 1207 ut
2689 1167 2810 1208 ossa
2831 1153 2948 1222 ejus
2973 1157 3327 1212 numerabilia
3358 1158 3509 1214 vide-

1928 1257 2136 1303 rentur.

1926 1362 1992 1416 l9
2065 1360 2176 1431 Ipsi
2205 1375 2323 1414 vero
2351 1359 2809 1413 consideraverunt
2836 1369 2880 1413 et
2910 1359 3241 1425 inspexerunt
3268 1379 3381 1422 me;

2074 1451 2380 1505 Dieiserunt
2405 1450 2506 1504 sibi
2542 1450 2844 1504 vestimenta
2873 1466 3017 1514 mea,
3049 1460 3099 1504 et
3131 1469 3284 1522 super
3323 1465 3508 1508 restem

2141 1559 2307 1596 nteant
2339 1549 2588 1596 miserunt
2621 1553 2828 1596 sortem.

1995 1635 2036 1692 C
2074 1635 2216 1691 Dicit
2258 1636 2473 1692 Iudaeos
2515 1635 2862 1690 considerare
2893 1636 3184 1690 secundum
3219 1636 3509 1692 incrudcli-

1924 1737 2090 1784 talem
2112 1745 2321 1795 eorum,
2357 1736 2539 1783 utnon
2563 1728 2876 1782 transitorie
2896 1728 2978 1784 vel
3001 1728 3290 1785 casualiter
3313 1729 3506 1784 fecisse

251 1823 434 1892 pientia
460 1822 705 1892 aperuit,
723 1824 817 1877 scd
831 1823 1087 1893 cogitatio
1107 1822 1392 1878 scelerata.
1417 1823 1654 1893 Rapieus
1675 1842 1686 1876 :
1706 1840 1822 1894 per—
1855 1810 1896 1870 Β
1925 1821 2208 1875 videantur
2230 1862 2245 1887 ,
2280 1819 2373 1876 sed
2398 1819 2684 1892 diligenter
2711 1820 3085 1876 considerasse
3112 1831 3166 1875 et
3204 1822 3503 1892 inspexisse

252 1919 370 1970 tinet
409 1916 474 1970 ad
515 1915 921 1980 insanissimam
951 1916 1271 1970 seditionem
1303 1932 1570 1974 cumcum
1608 1926 1823 1988 raptum

251 2014 521 2060 traxerunt
575 2006 644 2060 ad
707 2006 1019 2060 tribunalia.
1059 2005 1344 2076 Rugiens:
1371 2008 1440 2072 ad
1484 2006 1825 2076 blaSphemas

249 2107 411 2160 voces,
435 2095 635 2164 quibus
659 2095 914 2164 dicebant
939 2113 952 2148 :
978 2095 1269 2164 Cruciﬁge,
1307 2096 1582 2168 cruciﬁge.

256 2209 315 2262 Η
392 2210 546 2265 Sicut
571 2229 711 2282 aqua
737 2213 934 2281 emissis
962 2228 1077 2266 sum
1101 2226 1119 2263 :
1142 2196 1162 2216 ’³

405 2299 472 2356 Et
499 2303 743 2373 dispersa
767 2317 887 2358 sunt
923 2305 1099 2359 omnia
1129 2321 1248 2360 ossa
1277 2322 1394 2361 mea

309 2414 350 2469 ll
386 2414 524 2471 Ossa
575 2415 781 2471 Christi
827 2416 1053 2486 apostoli
1077 2418 1364 2485 dicuntur,
1403 2415 1444 2473 C
1475 2419 1565 2488 qui
1591 2418 1822 2489 dispersi

241 2520 358 2565 sunt
385 2521 438 2565 et
464 2511 626 2566 ell'usi
651 2513 796 2567 sicut
823 2528 983 2583 aqua,
1011 2515 1100 2583 qui
1125 2515 1310 2570 orbem
1343 2523 1610 2572 terrarum
1636 2517 1819 2571 divino

243 2600 404 2656 imbre
429 2603 703 2658 satiantes
730 2621 743 2656 :
770 2619 799 2657 a
838 2603 1088 2658 sordibus
1116 2613 1463 2674 peccatorum
1492 2606 1784 2659 abluerunt
1805 2645 1820 2670 ,

247 2691 283 2742 Α
319 2691 671 2747 veleristus
706 2693 779 2747 ita
800 2693 981 2748 viliter
1003 2695 1258 2761 occisus,
1290 2696 1431 2750 sicut
1466 2710 1604 2766 aqua
1649 2695 1822 2750 effun-

239 2779 404 2845 ditur,
429 2791 484 2836 et
513 2779 636 2849 ejus
660 2782 941 2853 sanguinis
965 2781 1158 2837 elIusio
1183 2798 1282 2838 nos
1311 2784 1508 2854 rigavit
1537 2794 1591 2840 et
1613 2785 1815 2853 abluit,

237 2881 293 2925 et
314 2873 542 2944 dispersi
568 2883 696 2930 sunt
727 2875 780 2928 in
815 2884 988 2930 morte
1017 2877 1136 2947 ejus
1171 2877 1441 2948 discipuli.

248 2985 305 3039 15
374 2984 607 3042 Factum
637 2998 713 3042 est
734 3006 824 3042 cor
850 3005 1021 3044 meum
1043 3001 1292 3062 tanquam
1329 3009 1448 3047 cera
1488 2992 1815 3065 liquescens:

372 3078 437 3133 In
463 3081 638 3134 medio
664 3081 853 3135 uentris
877 3083 996 3137 mei.

308 3189 348 3243 Η
383 3191 493 3246 Cor
522 3209 728 3260 suum,
777 3195 1098 3264 sapientiam
1146 3211 1300 3251 suam
1332 3197 1467 3252 dixit
1496 3241 1510 3266 ,
1542 3215 1662 3270 qua:
1691 3210 1818 3256 ante
1843 3165 1892 3227 C

242 3281 542 3348 passionem
590 3297 747 3338 suam
778 3301 884 3340 non
917 3285 1332 3358 intelligebatur.
1361 3287 1401 3345 C
1440 3289 1667 3361 lmpleta
1694 3308 1822 3348 vero

239 3377 480 3440 passione
524 3377 707 3433 omnis
736 3379 937 3434 veritas
974 3381 1240 3449 promissa
1271 3383 1506 3437 revelata
1537 3393 1638 3439 est.
1670 3385 1818 3441 Bene

243 3468 484 3535 mysteria
510 3467 650 3538 legis
671 3479 988 3540 comparata
1017 3480 1142 3525 sunt
1162 3487 1320 3536 cene,
1344 3489 1463 3543 qua:
1490 3485 1614 3530 tunc
1637 3476 1817 3530 reddit

235 3555 578 3623 splendorem
631 3560 852 3614 luminis
875 3601 889 3627 ,
931 3577 1051 3616 cum
1081 3578 1109 3616 a
1143 3563 1324 3618 calore
1364 3565 1710 3632 dissolvitur;
1744 3569 1823 3624 sic

233 3661 329 3713 per
356 3648 534 3720 ignem
569 3652 841 3720 passionis
865 3651 1108 3719 Christi,
1142 3653 1440 3708 illuminata
1469 3665 1595 3710 sunt
1620 3668 1820 3729 myste-

243 3738 314 3792 ria
342 3739 491 3812 legis.
531 3743 790 3798 Ventrem
822 3743 1062 3799 Ecclesia
1090 3744 1241 3798 dicit.

238 3851 302 3904 Δῦ
371 3856 526 3909 Ανηὶι
575 3867 830 3926 tanquam
869 3867 1001 3910 testa
1029 3857 1191 3911 virtus
1231 3874 1386 3912 mea
1416 3871 1462 3913 et
1494 3862 1673 3932 lingua
1696 3881 1819 3918 mea

439 3949 671 4003 adhaesit
695 3948 942 4018 faucibus
973 3950 1101 4002 meis
1129 3965 1148 4002 :

368 4037 437 4090 Et
466 4039 523 4092 in
552 4037 818 4107 pulverem
851 4039 1032 4092 mortis
1061 4039 1324 4094 deduxisti
1348 4060 1446 4097 me.

299 4151 343 4205 ll
380 4152 420 4207 C
459 4151 648 4206 Virtus
675 4151 880 4208 Christi
928 4162 1079 4209 testae
1102 4165 1480 4226 comparatur,
1510 4157 1639 4228 quia
1672 4158 1816 4214 sicut

237 4241 322 4296 illa
345 4244 467 4315 igne
504 4243 736 4299 decocta
762 4285 775 4308 ,
810 4244 997 4300 fortior
1043 4246 1188 4312 erit,
1220 4248 1361 4303 sicut
1397 4249 1568 4304 virtus
1613 4249 1815 4305 Christi

235 4331 288 4386 in
313 4337 572 4404 passione
609 4335 829 4392 solidita
852 4345 955 4402 est,
991 4353 1111 4407 qua:
1135 4338 1286 4408 prius
1316 4339 1471 4409 quasi
1497 4339 1638 4394 lutea
1662 4339 1813 4393 vide-

237 4422 386 4480 batur
421 4414 747 4483 incredulis.
783 4426 838 4482 C‘
862 4415 1067 4499 Lingua
1096 4443 1229 4483 sua:
1261 4429 1529 4500 signiﬁcat
1559 4430 1814 4500 praedica-

241 4523 389 4582 tores,
415 4520 508 4589 qui
542 4519 1085 4576 adhaerentfaucihus
1109 4522 1241 4585 suis,
1268 4521 1393 4576 dum
1418 4522 1536 4592 ejus
1556 4522 1806 4576 mandata
1846 4521 1892 4578 D

235 4609 558 4664 custodiunt.
593 4609 650 4664 In
699 4609 978 4681 pulverem
1017 4612 1308 4668 deductum
1336 4613 1506 4680 dicit,
1536 4613 1603 4667 ad
1627 4614 1817 4668 volnu-

241 4707 388 4755 tatem
411 4701 757 4772 Judmorum,
811 4707 899 4774 qui
923 4708 1022 4763 hoc
1066 4709 1383 4763 nitebantur
1428 4717 1482 4764 et
1533 4708 1816 4764 se-fecissc

239 4794 522 4862 putabant,
551 4796 680 4866 quia
713 4796 830 4863 eius
870 4799 1322 4854 resurrectionem
1356 4800 1579 4855 credere
1623 4799 1813 4853 nolue-

243 4895 373 4950 runt,
406 4889 501 4944 sed
533 4902 599 4942 se
627 4889 889 4958 putabant
919 4893 1135 4951 Christo
1159 4902 1390 4948 mortem
1425 4895 1637 4950 dedisse
1666 4910 1818 4948 com-

243 4989 466 5046 munem,
498 4989 563 5036 ut
587 4995 764 5050 usque
786 4981 836 5034 in
861 4985 1132 5052 pulverem
1160 4987 1483 5059 perductum
1505 4988 1813 5043 crederent.

251 5087 302 5106 Ι.
395 5092 431 5106 Λ

1928 1911 1993 1965 ad
2017 1927 2077 1966 ea
2105 1929 2224 1982 qua:
2248 1911 2464 1977 ﬁebant,
2491 1920 2544 1966 et
2573 1919 2753 1966 tamen
2782 1927 2879 1967 cor
2905 1928 3093 1967 eorum
3123 1913 3390 1984 lapideum
3422 1924 3504 1969 tot

1929 2001 2203 2056 miraculis
2230 2017 2337 2056 non
2369 2000 2535 2056 fuisse
2565 2001 2829 2056 molitum.
2865 2001 3175 2056 Diviscruut
3212 2003 3314 2058 sibi
3343 2005 3505 2058 vesti--

1927 2101 2108 2147 menta
2131 2107 2245 2147 mea
2273 2091 2394 2161 (Job
2420 2090 2554 2163 xix).
2576 2091 2619 2145 ll
2644 2091 2756 2146 lloc
2779 2091 2829 2146 in
2859 2093 3108 2161 passione
3132 2093 3332 2148 Christi
3360 2112 3507 2150 com-

1927 2183 2128 2254 pletum
2145 2191 2247 2249 est,
2267 2183 2482 2253 quando
2498 2183 2759 2246 fecerunt,
2785 2190 3018 2253 quatuor
3045 2194 3247 2254 partes,
3273 2177 3506 2256 quatuor

1925 2275 2145 2330 milites.
2175 2274 2379 2330 Tunica
2407 2283 2582 2328 tamen
2609 2290 2714 2329 non
2744 2285 2827 2328 est
2849 2275 3019 2329 divisa
3045 2276 3354 2347 signiﬁcans
3377 2280 3501 2332 uni-

1929 2373 2092 2420 tatem
2117 2365 2387 2430 Ecclesize,
2418 2379 2537 2434 quas
2565 2379 2668 2417 non
2700 2363 2980 2430 scinditur,
3000 2367 3244 2434 quamvis
3267 2367 3505 2422 haeretici

1925 2473 2043 2512 eam
2071 2457 2318 2512 scindere
2344 2455 2690 2511 contendant.
2919 2521 2946 2546 ο

1923 2568 1994 2622 ΞΟ
2073 2568 2150 2622 Tu
2196 2579 2395 2635 autem,
2457 2566 2698 2634 Domine,
2756 2586 2817 2622 ne
2874 2571 3195 2642 elongaveris
3247 2573 3505 2628 auxilium

2139 2677 2309 2713 meum
2330 2672 2348 2710 ἶ

2067 2749 2148 2802 Ad
2167 2749 2522 2819 defensionem
2553 2767 2715 2805 meam
2732 2752 2969 2822 conspice
2992 2767 3012 2807 :

1994 2839 2040 2894 ll
2085 2838 2184 2896 llic
2225 2841 2532 2895 humanitas
2579 2840 2646 2895 ad
2703 2841 3040 2895 divinitatem
3083 2842 3344 2913 loquitur.
3372 2844 3411 2898 C
3439 2844 3507 2898 Et

1925 2932 2378 2988 resurrectionem
2403 2933 2741 2987 celerrimam
2770 2934 3092 3003 deprecatur
3123 2953 3136 2988 :
3167 2944 3225 2989 ut
3255 2937 3507 2992 veniente

1924 3024 2017 3078 tali
2041 3024 2232 3095 gloria,
2250 3024 2580 3094 perﬁdorum
2607 3025 2957 3082 incredulitas
2979 3026 3312 3082 destruatur.
3338 3029 3510 3083 Auxi-

1918 3113 2055 3168 lium
2107 3115 2282 3186 signat
2338 3116 2793 3170 resurrectionem
2825 3116 3048 3182 Christi,
3085 3134 3205 3188 anc
3255 3119 3504 3191 elongata

1925 3219 2032 3259 non
2078 3215 2161 3259 est
2211 3219 2225 3258 :
2264 3205 2482 3274 quando
2530 3205 2776 3260 triduana
2823 3208 3091 3277 provenit.
3125 3209 3165 3264 C
3195 3210 3275 3266 Ad
3317 3211 3506 3266 defen-

1924 3293 2154 3358 sionem,
2200 3309 2268 3348 ne
2299 3295 2426 3365 quid
2450 3294 2739 3364 praavaleat
2768 3295 2821 3351 in
2875 3312 2961 3352 me
3001 3313 3129 3368 pars
3175 3299 3259 3353 illa
3297 3304 3504 3358 vocatis

1917 3377 2143 3435 inferni.

1923 3490 1986 3546 21
2072 3492 2214 3548 Erue
2239 3513 2271 3548 a
2293 3502 2494 3566 [ramea
2523 3515 2752 3552 animam
2781 3518 2946 3555 meum
2977 3517 2992 3554 :

2072 3602 2134 3643 -θ
2163 3587 2231 3642 Et
2265 3589 2281 3656 ζ
2316 3590 2380 3642 de
2402 3593 2725 3646 manucanis
2753 3596 2960 3648 unicam
2992 3612 3180 3651 meam.

1994 3677 2035 3734 C
2058 3679 2300 3735 Liberari
2326 3696 2383 3736 se
2404 3684 2637 3751 postulat
2661 3700 2690 3738 a
2719 3693 2890 3740 morte
2914 3702 3073 3756 quam
3102 3689 3285 3746 subire
3312 3693 3501 3749 voluit.

1921 3769 1965 3823 F
1969 3785 2154 3826 ramea
2185 3781 2363 3827 autem
2395 3775 2670 3845 signiﬁcat
2714 3776 2948 3844 hastam,
2997 3781 3111 3836 sive
3141 3781 3375 3852 gladium
3407 3802 3502 3840 seu

1923 3861 2175 3928 quaelibet
2197 3877 2372 3928 arma,
2400 3873 2454 3916 ct
2475 3865 2749 3936 signiﬁcat
2777 3868 2865 3922 hic
2888 3869 3143 3924 malitiam
3166 3869 3497 3929 Iudaeorum.

1921 3948 1998 4003 De
2027 3965 2188 4004 manu
2215 3953 2367 4011 canis
2393 3954 2532 4008 dixit
2555 3971 2706 4010 :cum
2740 3957 2892 4011 canis
2921 3975 3112 4015 manus
3144 3977 3249 4016 non
3281 3963 3496 4028 haheat,

1918 4041 2012 4096 sed
2041 4042 2155 4096 vult
2200 4043 2423 4115 intelligi
2453 4055 2782 4114 potestatem
2827 4047 3154 4106 Judaaorum.
3185 4051 3228 4107 ll
3270 4054 3496 4110 Unicam

1919 4131 2051 4185 dicit
2074 4133 2312 4188 animam
2337 4151 2514 4202 suam,
2538 4154 2658 4207 quae
2686 4155 2792 4194 non
2820 4139 3019 4194 habeat
3050 4151 3330 4209 peccatum
3367 4164 3379 4199 :
3414 4147 3499 4200 vel

1919 4220 2218 4278 Ecclesium
2269 4226 2615 4282 catholicam.
2660 4230 2701 4284 C
2733 4229 2802 4285 Ut
2853 4230 3188 4303 intelligatur
3217 4235 3496 4292 doctrinas

1918 4328 2085 4369 novas
2111 4324 2165 4369 et
2183 4317 2538 4372 conciliabula
2565 4321 2900 4389 perditorum
2931 4325 3222 4395 respuisse.

1915 4425 1988 4479 9.2
2062 4425 2224 4482 Salva
2252 4445 2333 4484 me
2358 4445 2422 4483 ea:
2448 4446 2538 4484 ore
2559 4430 2720 4486 leonis
2753 4450 2771 4487 :

2059 4536 2126 4593 Et
2152 4557 2185 4594 a
2211 4540 2452 4596 cornibus
2477 4543 2808 4598 unicornium
2832 4546 3178 4602 humilitatem
3202 4564 3392 4603 meam.

1990 4632 2030 4686 C
2061 4631 2137 4687 De
2189 4649 2285 4689 ore
2329 4633 2500 4689 leonis
2529 4655 2541 4689 :
2568 4637 2632 4689 de
2661 4645 2928 4705 potestate
2961 4639 3158 4693 diaboli
3206 4640 3354 4704 dicit,
3411 4641 3506 4709 qui

1922 4722 2060 4778 bene
2090 4734 2441 4796 comparatur
2476 4726 2635 4793 feris,
2685 4729 2941 4797 quoniam
2973 4731 3229 4786 humanis
3271 4733 3510 4789 existens

1917 4829 2136 4884 semper
2165 4819 2495 4875 delectatur.
2537 4818 2584 4874 Α
2629 4820 2909 4886 cornibus,
2961 4823 3012 4876 id
3066 4832 3151 4878 est
3180 4839 3207 4877 a
3245 4823 3510 4894 superbis.

1923 4903 2304 4976 Unicornium,
2338 4908 2432 4978 qui
2484 4910 2650 4964 nimia
2694 4909 2928 4964 elatione
2957 4922 3243 4984 surgentes
3274 4932 3287 4971 :
3314 4909 3516 4967 similes

1921 4995 2097 5052 socios
2142 4996 2296 5056 ferre
2349 5012 2456 5052 non
2512 5010 2758 5070 possunt,
2793 5014 2824 5052 a
2873 5001 3076 5057 talibus
3126 5003 3338 5058 secerni
3389 5011 3518 5052 suos

1939 5093 2142 5106 -.-...-‘l--
2187 5094 2243 5106 ’Ἶ-
2301 5093 2312 5105 ο
