4000 5370
537 365 630 420 ιιι

1479 363 1536 417 S.
1577 360 1924 420 BRUNONIS
1963 359 2504 419 HERBIPOLENSIS
2542 361 2848 421 EPISCOPI

3679 370 3781 424 ΗΞ

540 476 811 533 Ecclesia.
851 475 892 530 ll
923 477 976 530 lu
1006 475 1182 531 medio
1207 472 1540 530 credentium
1568 477 1881 545 populorum
1909 471 2106 540 praedio
2135 478 2184 533 Α
2212 469 2461 540 religiosa
2509 474 2755 530 doctrina
2809 474 2877 531 ad
2926 489 3114 530 verum
3160 471 3438 533 Christum
3466 479 3602 534 alios
3644 495 3775 534 con-

535 569 667 623 cabo
697 580 748 622 te
769 579 821 622 et
848 567 1074 621 laudabo
1101 575 1172 619 te.
1796 645 1801 651 _

535 654 605 707 24
681 653 783 718 Qui
813 653 1004 705 timetis
1030 650 1314 706 Dominum
1341 651 1556 706 laudate
1579 668 1694 707 eum
1719 665 1736 703 :

677 743 992 797 Universum
1013 759 1184 798 semen
1208 743 1374 798 Jacob
1400 743 1692 814 glori/irate
1716 761 1856 798 eum.

602 833 642 889 C
673 832 856 888 Timor
896 831 990 886 Dei
1045 849 1058 884 :
1099 832 1277 902 justus
1302 842 1386 887 est
1435 842 1490 887 et
1540 841 1742 898 rectus,
1787 832 2106 901 laudemque

532 935 773 996 generat,
807 939 1044 979 antorem
1074 924 1283 990 tribuit,
1314 933 1368 978 et
1409 927 1658 978 ardorem
1706 923 1992 978 charitatis
2020 924 2105 977 itt-

530 1018 787 1073 ﬂammal.
822 1015 1017 1072 Semen
1045 1015 1235 1081 Jacob,
1281 1016 1372 1085 qui
1425 1015 1548 1070 ﬁdei
1596 1015 1786 1083 Jacob,
1820 1015 2105 1070 devotione

521 1101 898 1186 .consentiunt',
928 1115 983 1160 et
1023 1105 1452 1176 supplantatores
1501 1106 1756 1160 vitiorum
1790 1115 1936 1160 sunt.
1967 1104 2106 1158 Lau-

531 1201 653 1276 date
677 1200 859 1271 igitur,
886 1199 977 1270 qui
1011 1199 1229 1267 timetis,
1260 1199 1312 1254 id
1361 1209 1445 1254 est
1489 1199 1851 1254 reverentiam
1894 1197 2106 1253 habetis

531 1293 764 1348 nominis
793 1291 929 1362 ejus,
961 1292 1086 1364 quia
1114 1307 1236 1346 eum
1267 1307 1371 1348 non
1399 1301 1634 1348 meretur
1658 1292 1974 1363 prtedicare,
2002 1291 2104 1347 nisi

530 1385 621 1454 qui
657 1385 1000 1456 cognoscitur
1020 1393 1076 1440 et
1096 1385 1306 1441 timere.

526 1477 600 1530 25
658 1470 870 1532 ’Timeat
903 1494 1020 1532 eum
1046 1493 1196 1531 omne
1229 1494 1400 1533 semen
1431 1475 1602 1532 Israel
1633 1478 1652 1549 ξ

673 1571 935 1638 Quoniam
963 1589 1064 1626 non
1096 1573 1284 1642 sprevit
1326 1590 1488 1644 neque
1518 1574 1747 1644 despexit
1782 1571 2106 1644 deprecatio-

743 1679 858 1716 nem
877 1663 1146 1734 pauperis.

601 1756 646 1811 Η
679 1755 892 1812 Timeat
919 1771 1044 1811 eum
1067 1770 1227 1810 omne
1258 1769 1442 1810 semen
1491 1755 1677 1820 lsrael,
1718 1751 1776 1811 id
1816 1762 1918 1819 est,
1945 1768 2109 1808 unus-

529 1851 763 1920 quisque
807 1857 1028 1904 renatus
1074 1861 1169 1916 per
1207 1844 1666 1916 baptismum,'et
1705 1855 1884 1900 mente
1936 1844 2106 1898 Deum
2139 1832 2180 1890 Β

525 1941 742 1996 videns.
787 1939 1055 2007 Quoniam
1085 1952 1190 1992 non
1221 1938 1427 2009 sprevit
1472 1949 1674 2006 'preces
1709 1946 2027 2006 pauperum.
2057 1931 2112 1987 ld

532 2043 618 2090 est
651 2033 843 2087 ﬁlium.
875 2031 916 2087 C
949 2030 1102 2086 Sicut
1128 2029 1308 2084 facere
1334 2029 1508 2084 solent
1546 2027 1844 2098 gloriantes
1875 2026 1928 2080 in
1955 2021 2113 2080 istius

533 2126 720 2182 mundi
751 2126 980 2190 honore,
1002 2137 1258 2194 spernere
1287 2135 1552 2192 pauperes
1596 2127 1652 2174 et
1677 2116 1956 2188 despicere
1991 2129 2114 2184 sup-

533 2219 823 2289 plicantes,
853 2229 1182 2285 causamque
1209 2213 1275 2269 de
1299 2214 1515 2269 habitus
1542 2211 1802 2282 qualitate
1832 2208 2033 2272 metiri,
2056 2217 2115 2262 ut

535 2311 580 2365 si
634 2310 705 2365 sit
749 2308 990 2364 vestibus
1044 2306 1480 2360 nitidus:verax
1529 2310 1772 2373 putetur,
1820 2299 1865 2354 si
1912 2298 2112 2353 amictu

536 2404 787 2460 sordidus
812 2421 826 2458 :
851 2399 1302 2458 mendacissimus
1325 2398 1610 2453 habeatur.

533 2515 604 2571 26
676 2513 790 2570 Nec
817 2515 1002 2569 avertit
1027 2513 1214 2584 [aciem
1244 2527 1395 2566 suum
1417 2529 1448 2564 a
1479 2527 1558 2564 me
1584 2524 1601 2562 :

679 2609 746 2662 Et
771 2623 889 2662 cum
916 2589 1206 2661 'claniarem
1231 2604 1300 2657 ad
1324 2620 1441 2658 eum
1463 2601 1726 2657 exaudivit
1756 2614 1808 2656 σιν
1848 2614 1927 2652 me
1958 2599 1979 2665 ζ

607 2699 652 2754 Η
681 2698 789 2754 Nec
817 2698 1013 2752 avertit
1040 2695 1256 2759 faciem,
1305 2696 1398 2751 sed
1425 2693 1764 2749 resuscitavit
1795 2707 1882 2746 me
1909 2707 1939 2744 a
1971 2702 2115 2743 mor-

536 2792 668 2846 tuis.
691 2790 824 2846 Cum
851 2788 1166 2852 clamarem,
1194 2787 1470 2856 respondit
1487 2783 1820 2841 :Clariﬁcavi
1845 2790 1902 2836 et
1922 2781 2113 2835 iterum

536 2880 1047 2952 clariﬁeabo(.loan.
1072 2879 1194 2953 sit).
1212 2876 1252 2933 Β
1280 2877 1376 2933 Vel
1399 2876 1576 2942 aliter,
1612 2875 1865 2932 clamavit
1892 2874 2110 2942 itaque:

517 2985 604 3048 4-ut
629 2990 778 3030 mors
806 2981 990 3029 nostra
1024 2969 1141 3040 ejus
1170 2977 1342 3024 morte
1395 2967 1663 3032 ﬁniretur,
1721 2975 1776 3020 et
1830 2973 2113 3036 peccatum

521 3068 740 3124 veteris
793 3063 1060 3129 hominis;
1120 3061 1480 3117 redimeretur
1534 3059 1711 3131 pretio
1757 3057 2115 3113 sanctissimae

533 3161 822 3231 passionis.

533 3274 605 3328 97
660 3273 830 3342 Apud
860 3281 908 3326 te
939 3283 1056 3325 taus
1083 3286 1197 3324 mea
1221 3269 1275 3323 in
1306 3267 1539 3323 Ecclesia
1566 3283 1756 3336 magna

678 3365 822 3419 'Vota
845 3381 960 3418 mea
985 3363 1201 3417 reddant
1233 3363 1287 3415 in
1317 3371 1593 3432 conspectu
1617 3358 1907 3413 timentium
1938 3371 2076 3410 eum.

608 3459 649 3514 C
671 3457 823 3528 Apud
858 3464 910 3510 te
939 3453 1210 3526 signiﬁcat
1236 3453 1300 3508 de
1330 3461 1404 3517 te,
1459 3451 1578 3506 laus
1604 3465 1721 3504 mea
1751 3449 1802 3502 in
1853 3445 2115 3509 Ecclesia,

537 3552 745 3608 scilicet
775 3548 1064 3614 catholica,
1099 3560 1292 3616 magna
1322 3545 1465 3600 enim
1519 3552 1574 3599 et
1602 3540 1953 3614 amplitudine
1979 3538 2112 3593 dici-

539 3656 628 3701 tur
649 3645 953 3701 ‘ethonore.
982 3642 1142 3706 Vota,
1176 3647 1520 3695 sacramenta
1551 3635 1799 3706 corporis
1823 3642 1877 3689 et
1900 3631 2118 3702 sangui-

491 3783 519 3812 _.
539 3739 646 3804 nis,
669 3752 792 3807 quae
819 3735 925 3791 illis
955 3730 1314 3804 prmsentibus
1348 3729 1646 3785 redduntur
1683 3745 1696 3781 :
1731 3727 1822 3798 qui
1853 3726 1901 3780 ci
1933 3733 2118 3780 sancto

540 3831 736 3901 timore
761 3826 988 3897 subjecti
1016 3834 1163 3891 sunt,
1188 3823 1422 3892 denique
1445 3836 1564 3892 quae
1586 3820 1696 3875 sint
1716 3827 1840 3874 vota
1867 3817 1966 3873 ista
1994 3815 2119 3872 sub-

534 3922 730 3992 jungit.
769 3919 940 3974 Edent
971 3930 1252 3988 pauperes,
1288 3925 1394 3968 etc.

495 4079 500 4084 .
536 4033 608 4088 28
682 4030 856 4087 Edent
885 4046 1137 4103 pauperes
1155 4039 1200 4083 et
1225 4029 1604 4083 saturabuntur
1628 4043 1645 4080 :
1673 4041 1734 4082 ις-
1766 4036 1813 4079 et
1863 4025 1880 4095 ζ
1933 4022 2118 4078 (auda-

761 4126 886 4180 bunt
922 4124 1204 4178 Dominum
1238 4123 1326 4192 qui
1349 4122 1617 4191 requirnnt
1641 4137 1757 4174 cum
1791 4133 1808 4171 :

695 4217 874 4272 Vivent
899 4215 1058 4270 corda
1082 4230 1260 4268 eorum
1287 4214 1341 4266 in
1369 4212 1620 4267 sa'culum
1645 4226 1704 4267 σθ-
1730 4209 1909 4265 sa'cult'
1943 4210 1958 4279 ξ

615 4307 656 4363 C
685 4307 976 4376 Pauperes,
1005 4305 1055 4358 id
1081 4312 1180 4367 est,
1214 4317 1439 4372 regnum
1470 4303 1562 4357 Dei
1599 4303 1922 4356 esurientes.
1957 4299 2120 4354 Satu-

546 4401 656 4454 rari
706 4399 849 4454 enim
904 4413 1010 4450 non
1074 4406 1302 4466 possunt
1350 4395 1451 4449 nisi
1512 4410 1649 4464 quos
1705 4393 1828 4448 talis
1879 4392 2119 4463 possidet

545 4492 772 4546 esuries.
819 4487 1093 4557 Pauperes
1140 4487 1366 4541 saturati
1414 4486 1581 4540 Deum
1632 4485 1875 4549 laudant,
1925 4485 2119 4538 divites

2208 571 2420 616 vertere
2446 572 2699 634 satagunt
2719 563 2920 619 Christi
2951 565 3061 618 veri
3085 566 3495 633 prazdicatores.

2205 671 2275 728 30
2345 672 2414 727 Et
2437 674 2729 728 adorabunt
2765 675 2818 728 in
2843 685 3117 745 conspectu
3151 676 3265 746 eius
3288 696 3307 730 .-

2347 761 2613 818 Universte
2642 764 2863 833 familite
2891 768 3138 835 gentium.

2275 853 2418 908 Cllli
2471 855 2702 909 adorant
2733 855 2786 910 in
2836 863 3128 925 conspectu
3173 857 3525 930 Domini,qui
3569 861 3784 916 sincera

2205 944 2312 999 ﬁde
2332 955 2389 999 et
2425 947 2680 1016 operibus
2705 946 2978 1001 Christum
3009 959 3220 1018 rogant.
3263 947 3602 1018 Conspectus
3632 952 3784 1005 enim

2205 1035 2348 1090 illius
2406 1051 2513 1090 non
2558 1045 2643 1092 est
2695 1037 2799 1092 nisi
2857 1053 3023 1108 supra
3073 1038 3416 1095 ﬁdelissimos
3463 1051 3518 1096 et
3569 1042 3783 1096 beatos.

2207 1125 2486 1182 Universze
2521 1126 2763 1196 familiae,
2793 1139 3019 1184 cunctos
3047 1130 3333 1186 credentes
3371 1129 3655 1195 conclusit,
3687 1130 3788 1200 qui

2208 1219 2344 1274 nihil
2365 1220 2600 1290 excepit.

2205 1332 2270 1387 31
2350 1331 2615 1398 Quoniam
2650 1332 2860 1388 Domini
2881 1343 2956 1389 est
2979 1349 3193 1406 regnum
3219 1352 3235 1388 :

2349 1423 2417 1477 Et
2444 1437 2506 1478 -t—
2532 1425 2640 1495 ipse
2667 1424 2689 1496 ζ
2721 1425 3080 1479 dominabitur
3098 1427 3348 1496 gentium.

2280 1515 2322 1570 C
2357 1514 2626 1583 Quoniam
2663 1515 2879 1572 Domini
2921 1524 3006 1572 est
3047 1530 3297 1587 regnum,
3327 1529 3456 1586 quia
3499 1529 3606 1572 non
3661 1525 3792 1572 sunt

2211 1608 2453 1679 gentium
2501 1623 2689 1680 regna,
2735 1609 2830 1664 sed
2873 1607 3109 1674 Domini,
3138 1608 3230 1678 qui
3277 1616 3545 1677 potestate
3591 1623 3691 1662 sua
3735 1616 3793 1662 et

2213 1705 2388 1753 mutat
2410 1712 2564 1770 reges
2584 1707 2638 1754 et
2660 1698 2920 1754 continet.
2948 1698 3015 1753 Et
3045 1712 3266 1753 necesse
3285 1707 3369 1752 est
3392 1698 3564 1767 ipsum
3588 1698 3792 1753 debere

2213 1790 2413 1860 ubique
2483 1789 2588 1846 coli
2644 1808 2659 1844 :

2213 1883 2452 1937 omnium
2483 1896 2687 1936 rerum.

2715 1805 2877 1860 quem
2939 1799 3156 1846 constat
3219 1789 3445 1860 intelligi
3499 1789 3791 1844 Dominum

2204 1998 2280 2054 -52
2353 1996 2803 2053 Manducaverunt
2863 2007 2913 2051 et
2971 1999 3320 2050 adoraverunt
3363 2013 3540 2052 omnes
3570 1996 3792 2067 pingues

2425 2100 2581 2146 εει-ηε
2605 2105 2624 2144 ἔ

2351 2181 2420 2236 In
2441 2190 2718 2254 conspectu
2763 2180 3094 2250 ejuscadent
3116 2196 3291 2236 omnes
3335 2181 3423 2252 qui
3468 2180 3793 2234 descendunt

2431 2278 2487 2330 in
2514 2287 2730 2331 terram.
2817 2287 2821 2297 '

2285 2367 2351 2423 ll.
2383 2366 2853 2424 Mandueaverunt
2892 2381 3082 2422 omnes
3110 2368 3327 2434 divites,
3356 2368 3408 2424 id
3437 2375 3521 2424 est
3556 2367 3794 2438 apostoli

2213 2461 2296 2516 vel
2325 2459 2509 2516 caeteri
2555 2459 2731 2515 sancti
2774 2473 2970 2529 corpus
3005 2459 3233 2515 Christi.
3276 2458 3657 2514 Adoraverunt
3686 2474 3703 2512 :
3739 2460 3794 2512 in

2213 2553 2319 2608 ﬁde
2348 2562 2402 2607 et
2423 2553 2756 2624 operatione.
2797 2552 3147 2608 Descendunt
3179 2569 3194 2606 :
3237 2568 3267 2606 a
3302 2552 3553 2623 superbia
3583 2552 3796 2618 szeculi,

2214 2657 2274 2700 ut
2298 2645 2525 2701 adorent
2549 2645 2601 2699 in
2631 2645 2937 2700 humilitate
2967 2660 3123 2716 pura.
3151 2644 3195 2699 Η
3217 2645 3375 2700 AVel
3404 2644 3494 2699 hic
3516 2645 3748 2716 pingues
3780 2663 3793 2696 :

2214 2739 2410 2793 divites
2475 2746 2672 2804 terras,
2730 2737 2824 2808 qui
2875 2740 3041 2794 etiam
3093 2746 3496 2794 sacramentum
3545 2737 3798 2806 corporis

2214 2829 2420 2886 Christi
2468 2833 2821 2897 manducent,
2863 2833 2957 2886 sed
2994 2845 3099 2885 non
3137 2829 3530 2885 saturabuntur
3565 2837 3626 2882 ut
3662 2843 3798 2894 pau-

2216 2937 2373 2994 peres
2399 2921 2624 2990 Christi,
2659 2923 2992 2994 aderantque
3013 2963 3029 2989 ,
3061 2923 3154 2978 sed
3187 2923 3584 2978 fraternitatem
3609 2920 3800 2977 chari-

2218 3017 2346 3070 tatis
2392 3031 2498 3071 non
2541 3015 2742 3070 habent
2779 3028 2792 3068 :
2842 3023 2898 3069 et
2942 3015 3062 3070 ideo
3103 3015 3230 3084 quia
3261 3025 3438 3070 mente
3479 3014 3533 3068 iu
3576 3023 3800 3068 terrena

2218 3109 2574 3173 descendunt,
2605 3108 2801 3163 cadent
2829 3106 2880 3161 in
2913 3105 3207 3162 infernum.

2142 3185 2188 3250 ο
2219 3223 2288 3278 55
2359 3224 2424 3278 At
2452 3222 2630 3276 anima
2659 3237 2773 3275 mea
2803 3220 2879 3273 illi
2911 3221 3036 3275 vivet
3065 3233 3083 3272 :

2362 3311 2430 3367 Et
2461 3329 2636 3368 semen
2660 3329 2830 3367 meum
2851 3312 3034 3366 serviet
3065 3313 3185 3381 ipsi.

2291 3405 2331 3461 C
2374 3406 2624 3460 Animam
2680 3419 2805 3459 vero
2857 3419 3009 3459 suam
3060 3405 3190 3458 dicit
3235 3404 3346 3461 Deo
3397 3405 3545 3459 Patri
3591 3406 3801 3470 vivere,

2221 3498 2476 3568 quoniam
2510 3500 2654 3555 hunc
2699 3497 2957 3552 mundum
2997 3498 3340 3554 immaculata
3380 3501 3801 3554 conversatione

2222 3589 2489 3644 transivit.
2536 3589 2579 3642 ll
2625 3589 2820 3645 Semen
2870 3606 3071 3656 meum,
3114 3590 3211 3644 ﬁlii
3249 3591 3504 3646 Ecclesiae
3551 3592 3804 3646 serviunt

2220 3681 2472 3748 Christo,
2525 3679 2566 3735 C
2625 3680 2711 3736 vel
2760 3696 2924 3750 opera
2982 3680 3185 3736 Christi
3232 3683 3473 3737 servient
3525 3682 3802 3736 laudando

2221 3773 2412 3829 Deum.

2220 3885 2288 3941 ’ὀί
2362 3885 2776 3941 Annutttiabitur
2797 3887 3022 3941 Dontino
3045 3904 3311 3958 generatio
3334 3898 3548 3942 ventura
3574 3904 3594 3941 :

2367 3975 2428 4031 Et
2454 3979 2840 4032 annuntiabunt
2873 3980 2986 4033 coeli
3019 3979 3286 4048 justitiam
3327 3979 3440 4047 ejus
3479 3980 3672 4050 papula
3709 3985 3802 4050 qui

2433 4083 2693 4136 nascetur,
2721 4088 2870 4141 quem
2900 4072 3018 4141 fecit
3053 4086 3115 4126 αθ-
3141 4071 3397 4126 Dominus
3429 4070 3446 4138 ζ

2295 4187 2337 4240 fl
2389 4185 2428 4241 C
2482 4187 2750 4256 Propheta
2806 4185 2938 4241 dicit
2989 4186 3392 4257 generationem
3443 4194 3730 4240 venturam
3784 4201 3800 4238 :

2225 4279 2481 4350 populum
2528 4279 2788 4349 gentium,
2843 4293 2962 4347 qua:
3011 4292 3076 4332 ex
3127 4292 3266 4346 aqua
3317 4287 3372 4330 et
3420 4276 3628 4348 Spiritu
3682 4286 3805 4330 erat

2219 4373 2579 4441 procreanda,
2630 4372 2744 4425 haec
2796 4370 3207 4424 annuntiabitur
3264 4369 3511 4432 Domino,
3591 4369 3646 4423 id
3716 4377 3806 4423 est

2223 4466 2592 4520 annuntiando
2625 4471 2970 4519 convertetur
3001 4462 3251 4527 Domino,
3282 4462 3383 4517 hoc
3413 4468 3499 4516 est
3523 4461 3580 4515 in
3627 4461 3803 4514 hono-

548 4585 864 4656 semetipsos
891 4554 1154 4638 esaltant.
1177 4581 1222 4636 Η
1246 4581 1346 4650 Qui
1378 4582 1701 4652 requirunt:
1728 4581 1830 4636 ﬁde
1856 4589 1909 4635 et
1931 4595 2115 4649 opere,

2228 4575 2338 4616 rem
2374 4557 2606 4612 Domini.
2665 4555 2710 4610 Η
2751 4556 3090 4610 Annuntiant
3135 4555 3282 4621 cceli,
3319 4555 3372 4610 id
3415 4563 3520 4622 est,
3572 4554 3804 4624 apostoli

545 4676 942 4747 intelligentes,
1010 4689 1132 4744 qute
1187 4673 1304 4743 ipse
1358 4685 1441 4728 est
1496 4675 1651 4744 panis
1711 4675 1802 4744 qui
1863 4675 1929 4728 de
1978 4673 2115 4726 caalo

547 4768 841 4824 descendit.
872 4765 1016 4821 Vivit
1055 4780 1169 4830 cor,
1200 4765 1254 4819 id
1298 4773 1404 4829 est,
1431 4779 1554 4835 spes
1591 4779 1778 4819 eormn
1826 4763 2117 4818 immobilis

549 4870 847 4932 vegetatur.
881 4859 1015 4915 lllud
1058 4859 1240 4914 vivere
1278 4857 1510 4912 dicimus
1549 4858 1818 4913 veraciter
1846 4875 1860 4912 :
1891 4858 2032 4927 quod
2063 4855 2117 4910 in

547 4953 845 5009 divinitatis
867 4951 1043 5024 gratia
1070 4959 1402 5022 perseverat.

519 5065 618 5122 -29
691 5063 1111 5120 Beminiscentur
1161 5071 1209 5116 et
1246 5069 1606 5115 convertentur
1659 5059 1728 5112 ad
1783 5057 2066 5113 Dominum
2097 5073 2116 5112 :

691 5156 926 5213 Universi
953 5155 1082 5227 fines
1114 5167 1286 5211 terrm.

617 5249 658 5282 Γ
699 5246 998 5284 ﬂaminicni
1045 5245 1162 5284 illnc
1209 5245 1439 5284 alit-imnc
1489 5259 1504 5273 ο
1551 5259 1688 5284 mm:
1741 5250 1952 5284 nnnelnt
2001 5251 2123 5286 nne!

2223 4650 2518 4720 praedicant
2545 4647 2740 4703 Filium
2768 4647 2886 4712 Dei,
2913 4647 3028 4716 ipse
3057 4654 3141 4701 est
3168 4646 3312 4701 enim
3348 4645 3560 4715 justitia
3599 4645 3803 4699 Patris.

2224 4742 2266 4796 C
2321 4741 2458 4811 Apte
2522 4755 2651 4794 vero
2713 4739 2915 4792 dictutn
2969 4747 3054 4793 est
3115 4737 3484 4792 Christianum
3543 4735 3804 4806 pepulum

2225 4836 2508 4890 Dominum
2541 4831 2753 4896 fecisse,
2781 4831 3034 4901 quoniam
3061 4846 3186 4887 eum
3231 4830 3642 4902 praedestinavit
3677 4839 3805 4884 ante

2227 4926 2421 4981 saacula
2445 4935 2498 4980 et
2525 4925 2732 4981 creavit
2758 4924 2904 4978 illum
2934 4934 2988 4978 et
3013 4923 3242 4977 redemit
3263 4932 3317 4976 et
3342 4939 3442 4978 suo
3472 4930 3661 4978 sancto
3688 4935 3784 4976 cur

2228 5033 2361 5090 pore
2386 5033 2416 5072 a
2445 5019 2683 5088 peccatis
2711 5017 2940 5071 liberum
2962 5014 3107 5071 fecit.

2686 5143 2887 5184 οιιΑτιο
2924 5144 2993 5182 EX
3032 5141 3178 5181 PSAL.
3219 5142 3328 5180 XXI.

2303 5243 2471 5286 (inn-II
2511 5241 2896 5286 micarirnrdim
2927 5243 3065 5286 Dens
3086 5242 3176 5286 nni
3207 5249 3426 5286 nrnnlnr
3451 5253 3550 5286 una
3581 5239 3802 5286 deseren-
