4000 5370
464 306 490 360 1
510 305 576 361 ιδ.

1400 304 1457 360 S.
1499 304 1844 383 BllUNQNlS
1882 304 2424 363 llEliBlPOLENSlS
2460 306 2767 363 EPISGOPI

3621 308 3729 364 ΗΘ

467 420 706 493 dicimus.
729 419 858 475 illud
894 419 1038 489 quod
1066 435 1187 474 eum
1221 430 1510 474 \‘eueratur
1538 414 1834 475 auctorem.
1866 422 2043 475 Plem-
2071 427 2118 482 Α
2147 421 2357 491 pellatae
2386 429 2543 485 sunt,
2569 436 2694 491 quia
2722 435 2820 491 per
2865 437 2926 476 ea
2973 430 3251 476 transeant
3282 432 3601 491 peccatores
3627 439 3729 478 sua

468 503 619 576 tullo,
648 511 700 566 id
728 514 830 574 est,
855 510 1140 565 multitudo
1169 518 1356 565 sancta
1387 526 1489 578 qua
1522 511 1759 580 repletur
1779 510 2039 566 Ecclesia.

463 602 558 657 Ille
606 601 816 657 habitat
845 600 1144 656 Ecclesium
1166 640 1183 666 ,
1216 601 1308 670 qui
1338 616 1508 671 usque
1541 602 1607 655 ad
1637 600 1844 656 obilum
1887 617 2043 657 suum

465 692 518 746 in
555 691 659 746 (ide
692 699 837 746 recta
864 698 1219 756 perseverat,
1247 690 1495 746 habitare
1528 689 1673 745 enim
1719 705 1940 747 manere
1966 690 2045 745 di-

463 784 657 839 cimus.

498 877 543 933 2.
608 876 746 942 Quia
770 877 878 946 ipse
901 892 1060 949 super
1085 878 1254 932 maria
1296 876 1533 946 fundavit
1557 892 1674 929 eum
1705 888 1725 927 :

606 966 674 1021 Et
700 984 856 1037 super
880 968 1100 1045 ﬂumina
1126 968 1440 1039 prwpuravit
1468 983 1606 1021 eum.

536 1062 578 1118 ε
617 1061 755 1127 Quid
783 1069 868 1115 est
897 1076 1060 1130 super
1087 1059 1259 1114 maria
1286 1058 1515 1113 mundare
1549 1077 1565 1111 :
1592 1058 1694 1112 nisi
1741 1073 1905 1128 super
1935 1066 2046 1111 tre-

463 1138 641 1207 mulos
669 1152 865 1206 ﬂuctus
892 1151 1148 1204 vitiormn
1169 1190 1184 1214 ,
1229 1149 1526 1204 Ecclesium
1560 1149 1612 1203 in
1643 1149 1798 1203 firma
1831 1148 1941 1204 [ide
1958 1162 2046 1203 so-

464 1242 635 1297 lidare
664 1241 881 1295 l'ltnuina
911 1258 924 1293 :
958 1239 999 1293 ll
1027 1240 1284 1294 Potentes
1312 1238 1493 1293 saeculi
1526 1237 1605 1292 vel
1636 1237 1837 1306 cupidi.
1872 1236 2044 1307 Super

463 1333 568 1385 ista
596 1329 814 1386 ﬂuiuina
844 1339 928 1384 est
956 1329 1197 1385 Ecclesia
1218 1369 1234 1395 ,
1261 1337 1318 1382 ut
1362 1327 1469 1381 illis
1499 1326 1750 1398 praedicet
1771 1366 1788 1393 ,
1823 1336 1877 1380 et
1911 1342 2044 1381 con-

466 1430 768 1483 vertantur.
1035 1473 1041 1479 .
1372 1426 1377 1431 ’
1530 1412 1535 1415 ¹
1932 1408 1935 1411 Α

497 1516 532 1569 5
606 1514 737 1581 Quis
766 1515 1009 1570 ascendet
1038 1515 1092 1568 in
1120 1525 1349 1569 montem
1389 1512 1598 1567 Domini
1629 1527 1649 1564 :

606 1609 711 1661 Aut
734 1608 852 1676 quis
882 1606 1037 1663 stabit
1067 1607 1122 1662 in
1151 1609 1267 1661 loco
1301 1615 1483 1661 sancto
1513 1606 1628 1676 ejus
1649 1605 1680 1657 .’

532 1697 574 1753 C
611 1698 748 1765 Quia
782 1697 963 1753 omnia
994 1712 1115 1767 quze
1156 1694 1402 1752 condidit
1448 1694 1661 1750 Domini
1699 1709 1821 1749 esse
1862 1693 2046 1749 docuit

2149 517 2290 573 facta
2323 528 2604 588 portantes
2625 559 2639 582 ,
2671 528 2727 573 et
2753 534 2851 588 per
2875 532 2939 573 ea
2968 518 3215 573 diabolus
3245 520 3312 571 ad
3340 518 3505 573 corda
3534 519 3735 572 intrat.

2151 609 2431 678 Siquidem
2459 624 2488 662 a
2511 610 2772 678 portando
2795 619 2948 679 porta
2972 607 3114 662 dicta
3141 608 3339 663 est..Et
3364 608 3565 662 iterum
3590 624 3735 677 prae-

2147 701 2291 770 cepit
2314 700 2527 755 elevare
2555 709 2774 768 portas,
2810 700 2860 753 id
2886 707 3000 764 est,
3030 698 3075 752 ll
3104 700 3262 753 tidem
3294 708 3346 752 ct
3375 699 3732 763 charitatem,

2148 805 2269 858 quin
2311 788 2596 843 :eternales
2641 798 2769 842 sunt
2820 789 3007 853 dicae,
3059 789 3184 859 quia
3228 802 3325 858 per
3357 803 3453 844 eas
3477 787 3736 845 Christus

2148 882 2390 937 introivit
2416 881 2481 935 ad
2509 880 2826 935 Ecclesium.

2181 974 2214 1028 8
2290 972 2419 1039 Quis
2447 982 2519 1026 est
2547 972 2641 1026 iste
2665 988 2756 1025 rea:
2790 971 2971 1042 gloria:
2995 972 3021 1024 .9

2287 1061 2546 1117 Dominus
2599 1061 2750 1128 fortis
2802 1070 2851 1115 et
2885 1076 3086 1131 patens.
3147 1062 3404 1116 Dominus
3440 1073 3624 1131 potens
3679 1066 3737 1116 in

2362 1150 2566 1220 praelia.

2219 1243 2264 1299 ll
2303 1244 2418 1299 Vox
2443 1245 2767 1300 dieiuunnm.
2796 1250 2875 1300 Ac
2904 1247 2950 1300 si
2976 1246 3243 1310 dicerent,
3271 1253 3519 1299 nostrum
3548 1258 3737 1314 regem

2148 1337 2408 1392 habemus
2452 1336 2750 1391 diabolum.
2792 1337 2898 1391 lste
2945 1352 3036 1390 rex
3073 1336 3195 1406 quis
3223 1335 3480 1391 est‘.'vox
3533 1335 3737 1390 iterum

2149 1426 2464 1495 angelorum
2498 1425 2789 1491 bonorum,
2817 1425 2973 1480 l’ortis
2999 1434 3107 1491 est,
3128 1426 3252 1494 quia
3280 1424 3524 1496 alligavit
3543 1423 3739 1479 diabo-

2148 1518 2261 1573 lum
2294 1516 2446 1587 (Luc.
2478 1517 2574 1588 χι).
2608 1517 2807 1572 Potens
2831 1533 2956 1571 cum
2988 1516 3116 1571 vicit
3140 1515 3430 1571 infernum.
3457 1514 3514 1569 In
3546 1514 3742 1585 pralio

2149 1607 2349 1679 potens
2389 1623 2514 1661 cum
2563 1607 2816 1677 spoliavit
2867 1616 3150 1662 tartarum.
3203 1606 3294 1662 Sic
3338 1620 3587 1676 quaerere
3633 1605 3739 1659 visi

2149 1708 2275 1753 sunt
2311 1699 2534 1763 diaboli,
2568 1714 2598 1753 a
2647 1702 2887 1770 gentium
2929 1699 3205 1761 cordibus.
3237 1699 3466 1768 imperio
3502 1696 3734 1758 Christi.

464 1802 754 1862 sequenter
804 1792 1188 1864 interrogando
1245 1791 1483 1847 ostendit
1536 1790 1725 1860 quales
1776 1804 1898 1844 esse
1948 1791 2041 1845 de-
2072 1778 2114 1835 Β
2142 1804 2197 1848 et
2223 1795 2604 1865 praedicatione
2634 1805 2687 1850 et
2724 1798 2893 1867 gratia
2930 1797 3161 1867 expulsi.

462 1886 669 1957 beant;
698 1885 789 1956 qui
813 1900 872 1941 se
899 1885 1069 1956 ipsius
1104 1885 1406 1955 nuncupari
1434 1883 1761 1938 desiderant.
1790 1882 1835 1936 ll
1861 1883 1927 1936 Et
1946 1886 2041 1952 :cst

462 1991 567 2031 vox
601 1977 880 2047 prephetae
902 1975 1288 2047 interrogantis
1319 1990 1337 2029 :
1362 1974 1502 2041 Quis
1524 1973 1784 2028 ascendet
1813 1973 1863 2029 in
1887 1986 2043 2026 mou-

467 2077 615 2133 tem,
665 2068 719 2122 id
754 2076 868 2132 est,
917 2067 1193 2122 cmlestem
1242 2065 1603 2121 Hierusalem.
1640 2063 1703 2118 ε.
1751 2062 1845 2118 Vel
1883 2061 2045 2131 justi-

467 2162 599 2215 tiam
640 2161 706 2216 ad
734 2176 895 2231 quam
926 2176 1121 2231 magno
1153 2159 1269 2214 nisu
1300 2158 1591 2223 tendimus,
1627 2154 1881 2225 quoniam
1919 2168 2045 2222 pec-

465 2253 606 2309 catis
648 2253 992 2310 obviantibus
1035 2255 1385 2325 impedimur.
1419 2253 1483 2307 ll.
1527 2250 1633 2306 Aut
1672 2250 1797 2321 quis
1843 2247 2040 2314 stabit,

466 2346 520 2402 id
543 2358 658 2413 est,
688 2348 810 2417 quis
830 2347 1205 2418 perseverabit
1230 2347 1281 2401 iu
1304 2345 1541 2415 jnstitia.
1573 2346 1616 2400 (Ξ
1650 2344 1819 2399 Multo
1843 2342 2044 2414 quippe

466 2438 660 2494 utilius
692 2448 777 2495 est
824 2439 878 2494 in
911 2447 1102 2495 sancto
1133 2438 1251 2494 loco
1281 2447 1460 2503 stare,
1492 2452 1655 2507 quam
1697 2438 1766 2492 ad
1806 2433 1924 2504 ejus
1958 2433 2042 2488 l‘a-

466 2531 686 2602 stigium
735 2532 1040 2603 pervenire.
1088 2530 1133 2585 ll
1183 2530 1318 2597 Quia
1367 2529 1518 2585 multi
1574 2529 1907 2593 ascendunt,
1947 2525 2045 2582 sed

464 2641 572 2680 non
604 2633 973 2695 perseverant.
1005 2625 1138 2691 Quis
1166 2625 1329 2696 igitur
1357 2638 1455 2694 pro
1484 2622 1708 2677 raritate
1734 2620 1974 2691 ponitur.

502 2738 540 2791 ι
606 2736 866 2792 lnnorens
895 2734 1137 2791 inanibus
1164 2746 1212 2790 et
1243 2736 1437 2790 mundo
1464 2734 1620 2789 corde
1649 2750 1667 2787 :
1694 2734 1783 2803 qui
1812 2747 1917 2786 non
1948 2745 2041 2784 ac-

682 2832 813 2901 cepit
843 2832 898 2886 in
927 2848 1062 2886 uano
1090 2831 1321 2885 animam
1348 2845 1498 2883 suam
1532 2845 1551 2882 :

611 2923 722 2999 Nec
739 2924 940 2994 juravit
965 2924 1018 2978 in
1045 2923 1167 2978 dolo
1196 2922 1432 2993 proximo
1462 2937 1580 2976 suo.

537 3018 579 3073 ϐ
618 3017 883 3072 Innocens
908 3016 1158 3071 manibus
1179 3023 1261 3069 est
1291 3034 1304 3068 :
1331 3014 1484 3083 cujus
1505 3014 1749 3085 operatio
1771 3011 2041 3068 neminem

467 3108 635 3212 laedit,
657 3103 1496 3213 sedjuvarefontendit.blando
1514 3104 1697 3160 corde.
1733 3103 1777 3157 il
1810 3103 2042 3207 Sanctus
2070 3135 2115 3197 Ο
2148 3171 2209 3213 su

470 3199 900 3269 in'cogitatione.
949 3196 1045 3251 Ille
1092 3212 1196 3250 non
1233 3195 1431 3265 accipit
1478 3195 1531 3250 in
1580 3210 1774 3250 vanum
1805 3194 2044 3249 animam

467 3307 620 3345 suam
641 3331 655 3355 ,
687 3291 777 3360 qui
803 3304 967 3360 opera
998 3289 1136 3343 bona
1179 3286 1309 3358 agit.
1339 3286 1380 3342 C
1408 3286 1515 3340 Per
1548 3285 1728 3342 dolum
1760 3286 1941 3355 itaque
1960 3284 2044 3353 ju-

467 3388 555 3437 rat
608 3401 620 3437 :
670 3380 917 3452 quisquis
946 3380 1108 3434 aliter
1137 3378 1379 3435 facturus
1410 3387 1495 3433 est
1538 3392 1700 3447 quam
1741 3377 2040 3447 promittit,

467 3476 695 3531 credens
739 3474 1032 3545 perjurium
1081 3489 1187 3529 non
1233 3488 1354 3529 esse
1401 3486 1416 3526 :
1463 3473 1741 3543 decepisse
1796 3471 2046 3542 nequiter

467 3566 741 3622 credentis
768 3581 1030 3622 errorem.

504 3657 539 3712 5
615 3672 674 3716 +
704 3656 807 3714 llic
838 3659 863 3729 1
888 3656 1104 3727 accipiet
1136 3655 1538 3711 benedictionem
1567 3672 1599 3709 a
1631 3654 1876 3710 Domino.

612 3771 678 3825 Et
708 3772 1118 3825 misericordiam
1144 3786 1176 3823 a
1200 3769 1309 3823 Deo
1335 3768 1558 3824 salutari
1579 3785 1695 3823 suo.

542 3862 585 3917 C
622 3860 766 3933 Ergo
796 3861 995 3928 accipit
1023 3858 1452 3915 benedictionem
1490 3874 1595 3913 non
1635 3859 1702 3913 ab
1728 3859 1863 3924 alio,
1890 3861 1981 3915 sed
2012 3877 2042 3915 a

467 3955 717 4025 Domino.
742 3951 798 4007 ἸΙ
829 3951 931 4021 Qui
980 3967 1039 4008 se
1082 3951 1403 4007 custodierit
1445 3951 1514 4007 ab
1560 3950 1678 4005 istis
1719 3951 2045 4019 supradictis

468 4048 728 4112 maculis,
759 4047 805 4102 ΙΙ
842 4046 1093 4102 salutaris
1120 4042 1250 4117 ergo
1297 4053 1480 4100 noster
1525 4061 1538 4098 :
1586 4044 1836 4099 Christus
1866 4051 1979 4109 est,
2012 4060 2042 4098 a

469 4156 577 4210 quo
597 4148 653 4194 et
678 4138 954 4194 beatitudo
980 4139 1235 4193 tribuitur
1255 4147 1310 4191 et
1333 4145 1553 4206 peccata
1581 4135 1848 4191 uisantur.
1879 4134 1924 4190 ll
1947 4135 2046 4189 Mi-

471 4230 825 4283 sericordiam
858 4245 888 4284 a
917 4232 1026 4285 Deo
1048 4228 1194 4284 solus
1222 4228 1311 4283 ille
1339 4228 1710 4299 consequitur,
1742 4228 1832 4298 qui
1861 4242 1919 4282 se
1946 4227 2044 4281 mi-

472 4333 653 4381 serum
687 4328 878 4388 putat,
902 4318 942 4374 C
976 4329 1031 4373 et
1059 4318 1236 4374 nullus
1265 4320 1542 4375 hominum
1572 4328 1656 4374 est
1686 4320 1775 4389 qui
1810 4318 1912 4375 sibi
1945 4319 2044 4375 Ini-

469 4409 639 4464 sereri
677 4424 782 4463 non
812 4419 985 4479 egeat.

508 4499 542 4553 6
618 4498 746 4554 Ilwc
775 4511 849 4554 est
882 4501 1147 4572 generatio
1176 4501 1516 4569 quaerentium
1551 4516 1667 4554 eum
1698 4514 1718 4552 :

450 4661 454 4666 '
616 4590 973 4657 Qna’rentinm
1008 4591 1196 4661 faciem
1225 4590 1315 4645 Dei
1341 4591 1527 4645 Jacob.
1569 4590 1895 4661 Diapsalmu.

543 4679 588 4734 ll
627 4679 917 4735 Generatio
960 4681 1063 4736 hoc
1112 4691 1195 4735 est
1239 4680 1467 4750 populus
1491 4678 1919 4735 Christianorum
1947 4681 2040 4751 qui

464 4770 636 4842 jacuit
661 4772 715 4825 in
747 4773 1008 4839 tenebris,
1044 4772 1137 4827 sed
1172 4787 1317 4826 nunc
1345 4786 1595 4841 quan-cus
1623 4770 1930 4836 Dominum,
1955 4786 2043 4827 re-

2066 4490 2119 4548 D

2178 1889 2212 1942 9
2286 1886 2520 1940 Attollite
2551 1896 2751 1957 portas,
2782 1888 3062 1959 principes,
3103 1895 3297 1942 vestras
3329 1894 3421 1941 :et
3454 1883 3737 1939 elevamini

2351 1986 2514 2045 portre
2539 1976 2807 2031 arternales
2833 1990 2853 2029 :

2288 2067 2352 2120 Et
2384 2068 2617 2122 introibit
2646 2085 2739 2122 rex
2765 2068 2971 2139 gloria.

2214 2159 2254 2216 C
2291 2161 2560 2215 Admonet
2593 2162 2789 2216 iterum
2819 2163 3074 2232 degentes
3102 2163 3152 2217 in
3194 2160 3424 2218 diversis
3451 2158 3738 2215 errorlms

2144 2248 2361 2305 auferre
2384 2248 2620 2304 claustra
2650 2236 2860 2316 mortis,
2891 2250 2933 2305 li
2967 2252 3067 2307 hoc
3097 2260 3182 2308 est
3211 2249 3520 2320 superbiam
3549 2258 3606 2303 et
3636 2264 3737 2302 cu-

2142 2341 2421 2411 piditatem
2467 2349 2524 2395 et
2568 2340 2874 2404 avaritiam,
2923 2342 3048 2411 quia
3100 2355 3196 2411 per
3248 2341 3346 2394 has
3397 2349 3507 2392 tres
3554 2337 3738 2393 omnis

2144 2433 2305 2488 homo
2332 2431 2398 2485 ad
2432 2429 2703 2485 infernum
2728 2430 3108 2486 descendebat.
3141 2431 3377 2485 Elcvaue
3405 2436 3533 2484 sunt
3561 2436 3737 2496 portae

2142 2521 2443 2584 teternalcs,
2470 2520 2512 2576 C
2548 2520 2600 2575 id
2629 2528 2733 2586 est,
2762 2521 2936 2591 gratia
2967 2520 3326 2592 baptismatis,
3358 2520 3534 2574 honor
3578 2518 3736 2572 cirri-

2144 2610 2358 2675 smatis,
2386 2608 2535 2665 salus
2564 2608 2980 2678 praedicationis,
3012 2622 3109 2679 per
3145 2622 3283 2679 quas
3309 2622 3403 2663 rex
3433 2605 3622 2677 gloria:
3652 2604 3739 2659 di-

2143 2709 2339 2771 gnatus
2377 2709 2467 2756 est-
2491 2699 2735 2755 introire.

2145 2790 2214 2845 10
2241 2842 2249 2850 ,
2287 2791 2417 2857 Quis
2444 2800 2519 2845 est
2548 2791 2645 2844 iste
2668 2806 2759 2845 rex
2777 2790 2990 2861 glorier?

2287 2880 2542 2935 Dominus
2589 2880 2838 2935 virtutum
2883 2882 2992 2951 ipse
3034 2891 3108 2936 est
3142 2897 3236 2936 rex
3277 2883 3480 2950 gloria.
3508 2883 3575 2946 χ(
3602 2878 3740 2932 Dia-

2358 2973 2561 3044 psalma
2594 2975 2613 3045 ζ
3500 3034 3509 3047 Ι

2217 3064 2261 3119 ll
2302 3065 2494 3119 Merito
2520 3065 2783 3120 virtutum
2823 3066 3084 3120 Dominus
3114 3066 3309 3130 dictus,
3356 3064 3483 3133 quia
3530 3062 3743 3115 virtute

2217 3173 2246 3213 a
2274 3157 2600 3214 conculcans
2632 3157 2857 3223 inferos,
2900 3172 3023 3213 cum
3074 3157 3350 3227 triumpho
3401 3156 3616 3211 rediens
3665 3154 3739 3207 ad

2144 3264 2394 3318 Superos.
2440 3248 2555 3305 Rex
2601 3248 2806 3320 gloriae,
2849 3247 2891 3304 C
2932 3249 3023 3319 qui
3058 3246 3206 3314 facit,
3253 3262 3312 3303 se
3353 3244 3741 3319 gloriﬁcantia,

2144 3340 2428 3409 gloriosos.

2586 3447 2788 3488 ORATIO
2825 3447 2894 3485 EX
2933 3446 3079 3485 PSAL.
3123 3444 3277 3484 XXI".

2205 3525 2496 3581 Stabilitor
2522 3533 2703 3589 terrm,
2732 3524 2873 3578 Deus
2896 3522 3003 3594 (cui
3030 3529 3225 3575 cuncta
3251 3518 3436 3574 mundi
3459 3517 3747 3586 plenitudo

2145 3615 2405 3687 deservit)
2436 3614 2660 3669 restitue
2689 3628 2789 3668 nos
2817 3613 2870 3667 in
2903 3611 3269 3666 innocentiam
3299 3610 3442 3673 vitae,
3475 3616 3531 3661 ut
3564 3608 3740 3676 possi-

2145 3723 2287 3772 mus,
2311 3716 2363 3761 te
2393 3706 2611 3775 praevio,
2644 3713 2882 3759 montem
2924 3702 3376 3759 sanctiﬁcationis
3414 3700 3737 3755 ascendere.

2144 3798 2247 3854 Per
2275 3798 2558 3853 Dominum
2590 3806 2838 3851 nostrum
2872 3795 3058 3851 Jesum
3084 3793 3384 3859 Christum,
3408 3801 3517 3847 etc.

2472 3876 2485 3889 ”
2660 3884 2981 3942 PSALMUS
3017 3884 3210 3941 XXIV.

2565 3993 2930 4036 ARGUMENTUH
2969 3992 3117 4033 PSAL.
3155 3991 3304 4031 XXIV.

2212 4076 2254 4131 C
2290 4075 2394 4130 Per
2437 4083 2606 4130 totum
2638 4075 2782 4129 hunc
2821 4072 3085 4142 psalmum
3133 4073 3458 4140 deprecatur
3486 4068 3737 4123 Ecclesia

2145 4181 2211 4219 ne
2237 4173 2363 4219 ante
2391 4172 2740 4234 conspectum
2772 4162 2983 4218 Domini
3014 4158 3437 4231 contemptibilis
3475 4165 3741 4229 appareat

2143 4254 2396 4310 inimicis.
2852 4247 2857 4253 ’

2286 4346 2396 4400 TT.
2436 4345 2502 4400 In
2525 4346 2682 4415 ﬁnem
2715 4348 2946 4416 psalmus
2976 4345 3165 4399 David.

2181 4431 2207 4493 l
2289 4437 2369 4491 Ad
2405 4447 2475 4503 te,
2514 4436 2758 4503 Domine,
2782 4436 2944 4490 levavi
2971 4436 3202 4489 animam
3230 4448 3396 4488 meam
3429 4445 3449 4484 .'

2286 4530 2425 4585 Deus
2449 4546 2614 4596 mens,
2637 4531 2691 4584 in
2723 4541 2771 4584 te
2793 4528 3018 4597 con/ida,
3045 4544 3147 4582 non
3175 4526 3501 4582 erubescam.

2213 4622 2256 4677 C
2292 4622 2433 4677 Dicit
2460 4630 2635 4677 mater
2665 4620 2897 4677 Ecclesia
2924 4635 2984 4674 se
3028 4620 3234 4673 levasse
3267 4617 3503 4671 animam
3555 4631 3737 4681 suam,

2143 4712 2210 4766 ad
2264 4711 2769 4781 contemplationem
2822 4708 3123 4765 caelestium
3178 4722 3356 4761 rerum
3414 4720 3513 4776 per
3557 4721 3736 4774 spem,

2144 4802 2304 4858 (idem
2332 4811 2385 4856 et
2411 4801 2753 4865 charitatem,
2780 4800 2906 4868 quia
2938 4799 3172 4853 humana
3200 4796 3359 4857 facile
3386 4796 3618 4866 despicit
3641 4798 3737 4866 qui

470 4863 638 4965 (ἐξῆν-η
661 4862 1132 4965 ,Γδθίθίξξηυθί-,Ρθτ
1154 4863 1321 4965 fide!"
1356 4872 1412 4918 et
1445 4863 1848 4965 θρθτῗίίθηθ¹¹¹η
1883 4863 1936 4918 id
1963 4872 2048 4918 est
2080 4904 2083 4909 '
2149 4896 2326 4953 divina
2356 4894 2718 4965 conspexerit.
2740 4862 2747 4865 ⁷
2769 4862 3103 4947 ένυδεεςετθ
3143 4898 3227 4946 est
3274 4862 3554 4960 repentina
3602 4862 3740 4944 edn—

470 4956 675 5012 Christi
704 4971 799 5028 per
825 4956 970 5014 illius
999 4957 1470 5022 ilhlminationem,
1501 4957 1594 5027 qui
1622 4956 1889 5027 posterius
1918 4966 2047 5011 nato

472 5045 764 5115 primatum
792 5048 938 5104 dedit
967 5047 1211 5114 honoris,
1238 5048 1445 5104 scilicet
1471 5046 1785 5103 Christiano
1812 5045 2006 5117 populo
2027 5086 2041 5112 ,

468 5137 622 5202 quod
640 5153 736 5209 per
762 5138 930 5196 Jacob
961 5140 1185 5211 intelligi
1221 5138 1431 5196 occulte
1460 5138 1628 5194 dedit.

511 5246 543 5299 Ἰ
615 5249 849 5309 Attoltite
889 5264 1071 5322 portas
1098 5253 1356 5324 principes
1387 5261 1583 5307 vestras
1616 5264 1634 5303 :
1680 5228 1731 5305 et
1775 5246 2044 5304 clevamini

687 5352 847 5370 ιιι-ηρ.-.
882 5355 939 5370 ..ι
951 5363 1033 5370 _.._.
1046 5344 1147 5370 ..Ιμ
1179 5357 1191 5368 ι

2150 4985 2458 5040 turbatione
2482 4984 2646 5037 animi
2685 4981 2974 5047 confundi;
3004 4981 3146 5052 quod
3178 4995 3284 5034 non
3312 4978 3494 5034 evenit
3540 4978 3734 5034 Eccle-

2148 5077 2266 5141 siae,
2293 5074 2419 5144 quia
2451 5074 2507 5128 in
2536 5073 2703 5127 Deum
2726 5068 2967 5127 conlidit.

2186 5166 2222 5220 2
2294 5165 2477 5236 Neque
2505 5163 2759 5219 irrideant
2785 5179 2865 5216 me
2886 5162 3085 5216 inimici
3121 5162 3224 5216 mei
3248 5179 3268 5216 :

2293 5255 2500 5311 Etenim
2536 5254 2785 5317 universi,
2820 5251 2911 5321 qui
2946 5254 3200 5307 sustinent
3237 5262 3307 5317 te,
3344 5269 3450 5307 non
3501 5252 3735 5312 confun-
