4000 5370
171 317 257 371 117

1338 312 1702 371 ΕΧΡΟΞΙἸΊΟ
1739 311 2182 372 Ρδιλωιοιιωι.

3279 320 3378 374 118

168 433 468 498 Exspectare
494 435 577 482 est
599 426 700 482 sub
723 426 986 482 malorum
1011 427 1266 496 patientia
1291 428 1456 481 Deum
1484 429 1712 480 viriliter
1740 427 1788 488 Α
1815 425 2050 481 caelestis
2096 429 2238 480 vitae.
2285 427 2514 491 Rectus,
2554 427 2597 481 11
2629 427 2749 496 quia
2782 427 2957 482 reddit
2981 427 3266 498 unicuique
3305 450 3384 486 se-

161 523 412 583 sustinere,
436 529 494 573 ut
518 519 602 573 ille
625 519 846 574 veniens
871 520 922 572 in
944 519 1144 589 judicio
1171 519 1354 574 reddat
1377 519 1517 587 quod
1541 518 1714 573 devoti

164 613 352 667 animus
373 609 746 677 exspectabat.

186 701 220 754 3
280 698 681 770 Confundantur
709 713 770 755 σι-
797 716 972 755 omnes
1001 701 1020 770 ζ
1054 702 1231 772 iniqua
1258 712 1500 772 agentes:

291 790 632 860 Supervacue.

222 882 260 937 11
295 881 559 950 Propheta
589 881 721 935 dicit
761 897 866 936 non
896 885 1152 952 optando,
1178 885 1274 939 sed
1299 883 1670 953 prophetando
1698 898 1714 936 :

160 971 554 1028 cinifundantur.
579 969 987 1025 Confundentnr
1006 974 1148 1027 enim
1173 974 1264 1044 qui
1290 989 1458 1043 usque
1481 975 1532 1027 in
1557 972 1717 1026 linem

162 1066 206 1119 in
233 1061 422 1116 malitia
458 1070 824 1129 perseverant.
853 1062 892 1116 C
921 1063 1128 1116 Vanum
1157 1064 1387 1118 dicimus
1414 1061 1719 1118 infructuo-

160 1171 259 1208 sum
288 1165 448 1210 atoue
474 1169 728 1218 vacuum,
763 1156 903 1225 quod
933 1171 966 1209 a
1018 1155 1246 1211 Domino
1274 1155 1536 1226 probatur
1581 1155 1718 1209 alie-

161 1259 289 1296 num.
318 1244 359 1296 Α
397 1242 486 1297 Vel
529 1245 785 1312 aptative,
811 1244 1212 1299 confundantur
1238 1246 1328 1300 hic
1357 1261 1452 1315 pro
1483 1244 1720 1315 peccatis

161 1337 442 1392 salubriter.
471 1337 628 1404 Quod
653 1339 694 1393 si
722 1338 812 1394 hic
839 1339 1049 1406 nolunt,
1072 1339 1476 1396 confundantur
1506 1342 1720 1396 tandem

160 1426 484 1481 aternaliter.

188 1517 219 1572 ι
289 1516 410 1572 Vias
449 1528 594 1584 tuas,
624 1518 862 1584 Domine,
896 1521 1197 1575 demonstra
1233 1523 1360 1576 mihi
1398 1539 1417 1576 :

281 1624 342 1666 οι»
375 1610 438 1664 Et
474 1612 498 1682 ζ
529 1613 737 1666 semitas
762 1621 880 1667 tuas
908 1613 1062 1667 edoce
1097 1631 1198 1668 me.

219 1700 254 1755 C
287 1700 396 1757 Via:
443 1703 606 1758 dicta:
649 1711 777 1757 sunt
815 1718 845 1756 a
894 1705 1140 1770 vehendo,
1173 1713 1226 1760 et
1279 1705 1588 1773 signiﬁcant
1636 1705 1723 1760 hic

1818 515 2052 569 cundum
2099 529 2263 584 opera
2318 533 2434 572 sua.
2501 517 2692 587 Legem
2737 518 3024 573 cluat-italis
3068 520 3244 585 dabit,
3296 539 3392 592 per

1816 620 1979 674 quam
2010 607 2342 663 dimittentes
2365 608 2622 664 oﬂ'ensam
2651 611 3064 665 recouciliamnr
3096 614 3220 667 Deo.
3256 613 3296 668 C
3330 615 3399 698 In,

1817 696 1922 761 via,
1953 697 2006 751 id
2028 709 2113 753 est
2131 699 2378 768 praesenti
2399 699 2530 765 vita,
2558 700 2645 754 ubi
2662 701 2745 756 les
2767 703 3005 770 ponitur,
3035 703 3086 757 in
3111 719 3213 772 qua
3250 715 3392 762 recte

1819 801 2004 843 vivere
2029 803 2404 844 commonemu
2415 806 2460 843 r.

1822 877 1890 934 10
1960 879 2162 949 Diriget
2188 891 2484 934 mansuetos
2504 880 2558 934 in
2571 880 2819 950 judicio:

1965 969 2174 1024 Docebit
2207 970 2353 1024 mites
2380 971 2488 1024 vias
2516 987 2659 1026 suas.

1891 1058 1932 1114 C
1964 1058 2209 1114 Direcms
2231 1060 2429 1130 quippe
2453 1061 2652 1115 dicitur
2673 1062 2764 1132 qui
2789 1062 2853 1116 de
2879 1078 3046 1120 curvo
3071 1072 3250 1119 rectus
3275 1062 3393 1118 eni-

1821 1150 1981 1205 citur.
2028 1148 2289 1204 Mansueti
2325 1152 2607 1218 dicuntur,
2634 1153 2785 1222 quasi
2815 1170 2977 1208 manu
3008 1156 3266 1220 consueti,
3293 1156 3397 1212 hoc

1823 1249 1929 1303 est,
1968 1240 2269 1297 tolerantes
2312 1241 2558 1313 injurias,
2587 1259 2696 1298 non
2726 1245 3015 1300 reddentes
3059 1245 3257 1300 malum
3301 1260 3402 1316 pro

1824 1333 1986 1388 malo.
2018 1333 2172 1389 Mites
2211 1341 2359 1399 sunt,
2410 1335 2500 1404 qui
2541 1335 2688 1390 nullo
2734 1335 2918 1391 furore
2948 1336 3253 1400 turbantur,
3303 1336 3399 1391 sed

1823 1423 2044 1479 lenitate
2089 1423 2255 1477 animi
2292 1422 2491 1494 iugiter
2530 1418 2911 1495 perseverant;
2959 1426 3077 1482 illos
3113 1427 3297 1499 dirigit
3347 1427 3398 1480 in

1818 1511 2059 1581 judicio,
2104 1516 2230 1583 quia
2262 1514 2330 1568 ad
2370 1514 2690 1584 promissam
2729 1515 3116 1572 beatitudinem
3157 1531 3250 1572 eos
3277 1516 3407 1573 facit

1824 1605 2125 1674 pervenire.
2155 1604 2422 1678 Qumi'ero
2459 1605 2566 1660 sint
2591 1606 2690 1661 via:
2713 1604 2946 1672 Domini,
2970 1607 3215 1676 sequenti
3244 1621 3402 1662 versu

1825 1695 2068 1764 exponn.

161 1793 409 1848 mandata.
439 1792 650 1848 Semita
678 1795 818 1849 dicta
850 1796 1001 1865 quasi
1034 1797 1161 1849 semi
1202 1797 1303 1860 ria,
1333 1797 1455 1866 quia
1501 1806 1727 1866 angusto

1845 1809 1890 1862 I’l
1970 1807 2237 1863 Universre
2261 1809 2356 1863 via:
2382 1808 2594 1862 Domini
2620 1810 2976 1864 misericordia
2997 1820 3045 1864 et
3071 1811 3258 1865 veritas
3279 1828 3298 1866 :

161 1883 278 1938 calle
298 1884 570 1953 dirigitur,
597 1901 694 1940 nec
717 1887 874 1956 vulgo
898 1896 1022 1942 nota
1045 1897 1146 1953 est,
1173 1888 1266 1944 sed
1294 1888 1506 1944 occulto
1539 1888 1728 1943 itinere

164 1975 463 2030 ambulatur.
515 1975 559 2030 11
607 1975 711 2032 Per
735 1979 984 2032 semitam
1033 1978 1356 2049 intelligitur
1385 1989 1613 2052 angusta
1644 1980 1726 2033 via

161 2083 262 2135 qua:
285 2067 433 2124 ducit
464 2069 539 2122 ad
565 2069 754 2123 vitam.
782 2069 961 2125 Edoce
987 2085 1096 2125 me.
1125 2069 1166 2125 C
1194 2070 1294 2138 Qui
1323 2086 1502 2126 sermo
1527 2087 1632 2126 non
1656 2070 1726 2124 ad

160 2161 327 2217 callem
354 2161 447 2217 sed
488 2160 559 2215 ad
591 2161 765 2229 legem
805 2161 976 2233 magis
1001 2163 1247 2216 noscitur
1272 2163 1565 2231 pertinere.

160 2252 220 2321 ‘5
284 2252 463 2322 Dirige
511 2267 593 2305 me
627 2253 684 2305 in
711 2252 925 2306 ueritate
952 2262 1043 2305 tua
1065 2262 1117 2307 et
1154 2253 1280 2308 doce
1308 2269 1389 2306 me
1412 2268 1431 2306 :

279 2343 416 2408 Quia
446 2353 513 2396 tu
550 2358 605 2396 es
637 2341 777 2397 Deus
797 2340 1035 2396 salvator
1053 2359 1198 2397 meus
1229 2360 1249 2397 :
1277 2357 1339 2399 σιμ
1371 2352 1416 2396 et
1451 2342 1466 2412 ξ
1498 2351 1547 2396 te
1574 2343 1732 2396 susxi-

349 2441 442 2493 nui
482 2448 598 2492 tota
641 2439 745 2492 die.

221 2529 260 2585 C
296 2529 476 2600 Dirige
512 2527 700 2584 mead
730 2529 900 2582 vitam
931 2528 1164 2599 pertinet
1186 2570 1199 2592 ,
1241 2526 1373 2580 doce
1403 2542 1416 2577 :
1455 2523 1520 2578 ad
1558 2523 1734 2577 scien-

169 2621 296 2674 tiam.
325 2621 367 2674 11
398 2620 454 2674 Id
485 2629 578 2675 est
601 2628 660 2674 ut
709 2619 840 2674 nihil
877 2633 1130 2689 perverse
1175 2633 1351 2689 agam.
1399 2615 1440 2670 C
1484 2614 1734 2669 Salutare

167 2721 235 2766 est
254 2712 562 2768 Christiano
587 2730 600 2766 :
629 2719 690 2767 ut
718 2711 888 2766 Deum
917 2712 1018 2766 sibi
1045 2710 1338 2765 salutarem
1362 2708 1568 2764 credat.
1597 2705 1732 2761 Tota

168 2804 257 2869 die,
280 2819 341 2858 ac
366 2804 411 2858 si
439 2804 650 2858 diceret
675 2821 688 2857 :
721 2803 866 2858 omni
903 2803 1008 2868 die,
1038 2803 1246 2858 scilicet
1283 2817 1388 2854 non
1417 2799 1739 2868 interposito

169 2894 261 2961 die,
277 2895 364 2948 sed
387 2894 653 2950 continua
672 2893 782 2946 vita
802 2893 1110 2962 exspectavi
1138 2891 1562 2946 misericordiam
1590 2898 1734 2944 tuam

170 2995 217 3040 et
245 2986 676 3042 retributionem.
703 2985 742 3042 Α
772 2983 1017 3039 Sustinui
1047 2985 1230 3054 itaque
1262 2993 1334 3047 te.
1364 2996 1522 3052 quem
1559 2981 1737 3036 homi-

170 3090 251 3130 nes
289 3085 477 3145 putant
523 3074 752 3130 oblitum
798 3089 984 3128 eorum
1019 3073 1144 3128 dum
1183 3072 1385 3138 tardas,
1416 3078 1738 3139 exspectans

169 3165 415 3231 patienter
472 3163 846 3219 miserationis
904 3173 1008 3217 tua:
1071 3161 1382 3215 dilationem
1437 3160 1491 3214 in
1542 3159 1736 3214 subve-

170 3255 360 3310 tuendo.
917 3249 921 3253 ’

199 3347 229 3398 ti
297 3346 648 3402 Remtmscere
678 3350 1076 3402 miserationum
1107 3356 1342 3410 tuarum,
1370 3343 1588 3400 Domine
1611 3359 1629 3396 :

299 3435 360 3490 Et
401 3437 881 3491 misericordiarum
914 3446 1123 3490 tuarum
1169 3453 1286 3508 quia
1320 3453 1350 3490 a
1374 3423 1564 3490 sreculo
1591 3444 1732 3490 sunt.

229 3529 266 3584 C
289 3531 539 3584 Humano
583 3530 806 3586 uanric
838 3531 1058 3595 dicitur,
1083 3529 1450 3592 reminiscere,
1475 3528 1562 3597 qui
1595 3544 1734 3580 nun-

169 3639 313 3686 quam
347 3634 526 3693 potest
559 3623 762 3692 aliquid
798 3623 1061 3677 oblivisci.
1105 3621 1476 3678 Miserationes
1506 3621 1738 3690 pertinet

172 3715 229 3766 ad
248 3715 588 3782 operationes
611 3716 748 3784 pias.
781 3713 1146 3769 Misericordia
1169 3729 1300 3768 vero
1331 3713 1396 3768 ad
1421 3713 1735 3767 clementem

174 3814 422 3866 naturam,
453 3807 714 3876 quoniam
761 3805 1058 3868 miseratio,
1085 3803 1264 3874 operis
1286 3813 1363 3857 est
1389 3819 1402 3867 ;
1435 3801 1738 3856 misericor-

171 3895 269 3960 dia,
293 3898 494 3951 cordis.
527 3896 735 3951 Szecula
764 3895 926 3962 dicta,
957 3911 1063 3965 quo
1086 3895 1136 3948 in
1165 3908 1223 3950 se
1249 3889 1740 3961 revolvantjngiter

173 3993 411 4055 tempora,
441 4003 471 4041 a
514 3987 778 4057 sequendo
799 4001 921 4040 esse
945 3986 1112 4039 dicta.

203 4075 228 4126 7
297 4076 499 4129 Delicta
525 4076 818 4146 jnventutis
859 4091 1005 4128 metu.

296 4165 362 4218 Et
387 4167 722 4235 ignominias
745 4181 887 4218 meas
912 4181 929 4219 :
953 4181 1016 4218 ne
1044 4164 1356 4216 memineris.

234 4255 268 4309 C
310 4257 578 4310 Delictum
619 4257 834 4327 quidam
867 4256 1051 4310 volunt
1076 4255 1246 4310 levius
1276 4269 1394 4308 esse
1424 4261 1702 4323 peccatum
1722 4293 1735 4316 ,

174 4346 307 4409 quasi
337 4346 685 4414 derelictum,
722 4346 924 4400 dictutn
971 4346 1038 4400 ab
1065 4360 1130 4399 eo
1159 4344 1300 4414 quod
1331 4344 1468 4397 viam
1505 4342 1738 4396 derelin-

175 4445 288 4500 quat
319 4438 621 4507 :equitatis.
666 4435 710 4490 11
750 4434 1078 4500 Iuventutis,
1123 4435 1174 4490 id
1205 4443 1309 4498 est,
1338 4450 1457 4503 quae
1483 4434 1532 4487 in
1560 4432 1755 4486 adole-‘

176 4527 358 4580 arentia
381 4528 553 4597 gessi.
588 4528 628 4582 Ο
647 4527 1150 4597 lgnorantiasdixit,
1179 4525 1300 4595 quia
1327 4524 1489 4578 multa
1515 4523 1739 4576 facimus

179 4630 281 4682 qua:
319 4619 458 4673 mala
505 4633 631 4673 esse
679 4619 975 4683 nescimus,
1016 4618 1136 4673 ideo
1170 4626 1422 4687 precatur
1451 4632 1518 4668 ne
1548 4615 1742 4669 delicta

180 4706 280 4774 ejus
307 4711 645 4776 meminerit,
669 4710 762 4766 sed
791 4713 973 4781 potius
995 4726 1201 4766 memor
1225 4709 1341 4779 ejus
1371 4709 1440 4764 sit
1471 4724 1566 4778 per
1587 4722 1740 4761 suam

179 4797 618 4865 titisea-icordiatn.
637 4867 644 4874 ἓ

208 4892 237 4945 8
303 4893 616 4956 Secundum
641 4895 1048 4955 misericordiam
1069 4907 1213 4950 luant
1240 4905 1491 4950 memento
1516 4892 1612 4948 mei
1641 4901 1698 4944 tu
1723 4907 1739 4944 :

307 4983 526 5054 Propter
564 4985 842 5040 bonitatem
866 4997 1034 5050 tuam,
1065 4986 1299 5040 Domine.

241 5072 279 5126 11
318 5073 639 5130 Secundum
686 5082 830 5128 tuam
876 5075 1338 5149 misericordiam,
1385 5077 1435 5130 id
1490 5085 1589 5140 cst,
1637 5091 1744 5129 non

215 5173 378 5188 σιΛηΙΑ-
418 5177 608 5188 ..-Α-.-νε
664 5172 902 5188 ινιΑιιὲΙ..-υι

1098 5174 1312 5188 ⁸-Ιιῇ.κ»“

1974 1897 2142 1966 Requi
2149 1899 2379 1953 rentibus
2397 1908 2758 1954 testamentum
2777 1901 2888 1971 ejus
2899 1912 2944 1955 et
2962 1903 3256 1956 testimonia
3268 1903 3402 1972 ejus.

1896 1989 1939 2043 C
1976 1989 2253 2044 Universa:
2273 1991 2371 2044 via:
2397 1991 2606 2046 Domini
2639 1990 3027 2057 misericordia,
3056 1993 3181 2063 quia
3207 2008 3407 2062 praeve-

1826 2079 1911 2134 nit
1948 2089 2146 2135 cuncta
2171 2078 2430 2136 bonitate
2467 2096 2584 2136 sua.
2623 2081 2870 2148 Veritas,
2901 2084 3027 2153 quia
3057 2085 3234 2140 omnia
3265 2085 3408 2155 juste

1814 2170 2107 2244 diiudicat.
2181 2172 2388 2240 Quibus
2436 2188 2566 2229 vero
2636 2185 2861 2243 possunt
2906 2177 3032 2231 talia
3098 2179 3408 2244 convenire,

1835 2263 2109 2332 sequitur:
2143 2261 2543 2332 requirentibus
2577 2273 2984 2322 testamentum.
3013 2267 3056 2322 11
3097 2268 3150 2322 Id
3181 2278 3280 2333 est,
3309 2286 3408 2322 nn-

1831 2372 1956 2411 vum
1983 2369 2072 2422 ;et
2098 2358 2430 2423 testimonia,
2461 2358 2511 2413 id
2545 2368 2627 2414 est
2659 2359 2798 2414 dicta
2831 2360 3244 2430 praecedentium
3283 2376 3405 2431 pro-

1833 2447 2137 2516 pbetarum.

1837 2557 1903 2612 12
1978 2557 2198 2630 Propter
2242 2578 2426 2616 nomen
2467 2571 2615 2616 tuum
2642 2577 2704 2618 ιθ-
2746 2562 2967 2619 Domine
2999 2563 3016 2636 ζ
3047 2564 3410 2634 propitiuberis

2046 2662 2256 2722 17866010
2280 2671 2391 2708 meo
2415 2670 2434 2708 .°

1983 2741 2206 2796 Multum
2229 2753 2302 2796 est
2332 2745 2490 2798 enim.

1907 2829 1949 2884 C
1980 2829 2090 2884 Hoc
2115 2833 2249 2886 bene
2285 2831 2516 2886 refertur
2547 2831 2613 2887 ad
2656 2848 2939 2902 personam
2991 2833 3271 2897 Ecclesiae,
3295 2849 3412 2902 qum

1839 2937 1898 2978 se
1928 2923 2188 2977 salvatam
2214 2924 2343 2978 dicit
2369 2933 2590 2993 propter
2617 2940 2814 2979 nomen
2835 2924 2985 2989 Jesu,
3011 2926 3153 2994 quod
3175 2923 3406 2993 linguam

1841 3021 2022 3068 nostra
2051 3012 2298 3068 Salvator
2336 3015 2736 3083 interpretatur.
2765 3016 2994 3071 Peccato
3035 3030 3152 3068 meo
3190 3015 3413 3069 multum

1843 3105 2112 3169 estenim,
2149 3107 2272 3175 quia
2324 3106 2424 3160 nisi
2474 3105 2636 3161 fuerit
2691 3107 2873 3162 divina
2906 3101 3256 3160 miseratione
3283 3105 3408 3159 sub-

1843 3206 2080 3261 ventum,
2112 3205 2371 3267 quantnm
2406 3198 2510 3252 vita
2545 3200 2914 3266 protenditur,
2943 3206 3148 3252 tantum
3178 3199 3410 3251 lmmana

1842 3286 2106 3358 fragilitas
2129 3288 2364 3356 peccatis
2388 3289 2705 3354 involvitur,
2732 3290 2988 3358 quoniam
3019 3303 3182 3344 cursu
3208 3297 3413 3356 tempo-

1842 3377 1918 3432 ris
1945 3393 2155 3446 semper
2179 3387 2421 3449 augetur.

1846 3467 1914 3520 15
1992 3466 2123 3532 Quis
2146 3479 2221 3522 est
2249 3469 2404 3521 homo
2427 3467 2518 3538 qui
2541 3468 2686 3522 timet
2707 3468 2986 3522 Dominum
3007 3469 3030 3521 1'

1989 3555 2175 3627 Legem
2199 3558 2382 3611 statuit
2404 3559 2450 3612 ei
2483 3559 2536 3612 in
2564 3559 2648 3612 via
2674 3574 2830 3628 quam
2851 3559 3024 3628 elegit.

1913 3649 1954 3704 (Σ
1983 3648 2130 3704 More
2153 3664 2250 3705 suo
2273 3649 2654 3721 interrogando
2682 3651 2812 3705 dicit
2841 3649 3106 3720 Propheta
3139 3669 3151 3704 :
3181 3650 3311 3717 Quis
3333 3659 3418 3704 est

1846 3741 2007 3798 homo
2031 3742 2122 3810 qui
2151 3741 2340 3795 timeat
2379 3740 2698 3795 Dominum?
2741 3744 3029 3796 constituta
3054 3749 3137 3795 est
3171 3741 3245 3793 illi
3286 3739 3366 3794 lex
3396 3781 3410 3802 ,

1847 3848 1912 3886 ne
1943 3831 2043 3887 sub
2076 3832 2368 3888 securitate
2409 3832 2724 3902 ignorantia:
2761 3841 2978 3901 peccet,
3025 3831 3078 3885 in
3115 3831 3220 3894 via,
3251 3831 3299 3883 id
3332 3838 3420 3883 est

1845 3922 1898 3976 in
1948 3923 2232 3978 sanctitate
2271 3922 2551 3992 propositi.
2582 3921 2625 3975 H
2673 3920 2786 3989 Vel,
2819 3922 2871 3976 in
2909 3922 2993 3975 via
3025 3920 3168 3985 lidci,
3199 3920 3243 3974 si
3270 3908 3412 3974 enim

1847 4013 2017 4078 timet,
2061 4013 2350 4067 securitate
2375 4027 2479 4066 non
2511 4012 2795 4081 decipitur.

1848 4125 1914 4178 H
1986 4127 2174 4179 Anima
2203 4127 2316 4196 ejus
2339 4127 2390 4178 in
2422 4125 2567 4178 bonis
2594 4123 2949 4178 demorabitur
2973 4143 2986 4178 :

1988 4216 2053 4270 Et
2087 4235 2256 4271 semen
2291 4217 2403 4286 ejus
2431 4217 2756 4270 hrereditabit
2801 4227 3028 4270 terram-

1921 4307 1961 4361 ll
1995 4307 2186 4360 Anima
2206 4306 2338 4376 justi
2369 4306 2420 4359 in
2457 4306 2614 4360 bonis
2649 4305 3034 4371 demorabitur,
3063 4306 3164 4361 hoc
3193 4314 3277 4360 est
3300 4319 3422 4375 per-

1851 4399 2118 4455 si-verabit
2153 4398 2420 4468 sperando
2443 4397 2495 4450 in
2533 4397 2770 4467 pra-miis
2790 4396 2986 4451 futuris
3006 4410 3187 4452 semen
3214 4394 3350 4464 ejus.
3381 4395 3425 4450 (Σ

1767 4489 1822 4550 Ι)
1851 4491 1902 4544 Id
1935 4503 2020 4546 est
2058 4504 2221 4558 opera
2258 4488 2398 4543 bona
2439 4487 2844 4543 haereditabunt
2879 4497 3076 4559 terram
3105 4485 3422 4545 viventium,

1851 4585 1901 4638 id
1927 4594 2008 4639 est
2041 4584 2093 4638 in
2117 4591 2320 4637 aeterna
2350 4581 2645 4636 securitate
2673 4580 3034 4650 recipientur,
3075 4586 3130 4633 et
3156 4575 3438 4648 possessio

1847 4679 1963 4748 ejus
1989 4677 2130 4732 milia
2159 4677 2386 4732 ulterius
2421 4657 2759 4744 expulsione.
2784 4671 3093 4735 turbabitur
3113 4709 3129 4734 ,
3160 4669 3250 4737 qui
3283 4665 3431 4720 enim

1848 4769 2048 4839 aliquid
2087 4783 2154 4823 ex
2190 4766 2505 4822 haereditate
2541 4771 2724 4830 tenet,
2755 4762 3066 4820 ﬁrmissima
3093 4758 3410 4830 possession.

1848 4860 2134 4932 gloriatur.

1856 4975 1920 5028 15
1997 4971 2414 5027 Firmamentum
2443 4979 2516 5028 est
2563 4966 2815 5023 Dominus
2859 4964 3156 5018 timentibus
3203 4971 3318 5011 enm
3345 4965 3363 5002 :

1992 5061 2057 5116 Et
2099 5069 2468 5117 testamentum
2511 5059 2670 5130 ipsius
2703 5065 2756 5108 ut
2798 5055 3163 5122 manifestetur
3202 5047 3325 5098 illis.
3408 5125 3421 5136 .

1927 5153 1968 5188 11
2005 5152 2108 5188 Nnc
2162 5152 2362 5188 ἰηιὶιιηιὶ
2410 5162 2459 5188 οι
2514 5146 2828 5188 inultm-illas-
2863 5143 2911 5188 si
2965 5144 3210 5188 timemus
3256 5136 3452 5188 Donu-

2162 5152 2362 5188 inlinrni
