4000 5370
513 350 618 405 “9

510 463 578 517 16
653 464 808 519 Oculi
842 468 943 521 mei
976 484 1176 539 semper
1203 470 1273 524 ad
1313 471 1593 530 Dominum
1621 493 1641 532 .'

653 554 915 621 Quoniam
948 559 1053 628 ipse
1077 560 1254 615 evellet
1285 564 1351 618 de
1378 562 1566 635 laqueo
1588 569 1742 638 pedes
1769 587 1929 627 meos.

548 716 553 725 .
585 667 629 723 ll
669 668 823 725 Oculi
855 670 958 725 mei
988 671 1057 726 ad
1084 671 1392 743 Dominum,
1419 676 1472 731 id
1502 689 1589 733 est
1613 681 1754 737 oculi
1785 683 1987 750 cordis,
2016 686 2099 742 vel

510 774 677 814 mens.
696 775 817 815 mea
863 776 1083 833 semper
1131 766 1332 837 cogitet
1383 768 1692 837 Dominum,
1732 774 1988 843 quoniam
2032 778 2098 833 de

509 851 703 921 laqueo
726 852 926 909 diaboli
955 871 1148 912 sensus
1171 874 1321 914 meos
1346 859 1398 932 (a
1423 876 1531 932 quo
1560 865 1713 934 prius
1733 880 1830 936 per
1853 869 2099 939 voluptas

510 950 590 998 tes
621 944 803 999 seaculi
835 947 1128 1019 capiebar).
1148 950 1361 1007 evellet.

509 1056 575 1110 Π
648 1056 862 1127 Respice
884 1060 942 1114 in
973 1077 1054 1116 me
1084 1071 1132 1116 et
1162 1063 1406 1119 miserere
1438 1068 1589 1121 mei':

650 1150 788 1215 Quia
820 1152 1006 1207 unicus
1037 1162 1087 1207 et
1115 1170 1315 1224 pauper
1344 1172 1461 1210 sum
1493 1174 1605 1229 ego.

540 1276 543 1277 '
580 1258 621 1314 C
648 1258 911 1328 Superius
942 1261 1096 1329 dixit,
1121 1265 1260 1319 oculi
1287 1266 1390 1322 mei
1416 1282 1632 1339 semper
1667 1272 1734 1326 ad
1767 1273 2051 1331 Dominum
2078 1293 2095 1344 ;

510 1366 657 1406 nunc
700 1351 852 1417 dicit,
887 1354 1095 1424 respice
1125 1355 1177 1409 in
1215 1371 1300 1411 me
1329 1360 1784 1427 quemadmodum
1815 1380 1914 1436 ego
1943 1367 1997 1421 in
2023 1377 2093 1422 te.

511 1440 773 1497 Miserere
808 1446 939 1508 mei,
987 1443 1031 1499 Il
1079 1445 1201 1514 quia
1246 1448 1414 1504 miser
1466 1465 1610 1515 sum,
1644 1454 1835 1509 unicus
1877 1465 1963 1511 est
2003 1471 2099 1526 po-

511 1532 671 1601 pulus
701 1532 1063 1591 Christianus.
1098 1536 1140 1591 C
1187 1536 1289 1605 Qui
1321 1539 1512 1596 unicus
1539 1552 1622 1597 est
1663 1543 1709 1600 ei
1731 1585 1746 1610 ,
1795 1546 1919 1615 quia
1950 1549 2100 1605 solus

509 1636 853 1682 sacramenta
885 1628 1004 1684 lidci
1037 1633 1296 1696 custodit,
1320 1648 1558 1704 pauper:
1580 1638 1834 1706 quoniam
1859 1657 1887 1695 a
1911 1642 2097 1697 mundi

510 1716 780 1774 illecebris
805 1730 1140 1793 segregatus,
1170 1724 1315 1779 nulla
1348 1727 1526 1782 saeculi
1555 1728 1896 1787 ambititioue
1926 1730 2099 1788 rcl‘er-

510 1821 601 1867 lllS
635 1821 738 1868 εει.

512 1925 578 1981 18
656 1925 1041 1985 Tribulationes
1087 1932 1259 1986 cordis
1305 1935 1407 1988 mei
1444 1934 1804 2007 multiplicata:
1856 1948 1976 1993 sunt
2006 1953 2027 1991 :

651 2016 731 2072 De
769 2021 1159 2075 necessitatibus
1197 2023 1323 2078 meis
1349 2041 1473 2080 erue
1511 2042 1611 2081 me.

578 2128 622 2185 C
657 2129 1025 2202 Multiplicatae
1064 2142 1191 2188 sunt
1225 2134 1604 2195 tribulationes
1655 2138 1933 2206 Ecclesiae,
1969 2142 2095 2199 dum

509 2223 872 2294 cogitationes
909 2240 1038 2281 suas
1068 2227 1181 2297 iper
1224 2228 1567 2288 calamitates
1618 2235 1803 2290 mundi
1855 2236 1968 2306 (ubi
2014 2245 2100 2293 est

513 2315 802 2386 seminata)
853 2318 1144 2386 distendit;
1197 2335 1421 2379 necesse
1454 2332 1540 2379 est
1584 2324 1729 2379 enim
1781 2333 1838 2380 ut
1877 2327 2099 2399 copioso

510 2408 659 2465 fasce
688 2411 1045 2481 deprimatur,
1076 2414 1168 2484 qui
1205 2430 1306 2486 pro
1351 2416 1535 2472 multis
1560 2417 1833 2490 allligitur.
1880 2419 1959 2475 De
2008 2435 2098 2475 ne-

514 2503 859 2561 cessitatibus
909 2506 1059 2572 dicit,
1097 2522 1233 2578 quas
1278 2519 1684 2579 persecutorum
1718 2521 1883 2583 atque
1926 2512 2099 2568 imre-

514 2595 743 2653 ticorum
792 2599 1100 2668 patiebatur
1148 2601 1380 2669 insidiis,
1414 2604 1469 2666 hi
1519 2613 1647 2660 sunt
1677 2605 1820 2662 enim
1870 2605 1961 2677 qui
2006 2618 2100 2661 ne-

514 2700 628 2740 cem
663 2687 891 2757 cupiunt
938 2688 1141 2745 inferre
1170 2689 1521 2749 Christianis.
1549 2696 1594 2749 Α
1627 2696 1694 2760 Et
1741 2699 2100 2754 necessitates

516 2790 660 2836 recte
708 2780 1063 2836 adversitates
1093 2782 1382 2852 dicuntur,
1432 2788 1558 2857 quia
1604 2792 1938 2847 necessarias.
1974 2803 2101 2850 sunt

517 2874 582 2925 ad
627 2886 851 2942 regnum
900 2872 1163 2935 caelorum
1215 2877 1576 2934 tendentibus.
1627 2878 1670 2934 α
1720 2879 1812 2935 Vel
1858 2886 2099 2941 necessi-

516 2970 679 3027 tates,
710 2963 939 3019 venialia
969 2964 1106 3025 dicit
1133 2974 1380 3036 peccata,
1410 2967 1528 3024 sine
1554 2969 1751 3041 quibus
1780 2973 1963 3030 vivere
1995 2988 2100 3030 non

517 3066 825 3120 possumus.

516 3164 583 3217 19
670 3164 795 3222 Vide
840 3168 1191 3231 humilitatem
1220 3190 1390 3229 meam
1429 3185 1476 3229 et
1505 3174 1735 3233 laborem
1763 3193 1933 3232 meum
1964 3196 1985 3233 :

661 3256 730 3312 Et
757 3259 960 3317 dimitte
1002 3264 1245 3320 universa
1273 3264 1464 3321 delicta
1507 3284 1643 3323 mea.

1485 362 1542 418 S.
1585 362 1932 433 DRUNONIS
1970 369 2511 434 HERBIPOLENSIS
2545 377 2853 439 EPISCOPI
3680 389 3784 447 {20

2120 487 2169 546 Α
2195 483 2268 539 29»
2339 486 2647 546 Innocentes
2689 504 2737 548 et
2780 494 2906 549 recti
2932 495 3270 557 adlict'serunt
3301 496 3429 561 mihi
3455 514 3475 553 :

2345 577 2485 644 Quia
2522 583 2748 638 sustinui
2782 596 2851 642 te.

2270 667 2310 723 C
2361 668 2713 740 Innocentes,
2767 678 3023 747 parvulos
3076 680 3213 738 dicit
3262 698 3423 741 sacro
3460 685 3787 759 baptismate

2201 772 2568 830 regeneralos.
2598 765 2799 824 Rectus
2827 771 2918 840 qui
2941 770 3058 843 jam
3101 783 3317 831 matura
3343 787 3503 834 aetate
3532 783 3790 841 conversi

2198 862 2324 908 sunt
2348 870 2378 909 a
2399 858 2657 926 peccatis.
2679 859 2805 917 ideo
2835 866 3097 921 veroillos
3116 868 3412 925 adhaesisse
3441 872 3575 929 dicit
3604 874 3790 937 Eccle-

2197 943 2281 997 sia
2315 944 2444 1011 sibi,
2475 949 2732 1018 quoniam
2760 953 3017 1010 sustinuit
3056 956 3248 1027 Deum,
3289 960 3563 1037 patienter
3590 964 3786 1020 aduer-

2198 1033 2392 1092 sitates
2426 1040 2753 1098 sustinendo

2197 1148 2267 1203 23
2344 1151 2551 1218 Libera,
2576 1155 2719 1212 Deus
2756 1157 2931 1216 Israel
2965 1180 2986 1219 :

2337 1243 2425 1299 Ea:
2466 1249 2706 1305 omnibus
2732 1252 3157 1313 tribulationibus
3187 1262 3317 1316 suis.

2270 1334 2311 1391 C
2344 1334 2539 1393 Libera
2585 1340 2727 1398 Deus
2754 1341 2944 1412 Israel,
2976 1348 3029 1404 id
3058 1359 3141 1405 est
3173 1351 3312 1408 Deus
3361 1361 3413 1410 te
3458 1356 3790 1416 videntium.

2196 1426 2242 1480 Α
2276 1427 2391 1495 Vel,
2418 1444 2452 1485 ο
2478 1431 2636 1500 Deus,
2674 1433 2844 1491 libera
2869 1437 3055 1507 Israel,
3092 1442 3143 1496 id
3170 1453 3252 1498 est
3282 1446 3539 1517 populum
3560 1490 3577 1514 ,
3626 1465 3793 1520 quem

2199 1520 2268 1574 ad
2305 1521 2570 1578 visionem
2622 1534 2768 1582 tuam
2800 1534 3137 1600 prteparasti.
3178 1534 3218 1591 C
3250 1536 3386 1605 Quia
3432 1540 3579 1611 ipsos
3605 1552 3798 1614 gratos

2199 1611 2385 1679 habet,
2417 1615 2616 1684 quibus
2643 1631 2993 1697 conspectum
3036 1639 3149 1680 sua:
3188 1611 3666 1700 contemplationis
3710 1632 3806 1690 in-

2202 1702 2407 1775 dulget.

2130 1842 2179 1901 Β

2656 1817 2854 1861 ORATIO
2898 1823 2963 1861 EX
3007 1824 3154 1865 ιιεΑι.
3195 1827 3359 1871 XXIV»

2271 1910 2466 1970 Libera
2498 1929 2598 1970 nos
2626 1916 2879 1974 omnibus
2907 1922 3172 1991 angustiis
3218 1926 3447 1992 nostris,
3496 1927 3810 1988 mitissime-

2202 2002 2364 2070 Deus,
2404 2005 2534 2076 quia
2570 2008 2638 2062 ad
2689 2017 2742 2063 te
2788 2011 2997 2067 animas
3038 2023 3256 2072 nostras
3298 2017 3561 2088 erigimus
3594 2039 3609 2074 :
3642 2022 3798 2078 Obli-

2094 2080 2097 2081 ⁷
2200 2094 2440 2160 ιὶεοετθ,
2491 2111 2818 2167 quaesumus,
2871 2101 3064 2157 delicta
3093 2103 3396 2174 juventulis
3446 2116 3501 2164 et
3532 2110 3807 2178 ignoran-

2203 2186 2290 2243 tia:
2321 2190 2564 2259 prioris,
2618 2200 2675 2248 et
2725 2194 2771 2249 si
2811 2196 2941 2266 quid
2995 2197 3333 2269 negligenter
3380 2201 3801 2272 delinquimus,

2201 2279 2498 2336 clementer
2555 2284 2766 2356 ignoce.
2821 2285 2924 2342 Per
2975 2287 3264 2345 Dominum
3309 2301 3555 2349 nostrum
3604 2291 3805 2352 lcitum

2202 2370 2502 2439 Christum,
2531 2382 2639 2430 etc.

2730 2466 2954 2524 PSALM
2963 2469 3048 2528 US
3089 2473 3183 2529 XX
3199 2474 3256 2529 ν.

2633 2596 2996 2639 ARGUIEN’I‘UI
3034 2600 3180 2642 PSAL.
3223 2603 3351 2644 XXV.

2272 2691 2312 2749 C
2354 2691 2521 2748 Totus
2543 2692 2735 2763 psalmi
2767 2693 2927 2764 hujus
2954 2704 3131 2752 textus
3170 2700 3235 2754 ad
3265 2698 3563 2770 perlectum
3601 2712 3802 2775 aptan-

2203 2784 2303 2839 dus
2331 2794 2415 2840 est
2447 2782 2843 2851 Christianum,
2877 2788 2967 2858 qui
3007 2789 3341 2846 diversorum
3381 2792 3539 2851 laude
3569 2797 3798 2852 merito-

2206 2888 2324 2927 rum
2371 2873 2426 2927 in
2461 2871 2701 2929 Ecclesia
2752 2889 3161 2951 perseverans:
3191 2880 3388 2938 divinis
3424 2897 3482 2938 se
3512 2884 3798 2945 beneﬁciis

2204 2961 2535 3019 consolatur.

2345 3075 2457 3134 TT.
2488 3076 2603 3151 Ipsi
2634 3094 2697 3137 αι-
2725 3079 2971 3138 Psalmus
3006 3084 3026 3156 ζ
3055 3083 3255 3145 David.

2127 3196 2174 3259 ο
2277 3170 2319 3227 C
2361 3170 2527 3228 Totus
2566 3173 2655 3230 hic
2693 3175 2932 3246 psalmus
2963 3178 3030 3232 ad
3073 3177 3371 3247 perfectum
3410 3182 3676 3251 aptandus
3711 3193 3809 3239 est

2207 3259 2627 3333 Christianum;
2653 3263 2746 3319 sed
2779 3274 2990 3328 tamen,
3030 3281 3152 3321 cum
3188 3283 3219 3321 a
3259 3267 3351 3323 tali
3396 3270 3631 3340 hymnus
3659 3271 3803 3328 dici-

587 3351 630 3404 Α
674 3350 715 3407 ρ
744 3351 896 3418 Vide,
929 3353 981 3408 id
1011 3364 1095 3412 εει
1145 3358 1412 3428 propitius
1440 3361 1670 3431 respice,
1704 3360 1991 3420 nummus
2016 3375 2104 3419 εει
2207 3361 2315 3419 tur,
2353 3367 2576 3409 necesse
2616 3361 2701 3409 cst
2737 3362 2794 3409 ut
2841 3356 2907 3410 ad
2947 3353 3221 3412 Christum
3263 3358 3548 3415 Dominum
3589 3361 3798 3418 intellio

521 3440 803 3509 Ecclesiae,
834 3447 1052 3515 quando
1102 3448 1535 3519 indisciplinatos
1576 3452 1821 3509 docendo
1848 3455 2100 3510 sustinet.

518 3534 559 3588 C
609 3534 789 3591 Labor
830 3538 999 3607 ipsius
1049 3550 1174 3607 est,
1229 3543 1355 3614 quia
1408 3544 1595 3601 multis
1637 3548 2104 3617 persecutionibns

517 3627 794 3698 fatigatur.
824 3627 1016 3686 Merito
1066 3633 1168 3688 sibi
1196 3636 1379 3689 omnia
1411 3645 1634 3706 peccata
1670 3638 1997 3708 deprecatur
2024 3640 2106 3696 di-

518 3721 687 3787 mitti,
732 3723 858 3793 quia
896 3723 1066 3780 durus
1092 3724 1259 3781 labor-
1287 3726 1586 3785 tolerantiae
1628 3745 1842 3801 semper
1870 3732 2107 3789 clemen-

523 3812 656 3867 tiam
700 3811 902 3881 judicis
941 3825 1267 3886 exspectat,
1300 3817 1487 3885 idest,
1532 3831 1754 3892 propter
1801 3823 1961 3879 istam
2008 3826 2110 3880 hu-

521 3904 810 3962 militatem
853 3917 909 3963 et
956 3908 1230 3974 laborem,
1281 3921 1526 3968 uteretur
1572 3914 1961 3986 indulgentiam
2008 3916 2107 3972 de-

522 3996 798 4055 lictorum.

2207 3446 2401 3517 gentize
2432 3447 2630 3502 virtute
2669 3448 2957 3504 referatur.

2244 3561 2277 3620 1
2346 3559 2540 3615 Judica
2574 3577 2676 3625 me,
2708 3559 2956 3628 Domine,
3003 3565 3251 3631 quoniam
3289 3583 3379 3638 ego
3412 3566 3466 3621 in
3494 3568 3804 3624 innocentia

2420 3666 2534 3705 mea
2560 3652 2822 3720 ingressus
2849 3668 2962 3706 sum
2988 3668 3007 3707 :

2354 3740 2417 3795 Et
2445 3744 2507 3797 in
2529 3742 2751 3799 Domino
2779 3760 2990 3811 sperans
3020 3761 3124 3800 non
3153 3746 3479 3816 inﬁrmabor.

2279 3834 2320 3890 C
2357 3834 2547 3890 Judica
2578 3849 2684 3901 me,
2717 3834 2975 3903 Domine;
3014 3837 3252 3907 postulat
3277 3840 3423 3894 enim
3464 3841 3549 3894 vir
3572 3852 3807 3900 sanctus

2202 3924 2435 3995 judicia,
2471 3926 2598 3997 quia
2644 3934 2826 3981 certus
2866 3935 2984 3981 erat
3021 3928 3087 3983 de
3131 3927 3248 3998 ejus
3292 3930 3693 3988 misericordia.
3739 3936 3805 3989 lu

2208 4017 2514 4073 innocentia
2556 4017 2876 4088 ingreditur,
2908 4017 2961 4073 id
2994 4028 3079 4075 est
3118 4021 3263 4075 inter
3295 4031 3612 4093 peccatores
3645 4025 3803 4080 habit-

521 4111 593 4167 20
664 4112 884 4186 Respice
932 4117 1176 4174 inimicos.
1236 4135 1375 4174 meos
1402 4162 1415 4185 ,
1466 4122 1719 4191 quoniam.
1775 4121 2110 4203 multiplicati
2210 4120 2341 4203 “‘95,
2372 4125 2477 4203 "9"
2519 4118 2722 4203 99°C?“-
2763 4108 2877 4165 Νοη
2922 4112 3143 4167 conﬁdit
3180 4114 3348 4170 “iam
3383 4114 3436 4170 i"
3484 4131 3613 4180 “"35
3653 4118 3802 4174 Vir“

775 4219 894 4264 sunt
923 4225 943 4265 ἔ

673 4297 739 4350 Iit
773 4299 893 4353 odio
923 4301 1101 4372 iniquo
1141 4302 1360 4358 oderunt
1395 4320 1494 4358 me.

596 4389 643 4443 ll
700 4390 966 4463 Respice,
1016 4410 1118 4450 vox
1182 4395 1439 4453 Ecclesiae
1499 4414 1596 4469 pro
1647 4402 2104 4469 persecutoribus.

526 4480 569 4534 C
598 4479 731 4537 Orat
772 4491 834 4537 ut
887 4485 1134 4550 redeant,
1182 4488 1306 4556 quia
1361 4505 1522 4559 quem
1578 4491 1665 4547 ille
1714 4493 1957 4563 respicit,
1989 4496 2107 4551 sine

527 4571 790 4628 dilatione
825 4575 1114 4635 convertit.
1154 4575 1494 4647 Multiplicati
1542 4590 1689 4647 sunt,
1741 4583 1793 4638 in
1845 4587 2104 4655 peccatis.

525 4661 662 4717 Odio
710 4663 919 4734 iniquo,
967 4665 1196 4733 addidit,
1232 4668 1357 4735 quia
1405 4677 1459 4724 et
1496 4671 1698 4740 justum
1743 4675 1925 4729 odium
1978 4687 2102 4742 est,

526 4763 587 4807 ut
625 4754 753 4809 illud
805 4767 889 4811 cst
926 4775 939 4810 :
976 4754 1224 4813 Perfecto
1278 4758 1404 4813 odio
1455 4760 1674 4816 oderam
1731 4764 1851 4820 illos
1908 4763 2100 4835 (Psat.

526 4860 766 4900 cxxxvtu
786 4845 825 4917 ).
858 4846 949 4900 Isti
982 4857 1160 4902 autem
1189 4865 1295 4904 non
1326 4848 1421 4905 illo
1447 4848 1599 4920 justo
1644 4855 1767 4911 odio
1794 4856 1886 4911 sed
1916 4858 2103 4931 iniquo

525 4936 755 4989 tulerunt
780 4954 886 4992 tuo.

524 5045 585 5100 21
666 5049 886 5100 Custodi
914 5053 1145 5100 mn'mnm
1178 5071 1343 5100 ineant
1378 5066 1427 5100 ρι
1460 5072 1583 5100 enm
1610 5073 1690 5100 mo
1726 5073 1741 5086 -

2207 4202 2301 4256 sed
2330 4202 2384 4256 in
2413 4202 2607 4268 Deum,
2637 4202 2757 4257 ideo
2783 4217 2888 4258 non
2920 4203 3301 4260 iulirmabitur.

2242 4314 2279 4368 Ξ
2350 4313 2527 4369 Proba
2554 4330 2656 4379 me,
2688 4314 2932 4380 Domino,
2959 4323 3008 4371 et
3031 4326 3171 4372 tenta
3199 4335 3281 4374 me
3304 4333 3324 4370 :

2350 4403 2459 4458 Ure
2487 4421 2631 4460 renes
2662 4422 2801 4461 meos
2826 4416 2874 4461 et
2903 4423 2992 4461 cor
3019 4424 3210 4462 meum.

2282 4495 2349 4552 Ii.
2392 4496 2614 4552 Probari
2653 4512 2712 4552 se
2741 4507 2894 4570 rogat
2922 4497 3159 4555 Ecclesia
3184 4540 3200 4565 ,
3240 4509 3297 4555 ut
3332 4516 3391 4557 se
3420 4514 3714 4574 cognoscat
3745 4517 3801 4564 et

2215 4588 2283 4643 ab
2321 4588 2457 4643 aliis.
2484 4597 2859 4658 cognoscatur.
2903 4588 2944 4643 C
2994 4589 3121 4645 Dum
3160 4601 3287 4646 sunt
3327 4596 3655 4652 tentationes
3691 4614 3799 4653 una

2213 4677 2457 4743 Domini,
2505 4692 2609 4747 qua
2653 4678 2824 4733 bonos
2870 4686 3036 4732 tentat
3081 4686 3141 4733 ut
3184 4695 3278 4735 eos
3322 4684 3576 4750 erudiat;
3621 4685 3799 4741 altera

2212 4770 2441 4831 diaboli,
2488 4786 2609 4840 quae
2642 4784 2855 4841 semper
2883 4770 3030 4826 ducit
3062 4772 3129 4827 ad
3169 4782 3422 4829 mortem.
3469 4776 3828 4847 Ure-renes,

2211 4863 2257 4919 Η
2288 4864 2341 4919 Id
2377 4872 2480 4928 est,
2512 4864 2773 4935 Spiritum
2811 4873 3057 4919 sanctum
3093 4865 3288 4921 adhibe
3321 4867 3794 4926 delectationibus.

2214 4955 2276 5010 Et
2305 4970 2399 5010 cur
2435 4971 2613 5010 meum
2634 4995 2650 5019 ,
2693 4955 2747 5010 id
2778 4963 2862 5011 est
2891 4956 3310 5027 cogitationibus
3356 4961 3491 5016 meis
3527 4961 3796 5034 Spiritum

2211 5055 2458 5100 sanctum
2491 5047 2706 5100 adhibe.
