4000 5370
219 403 302 463 ﬁl

244 520 274 573 4
343 518 467 575 Non
493 519 605 576 sedi
634 517 684 574 in
713 520 931 576 concilio
963 522 1201 576 vanitatis
1226 534 1243 571 :

345 611 410 665 Et
440 628 558 665 cum
583 612 763 682 iniqua
788 613 1078 681 gerentibus
1109 628 1212 666 non
1242 612 1486 666 introibo.

273 703 314 757 li
352 702 467 757 Non
506 704 620 759 sedi
663 705 714 759 in
755 705 999 771 concilio,
1042 705 1096 761 id
1127 715 1211 761 est
1245 721 1349 761 non
1390 721 1508 761 sum
1546 709 1768 779 conjun-

210 807 317 852 Ctus
348 796 452 858 his,
481 796 573 865 qui
611 805 803 851 contra
834 796 1112 853 Christum
1153 815 1331 854 meum
1361 816 1560 856 vanum
1609 812 1773 874 agunt

208 884 499 941 concilium.
527 885 782 942 lntroitus
808 887 897 943 hic
921 888 1129 942 initium
1153 889 1423 961 significat
1445 893 1771 962 operationis

208 975 367 1039 malm,
392 976 535 1043 quod
561 978 647 1031 vir
670 986 890 1034 sanctus
911 994 940 1034 a
963 993 1022 1035 se
1043 979 1328 1050 proﬁtetur
1351 981 1604 1039 alienum.
1631 984 1769 1041 Vanl

207 1076 369 1122 autem
396 1079 546 1136 sunt,
578 1071 669 1141 qui
698 1072 913 1129 caducis
941 1072 1379 1143 inquisitionibus
1411 1086 1766 1147 occupantur,

206 1170 252 1216 et
279 1162 327 1216 in
358 1162 627 1233 superﬂua
660 1167 967 1221 narratione
999 1178 1209 1239 tempus
1238 1181 1577 1227 consumunt.
1613 1172 1766 1244 Impii

205 1262 398 1317 autem,
427 1254 522 1322 qui
562 1255 949 1323 quaestionibus
977 1261 1249 1328 perversis
1293 1260 1603 1335 Scripturas
1631 1265 1766 1320 divi-

203 1358 285 1396 nas
319 1343 616 1414 depravare
640 1348 991 1417 contendunt,
1020 1359 1077 1405 ut
1109 1351 1371 1408 hmretici.

229 1454 260 1509 5
323 1454 475 1511 Odiri
510 1457 799 1515 Ecclesium
830 1462 1227 1534 malignantium
1258 1479 1277 1518 :

320 1546 387 1602 Et
416 1565 541 1604 cum
569 1551 742 1621 impiis
774 1570 877 1608 non
907 1554 1112 1609 sedebo.

256 1637 293 1694 C
323 1638 435 1695 Non
457 1642 598 1697 satis
622 1653 707 1699 est
732 1645 931 1701 vitasse
957 1662 1242 1717 perversos
1265 1656 1320 1704 et
1344 1648 1515 1707 malos
1531 1691 1545 1715 ,
1579 1652 1680 1707 nisi
1708 1661 1763 1708 et

199 1737 357 1784 mente
380 1730 725 1801 displiceant,
770 1735 892 1791 ideo
918 1736 1068 1792 dicit.
1098 1738 1252 1793 0divi
1283 1738 1578 1795 Ecclesium
1609 1742 1762 1797 mali-

196 1820 448 1887 gnantium
468 1860 484 1885 ,
522 1820 567 1875 Η
602 1823 653 1877 id
680 1833 764 1880 est
787 1824 1090 1883 Judreorum
1120 1828 1203 1883 vel
1229 1829 1637 1897 haereticorum,
1665 1834 1756 1903 qui

1414 401 1775 461 EXPOSiTiO
1810 403 2257 465 PSALMORUM.

1797 520 1846 578 Α
1876 518 2093 574 neribns
2131 519 2352 577 faciunt.
2379 522 2423 578 Η
2453 524 2498 579 Α
2527 523 2680 592 Quod
2728 526 2874 581 enim
2913 526 2995 582 eis
3026 524 3214 581 datum
3252 533 3335 580 est
3384 532 3451 580 ad

3348 416 3452 470 122

1873 608 2188 678 accipienda
2217 620 2421 669 aeterna
2459 625 2783 671 convertunt
2821 618 2888 671 ad
2916 616 3098 672 saeculi
3128 616 3291 680 dona,
3320 615 3453 671 esti-

1873 711 2083 757 mantes
2109 711 2375 772 qumstum
2402 720 2522 762 esse
2548 708 2825 777 pietatem.

1873 795 1934 849 il
2013 795 2125 869 Ego
2152 808 2328 854 autem
2355 800 2411 854 in
2437 801 2730 857 innocentia
2751 819 2867 858 mea
2891 802 3156 873 ingressus
3179 817 3296 855 sum
3324 815 3343 854 :

2010 886 2224 943 Redime
2253 905 2334 944 me
2356 900 2405 945 et
2435 891 2677 946 miserere
2698 894 2817 948 mei.

1940 978 1984 1033 ll
2020 979 2132 1052 Ego
2157 990 2337 1037 autem
2368 982 2423 1036 in
2462 982 2793 1039 innocentia.
2824 985 3066 1042 Ecclesia
3092 984 3330 1055 loquitur
3349 996 3447 1052 pro

1868 1086 2020 1145 parte
2062 1079 2345 1133 bonorum.
2372 1077 2413 1135 C
2458 1078 2526 1133 Et
2562 1093 2661 1149 per
2696 1081 2936 1135 studium
2967 1081 3091 1135 vitm
3130 1086 3334 1135 sanctae
3363 1077 3448 1131 in.

1867 1183 2051 1238 gressa
2068 1169 2119 1224 in
2155 1169 2438 1226 thesauros
2466 1170 2805 1242 Spirituales.
2833 1171 3058 1227 Redime
3084 1186 3191 1237 me,
3215 1169 3269 1224 id
3284 1175 3367 1224 est
3390 1166 3444 1220 in

1866 1258 2097 1313 adventu
2136 1260 2212 1314 tui
2256 1261 2494 1330 pretioso
2534 1262 2815 1333 sanguine.
2852 1261 3107 1318 Miserere
3152 1260 3360 1318 scilicet
3388 1257 3443 1313 in

1864 1349 1967 1404 hoc
1991 1352 2208 1416 mundo,
2236 1352 2324 1406 ubi
2347 1353 2777 1423 supplicantibus
2804 1354 3005 1423 parcis.

1865 1438 1933 1493 12
2007 1438 2110 1495 Pes
2148 1458 2293 1496 meus
2317 1444 2454 1497 stetit
2480 1443 2534 1498 in
2556 1445 2752 1498 directo
2779 1458 2799 1496 .'

2005 1529 2073 1585 lu
2098 1530 2325 1587 ecclesiis
2352 1532 2651 1587 benedicam
2693 1547 2754 1588 σθ-
2785 1542 2833 1587 te
2864 1533 2885 1601 ζ
2918 1532 3158 1586 Domine.

1934 1618 1981 1674 ll
2005 1619 2107 1675 Pes
2136 1635 2313 1687 meus,
2348 1622 2399 1677 id
2421 1631 2505 1677 est
2528 1638 2725 1679 sensus
2773 1638 2924 1678 tuens
2953 1620 3286 1677 vel-all'ectio
3322 1633 3442 1674 mea

1863 1713 2015 1768 stetit
2051 1714 2106 1767 in
2136 1714 2350 1770 Christo
2374 1716 2465 1785 qui
2493 1724 2576 1771 est
2603 1723 2749 1771 recta
2775 1717 2883 1771 via.
2910 1715 2969 1771 lu
3012 1715 3275 1780 ecclesiis,
3303 1714 3347 1769 C
3386 1713 3439 1768 in

1861 1805 2074 1874 populis
2119 1805 2474 1873 Chrisdanis,
2518 1807 2651 1863 dicit
2677 1822 2736 1864 se
2765 1807 3109 1864 laudaturum
3153 1805 3438 1861 Dominum

196 1886 390 1981 maligni
428 1912 708 1968 dicuntur.
753 1914 823 1971 Et
860 1933 980 1973 cum
1027 1919 1245 1990 impiis,
1291 1921 1381 1993 qui
1431 1939 1535 1977 non
1577 1886 1744 1981 solum]

1859 1894 2157 1951 Christum.

196 2002 312 2056 mala
347 2004 727 2075 cogitaverunt
769 2009 863 2065 sed
894 2011 949 2067 in
992 2027 1157 2083 opere
1200 2015 1581 2086 perfecerunt;
1627 2034 1751 2075 cum

194 2092 263 2148 his
284 2093 538 2164 placitum
568 2113 672 2153 non
699 2100 933 2158 habebo.

220 2205 249 2260 6
311 2208 518 2265 Laoabo
546 2212 685 2267 inter
708 2216 1002 2274 innocentes
1028 2236 1216 2277 manus
1244 2240 1386 2280 meas
1408 2243 1429 2280 :

307 2298 373 2355 Et
399 2303 741 2360 circumdato
765 2306 934 2364 altare
960 2320 1105 2365 tuum
1122 2350 1139 2377 ,
1166 2313 1403 2371 Domine.

247 2389 283 2445 C
317 2390 464 2446 Lavit
496 2410 696 2451 manus
726 2412 873 2463 suas,
901 2401 1144 2472 quisquis
1165 2406 1381 2475 propria
1408 2405 1547 2464 facta
1573 2408 1749 2481 lacry-

191 2481 346 2538 manili
369 2484 748 2545 satisfactione
786 2490 1024 2549 diluerit.
1057 2494 1242 2551 Altare
1267 2506 1445 2554 autem
1475 2500 1543 2555 ab
1566 2500 1747 2557 altitu-

192 2568 296 2626 dine
339 2572 542 2629 dictum
590 2579 746 2648 quasi
777 2579 889 2636 alta
926 2600 1043 2639 ara.
1081 2584 1125 2640 ﬂ
1155 2586 1225 2641 Et
1251 2588 1520 2658 signiﬁcat
1558 2590 1743 2658 ﬁdem,

192 2675 325 2731 quam
348 2668 720 2739 circumdare,
751 2681 837 2728 est
859 2676 1116 2744 operibus
1139 2679 1296 2736 bonis
1331 2696 1548 2738 ornare.
1579 2682 1621 2740 C
1653 2684 1745 2742 Vel

191 2752 334 2847 altare
369 2758 614 2831 caeleste}
636 2777 744 2832 quo
773 2765 1032 2823 Dominus
1069 2769 1310 2827 introivit
1344 2774 1601 2830 sacerdos
1646 2792 1744 2847 pro

191 2846 336 2903 nobis.
366 2851 407 2905 Δ
437 2850 537 2909 Vel
569 2853 762 2924 altare,
790 2856 844 2913 id
872 2867 955 2915 est
981 2873 1240 2919 mentem.

219 2956 247 3011 7
307 2960 368 3016 Ut
393 2965 613 3021 audiam
640 2985 811 3024 vocem
837 2969 1049 3030 laudis:

303 3050 368 3107 Et
390 3073 633 3112 enarrem
661 3061 903 3118 uniuersa
929 3065 1192 3123 mirabilia
1222 3078 1336 3125 tua.

243 3143 279 3197 Α
312 3143 377 3201 Ut
410 3149 633 3205 audiam
680 3167 865 3210 vocem
904 3156 1110 3225 laudis,
1149 3161 1200 3217 id
1243 3172 1327 3219 est
1367 3164 1574 3222 discam
1605 3184 1742 3239 quo-

186 3238 318 3292 modo
345 3248 395 3294 te
433 3240 685 3311 laudem,
729 3263 836 3303 non
876 3264 945 3305 ex
982 3250 1098 3322 ipso
1138 3253 1276 3311 bono
1302 3258 1369 3312 de
1411 3273 1498 3314 me
1530 3238 1734 3330 prtesu-
1765 3250 1809 3312 C

187 3330 396 3423 tnens.C
426 3331 625 3391 Vocem
655 3346 833 3394 autem
871 3339 1043 3399 laudis
1079 3343 1218 3402 forte
1264 3347 1391 3403 illud
1432 3351 1562 3407 dicit
1593 3355 1736 3423 quod

187 3419 229 3513 in
267 3422 460 3481 scelesti
504 3429 707 3513 templo
754 3446 939 3488 coram
982 3434 1196 3493 Christo
1237 3454 1453 3511 semper
1480 3419 1731 3500 canitur:

185 3509 413 3583 Sanctus,
452 3510 705 3585 sanctus,
751 3535 975 3583 sanctus
1017 3528 1276 3588 Dominus
1318 3509 1463 3591 Deus
1494 3534 1735 3593 Sabaoth

184 3599 295 3697 (Ῐξξι.
316 3607 449 3697 svi).
479 3610 550 3666 Et
576 3627 635 3668 se
659 3628 915 3673 enarrare
947 3618 1080 3674 dicit
1109 3621 1407 3690 mirabilia,
1456 3642 1577 3696 qua;
1601 3643 1733 3697 quo-

185 3690 289 3748 tidie
314 3696 461 3755 beata
492 3703 643 3757 canit
675 3703 914 3762 Ecclesia
946 3708 999 3764 in
1030 3710 1390 3771 celebratione
1425 3690 1729 3773 missarum.

210 3785 240 3838 8
300 3786 530 3860 Domine,
564 3794 725 3850 dilexi
751 3797 989 3854 decorem
1017 3802 1204 3859 domus
1234 3815 1379 3862 tute:

299 3877 361 3933 Et
387 3882 560 3939 locum
592 3888 931 3947 habitationis
956 3893 1140 3963 gloria.-
1163 3905 1289 3952 tum.

236 3964 275 4023 ﬂ
308 3970 546 4041 Domine,
580 3976 744 4034 dilexi
783 3982 1034 4039 decorem
1064 3986 1256 4045 domus
1278 4029 1292 4056 ,
1324 3990 1378 4046 id
1402 4000 1487 4047 est
1514 4005 1731 4052 sanctos

182 4064 459 4155 sacerdotes
495 4078 553 4124 et
587 4070 724 4128 alios
749 4085 987 4132 sanctos.
1025 4077 1065 4134 C
1103 4078 1159 4133 In
1192 4081 1389 4151 quibus
1429 4084 1599 4155 gloria
1634 4087 1726 4143 Dei

181 4149 396 4213 habitare
417 4165 787 4233 cognoscitur.
820 4166 1022 4225 Locum
1052 4149 1729 4248 habitationis,vsigniﬁcat

180 4257 406 4341 arcattnm
433 4253 652 4313 humani
674 4263 931 4329 pectoris.
956 4264 1158 4322 Glorize
1185 4279 1302 4333 tum,
1333 4273 1456 4341 quia
1482 4273 1729 4334 Christus

180 4336 436 4437 gloriosum
463 4348 627 4437 eﬂicit
653 4353 915 4426 quidquid
941 4357 1249 4416 inhabitare
1284 4336 1552 4434 dignatur.
1581 4366 1725 4423 Idem

179 4436 435 4525 (inausum
454 4436 619 4493 decor
640 4441 831 4500 domus
853 4444 945 4501 Dei
969 4455 1023 4500 et
1048 4446 1195 4504 locus
1219 4450 1568 4509 habitationis
1586 4455 1722 4525 ejus.

179 4513 212 4607 ἒ
244 4517 454 4594 Diligere
493 4529 658 4599 igitur
680 4533 928 4591 decorem
963 4538 1156 4595 domus
1184 4541 1312 4607 Dei,
1344 4553 1427 4599 est
1469 4546 1638 4603 bonos
1668 4549 1722 4603 in

181 4600 385 4693 Ecclesia
411 4616 657 4690 diligere,
688 4625 778 4693 qui
810 4626 1066 4684 decorant
1097 4631 1412 4687 Ecclesiam.

208 4692 236 4746 9
297 4697 370 4753 Ne
388 4708 578 4773 perdas
604 4727 722 4765 cum
751 4714 924 4785 impiis
947 4720 1180 4774 animam
1208 4738 1373 4776 meum
1401 4738 1420 4776 .'

303 4789 358 4845 Et
382 4812 496 4851 cum
520 4800 646 4855 uiris
673 4809 982 4875 sanguinum
1009 4813 1166 4866 vitam
1201 4830 1386 4868 meam.

186 4961 197 4980 ἓ
241 4878 367 4979 ll'Ne
388 4889 582 4955 perdas
611 4907 737 4947 cum
769 4896 965 4966 impiis,
997 4903 1206 4958 scilicet
1232 4902 1450 4969 ludatis,
1481 4908 1573 4977 qui
1619 4925 1718 4980 per

186 4979 470 5067 lltiptelalelll
513 4980 703 5035 mitem
749 4987 1092 5047 tradiderunt.
1130 4992 1173 5047 Α
1215 4990 1310 5047 Vel
1351 4995 1499 5067 impii
1526 4979 1717 5058 omnes

187 5060 283 5115 mali
304 5079 435 5122 sunt.
463 5070 506 5126 C
541 5070 652 5127 Viri
683 5080 986 5147 sanguinum
1011 5096 1140 5143 sunt
1161 5126 1175 5151 ,
1212 5085 1302 5155 qui
1326 5060 1617 5145 carnaliter
1636 5095 1719 5151 vi-

188 5157 307 5216 vunt,
330 5156 406 5211 vel
452 5161 543 5228 qui
601 5163 802 5221 Christi
856 5178 1172 5248 sanguinem
1223 5173 1493 5235 fuderunt.
1555 5178 1718 5243 Tales

187 5251 375 5292 κτειιηι
392 5249 455 5292 sin
478 5249 662 5292 fnlnva
697 5252 1015 5292 ηἰονιιοηΙΑ...

2316 2003 2518 2046 ORATIO
2557 2006 2623 2045 EX
2664 2007 2809 2047 νεα..
2844 2006 2950 2046 XXV

1859 2101 1867 2109 ’
1927 2080 2475 2152 Largire,Domine,
2531 2084 2963 2140 misericordiam
3023 2093 3169 2139 tuam
3221 2080 3439 2137 famulis

1855 2170 2203 2242 supplicibus,
2234 2181 2291 2227 et
2321 2170 2406 2228 l'ac
2454 2189 2551 2230 nos
2600 2173 2654 2228 in
2707 2182 2795 2229 tua
2839 2174 3070 2230 veritate
3103 2173 3348 2237 devotos,
3380 2180 3438 2224 ut

1852 2261 2067 2316 actibus
2095 2260 2148 2315 in
2177 2261 2543 2318 innocentiam
2566 2264 2853 2329 restitutis,
2880 2264 3101 2320 liberari
3127 2276 3436 2319 mereamur

1850 2353 1920 2408 ab
1947 2353 2149 2424 impiis.
2178 2353 2282 2409 Per
2306 2356 2591 2411 Dominum
2633 2366 2879 2412 nostrum
2914 2356 3099 2413 Iesum
3135 2356 3432 2411 Christum.

2370 2466 2691 2523 PSALMUS
2728 2467 2919 2522 XXVI.

2272 2573 2637 2615 ARGUMENTUI
2669 2576 2815 2616 ΡεΑι..
2847 2576 2999 2616 XXVI.

1916 2647 1961 2706 C
1980 2649 2092 2705 Vox
2120 2648 2403 2720 Propheta:
2423 2652 2655 2708 dicentis
2682 2667 2740 2707 se
2767 2653 2936 2708 Deum
2962 2660 3203 2708 metuere
3228 2661 3283 2706 et
3304 2650 3428 2707 nul-

1846 2735 1956 2792 lum
1990 2738 2152 2794 alium
2182 2739 2497 2807 formidare,
2526 2742 2653 2812 quia
2687 2742 2831 2797 inter
2852 2742 3075 2798 adversa
3104 2742 3283 2798 saeculi
3315 2743 3428 2812 ipse
3474 2801 3477 2805 ,

1844 2837 1929 2882 est
1957 2826 2246 2900 suffugium
2280 2828 2420 2898 ejus,
2458 2839 2513 2886 et
2559 2832 2751 2903 spiritu
2793 2832 3111 2904 prophetiae,
3145 2846 3295 2902 spem
3322 2831 3426 2886 sibi

1844 2917 2039 2974 futurae
2065 2921 2414 2977 beatitudinis
2445 2923 2749 2993 pollicetur.

1981 3009 2088 3065 TT.
2125 3009 2372 3068 Psalmus
2400 3013 2571 3069 David
2605 3029 2667 3071 -t-
2689 3017 2937 3087 priusque
2973 3015 3214 3070 (iniretur
3244 3014 3261 3083 ζ

1913 3100 1957 3156 li
1980 3100 2186 3159 Unctus
2211 3112 2295 3158 est
2322 3103 2489 3160 David
2511 3105 2675 3162 semel
2697 3107 2797 3162 sub
2820 3116 2970 3177 patre
2994 3106 3145 3162 Jesse
3174 3107 3225 3161 in
3251 3107 3417 3162 Beth-

1841 3194 2018 3250 leltcm
2056 3193 2109 3265 (Ι
2125 3194 2258 3266 Reg.
2284 3196 2434 3268 XVI);
2462 3197 2724 3262 secumlo,
2753 3198 2804 3252 in
2836 3197 3049 3253 chron
3072 3197 3155 3268 (II
3180 3197 3304 3268 Reg.
3323 3200 3415 3267 tt);

1842 3292 2003 3347 tertio
2034 3290 2120 3365 (11
2146 3289 2274 3362 Reg.
2301 3291 2352 3363 v)
2379 3292 2595 3363 tutando
2638 3291 2881 3363 regnavit
2915 3306 3075 3361 super
3101 3290 3282 3347 Israel.
3311 3291 3416 3345 Sed

1836 3386 1904 3440 de
1941 3384 2026 3439 his
2059 3385 2233 3439 tribus
2260 3384 2606 3440 unctionibus
2632 3384 2809 3439 media
2841 3384 2908 3437 ad
2938 3383 3102 3439 istum
3146 3383 3415 3454 psahnum

1834 3474 2090 3546 pertinet,
2128 3473 2291 3529 David
2335 3474 2561 3546 ﬁguram
2617 3472 2817 3530 Christi
2865 3483 3049 3540 tenet;
3101 3483 3296 3529 unctus
3333 3481 3417 3528 est

1835 3562 2086 3620 Christus
2116 3564 2171 3619 in
2191 3565 2488 3634 baptismo.

1870 3681 1897 3736 1
1974 3680 2231 3736 Dominus
2253 3680 2549 3736 illumnatio
2570 3696 2705 3747 mea,
2737 3689 2784 3735 et
2810 3680 2953 3734 salus
2976 3694 3088 3732 mea
3112 3691 3133 3732 :

1977 3772 2143 3839 Quem
2170 3773 2357 3829 timebo
2377 3774 2404 3828 .7

1902 3862 1948 3919 Η
1974 3864 2087 3919 Vox
2118 3863 2370 3920 Ecclesiae
2399 3864 2467 3920 ad
2514 3864 2809 3919 Christum.
2847 3862 2987 3917 Dicit
3008 3875 3065 3916 se
3088 3875 3192 3915 non
3221 3856 3410 3914 formi-

1830 3956 1961 4012 dare
2006 3955 2129 4013 ullis
2163 3957 2402 4014 tenebris
2447 3957 2660 4029 obtegi,
2699 3971 2860 4027 quam
2899 3954 3158 4010 Dominus
3196 3962 3413 4022 setnper

1830 4048 2100 4103 illuminat
2125 4058 2179 4103 et
2205 4049 2398 4114 salvat,
2436 4064 2537 4104 nec
2572 4064 2728 4106 posse
2759 4048 2925 4103 ullum
2958 4047 3168 4101 timere.
3194 4043 3288 4098 tali
3323 4042 3412 4097 de-

1830 4140 2046 4197 fensore
2081 4149 2399 4212 protegente

1865 4251 1901 4306 2
1970 4250 2226 4305 Dominus
2253 4260 2514 4320 protector
2535 4253 2653 4305 vita:
2674 4267 2804 4305 mea:
2829 4266 2848 4305 :

1966 4340 2011 4393 Α
2033 4357 2132 4412 quo
2160 4339 2428 4410 trepidabo
2450 4340 2476 4393 1’

1899 4432 1943 4487 Η
1974 4431 2276 4488 Conlitetur
2303 4447 2361 4487 se
2389 4433 2591 4487 habere
2627 4443 2992 4502 protectorem
3027 4438 3202 4506 ipsum
3228 4434 3405 4489 Domi—

1829 4541 1958 4580 num
2008 4526 2211 4581 idcirco
2257 4541 2363 4580 non
2403 4527 2598 4582 metuit
2631 4543 2814 4581 coram
2860 4527 3082 4584 inimico
3115 4529 3408 4598 trepidare,

1749 4601 1802 4660 Ῐ)
1828 4616 1881 4671 id
1912 4626 2016 4680 est,
2044 4632 2073 4670 a
2105 4616 2337 4681 diabolo,
2368 4618 2449 4672 vel
2476 4619 2730 4674 haeretico
2757 4633 2849 4672 seu
2891 4628 3255 4688 persecutore.

1855 4707 1891 4761 3
1962 4707 2101 4763 Dum
2129 4710 2438 4780 appmpiant
2470 4727 2625 4780 super
2650 4727 2731 4764 me
2761 4719 3002 4765 nocentes
3032 4726 3051 4763 :

1967 4795 2034 4850 Ut
2058 4797 2213 4851 edunt
2239 4814 2420 4852 carnes
2450 4816 2611 4853 meas.

1895 4887 1936 4943 C
1974 4886 2109 4941 Dun't
2159 4890 2482 4959 appropiant
2517 4904 2678 4959 super
2708 4904 2815 4944 me.
2857 4888 3264 4945 Truculentium
3309 4889 3406 4944 tui-

1826 4995 2010 5036 corum
2037 4978 2268 5035 hic‘vota
2297 4982 2552 5045 ostendit,
2585 4981 2674 5049 qui
2705 4996 2811 5035 non
2836 4981 3010 5035 solum
3039 4980 3404 5048 exstinguere,

1826 5071 1922 5126 sed
1966 5070 2129 5125 ctiam
2187 5069 2445 5127 aviditate
2489 5070 2687 5126 furoris
2735 5071 2889 5138 ipsas
2926 5071 3186 5124 humanas
3214 5081 3405 5121 carnes

1827 5161 2049 5232 cupiunt
2099 5160 2395 5217 crudeliter
2425 5163 2705 5219 devorare.
2744 5158 2789 5212 A
2822 5159 2922 5216 Vel
2945 5172 3150 5222 carnes,
3183 5153 3407 5211 allectus

1828 5251 2007 5292 nstrnic
2053 5260 2177 5292 clm!
2243 5250 2334 5292 nni
2376 5261 2497 5292 cnnl
2530 5251 2680 5292 ρῖΙηια
2711 5250 3022 5292 ηοορηιίιιηι
3065 5245 3403 5292 inimicorum
