4000 5370
555 409 654 466 ιιι-ι

1497 390 1555 456 Ξῖ
1599 395 1948 456 ΒΠΠΧΟΧΙΒ
1982 392 2524 450 llERBIPOLENSlS
2559 391 2866 448 EPISCOPI

3711 383 3812 438 HS

553 518 735 574 docuit
762 515 1012 586 populum
1040 511 1178 565 viam
1206 509 1468 564 veritatis.
1503 509 1569 563 Et
1597 508 1651 562 in
1678 521 1843 577 opera
1871 518 2126 560 manuum
2158 511 2202 568 Α
2231 515 2390 570 quam
2433 502 2693 572 proximis
2720 517 2814 556 ore
2843 499 3190 570 proferimus,
3223 498 3478 556 cordibus
3509 505 3809 553 teneamus.

555 615 673 683 ejus
701 613 884 678 utique
905 622 1008 662 non
1041 603 1554 666 consideraverunt;
1588 602 1631 655 si
1670 600 2132 661 considerassent,

553 703 894 772 expavissent
946 697 1284 768 potiusquam
1316 694 1664 763 sprevissent.
1724 688 1815 745 Sic
1857 703 1988 759 ergo
2018 686 2137 743 illos

555 795 687 849 dicit
719 791 944 854 destrui,
977 799 1033 844 ut
1065 805 1170 844 non
1197 789 1392 842 iterum
1421 787 1659 840 debeant
1684 781 1965 846 aediﬁcari,
1990 781 2136 850 quod

557 883 982 952 tamenzvidetur
1019 881 1220 935 dictum
1263 893 1385 932 esse
1426 875 1741 946 prophetice
1789 874 2134 944 potiusquam

555 976 620 1028 ad
660 973 950 1028 iracundia:
975 970 1284 1041 qualitatem
1309 966 1667 1023 referendum.

589 1065 622 1118 8
693 1063 1005 1117 Benedictus
1039 1061 1331 1114 Dominus:

699 1155 962 1221 Quoniam
991 1153 1255 1208 exaudivit
1286 1168 1457 1206 vocem
1487 1150 1864 1220 deprecationis
1888 1164 2034 1202 metu.

626 1245 666 1302 C
695 1246 1022 1300 Benedictus
1073 1244 1354 1298 Dominus.
1388 1244 1500 1298 Vox
1557 1241 1757 1298 Christi
1795 1241 1859 1296 ad
1895 1241 2132 1307 Patrem,

556 1340 814 1410 quoniam
864 1336 1140 1391 exaudivit
1184 1336 1298 1405 (qui
1346 1345 1428 1389 est
1457 1335 1641 1403 utique
1672 1333 2006 1397 benedictus,
2035 1333 2136 1387 etsi

556 1449 664 1486 non
697 1430 949 1486 exaudiat
980 1444 1166 1483 vocem
1213 1427 1629 1495 deprecationis)
1674 1426 1896 1480 dicens:
1926 1421 2139 1478 Clariti-

557 1523 677 1576 cavi
705 1520 776 1592 et]
803 1523 996 1575 iterum
1027 1520 1336 1574 clariticabo
1366 1518 1488 1588 (Job
1517 1518 1636 1588 xu),
1671 1519 1762 1570 sed
1793 1517 2010 1587 proprie
2039 1517 2133 1570 be-

560 1615 806 1669 nedictus
837 1614 1054 1678 dicitttr,
1097 1627 1220 1666 cum
1267 1613 1470 1682 gratias
1497 1611 1707 1681 agimus
1730 1609 2130 1672 benedicendo;

559 1715 686 1772 apte
734 1704 897 1774 igitur
942 1704 1118 1758 dictus
1162 1712 1247 1757 est
1281 1702 1598 1757 benedictus
1632 1701 1722 1772 qui
1773 1701 2030 1756 exaudire
2055 1701 2138 1754 di-

557 1807 752 1867 gnatus
779 1806 881 1851 est.

590 1887 623 1942 9
695 1889 951 1942 Dominus
974 1889 1192 1958 adjutor
1212 1905 1354 1943 meus
1376 1901 1423 1943 et
1445 1898 1702 1958 protector
1722 1901 1904 1942 mens:

703 1995 758 2037 σιν
777 1979 839 2033 Et
876 1984 891 2054 ξ
926 1981 978 2034 in
997 1983 1106 2052 ipso
1121 1984 1445 2051 speraritcor
1464 1998 1655 2035 meum.
1681 1980 1744 2033 Et
1770 1981 1984 2050 adjutus
1999 1995 2138 2033 sum.

629 2073 670 2129 C
707 2073 957 2142 Adjntor,
1001 2075 1067 2128 ad
1111 2075 1350 2144 pericula
1381 2076 1504 2128 vitae
1533 2075 1798 2144 pertinet,
1830 2089 1950 2143 qua:
1981 2073 2140 2127 Patre

559 2164 845 2232 adjuvante
869 2167 920 2220 in
950 2167 1200 2236 passione
1225 2167 1520 2234 superavit.
1544 2165 1840 2226 Protector,
1869 2167 1992 2234 quia
2015 2181 2138 2218 cum

557 2257 627 2310 ab
644 2257 853 2312 insidiis
875 2258 1154 2314 diabolicis
1176 2273 1270 2312 sua
1295 2257 1608 2311 defensioue
1627 2256 1861 2309 vallavit.
1884 2255 1940 2309 ln
1965 2266 2140 2310 morte

559 2348 798 2416 speravit
830 2348 1134 2404 humanitas
1162 2349 1215 2403 in
1248 2348 1606 2404 divinitatem.
1641 2349 1866 2418 Adjutus
1900 2363 2051 2410 sum,
2083 2348 2140 2402 in

559 2439 907 2496 tribulatione
936 2452 995 2498 nt
1025 2458 1381 2514 resurgerem.

560 2532 627 2587 10
699 2534 767 2587 At
799 2537 1031 2606 reﬂoruit
1061 2553 1184 2590 caro
1212 2553 1323 2591 mea
1347 2553 1366 2590 :

698 2623 766 2678 Et
793 2642 857 2679 ex
885 2625 1148 2679 voluntate
1182 2643 1296 2681 mea
1326 2627 1608 2695 conﬁtebor
1632 2645 1697 2682 ei.

585 2759 588 2764 .
627 2716 668 2770 C
695 2715 903 2770 Floruit
929 2732 1058 2787 ergo
1085 2732 1212 2772 caro
1249 2719 1464 2787 quando
1502 2734 1566 2773 ex
1615 2718 1834 2785 Virgine
1870 2717 1989 2772 sine
2018 2732 2142 2788 pec-

558 2815 682 2859 cato
727 2807 968 2870 emicuit,
1018 2816 1271 2877 tanquam
1321 2808 1604 2878 pulchrum
1654 2807 1802 2862 ﬂoris
1840 2809 2032 2871 decus,
2083 2814 2144 2860 ttt

557 2895 724 2952 Istius
767 2917 780 2952 :
820 2899 884 2952 Et
911 2897 1008 2955 ﬂos
1057 2900 1123 2955 de
1167 2900 1350 2955 radice
1395 2901 1511 2971 ejus
1559 2901 1813 2955 ascendet
1864 2899 1996 2972 (lsa.
2049 2901 2138 2969 ιι),

562 2999 666 3052 Sed
691 2997 952 3066 refloruit,
976 3015 1098 3054 cum
1123 3001 1442 3055 resurrexit.
1472 2999 1790 3069 Conﬁtebor,
1814 2999 1858 3053 li
1887 3010 1942 3052 ut
1967 2997 2099 3052 illud
2121 3012 2142 3050 :

559 3090 868 3147 Confitebor
899 3093 1010 3157 tibi,
1042 3093 1266 3149 Domine
1319 3092 1481 3147 Pater
1506 3091 1624 3147 caeli
1651 3101 1705 3148 et
1735 3102 1890 3148 terra:
1923 3091 2137 3162 (Matth.

559 3185 662 3252 ιι),
695 3194 797 3238 etc.

559 3278 618 3331 11
699 3277 953 3334 Dominus
980 3279 1232 3350 fortitudo
1256 3282 1413 3351 plebis
1443 3296 1596 3335 sum:

701 3365 769 3420 Et
794 3378 1051 3437 protector
1073 3370 1414 3424 salvatiouurn
1443 3371 1635 3426 Christi
1656 3387 1737 3424 sut
1758 3381 1856 3425 est.

631 3458 672 3511 C
718 3458 908 3514 Merito
953 3460 1153 3516 dicitur
1196 3460 1453 3516 Dominus
1492 3462 1749 3516 fortitudo
1797 3461 1966 3531 plebis
1998 3475 2140 3524 suae,

561 3550 777 3616 quando
806 3551 1030 3606 adversa
1071 3561 1263 3606 cuncta
1302 3553 1415 3621 ipso
1456 3554 1750 3608 auxiliante
1795 3561 2138 3622 superantur.

559 3637 864 3704 Protector,
897 3644 1148 3709 quoniam
1181 3657 1274 3696 eos
1304 3643 1434 3712 tegit
1461 3652 1511 3696 ct
1542 3643 1734 3697 liberat
1764 3642 1830 3696 ab
1860 3642 2143 3697 imminen-

560 3733 704 3787 tibus
731 3733 902 3787 malis.
935 3733 1321 3800 Salvationum,
1356 3736 1405 3788 id
1437 3747 1516 3789 est
1539 3735 1831 3804 juslorutn.

634 3821 679 3875 Η
710 3823 946 3887 Addidit,
973 3821 1174 3878 Christi
1201 3825 1304 3888 sui,
1329 3825 1634 3894 quicunque
1660 3825 1804 3880 enim
1843 3825 1894 3879 in
1925 3824 2144 3879 Christo

560 3915 864 3984 btptizatus
889 3926 1004 3972 est:
1037 3926 1090 3972 et
1118 3918 1229 3988 ipse
1257 3917 1525 3982 Christus,
1560 3919 1609 3972 id
1639 3929 1718 3973 est
1761 3929 1950 3972 unctus
1982 3935 2140 3973 voea-

561 4016 649 4061 tus
683 4016 786 4062 est.
1513 3994 1521 3998 l

632 4097 700 4153 12
775 4097 990 4155 Salvum
1022 4102 1108 4172 fac
1131 4101 1380 4170 populant
1408 4111 1582 4166 tuum,
1635 4102 1884 4168 Domine,
1915 4113 1962 4156 et
1994 4101 2146 4156 benc-

775 4190 859 4244 dic
879 4191 1171 4246 hwreditati
1203 4201 1309 4246 tua:
1331 4206 1350 4243 :

702 4279 772 4334 Et
797 4297 910 4350 rege
937 4298 1044 4345 eos,
1081 4292 1127 4336 et
1154 4281 1342 4336 extolle
1370 4281 1487 4336 illos
1517 4298 1676 4352 usque
1700 4281 1753 4334 in
1781 4291 2052 4334 wternum.

634 4373 676 4427 C
722 4371 854 4427 Orat
899 4375 1209 4431 humanitas
1255 4375 1412 4430 Verbi
1455 4391 1551 4445 pro
1593 4374 1792 4445 populo
1839 4373 2146 4429 Christiano

566 4466 810 4532 (propter
839 4478 995 4532 quem
1028 4474 1081 4518 et
1110 4467 1366 4533 probatur
1403 4482 1522 4521 esse
1555 4465 1851 4536 assumpta)
1891 4476 1949 4518 ut
1992 4466 2149 4519 satis-

2239 589 2341 644 Per
2371 590 2655 646 Dominum
2688 601 2954 654 nostrum,
2989 598 3097 644 etc.

2726 699 3046 756 PSALMUS
3085 699 3318 757 XXVIII.

2647 807 3010 850 ARGUMENTUI
3037 807 3185 847 ιιεΑι..
3215 806 3406 846 XXVIII.

2309 882 2349 938 C
2396 882 2692 938 Credentes
2735 883 3006 954 Propheta
3052 882 3377 954 generaliter
3421 889 3708 948 aomonet,
3758 890 3817 934 ut

2238 973 2466 1028 Domino
2493 972 2761 1028 sacrificia
2789 973 2980 1028 devota
3016 981 3196 1028 mente
3225 971 3536 1041 persolvant
3566 981 3816 1041 septena-

2240 1067 2322 1120 ria
2352 1067 2658 1120 narratione
2687 1066 2859 1120 sancti
2886 1065 3120 1137 Spiritus
3151 1067 3374 1120 virtutes
3401 1079 3748 1120 enumerans.

2239 1155 2348 1210 TT.
2370 1155 2612 1212 Psalmus
2628 1158 2797 1213 David
2817 1173 2876 1214 σι-
2894 1159 2945 1212 in
2961 1160 3401 1212 consummatione
3418 1157 3742 1211 tabernaculi
3774 1156 3793 1223 ζ

2311 1248 2351 1304 C
2382 1249 2787 1305 Consummatio
2819 1251 3152 1306 tabernaculi
3194 1249 3579 1322 perfectionem
3611 1249 3820 1322 signiti-

2238 1349 2326 1395 cat
2355 1340 2608 1396 Ecclesia:
2637 1341 2944 1407 catholicae,
2982 1358 3101 1411 quae
3143 1358 3240 1412 per
3279 1349 3444 1395 totum
3471 1341 3660 1394 orbem
3693 1357 3820 1411 pro-

2238 1431 2398 1485 batur
2425 1446 2544 1486 esse
2573 1441 2906 1488 constructa.
2947 1433 3041 1488 Est
3075 1435 3217 1488 enim
3249 1442 3392 1488 totus
3419 1433 3518 1488 iste
3546 1431 3821 1503 psalmus,

2239 1519 2474 1590 Spiritus
2504 1523 2675 1577 sancti
2703 1522 2855 1577 laude
2884 1523 3252 1592 plenissimus.

2276 1612 2300 1664 ί
2384 1625 2444 1666 ,ι-
2477 1613 2672 1682 A/ferle
2703 1613 3065 1683 Domino,filii
3091 1613 3188 1667 Dei
3221 1615 3238 1684 ζ

2381 1708 2576 1777 Aﬂ'erte
2602 1707 2822 1762 Domino
2845 1709 2984 1778 ﬁlios
3013 1709 3253 1763 arietum.

2310 1799 2355 1854 Η
2389 1799 2498 1854 Vox
2525 1799 2726 1855 Christi
2754 1801 3138 1870 prtedicatorcs
3166 1801 3440 1863 admonet,
3465 1801 3556 1869 qui
3590 1814 3689 1869 per
3711 1814 3828 1868 gra-

2167 1885 2212 1944 B
2245 1892 2370 1946 tiam
2399 1891 2449 1944 in
2481 1891 2822 1960 adoptionem
2851 1892 3082 1946 filiorum
3109 1890 3281 1947 vocati
3305 1900 3449 1945 sunt.
3477 1891 3615 1957 Quid
3640 1890 3826 1943 admo-

2242 1982 2368 2036 net?
2395 1980 2588 2036 aflert°e
2623 1981 3058 2052 praedicationem
3091 1990 3147 2036 et
3174 1982 3497 2052 exemplum.
3530 1980 3572 2034 ll
3604 1979 3645 2034 C
3670 1979 3830 2034 Arie-

2244 2083 2323 2128 tes
2366 2073 2590 2144 apostoli
2640 2082 2765 2128 sunt
2807 2072 3126 2142 accipiendi.
3167 2072 3208 2128 C
3251 2073 3407 2127 Aries
3452 2074 3596 2128 enim
3645 2073 3828 2127 dictus

2241 2167 2395 2234 quasi
2425 2181 2452 2220 a
2482 2165 2652 2234 fronte
2688 2183 2863 2231 ruens,
2893 2166 2944 2220 id
2972 2176 3053 2220 est
3083 2165 3318 2220 diruens.
3357 2165 3398 2219 ll
3437 2165 3537 2232 Qui
3567 2167 3674 2220 duo
3705 2180 3826 2219 cor-

2242 2271 2345 2310 nua
2379 2256 2543 2310 habet
2576 2256 2628 2308 in
2655 2257 2852 2325 capite,
2884 2256 3021 2310 sicut
3051 2257 3222 2310 sancti
3263 2257 3487 2326 apostoli
3520 2256 3837 2314 habuerunt.

2241 2346 2346 2401 duo
2377 2345 2722 2400 Testamenta
2755 2363 2874 2416 qua-
2908 2347 3353 2416 prmdicaverunt.
3397 2346 3518 2402 Filii
3555 2347 3824 2409 arietum,

2241 2451 2586 2491 successores
2612 2437 2978 2506 apostolorum
3013 2445 3159 2490 sunt.

2275 2529 2310 2583 2
2382 2529 2577 2597 A/fcrte
2603 2528 2822 2582 Domino
2849 2529 3068 2598 gloriam
3096 2537 3141 2581 ct
3167 2530 3415 2582 honorem
3439 2542 3459 2583 :

2383 2621 2580 2688 A/Ierte
2605 2619 2832 2674 Domino
2862 2618 3079 2690 gloriam
3109 2620 3304 2673 nomini
3327 2620 3473 2690 ejus:

2386 2715 2615 2769 Δάοι-ατε
2647 2715 2926 2768 Dontiuum
2953 2714 3007 2769 in
3034 2715 3168 2768 atrio
3194 2724 3371 2768 sancto
3391 2727 3449 2768 -ι-
3471 2712 3584 2782 ejus
3618 2716 3640 2786 ζ

2314 2810 2359 2866 ll
2390 2809 2589 2864 Ailerte
2637 2809 2862 2862 Domino
2907 2808 3164 2879 gloriam,
3212 2817 3270 2862 ut
3312 2822 3410 2878 per
3451 2822 3614 2878 Opera
3647 2817 3829 2862 vestra

2243 2902 2578 2972 glorificetur
2606 2909 2838 2954 aeternus
2870 2898 3032 2953 Deus.
3064 2897 3266 2952 Atl'erte
3305 2898 3508 2952 nomini
3541 2898 3695 2968 ejus,
3736 2913 3828 2952 na~

2245 3009 2366 3049 men
2396 2991 2574 3046 Patris
2600 2990 2768 3044 Filius
2791 2999 2907 3054 est;
2933 2989 3099 3062 gloria
3119 2988 3343 3053 Christi,
3364 2988 3603 3043 Ecclesia
3633 2995 3749 3052 est;
3776 2987 3827 3040 id

2243 3095 2347 3150 est,
2381 3093 2440 3138 ut
2471 3100 2565 3154 per
2589 3098 2683 3136 vos
2710 3098 2903 3136 nomen
2936 3079 3050 3150 ejus
3075 3081 3125 3135 in
3157 3081 3365 3135 cunctis
3393 3079 3645 3150 gentibus
3677 3081 3831 3132 inno-

2249 3185 2438 3232 tcscat.
2474 3175 2712 3230 Adorate
2739 3175 2791 3229 in
2826 3175 2964 3228 atrio
2994 3183 3200 3229 sancto.
3241 3173 3282 3227 C
3310 3172 3362 3226 ld
3388 3181 3489 3237 est,
3517 3171 3680 3226 colite
3706 3187 3827 3224 eum

2167 3236 2212 3299 ο
2244 3268 2296 3322 in
2326 3265 2655 3321 conscientia
2686 3274 2860 3320 vestra
2893 3263 3262 3324 mundissima,
3299 3263 3410 3334 ipsa
3436 3270 3522 3318 est
3543 3263 3684 3317 enim
3709 3259 3830 3314 aula

2244 3357 2442 3429 regalis
2470 3366 2525 3412 ct
2561 3357 2822 3412 habitatio
2853 3355 3090 3426 Spiritus
3115 3356 3306 3410 sancti.

2278 3449 2312 3502 3
2392 3447 2507 3503 Vox
2550 3448 2760 3502 Domini
2796 3463 2951 3519 super
2985 3462 3188 3518 aquas:
3229 3446 3369 3501 Deus
3413 3446 3702 3516 ntajestatis
3744 3447 3834 3498 ina

2462 3541 2628 3594 tonuit
2653 3555 2672 3593 .'

2387 3630 2642 3684 Dominus
2665 3645 2822 3698 super
2841 3644 3004 3699 aquas
3036 3627 3247 3682 multas.

2316 3722 2359 3776 ll
2390 3721 2502 3776 \‘ox
2532 3720 2767 3786 Domini,
2795 3719 2844 3773 id
2870 3727 2953 3772 est
2977 3718 3291 3788 prtedicatio
3311 3717 3427 3780 Dei,
3449 3715 3655 3771 scilicet
3676 3713 3828 3770 Chri-

2247 3816 2313 3872 sti
2349 3830 2444 3887 pcr
2468 3829 2526 3869 se
2565 3822 2620 3868 et
2646 3812 2918 3884 apostolos
2957 3826 3103 3877 suos,
3148 3825 3309 3880 super
3337 3825 3525 3880 aquas,
3553 3808 3600 3863 id
3629 3817 3712 3864 est
3739 3823 3829 3862 su-

2244 3924 2340 3979 per
2366 3905 2611 3978 populos,
2644 3914 2702 3958 ut
2727 3913 2808 3958 est
2842 3903 3009 3958 illud:
3051 3903 3217 3972 Aqua!
3245 3901 3422 3956 multae
3454 3901 3632 3971 populi
3671 3900 3826 3954 multi

2247 4002 2428 4072 (Apoc.
2462 3998 2582 4070 ιιι).
2620 3996 2760 4051 Deus
2789 3995 3116 4065 majestatis,
3164 3993 3304 4048 Deus
3341 3993 3654 4062 potestatis,
3685 3991 3828 4046 into-

2246 4092 2364 4146 nuit
2391 4092 2650 4146 Dominus
2676 4103 2836 4158 super
2865 4102 3050 4158 aquas,
3084 4087 3135 4142 id
3165 4096 3249 4141 est
3279 4085 3592 4140 terribiliter
3632 4085 3834 4153 prtudi-

2247 4185 2411 4251 cavit,
2441 4184 2504 4237 de
2543 4179 2887 4236 tabernaculo
2926 4179 3188 4249 assumpti
3223 4177 3464 4247 corporis
3507 4176 3718 4245 populis
3747 4177 3830 4229 ili-

2247 4291 2410 4330 cens:
2443 4272 2820 4327 Pmnitentiam
2843 4273 2983 4340 agite
3005 4269 3217 4340 (.llatth.
3243 4272 3339 4340 iv).
3365 4269 3406 4324 G
3433 4268 3570 4323 Ecce
3590 4269 3826 4336 primum

2248 4366 2445 4418 donum
2483 4362 2717 4431 Spiritus
2743 4362 2935 4424 sancti,
2969 4361 3192 4414 scilicet.
3224 4359 3409 4413 Titnor
3436 4373 3594 4428 quem
3629 4359 3829 4427 praedi-

2249 4455 2420 4510 cando
2464 4452 2712 4508 Christus
2759 4451 3010 4505 cordibus
3056 4449 3332 4505 hominum
3383 4451 3546 4503 dedit.
3608 4447 3830 4500 initium

568 4553 802 4608 factione
827 4553 970 4622 fideli
993 4554 1043 4607 in
1070 4555 1169 4609 hoc
1194 4558 1391 4610 tnundo
1419 4557 1598 4610 salvus
1628 4557 1736 4610 fiat.
1767 4557 2143 4610 llaareditatem
2175 4586 2224 4644 υ
2249 4553 2392 4606 enim
2449 4548 2726 4617 sapientiae
2776 4555 2830 4600 et
2883 4544 3211 4616 pmnitcntia:
3271 4544 3431 4597 timor
3483 4540 3694 4596 Domini
3745 4549 3831 4595 est

565 4646 766 4700 Christi
798 4647 1093 4701 Ecclesiam
1123 4647 1281 4712 dicit,
1326 4663 1484 4717 quam
1529 4665 1627 4704 suo
1669 4659 1856 4703 sancto
1889 4649 2145 4718 sanguine

567 4739 872 4808 acquisivit.
901 4739 941 4792 ll
974 4739 1100 4806 Quae
1128 4738 1307 4793 Patris
1332 4749 1414 4794 est
1441 4749 1492 4795 et
1517 4757 1634 4806 sua,
1659 4741 1784 4810 quia
1807 4740 1941 4795 dixit
1968 4757 1980 4792 :
2019 4739 2144 4793 Om-

569 4829 655 4884 nia
686 4840 773 4882 tua
807 4845 923 4884 n:ea
951 4844 1068 4884 sunt
1101 4841 1154 4884 et
1179 4846 1295 4885 mea
1329 4840 1416 4884 tua
1464 4830 1656 4899 (Joan.
1692 4831 1786 4900 ιι),
1817 4831 1941 4884 huic
1969 4830 2144 4885 barre-

569 4920 719 4974 ditati
749 4923 884 4989 petit
909 4923 1172 4984 benedici,
1203 4931 1259 4974 ιιι
1286 4924 1575 4977 virtutibus
1605 4931 1658 4976 et
1690 4937 1914 4977 numero
1944 4937 2142 4992 augea-

571 5019 657 5044 hn-
709 5011 746 5044 Γ
781 5011 986 5046 neutr/non
1017 5013 1234 5046 "nomine
1261 5015 1476 5048 .lnvnlnc
1507 5014 1630 5048 until
1666 5031 1729 5048 nn
1753 5013 1988 5048 [κινητική
2017 5029 2144 5050 nnn-

2247 4649 2418 4720 (l’sul.
2449 4650 2560 4715 cx).

2281 4743 2314 4797 4
2394 4741 2508 4796 νοω
2539 4741 2746 4794 Domini
2769 4740 2821 4792 in
2846 4739 3031 4793 virtute
3059 4752 3076 4790 :

2403 4831 2510 4886 Vox
2535 4831 2740 4885 Domini
2765 4830 2815 4882 in
2841 4827 3248 4898 magniﬁcentia.

2320 4922 2363 4977 ll
2387 4922 2576 4976 Merito
2602 4935 2731 4989 ergo
2763 4935 2862 4972 vox
2895 4917 3103 4971 Domini
3138 4917 3189 4969 in
3220 4917 3420 4970 virtute
3452 4916 3672 4976 dicitur,
3697 4914 3825 4984 quia

2249 5014 2298 5050 in
2324 5026 2644 5050 nmmnmnm
2662 5017 2849 5050 cmmln
2875 5007 3127 5050 lnnnilur-
3146 5005 3184 5050 (ἶ
3207 5006 3269 5050 Ει
3285 5005 3332 5050 ni
3351 5005 3512 5050 nullis
3533 5005 3826 5050 obstaculis
