4000 5370
179 339 266 393 ιω

1050 392 1074 402 ,ο

1375 331 1465 386 EX
1475 325 1740 386 POSlTlO
1782 320 2230 380 PSALMORUM.

3342 309 3440 364 130

173 451 379 510 fructus
407 461 658 524 generat,
687 467 765 507 ste
794 465 893 506 nec
945 448 1102 504 elatio
1131 445 1462 501 detestabilis
1497 457 1616 511 qua:
1639 455 1762 511 pec-
1790 447 1836 506 Α
1865 435 2012 489 debit
2042 433 2303 487 Dominus
2350 431 2402 485 in
2433 429 2634 485 sanctis
2673 428 2788 500 (qui
2821 427 2979 481 sedes
3022 440 3136 491 ejus
3169 424 3442 524 dicuntur)

185 554 352 601 satum
383 544 573 598 intulit
595 543 814 596 mutulo.
870 539 1028 595 Cedri
1059 552 1178 608 qum
1209 537 1261 590 in
1287 535 1494 589 Libano
1531 547 1763 586 nascun-

182 650 262 693 tur
285 636 518 690 altiores
548 633 682 687 ﬁunt
739 632 917 688 cedris
947 644 1068 699 quae
1113 627 1306 682 alicubi
1352 633 1672 687 nascuntur,
1707 629 1764 675 et

185 724 449 795 signiﬁcat
473 723 683 778 nobiles
714 721 870 776 istius
892 719 1078 774 mundi
1108 725 1162 771 et
1191 731 1368 786 reges,
1409 715 1499 784 qui
1527 713 1764 782 reliquos

185 818 426 872 nomines
457 825 719 884 tanquam
761 813 989 870 humilia
1018 811 1218 865 fruteta
1247 809 1551 879 despiciunt
1577 823 1592 873 ;
1626 821 1762 876 quos

186 909 441 962 Dominus
483 908 814 975 confringet,
845 905 1060 975 quando
1106 902 1331 972 objectis
1389 899 1636 968 superbis
1668 899 1766 952 hu-

185 999 332 1053 miles
382 1000 570 1069 eliget.
600 999 645 1054 ϐ
689 998 746 1051 lu
789 995 1160 1051 confractione
1215 995 1525 1056 cedrorum,
1565 990 1763 1044 donum

184 1089 520 1144 fortitudinis
571 1087 910 1157 intelligitur,
955 1087 1080 1141 dum
1131 1084 1356 1147 fractos,
1392 1083 1444 1136 id
1481 1091 1566 1135 est
1595 1079 1768 1134 humi-

185 1181 340 1235 liatos
388 1188 446 1234 et
495 1195 792 1235 conversos
823 1177 1076 1248 qu:elibet
1117 1190 1214 1246 pro
1237 1173 1457 1228 Christo
1499 1171 1770 1226 sustinere

188 1270 333 1325 facit.

218 1363 250 1420 6
321 1361 393 1415 Et
423 1363 741 1416 comminuet
781 1378 866 1416 eos
897 1370 1149 1430 tanquam
1172 1357 1364 1412 vitulus
1395 1355 1580 1408 Libani
1605 1371 1623 1409 :

323 1450 389 1503 Et
413 1451 638 1504 dilectus
663 1449 1106 1521 quemadmodum
1133 1447 1277 1516 ﬁlius
1307 1445 1658 1500 unicornium.

251 1539 298 1594 ﬂ
321 1541 430 1595 lste
458 1540 660 1595 vitulus
681 1540 951 1610 significat
979 1539 1278 1601 Christum,
1311 1537 1449 1591 sicut
1472 1536 1616 1590 enim
1641 1549 1769 1589 con-

189 1633 373 1704 fringit
401 1633 604 1688 vitulus
653 1632 885 1704 virgulta
935 1641 1118 1687 tenera
1183 1630 1458 1692 cornibus,
1505 1630 1577 1682 ita
1607 1628 1767 1684 Chri-

188 1735 298 1780 Stus
345 1722 659 1796 confringet
712 1723 948 1780 Judazos.
1004 1722 1107 1789 Qui
1152 1723 1309 1776 etiam
1331 1721 1552 1775 dilectus
1598 1719 1769 1774 Filius

194 1813 280 1868 Dei
307 1816 507 1867 dicitur
548 1831 642 1885 per
664 1814 1072 1884 assumptionem
1120 1813 1370 1881 corporis,
1405 1821 1452 1864 et
1485 1811 1629 1879 ﬁlius
1657 1811 1770 1862 uni.
1803 1802 1846 1862 Β

190 1907 446 1972 carnium,
480 1906 535 1960 id
566 1916 642 1960 est
689 1905 1020 1970 Juda’orum,
1063 1905 1189 1975 quia
1221 1919 1288 1957 ex
1341 1905 1508 1972 stirpe
1559 1901 1774 1957 .Iudzro-

191 2015 302 2054 rum
327 2001 634 2056 secundum
659 2015 880 2055 carnem
915 1997 1032 2053 fuit.
1063 1996 1234 2052 Judtei
1273 1998 1562 2052 unicornes
1583 1995 1772 2051 dicun-

195 2099 273 2143 tur
296 2105 396 2159 pro
424 2105 533 2144 una
560 2089 679 2161 lege
720 2105 882 2161 quam
930 2089 1236 2144 habuerunt
1283 2104 1378 2158 per
1405 2104 1566 2157 quam
1593 2087 1645 2141 in
1677 2104 1770 2141 su-

193 2184 368 2252 perbia
401 2198 462 2238 se
493 2183 829 2239 extulerunt.
887 2183 996 2238 Nos
1044 2192 1332 2252 utrumque
1381 2190 1771 2237 testamentum

193 2275 473 2341 habemus,
500 2276 602 2347 ipsi
633 2287 790 2333 vetus
815 2286 1022 2331 tantum
1072 2277 1364 2347 recipiunt,
1392 2291 1491 2330 nos
1523 2275 1629 2330 duo
1649 2289 1760 2330 cor-

198 2382 294 2420 nua
317 2368 604 2432 habemus,
645 2369 698 2423 id
721 2377 804 2424 est
836 2378 1125 2439 utrumque
1152 2369 1582 2424 Testamentum.

229 2458 257 2510 7
343 2459 456 2514 Vox
482 2461 696 2515 Domini
717 2461 1073 2516 intercidentis
1099 2461 1367 2530 ﬂammam
1392 2462 1525 2530 ignis
1557 2477 1568 2510 :

336 2550 455 2606 Vox
485 2551 702 2605 Domini
754 2553 1094 2606 concutientis
1135 2551 1394 2605 desertum
1420 2567 1436 2605 :
1469 2566 1531 2613 -ι-
1558 2560 1603 2604 ct
1635 2566 1778 2604 com-

403 2644 623 2698 mor-obit
656 2643 911 2697 Dominus
940 2643 1200 2698 desertum
1233 2643 1251 2713 ζ
1284 2641 1472 2698 (Σαιιιδ.

264 2730 307 2786 Η
334 2731 450 2788 Vox
474 2734 690 2788 Domini
722 2733 1119 2800 intercidentis,
1149 2734 1201 2788 td
1239 2742 1323 2788 est
1352 2732 1612 2787 auxilium
1639 2733 1778 2788 illius

201 2827 333 2883 inter
383 2840 791 2898 persecutores,
839 2845 948 2902 quo
999 2830 1112 2886 suis
1157 2831 1363 2886 sanctis
1417 2830 1691 2896 subvenit,
1721 2840 1779 2885 ut

200 2919 507 2986 persecutio
546 2919 962 2976 furibundorum
993 2919 1204 2975 flamma
1251 2921 1390 2992 ignis
1423 2921 1776 2993 intelligatur,

201 3006 278 3058 vel
303 3005 583 3062 ﬂammam
627 3010 763 3064 dicit
807 3009 1060 3066 libidines
1087 3026 1224 3080 quas
1264 3027 1359 3080 per
1381 3011 1766 3068 confessionem

201 3105 250 3149 et
278 3099 514 3167 gratiam
548 3099 678 3153 facit
699 3115 935 3155 cessare.
960 3099 1212 3155 Concutit
1242 3103 1515 3157 desertum
1546 3119 1648 3158 vox
1680 3105 1781 3158 Do-

187 3188 346 3252 mini,
379 3188 436 3242 id
480 3198 561 3243 est
587 3190 904 3260 przedicatio
931 3191 1167 3244 animam
1207 3207 1326 3261 quae
1361 3193 1569 3246 deserta
1608 3192 1785 3248 fuerat
1809 3167 1856 3222 Ο

199 3281 580 3343 commovebit.
639 3283 765 3352 quia
801 3284 981 3337 anima
1010 3299 1129 3354 quae
1168 3284 1313 3339 vitiis
1357 3293 1620 3354 occupata
1676 3293 1781 3350 est,

199 3372 412 3428 deserta
462 3373 684 3439 dicitur,
730 3374 873 3428 illius
919 3376 1164 3431 excussis
1219 3375 1530 3431 habitabilis
1559 3377 1668 3430 Deo
1702 3376 1778 3429 lit.

200 3462 240 3517 C
273 3465 562 3518 Desertum
591 3463 849 3534 appellati
880 3473 1025 3530 sunt,
1054 3466 1144 3535 qui
1179 3465 1406 3519 necdum
1433 3465 1555 3520 tidei
1583 3465 1782 3520 donum

159 3602 162 3604 γ
200 3563 587 3623 perceperunt.
623 3555 666 3608 ll
700 3553 848 3621 Quos
892 3556 1251 3610 eommnvchit
1280 3555 1541 3610 Dominus
1573 3556 1638 3610 de
1668 3556 1786 3609 iuti-

201 3645 426 3700 dclitate
458 3647 524 3699 ad
552 3645 732 3700 fidem.
763 3647 939 3702 Cades
989 3647 1379 3716 interpretatur
1406 3649 1698 3704 commotio
1725 3648 1788 3702 ti-

201 3753 334 3792 neae.
365 3735 410 3792 G
442 3736 726 3792 lntercisio
780 3738 883 3792 ista
927 3737 1156 3793 [lamnae
1182 3755 1194 3790 :
1223 3740 1421 3794 donum
1468 3741 1679 3795 consilii
1706 3740 1774 3794 in-

199 3827 336 3892 nuit,
364 3841 477 3896 quo
518 3828 932 3899 interrumpitur
962 3846 1257 3886 consensus
1298 3841 1556 3902 actusque
1579 3833 1786 3902 peccati

199 3920 281 3973 vel
306 3921 730 3992 persecutionis,
758 3921 812 3976 in
836 3923 1189 3978 concussione
1213 3939 1340 3978 vero
1365 3925 1564 3979 deserti
1589 3926 1787 3980 donum

204 4013 514 4068 intellectus
545 4023 787 4069 notatur.

237 4107 268 4160 8
350 4103 474 4158 Vox
528 4104 739 4158 Domini
782 4104 1128 4173 pra’parantis
1186 4121 1395 4169 cerros,
1445 4115 1490 4159 et
1545 4107 1788 4160 reuelabit

417 4199 678 4252 condensa
712 4213 734 4252 :

347 4288 418 4342 Et
442 4290 494 4342 in
522 4289 711 4359 templo
734 4288 850 4359 ejus
873 4305 1045 4343 omnes
1068 4289 1237 4342 dicent
1262 4287 1503 4359 gloriam.

275 4379 319 4434 Η
350 4381 510 4435 Cervi
541 4381 930 4449 prtedicatores
964 4379 1254 4448 significat,
1279 4395 1415 4448 quos
1445 4379 1788 4449 praeparavit,

210 4475 422 4542 quando
455 4471 562 4526 iliis
588 4472 854 4542 Spiritum
901 4480 1149 4524 sanetum
1179 4471 1327 4525 dedit
1360 4485 1423 4524 ac
1453 4471 1574 4526 illos
1604 4471 1792 4542 prrcdi-

1868 528 1920 580 in
1968 535 2252 586 :etcrnum,
2289 524 2341 577 id
2385 530 2467 577 est
2507 523 2558 576 in
2610 521 2866 576 smculum
2905 519 3109 584 smculi,
3134 518 3214 572 vel
3238 519 3445 572 sedebit

1865 614 2116 670 Christus
2138 613 2203 666 ad
2231 613 2507 666 dexteram
2533 611 2729 666 Patris.

1867 707 1934 762 10
2009 706 2269 761 Dominus
2294 705 2533 758 virtutem
2563 702 2752 775 popqu
2779 719 2874 757 suo
2897 703 3040 756 dabit
3077 719 3088 731 ·

2008 795 2265 850 Dominus
2293 794 2554 848 benedicet
2582 794 2772 864 populo
2803 811 2898 848 suo
2922 796 2974 848 in
2996 811 3141 864 pace.

1941 885 1984 942 ll
2013 886 2276 941 Dominus
2298 887 2575 951 virtutem,
2612 887 2662 940 id
2684 895 2767 940 est
2803 885 2963 940 lidetn
2993 895 3047 941 et
3076 885 3448 942 fortitudinem

1867 987 2058 1034 contra
2091 976 2249 1046 hujus
2274 977 2458 1032 mundi
2483 976 2750 1045 procellas
2793 977 2989 1047 pepulo
3019 976 3326 1032 Christiano
3353 977 3450 1031 da-

1869 1069 1972 1124 bit.
2004 1069 2074 1124 Et
2103 1067 2390 1122 benedicet
2442 1067 2531 1122 hic
2551 1077 2602 1122 et
2627 1069 2681 1121 in
2727 1066 2928 1132 futuro,
2963 1067 3175 1136 quando
3210 1065 3454 1120 dicturus

1867 1163 1971 1218 erit
2020 1179 2033 1213 :
2067 1159 2281 1226 Venite,
2341 1159 2611 1214 benedicti
2662 1157 2840 1214 Patris
2870 1159 2995 1214 mei.
3029 1157 3084 1212 lu
3107 1174 3260 1229 pace,
3291 1160 3341 1213 in
3373 1173 3455 1213 se-

1869 1253 2130 1324 metipso,
2163 1252 2286 1323 quia
2321 1252 2436 1321 ipse
2466 1261 2549 1305 est
2576 1267 2682 1321 pax
2709 1267 2836 1306 vera
2863 1261 3068 1305 nostra.

2296 1382 2494 1422 ORATIO
2533 1382 2602 1420 EX
2642 1381 2789 1420 PSAL.
2820 1381 3012 1421 Χυίιίο

1939 1463 2109 1524 Dona,
2137 1461 2388 1526 Domine,
2425 1462 2682 1516 virtutem
2729 1460 2925 1531 populo
2954 1469 3067 1524 tuo,
3100 1467 3155 1513 et
3180 1456 3328 1514 efﬁce
3359 1470 3457 1512 nos

1871 1555 2129 1626 templum
2164 1555 2401 1626 Spiritus
2427 1556 2604 1612 sancti
2631 1573 2644 1608 :
2675 1564 2732 1608 ut
2764 1555 2858 1610 tibi
2891 1553 2957 1608 de
2987 1553 3150 1608 corde
3177 1566 3335 1622 puro,
3362 1549 3460 1604 bo-

1869 1645 2172 1701 locaustum
2206 1647 2542 1716 acceptabile
2591 1660 2977 1716 praeparemus.
3035 1642 3138 1698 Per
3170 1641 3459 1704 Dominum

1875 1747 2119 1794 nostrum
2144 1737 2328 1794 Jesum
2351 1738 2652 1805 Christum,
2676 1749 2783 1795 etc.

2406 1832 2726 1889 PSALMUS
2758 1833 2948 1887 XXIX.

2316 1939 2678 1980 ARGUMENTUM
2711 1939 2858 1979 PSA]...
2890 1939 3017 1978 XXIX
3029 1961 3040 1976 .

1946 2019 1986 2074 C
2025 2019 2138 2072 Vox
2171 2017 2370 2073 Christi
2423 2017 2490 2072 ad
2543 2017 2780 2081 Patrem,
2831 2017 3037 2086 gratias
3087 2015 3294 2086 agentis
3343 2026 3466 2086 post

1877 2111 1994 2180 ejus
2017 2111 2465 2182 gloriosissimam
2499 2109 2973 2163 resurrectionem.

2018 2204 2128 2259 TT.
2170 2201 2418 2257 Psalmus
2451 2203 2638 2257 cantici
2665 2201 3005 2256 dedicationis
3054 2215 3242 2255 (tomus
3271 2200 3461 2254 Darid.

1947 2296 1987 2353 C
2027 2297 2228 2352 Domus
2273 2296 2536 2365 significat
2578 2293 2834 2364 templum
2884 2292 3147 2348 Dominici
3199 2291 3462 2360 corporis.

1880 2387 2162 2444 Dedicatio
2218 2401 2389 2450 vero,
2445 2383 2901 2439 resurrectionem
2963 2381 3202 2450 ejusdem
3251 2379 3467 2435 Domini

1881 2479 2073 2535 nostri.
2108 2476 2260 2531 Tunc
2299 2475 2572 2530 dedicavit
2607 2489 2622 2528 :
2654 2489 2776 2528 cum
2809 2489 2838 2526 a
2867 2473 3098 2526 mortuis
3147 2470 3465 2534 resurrexit,

1881 2576 2008 2623 tunc
2038 2568 2181 2622 enim
2213 2582 2407 2636 corpus
2457 2567 2574 2636 ejus
2620 2565 2674 2620 in
2706 2573 2962 2620 aeternam
3015 2563 3238 2632 g‘lotiam
3270 2563 3468 2632 perdu-

1881 2672 2027 2716 ctum
2072 2670 2176 2714 est.
2241 2660 2502 2714 Dedic‘are
2532 2659 2677 2714 enim
2716 2657 2946 2712 dicimus
2975 2671 3099 2710 cum
3133 2656 3342 2710 novitas
3369 2655 3466 2709 do-

1883 2768 2005 2809 mus
2034 2753 2259 2824 alicujus
2289 2755 2340 2807 in
2371 2767 2526 2806 usum
2555 2751 2970 2806 celeberrimum
3026 2748 3334 2817 deputatur.
3369 2748 3468 2801 Do-

1884 2862 2004 2901 mus
2029 2855 2210 2901 autem
2269 2844 2436 2900 David
2486 2854 2706 2915 prepter
2764 2857 2948 2898 semen
2980 2840 3096 2910 ejus
3143 2850 3226 2895 est
3274 2840 3466 2911 posita.

1886 2940 2037 2997 Unde
2064 2939 2318 2996 Salvator
2343 2939 2525 2994 carnis
2557 2937 2718 2992 traxit
2752 2937 3037 3006 originem.

1921 3034 1947 3087 l
2030 3030 2291 3086 Exaltabo
2318 3039 2386 3096 te,
2411 3030 2649 3095 Domine,
2672 3029 2920 3097 quoniam
2950 3025 3220 3096 suscepisti
3241 3042 3322 3079 me
3349 3043 3366 3079 :

2028 3120 2141 3176 Nec
2163 3122 2433 3178 delectasti
2467 3123 2706 3176 inimicos
2737 3137 2876 3175 meos
2904 3137 3060 3187 super
3083 3137 3183 3173 me.

1958 3211 2003 3266 Il
2033 3213 2396 3278 Esaltabote,
2443 3212 2693 3268 Domine.
2743 3210 2856 3266 Vox
2886 3208 3086 3265 Christi
3117 3209 3183 3262 ad
3231 3209 3469 3274 Patrem,

1885 3305 1969 3360 vel
1998 3322 2095 3361 vox
2127 3305 2384 3360 Ecclesia:
2425 3305 2494 3359 ad
2546 3305 2844 3370 Clu-istum,
2892 3303 2945 3358 id
2995 3311 3082 3360 est
3134 3302 3366 3357 laudabo
3398 3314 3470 3368 te,

1888 3401 2146 3469 quoniam
2179 3399 2460 3470 suscepisti
2510 3415 2615 3453 me.
2657 3399 2698 3453 C
2729 3398 2833 3452 Per
2857 3397 3314 3468 dispensationem
3367 3412 3475 3466 qua

1889 3493 2160 3547 resurrexi
2191 3509 2219 3545 a
2256 3492 2503 3546 mortuis.
2557 3490 2665 3546 Nec
2715 3489 3018 3554 delectasti,
3065 3489 3189 3558 quia
3239 3504 3342 3542 non
3374 3503 3473 3557 po-

1900 3593 2118 3638 tuerunt
2165 3581 2334 3637 Judaei
2391 3583 2664 3637 Christum
2716 3581 3061 3650 exstinguere
3103 3581 3242 3634 sicut
3294 3581 3477 3633 volue-

1889 3684 2034 3730 runt.
2068 3674 2360 3730 Delectasti
2393 3688 2522 3729 vero
2556 3674 2732 3742 posuit
2762 3688 2858 3742 pro
2889 3671 3162 3726 delectare
3206 3668 3401 3724 fecisti.

1923 3766 1959 3820 2
2034 3765 2175 3819 Deus
2204 3783 2350 3819 meus
2380 3763 2605 3818 clamavi
2641 3768 2707 3818 ad
2731 3775 2813 3817 te:

2033 3836 2100 3888 Et
2128 3837 2330 3890 sanasti
2358 3852 2456 3888 me.

1964 3925 2007 3980 ll
2033 3925 2218 3981 Oratio
2263 3926 2464 3980 Chriin
2502 3926 2615 3979 sive
2648 3924 2924 3988 Ecclesite,
2956 3925 3155 3978 sanasti
3185 3939 3290 3989 me,
3321 3923 3368 3976 id
3397 3931 3479 3975 est

1893 4032 2170 4086 resurgere
2195 4033 2278 4070 me
2310 4016 2505 4071 fecisti.
2545 4014 2585 4070 C
2614 4016 2764 4069 Tunc
2785 4016 2927 4070 enim
2961 4024 3184 4069 sanatus
3209 4023 3289 4068 est
3323 4013 3479 4068 Chri-

1892 4118 2007 4163 stus
2037 4149 2052 4173 ,
2101 4110 2318 4178 quando
2384 4123 2599 4162 carnem
2647 4107 2955 4178 fragilitatis
2995 4116 3230 4170 nostrae,
3291 4121 3478 4159 resur-

1893 4199 2066 4270 gendo
2096 4199 2149 4253 in
2192 4209 2391 4253 aeterna
2430 4199 2552 4252 vita:
2580 4199 2773 4266 gaudia
2799 4197 3101 4263 collocavit,
3143 4206 3198 4252 et
3250 4214 3347 4252 nos
3374 4199 3480 4252 sal-

1892 4305 1990 4344 vos
2018 4289 2164 4344 fecit.

1930 4382 1964 4436 5
2038 4381 2283 4447 Domine,
2313 4380 2575 4435 deduxisti
2599 4382 2662 4434 ab
2685 4379 2890 4449 inferno
2905 4383 3135 4435 animam
3162 4396 3329 4434 meant
3354 4395 3373 4432 :

2037 4473 2265 4530 Salvasti
2291 4491 2369 4527 me
2391 4491 2421 4527 α
2450 4474 2877 4528 descendentibus
2899 4475 2952 4528 in
2983 4473 3175 4528 lacum.

212 4581 333 4621 care
372 4564 539 4619 misit.
569 4561 1170 4627 Revelaviteondensa,
1215 4562 1266 4616 id
1298 4570 1381 4617 est
1401 4563 1630 4618 obscura
1655 4563 1790 4618 dit'i-
1821 4537 1868 4596 Ῑ)
1971 4568 2013 4623 Α
2054 4565 2099 4621 l-l
2125 4567 2372 4632 Domine,
2397 4565 2686 4633 deduxisti,
2719 4566 2821 4622 hoc
2841 4568 3180 4637 expositione
3207 4581 3312 4620 non
3338 4573 3481 4634 eget.

213 4671 407 4709 narum
432 4654 846 4723 Scripturarum
871 4667 965 4721 per
993 4651 1257 4722 Spiritum
1288 4660 1534 4706 sanctum
1568 4653 1674 4708 illis
1703 4669 1794 4722 pa-

217 4745 412 4800 tefecit.
446 4743 490 4799 (ἶ
522 4745 622 4799 Per
651 4758 846 4799 cervos
892 4743 1055 4813 igitur
1091 4744 1369 4814 sapientes
1401 4743 1793 4816 intelliguntur,

215 4834 303 4902 qui
331 4833 814 4904 contemplatione,
848 4832 954 4885 alta
983 4833 1414 4888 conscendentes
1436 4873 1449 4897 ,
1474 4834 1517 4886 Α
1542 4841 1800 4904 superant

219 4935 269 4977 ct
311 4925 571 4995 repellunt
596 4939 907 4980 venenosas
934 4923 1146 4994 linguas
1183 4925 1584 4990 haereticorum,
1622 4925 1800 4981 llabes

223 5012 385 5084 igitur
426 5017 714 5086 septimum
744 5016 948 5070 donum
986 5014 1222 5084 Spiritus
1261 5015 1456 5082 sancti,
1485 5017 1692 5073 scilicet
1713 5033 1800 5072 sa-

224 5105 491 5172 pientiam.
522 5108 562 5162 C
592 5105 703 5162 Pro
731 5121 840 5176 qua
867 5118 943 5168 re,
984 5107 1036 5160 in
1067 5106 1304 5162 Ecclesia
1354 5105 1490 5176 ejus,
1515 5123 1704 5163 omnes
1728 5108 1801 5164 illi

230 5197 339 5251 inec
361 5199 492 5254 dona
523 5201 817 5263 habentes,
855 5196 1096 5252 referunt
1117 5199 1368 5268 gloriam.

267 5285 296 5340 9
362 5289 610 5345 Dominus
630 5289 899 5343 diluvium
932 5287 1223 5343 inhabitare
1245 5287 1419 5358 facit:

1899 4661 2243 4718 Manifestum
2265 4671 2349 4715 est
2375 4660 2542 4727 enim,
2577 4661 2812 4715 animam
2843 4659 3043 4714 Christi
3077 4674 3196 4712 cum
3230 4659 3348 4712 aliis
3372 4658 3486 4709 aui-

1901 4753 2091 4807 mabus
2123 4761 2458 4814 sanctorum,
2514 4754 2580 4808 de
2629 4752 2840 4806 inferno
2877 4759 3181 4806 revocatam
3219 4765 3248 4801 a
3293 4749 3422 4802 Deo.
3446 4746 3487 4800 C

1902 4841 2300 4898 Descendentes
2350 4855 2480 4895 vero
2513 4843 2564 4898 in
2615 4841 2791 4896 lacum
2822 4849 2944 4896 sunt
2990 4842 3079 4910 qui
3112 4842 3163 4894 in
3209 4840 3490 4908 iniquitate

1903 4931 2061 4990 iszius
2094 4933 2277 4990 saeculi
2317 4945 2628 4990 versantur.
2687 4930 2936 4986 Salvatus
2969 4939 3052 4985 est
3097 4931 3279 4999 itaque
3306 4945 3334 4981 a
3374 4926 3494 4980 tali-

1903 5021 2024 5090 bus,
2060 5025 2183 5097 quia
2213 5041 2244 5080 a
2294 5027 2682 5081 communione
2716 5035 2906 5075 eorum
2957 5019 3214 5076 liberatus
3244 5027 3328 5072 est
3369 5031 3496 5069 cum

1906 5115 2208 5172 resurrexit
2240 5129 2269 5168 a
2305 5116 2566 5175 mortuis.

1940 5201 1976 5256 4
2054 5205 2276 5263 Psallite
2303 5201 2538 5264 Domino
2561 5206 2725 5262 sancti
2753 5201 2866 5272 ejus
2891 5217 2909 5255 :

2055 5297 2122 5351 Et
2151 5290 2482 5363 conﬁtemini
2510 5293 2775 5353 memoria:
2802 5289 3094 5342 sanctitatis
3126 5303 3259 5356 ejus.
