  <div class='ocr_page' id='page_1' title='image "/cluster/home/n/w/nwhite01/storage/ocr_20150623/142/hvd.32044015471808/071.png"; bbox 0 0 4000 5370; ppageno 0'>
   <div class='ocr_carea' id='block_1_1' title="bbox 589 224 679 279">
    <p class='ocr_par' dir='ltr' id='par_1_1' title="bbox 589 224 679 279">
     <span class='ocr_line' id='line_1_1' title="bbox 589 224 679 279; baseline 0 -1"><span class='ocrx_word' id='word_1_1' title='bbox 589 224 679 279; x_wconf 74' lang='grc'><strong>151</strong></span> 
     </span>
    </p>
   </div>
   <div class='ocr_carea' id='block_1_2' title="bbox 618 334 1743 405">
    <p class='ocr_par' dir='ltr' id='par_1_2' title="bbox 618 334 1743 405">
     <span class='ocr_line' id='line_1_2' title="bbox 618 334 1743 405; baseline -0.003 -15"><span class='ocrx_word' id='word_1_2' title='bbox 618 337 652 390; x_wconf 81' lang='lat'><strong>5</strong></span> <span class='ocrx_word' id='word_1_3' title='bbox 728 334 990 402; x_wconf 76' lang='lat' dir='ltr'><strong>Quoniam</strong></span> <span class='ocrx_word' id='word_1_4' title='bbox 1014 335 1091 388; x_wconf 90' lang='lat' dir='ltr'><strong>ira</strong></span> <span class='ocrx_word' id='word_1_5' title='bbox 1119 335 1169 388; x_wconf 90' lang='lat' dir='ltr'><em>in</em></span> <span class='ocrx_word' id='word_1_6' title='bbox 1197 334 1556 405; x_wconf 75' lang='lat' dir='ltr'><strong>indignatione</strong></span> <span class='ocrx_word' id='word_1_7' title='bbox 1587 338 1700 403; x_wconf 83' lang='lat' dir='ltr'><strong>ejus</strong></span> <span class='ocrx_word' id='word_1_8' title='bbox 1726 351 1743 387; x_wconf 87' lang='lat'><strong><em>:</em></strong></span> 
     </span>
    </p>
   </div>
   <div class='ocr_carea' id='block_1_3' title="bbox 725 427 1476 497">
    <p class='ocr_par' dir='ltr' id='par_1_3' title="bbox 725 427 1476 497">
     <span class='ocr_line' id='line_1_3' title="bbox 725 427 1476 497; baseline -0.004 -15"><span class='ocrx_word' id='word_1_9' title='bbox 725 430 793 483; x_wconf 73' lang='lat' dir='ltr'><strong>Et</strong></span> <span class='ocrx_word' id='word_1_10' title='bbox 823 430 925 482; x_wconf 75' lang='lat' dir='ltr'><strong>vita</strong></span> <span class='ocrx_word' id='word_1_11' title='bbox 959 429 1012 482; x_wconf 90' lang='lat' dir='ltr'><em>in</em></span> <span class='ocrx_word' id='word_1_12' title='bbox 1047 427 1309 481; x_wconf 70' lang='lat' dir='ltr'><strong>voluntate</strong></span> <span class='ocrx_word' id='word_1_13' title='bbox 1343 427 1476 497; x_wconf 81' lang='lat' dir='ltr'><strong>ejus.</strong></span> 
     </span>
    </p>
   </div>
   <div class='ocr_carea' id='block_1_4' title="bbox 658 510 2160 589">
    <p class='ocr_par' dir='ltr' id='par_1_4' title="bbox 658 510 2160 589">
     <span class='ocr_line' id='line_1_4' title="bbox 658 510 2160 589; baseline -0.007 -11"><span class='ocrx_word' id='word_1_14' title='bbox 658 519 697 578; x_wconf 84' lang='lat' dir='ltr'><strong>C</strong></span> <span class='ocrx_word' id='word_1_15' title='bbox 732 510 1033 589; x_wconf 72' lang='lat' dir='ltr'><strong>Indignatio</strong></span> <span class='ocrx_word' id='word_1_16' title='bbox 1065 518 1227 581; x_wconf 88' lang='lat' dir='ltr'><strong>illius,</strong></span> <span class='ocrx_word' id='word_1_17' title='bbox 1280 533 1428 572; x_wconf 74' lang='lat' dir='ltr'><strong>mors</strong></span> <span class='ocrx_word' id='word_1_18' title='bbox 1458 525 1538 572; x_wconf 89' lang='lat' dir='ltr'><strong>est</strong></span> <span class='ocrx_word' id='word_1_19' title='bbox 1569 516 1888 586; x_wconf 69' lang='lat' dir='ltr'><strong>peccatoris.</strong></span> <span class='ocrx_word' id='word_1_20' title='bbox 1940 514 1984 569; x_wconf 83' lang='lat' dir='ltr'><strong>Il</strong></span> <span class='ocrx_word' id='word_1_21' title='bbox 2020 515 2160 569; x_wconf 87' lang='lat' dir='ltr'><strong>ludi-</strong></span> 
     </span>
    </p>
   </div>
   <div class='ocr_carea' id='block_1_5' title="bbox 584 605 2158 684">
    <p class='ocr_par' dir='ltr' id='par_1_5' title="bbox 584 605 2158 684">
     <span class='ocr_line' id='line_1_5' title="bbox 584 605 2158 684; baseline -0.006 -17"><span class='ocrx_word' id='word_1_22' title='bbox 584 614 767 684; x_wconf 83' lang='lat' dir='ltr'><strong>gnatio</strong></span> <span class='ocrx_word' id='word_1_23' title='bbox 820 611 913 666; x_wconf 86' lang='lat' dir='ltr'><strong>Dei</strong></span> <span class='ocrx_word' id='word_1_24' title='bbox 972 609 1072 664; x_wconf 82' lang='lat' dir='ltr'><strong>iuit</strong></span> <span class='ocrx_word' id='word_1_25' title='bbox 1127 610 1342 679; x_wconf 77' lang='lat' dir='ltr'><strong>quando</strong></span> <span class='ocrx_word' id='word_1_26' title='bbox 1368 609 1539 662; x_wconf 82' lang='lat' dir='ltr'><strong>Adam</strong></span> <span class='ocrx_word' id='word_1_27' title='bbox 1574 607 1837 676; x_wconf 88' lang='lat' dir='ltr'><strong>peccavit.</strong></span> <span class='ocrx_word' id='word_1_28' title='bbox 1881 605 1987 663; x_wconf 88' lang='lat' dir='ltr'><strong>Ira.</strong></span> <span class='ocrx_word' id='word_1_29' title='bbox 2014 606 2158 675; x_wconf 82' lang='lat' dir='ltr'><strong>justa</strong></span> 
     </span>
    </p>
   </div>
   <div class='ocr_carea' id='block_1_6' title="bbox 582 696 2158 769">
    <p class='ocr_par' dir='ltr' id='par_1_6' title="bbox 582 696 2158 769">
     <span class='ocr_line' id='line_1_6' title="bbox 582 696 2158 769; baseline -0.004 -14"><span class='ocrx_word' id='word_1_30' title='bbox 582 701 834 765; x_wconf 79' lang='lat' dir='ltr'><strong>rindicta,</strong></span> <span class='ocrx_word' id='word_1_31' title='bbox 867 700 1084 769; x_wconf 82' lang='lat' dir='ltr'><strong>quando</strong></span> <span class='ocrx_word' id='word_1_32' title='bbox 1130 713 1252 753; x_wconf 88' lang='lat' dir='ltr'><strong>eum</strong></span> <span class='ocrx_word' id='word_1_33' title='bbox 1297 696 1364 753; x_wconf 88' lang='lat' dir='ltr'><strong>de</strong></span> <span class='ocrx_word' id='word_1_34' title='bbox 1387 697 1642 767; x_wconf 86' lang='lat' dir='ltr'><strong>paradiso</strong></span> <span class='ocrx_word' id='word_1_35' title='bbox 1669 696 1845 764; x_wconf 86' lang='lat' dir='ltr'><strong>cjecit.</strong></span> <span class='ocrx_word' id='word_1_36' title='bbox 1874 696 1939 750; x_wconf 81' lang='lat' dir='ltr'><strong>Et</strong></span> <span class='ocrx_word' id='word_1_37' title='bbox 1968 697 2073 749; x_wconf 90' lang='lat' dir='ltr'><strong>vita</strong></span> <span class='ocrx_word' id='word_1_38' title='bbox 2107 696 2158 749; x_wconf 89' lang='lat' dir='ltr'><strong>in</strong></span> 
     </span>
    </p>
   </div>
   <div class='ocr_carea' id='block_1_7' title="bbox 580 786 2163 860">
    <p class='ocr_par' dir='ltr' id='par_1_7' title="bbox 580 786 2163 860">
     <span class='ocr_line' id='line_1_7' title="bbox 580 786 2163 860; baseline -0.004 -15"><span class='ocrx_word' id='word_1_39' title='bbox 580 791 857 846; x_wconf 86' lang='lat' dir='ltr'><strong>voluntate</strong></span> <span class='ocrx_word' id='word_1_40' title='bbox 885 790 1023 860; x_wconf 81' lang='lat' dir='ltr'><strong>ejus,</strong></span> <span class='ocrx_word' id='word_1_41' title='bbox 1050 796 1106 842; x_wconf 85' lang='grc' dir='ltr'><strong>ιιι</strong></span> <span class='ocrx_word' id='word_1_42' title='bbox 1131 790 1219 858; x_wconf 89' lang='lat' dir='ltr'><strong>qui</strong></span> <span class='ocrx_word' id='word_1_43' title='bbox 1246 788 1420 859; x_wconf 76' lang='lat' dir='ltr'><strong>fecerit</strong></span> <span class='ocrx_word' id='word_1_44' title='bbox 1445 787 1775 842; x_wconf 83' lang='lat' dir='ltr'><strong>voluntatem</strong></span> <span class='ocrx_word' id='word_1_45' title='bbox 1801 786 1914 850; x_wconf 87' lang='lat' dir='ltr'><strong>Dei,</strong></span> <span class='ocrx_word' id='word_1_46' title='bbox 1949 794 2163 839; x_wconf 86' lang='lat' dir='ltr'><strong>maneat</strong></span> 
     </span>
    </p>
   </div>
   <div class='ocr_carea' id='block_1_8' title="bbox 583 877 2160 946">
    <p class='ocr_par' dir='ltr' id='par_1_8' title="bbox 583 877 2160 946">
     <span class='ocr_line' id='line_1_8' title="bbox 583 877 2160 946; baseline -0.004 -10"><span class='ocrx_word' id='word_1_47' title='bbox 583 881 637 936; x_wconf 90' lang='lat' dir='ltr'><strong>in</strong></span> <span class='ocrx_word' id='word_1_48' title='bbox 670 890 871 938; x_wconf 56' lang='lat' dir='ltr'><strong>aeterna</strong></span> <span class='ocrx_word' id='word_1_49' title='bbox 902 881 1029 934; x_wconf 89' lang='lat' dir='ltr'><strong>vita.</strong></span> <span class='ocrx_word' id='word_1_50' title='bbox 1062 879 1128 934; x_wconf 87' lang='lat' dir='ltr'><strong>Et</strong></span> <span class='ocrx_word' id='word_1_51' title='bbox 1154 879 1292 934; x_wconf 90' lang='lat' dir='ltr'><strong>sicut</strong></span> <span class='ocrx_word' id='word_1_52' title='bbox 1320 880 1373 932; x_wconf 92' lang='lat' dir='ltr'><strong>in</strong></span> <span class='ocrx_word' id='word_1_53' title='bbox 1410 877 1603 944; x_wconf 86' lang='lat' dir='ltr'><strong>Adam,</strong></span> <span class='ocrx_word' id='word_1_54' title='bbox 1632 878 1707 930; x_wconf 90' lang='lat' dir='ltr'><strong>ita</strong></span> <span class='ocrx_word' id='word_1_55' title='bbox 1733 878 1785 931; x_wconf 91' lang='lat' dir='ltr'><strong>in</strong></span> <span class='ocrx_word' id='word_1_56' title='bbox 1819 892 1925 931; x_wconf 84' lang='lat' dir='ltr'><strong>uno</strong></span> <span class='ocrx_word' id='word_1_57' title='bbox 1948 891 2160 946; x_wconf 91' lang='lat' dir='ltr'><strong>quoque</strong></span> 
     </span>
    </p>
   </div>
   <div class='ocr_carea' id='block_1_9' title="bbox 580 983 888 1044">
    <p class='ocr_par' dir='ltr' id='par_1_9' title="bbox 580 983 888 1044">
     <span class='ocr_line' id='line_1_9' title="bbox 580 983 888 1044; baseline -0.006 -17"><span class='ocrx_word' id='word_1_58' title='bbox 580 983 888 1044; x_wconf 88' lang='lat' dir='ltr'><strong>peccatore.</strong></span> 
     </span>
    </p>
   </div>
   <div class='ocr_carea' id='block_1_10' title="bbox 544 1046 1697 1133">
    <p class='ocr_par' dir='ltr' id='par_1_10' title="bbox 544 1046 1697 1133">
     <span class='ocr_line' id='line_1_10' title="bbox 544 1046 1697 1133; baseline -0.008 -17"><span class='ocrx_word' id='word_1_59' title='bbox 544 1046 547 1055; x_wconf 32' lang='lat' dir='ltr'><strong>l</strong></span> <span class='ocrx_word' id='word_1_60' title='bbox 616 1064 649 1116; x_wconf 83' lang='lat'><strong>6</strong></span> <span class='ocrx_word' id='word_1_61' title='bbox 721 1064 802 1115; x_wconf 83' lang='lat' dir='ltr'><strong>Ad</strong></span> <span class='ocrx_word' id='word_1_62' title='bbox 829 1077 1091 1133; x_wconf 79' lang='lat' dir='ltr'><strong>vesperum</strong></span> <span class='ocrx_word' id='word_1_63' title='bbox 1120 1060 1474 1115; x_wconf 76' lang='lat' dir='ltr'><strong>demorabimr</strong></span> <span class='ocrx_word' id='word_1_64' title='bbox 1500 1059 1653 1129; x_wconf 81' lang='lat' dir='ltr'><strong>ﬂetus</strong></span> <span class='ocrx_word' id='word_1_65' title='bbox 1678 1070 1697 1107; x_wconf 67' lang='grc' dir='ltr'><em>ε</em></span> 
     </span>
    </p>
   </div>
   <div class='ocr_carea' id='block_1_11' title="bbox 540 1134 1455 1208">
    <p class='ocr_par' dir='ltr' id='par_1_11' title="bbox 540 1134 1455 1208">
     <span class='ocr_line' id='line_1_11' title="bbox 540 1134 1455 1208; baseline -0.005 1"><span class='ocrx_word' id='word_1_66' title='bbox 540 1134 547 1141; x_wconf 34' lang='grc' dir='ltr'><strong>ο</strong></span> <span class='ocrx_word' id='word_1_67' title='bbox 722 1154 791 1208; x_wconf 85' lang='lat' dir='ltr'><strong>Et</strong></span> <span class='ocrx_word' id='word_1_68' title='bbox 822 1154 890 1207; x_wconf 86' lang='lat' dir='ltr'><strong>ad</strong></span> <span class='ocrx_word' id='word_1_69' title='bbox 911 1154 1225 1206; x_wconf 87' lang='lat' dir='ltr'><strong>matutinum</strong></span> <span class='ocrx_word' id='word_1_70' title='bbox 1253 1151 1455 1206; x_wconf 78' lang='lat' dir='ltr'><strong>ltrtitia.</strong></span> 
     </span>
    </p>
   </div>
   <div class='ocr_carea' id='block_1_12' title="bbox 651 1238 2157 1314">
    <p class='ocr_par' dir='ltr' id='par_1_12' title="bbox 651 1238 2157 1314">
     <span class='ocr_line' id='line_1_12' title="bbox 651 1238 2157 1314; baseline -0.007 -13"><span class='ocrx_word' id='word_1_71' title='bbox 651 1245 698 1300; x_wconf 81' lang='lat' dir='ltr'><strong>Il</strong></span> <span class='ocrx_word' id='word_1_72' title='bbox 740 1247 1060 1314; x_wconf 72' lang='lat' dir='ltr'><strong>Vesperum,</strong></span> <span class='ocrx_word' id='word_1_73' title='bbox 1118 1253 1227 1297; x_wconf 88' lang='lat' dir='ltr'><strong>tota</strong></span> <span class='ocrx_word' id='word_1_74' title='bbox 1265 1244 1371 1296; x_wconf 88' lang='lat' dir='ltr'><strong>vita</strong></span> <span class='ocrx_word' id='word_1_75' title='bbox 1426 1243 1527 1297; x_wconf 91' lang='lat' dir='ltr'><strong>ista</strong></span> <span class='ocrx_word' id='word_1_76' title='bbox 1556 1255 1793 1311; x_wconf 77' lang='lat' dir='ltr'><strong>prmscns</strong></span> <span class='ocrx_word' id='word_1_77' title='bbox 1822 1238 2157 1311; x_wconf 86' lang='lat' dir='ltr'><strong>intelligitur,</strong></span> 
     </span>
    </p>
   </div>
   <div class='ocr_carea' id='block_1_13' title="bbox 580 1332 2159 1409">
    <p class='ocr_par' dir='ltr' id='par_1_13' title="bbox 580 1332 2159 1409">
     <span class='ocr_line' id='line_1_13' title="bbox 580 1332 2159 1409; baseline -0.004 -17"><span class='ocrx_word' id='word_1_78' title='bbox 580 1338 705 1409; x_wconf 85' lang='lat' dir='ltr'><strong>quia</strong></span> <span class='ocrx_word' id='word_1_79' title='bbox 737 1353 834 1407; x_wconf 89' lang='lat' dir='ltr'><strong>per</strong></span> <span class='ocrx_word' id='word_1_80' title='bbox 870 1343 1148 1407; x_wconf 90' lang='lat' dir='ltr'><strong>peccatum</strong></span> <span class='ocrx_word' id='word_1_81' title='bbox 1178 1334 1305 1388; x_wconf 82' lang='lat' dir='ltr'><strong>Adae</strong></span> <span class='ocrx_word' id='word_1_82' title='bbox 1364 1348 1550 1388; x_wconf 89' lang='lat' dir='ltr'><strong>omnes</strong></span> <span class='ocrx_word' id='word_1_83' title='bbox 1578 1346 1750 1400; x_wconf 87' lang='lat' dir='ltr'><strong>usque</strong></span> <span class='ocrx_word' id='word_1_84' title='bbox 1778 1332 1830 1385; x_wconf 89' lang='lat' dir='ltr'><strong>in</strong></span> <span class='ocrx_word' id='word_1_85' title='bbox 1867 1333 2024 1384; x_wconf 81' lang='lat' dir='ltr'><strong>ﬁnem</strong></span> <span class='ocrx_word' id='word_1_86' title='bbox 2061 1346 2159 1385; x_wconf 68' lang='lat' dir='ltr'><strong>ste-</strong></span> 
     </span>
    </p>
   </div>
   <div class='ocr_carea' id='block_1_14' title="bbox 580 1423 2158 1495">
    <p class='ocr_par' dir='ltr' id='par_1_14' title="bbox 580 1423 2158 1495">
     <span class='ocr_line' id='line_1_14' title="bbox 580 1423 2158 1495; baseline -0.004 -13"><span class='ocrx_word' id='word_1_87' title='bbox 580 1427 683 1483; x_wconf 91' lang='lat' dir='ltr'><strong>culi</strong></span> <span class='ocrx_word' id='word_1_88' title='bbox 716 1427 845 1481; x_wconf 84' lang='lat' dir='ltr'><strong>ﬁent</strong></span> <span class='ocrx_word' id='word_1_89' title='bbox 875 1426 957 1480; x_wconf 83' lang='lat' dir='ltr'><strong>vel</strong></span> <span class='ocrx_word' id='word_1_90' title='bbox 985 1434 1228 1495; x_wconf 84' lang='lat' dir='ltr'><strong>gemunt,</strong></span> <span class='ocrx_word' id='word_1_91' title='bbox 1272 1425 1487 1494; x_wconf 87' lang='lat' dir='ltr'><strong>quando</strong></span> <span class='ocrx_word' id='word_1_92' title='bbox 1512 1423 1868 1478; x_wconf 88' lang='lat' dir='ltr'><strong>recordautur</strong></span> <span class='ocrx_word' id='word_1_93' title='bbox 1897 1423 2034 1477; x_wconf 86' lang='lat' dir='ltr'><strong>bona</strong></span> <span class='ocrx_word' id='word_1_94' title='bbox 2066 1439 2158 1493; x_wconf 81' lang='lat' dir='ltr'><strong>pa-</strong></span> 
     </span>
    </p>
   </div>
   <div class='ocr_carea' id='block_1_15' title="bbox 578 1504 2154 1586">
    <p class='ocr_par' dir='ltr' id='par_1_15' title="bbox 578 1504 2154 1586">
     <span class='ocr_line' id='line_1_15' title="bbox 578 1504 2154 1586; baseline -0.004 -14"><span class='ocrx_word' id='word_1_95' title='bbox 578 1517 745 1572; x_wconf 83' lang='lat' dir='ltr'><strong>radisi</strong></span> <span class='ocrx_word' id='word_1_96' title='bbox 771 1532 892 1585; x_wconf 75' lang='lat' dir='ltr'><strong>quze</strong></span> <span class='ocrx_word' id='word_1_97' title='bbox 915 1515 1265 1586; x_wconf 82' lang='lat' dir='ltr'><strong>perdiderunt</strong></span> <span class='ocrx_word' id='word_1_98' title='bbox 1321 1515 1374 1569; x_wconf 90' lang='lat' dir='ltr'><strong>in</strong></span> <span class='ocrx_word' id='word_1_99' title='bbox 1402 1513 1593 1567; x_wconf 83' lang='lat' dir='ltr'><strong>Adam.</strong></span> <span class='ocrx_word' id='word_1_100' title='bbox 1635 1513 1703 1567; x_wconf 89' lang='lat' dir='ltr'><strong>Et</strong></span> <span class='ocrx_word' id='word_1_101' title='bbox 1730 1528 1911 1576; x_wconf 87' lang='lat' dir='ltr'><strong>mane,</strong></span> <span class='ocrx_word' id='word_1_102' title='bbox 1951 1504 2154 1578; x_wconf 68' lang='lat' dir='ltr'><strong>laetitia,</strong></span> 
     </span>
    </p>
   </div>
   <div class='ocr_carea' id='block_1_16' title="bbox 544 1605 2158 1680">
    <p class='ocr_par' dir='ltr' id='par_1_16' title="bbox 544 1605 2158 1680">
     <span class='ocr_line' id='line_1_16' title="bbox 544 1605 2158 1680; baseline -0.003 -16"><span class='ocrx_word' id='word_1_103' title='bbox 544 1610 796 1680; x_wconf 72' lang='lat' dir='ltr'><strong>‘quando</strong></span> <span class='ocrx_word' id='word_1_104' title='bbox 844 1609 909 1663; x_wconf 82' lang='lat' dir='ltr'><strong>irr</strong></span> <span class='ocrx_word' id='word_1_105' title='bbox 948 1608 1348 1663; x_wconf 88' lang='lat' dir='ltr'><strong>resurrectione</strong></span> <span class='ocrx_word' id='word_1_106' title='bbox 1402 1605 1562 1662; x_wconf 91' lang='lat' dir='ltr'><strong>simul</strong></span> <span class='ocrx_word' id='word_1_107' title='bbox 1604 1606 1658 1660; x_wconf 90' lang='lat' dir='ltr'><strong>in</strong></span> <span class='ocrx_word' id='word_1_108' title='bbox 1710 1605 2016 1659; x_wconf 89' lang='lat' dir='ltr'><strong>libertatem</strong></span> <span class='ocrx_word' id='word_1_109' title='bbox 2065 1618 2158 1659; x_wconf 85' lang='lat' dir='ltr'><strong>ve-</strong></span> 
     </span>
    </p>
   </div>
   <div class='ocr_carea' id='block_1_17' title="bbox 1541 218 2910 280">
    <p class='ocr_par' dir='ltr' id='par_1_17' title="bbox 1541 218 2910 280">
     <span class='ocr_line' id='line_1_17' title="bbox 1541 218 2910 280; baseline 0.002 -6"><span class='ocrx_word' id='word_1_110' title='bbox 1541 218 1601 274; x_wconf 86' lang='lat' dir='ltr'><strong>S.</strong></span> <span class='ocrx_word' id='word_1_111' title='bbox 1642 218 1987 277; x_wconf 75' lang='lat' dir='ltr'><strong>BRUNONIS</strong></span> <span class='ocrx_word' id='word_1_112' title='bbox 2024 220 2566 279; x_wconf 72' lang='lat' dir='ltr'><strong>HERBIPOLENSIS</strong></span> <span class='ocrx_word' id='word_1_113' title='bbox 2607 223 2910 280; x_wconf 81' lang='lat' dir='ltr'><strong>EPISCOPI</strong></span> 
     </span>
    </p>
   </div>
   <div class='ocr_carea' id='block_1_18' title="bbox 2193 336 3840 409">
    <p class='ocr_par' dir='ltr' id='par_1_18' title="bbox 2193 336 3840 409">
     <span class='ocr_line' id='line_1_18' title="bbox 2193 336 3840 409; baseline 0.002 -19"><span class='ocrx_word' id='word_1_114' title='bbox 2193 344 2235 400; x_wconf 81' lang='grc' dir='ltr'><strong>Α</strong></span> <span class='ocrx_word' id='word_1_115' title='bbox 2257 336 2398 394; x_wconf 74' lang='lat' dir='ltr'><strong>terit</strong></span> <span class='ocrx_word' id='word_1_116' title='bbox 2433 339 2584 393; x_wconf 84' lang='lat' dir='ltr'><strong>turba</strong></span> <span class='ocrx_word' id='word_1_117' title='bbox 2624 341 2932 407; x_wconf 87' lang='lat' dir='ltr'><strong>impiorum,</strong></span> <span class='ocrx_word' id='word_1_118' title='bbox 2974 352 3090 406; x_wconf 81' lang='lat' dir='ltr'><strong>quae</strong></span> <span class='ocrx_word' id='word_1_119' title='bbox 3122 339 3294 393; x_wconf 86' lang='lat' dir='ltr'><strong>adhuc</strong></span> <span class='ocrx_word' id='word_1_120' title='bbox 3323 339 3465 393; x_wconf 87' lang='lat' dir='ltr'><strong>velut</strong></span> <span class='ocrx_word' id='word_1_121' title='bbox 3495 339 3673 409; x_wconf 90' lang='lat' dir='ltr'><strong>pulvis</strong></span> <span class='ocrx_word' id='word_1_122' title='bbox 3695 343 3840 394; x_wconf 74' lang='lat' dir='ltr'><strong>omni</strong></span> 
     </span>
    </p>
   </div>
   <div class='ocr_carea' id='block_1_19' title="bbox 3741 226 3840 280">
    <p class='ocr_par' dir='ltr' id='par_1_19' title="bbox 3741 226 3840 280">
     <span class='ocr_line' id='line_1_19' title="bbox 3741 226 3840 280; baseline 0 0"><span class='ocrx_word' id='word_1_123' title='bbox 3741 226 3840 280; x_wconf 69' lang='lat'><strong>{32</strong></span> 
     </span>
    </p>
   </div>
   <div class='ocr_carea' id='block_1_20' title="bbox 2263 427 3841 500">
    <p class='ocr_par' dir='ltr' id='par_1_20' title="bbox 2263 427 3841 500">
     <span class='ocr_line' id='line_1_20' title="bbox 2263 427 3841 500; baseline 0.006 -22"><span class='ocrx_word' id='word_1_124' title='bbox 2263 437 2424 479; x_wconf 90' lang='lat' dir='ltr'><strong>vento</strong></span> <span class='ocrx_word' id='word_1_125' title='bbox 2454 428 2712 482; x_wconf 74' lang='lat' dir='ltr'><strong>doctrina:</strong></span> <span class='ocrx_word' id='word_1_126' title='bbox 2753 437 3016 492; x_wconf 88' lang='lat' dir='ltr'><strong>movetur;</strong></span> <span class='ocrx_word' id='word_1_127' title='bbox 3044 427 3353 497; x_wconf 70' lang='lat' dir='ltr'><strong>justiﬁt-ari.</strong></span> <span class='ocrx_word' id='word_1_128' title='bbox 3385 430 3429 485; x_wconf 89' lang='lat' dir='ltr'><strong>si</strong></span> <span class='ocrx_word' id='word_1_129' title='bbox 3461 446 3561 500; x_wconf 83' lang='lat' dir='ltr'><strong>ego</strong></span> <span class='ocrx_word' id='word_1_130' title='bbox 3606 447 3714 484; x_wconf 69' lang='lat' dir='ltr'><strong>nim</strong></span> <span class='ocrx_word' id='word_1_131' title='bbox 3758 447 3841 486; x_wconf 86' lang='lat' dir='ltr'><strong>re-</strong></span> 
     </span>
    </p>
   </div>
   <div class='ocr_carea' id='block_1_21' title="bbox 2262 516 3840 586">
    <p class='ocr_par' dir='ltr' id='par_1_21' title="bbox 2262 516 3840 586">
     <span class='ocr_line' id='line_1_21' title="bbox 2262 516 3840 586; baseline 0.005 -17"><span class='ocrx_word' id='word_1_132' title='bbox 2262 517 2520 586; x_wconf 81' lang='lat' dir='ltr'><strong>surgam?</strong></span> <span class='ocrx_word' id='word_1_133' title='bbox 2564 516 2670 572; x_wconf 65' lang='lat' dir='ltr'><strong>Nec</strong></span> <span class='ocrx_word' id='word_1_134' title='bbox 2714 519 2875 572; x_wconf 89' lang='lat' dir='ltr'><strong>etiam</strong></span> <span class='ocrx_word' id='word_1_135' title='bbox 2906 518 3265 575; x_wconf 69' lang='lat' dir='ltr'><strong>annuntiabh</strong></span> <span class='ocrx_word' id='word_1_136' title='bbox 3313 522 3598 575; x_wconf 91' lang='lat' dir='ltr'><strong>veritatem</strong></span> <span class='ocrx_word' id='word_1_137' title='bbox 3655 531 3840 585; x_wconf 86' lang='lat' dir='ltr'><strong>tuam,</strong></span> 
     </span>
    </p>
   </div>
   <div class='ocr_carea' id='block_1_22' title="bbox 2263 606 3422 678">
    <p class='ocr_par' dir='ltr' id='par_1_22' title="bbox 2263 606 3422 678">
     <span class='ocr_line' id='line_1_22' title="bbox 2263 606 3422 678; baseline 0.004 -19"><span class='ocrx_word' id='word_1_138' title='bbox 2263 606 2365 660; x_wconf 90' lang='lat' dir='ltr'><strong>hoc</strong></span> <span class='ocrx_word' id='word_1_139' title='bbox 2394 617 2476 660; x_wconf 86' lang='lat' dir='ltr'><strong>est</strong></span> <span class='ocrx_word' id='word_1_140' title='bbox 2501 607 2772 662; x_wconf 81' lang='lat' dir='ltr'><strong>Christum</strong></span> <span class='ocrx_word' id='word_1_141' title='bbox 2807 617 2955 662; x_wconf 91' lang='lat' dir='ltr'><strong>tuum</strong></span> <span class='ocrx_word' id='word_1_142' title='bbox 2983 611 3071 678; x_wconf 89' lang='lat' dir='ltr'><strong>qui</strong></span> <span class='ocrx_word' id='word_1_143' title='bbox 3097 620 3179 664; x_wconf 86' lang='lat' dir='ltr'><strong>est</strong></span> <span class='ocrx_word' id='word_1_144' title='bbox 3204 611 3422 666; x_wconf 85' lang='lat' dir='ltr'><strong>veritas.</strong></span> 
     </span>
    </p>
   </div>
   <div class='ocr_carea' id='block_1_23' title="bbox 2264 696 3518 756">
    <p class='ocr_par' dir='ltr' id='par_1_23' title="bbox 2264 696 3518 756">
     <span class='ocr_line' id='line_1_23' title="bbox 2264 696 3518 756; baseline 0.002 -6"><span class='ocrx_word' id='word_1_145' title='bbox 2264 697 2329 750; x_wconf 77' lang='grc'><strong>15</strong></span> <span class='ocrx_word' id='word_1_146' title='bbox 2402 696 2614 751; x_wconf 80' lang='lat' dir='ltr'><strong>Audiuit</strong></span> <span class='ocrx_word' id='word_1_147' title='bbox 2644 698 2900 752; x_wconf 69' lang='lat' dir='ltr'><strong>Dominus</strong></span> <span class='ocrx_word' id='word_1_148' title='bbox 2927 710 2974 753; x_wconf 91' lang='lat' dir='ltr'><strong>et</strong></span> <span class='ocrx_word' id='word_1_149' title='bbox 3006 702 3246 754; x_wconf 76' lang='lat' dir='ltr'><strong>misertus</strong></span> <span class='ocrx_word' id='word_1_150' title='bbox 3275 713 3347 756; x_wconf 83' lang='lat' dir='ltr'><strong>est</strong></span> <span class='ocrx_word' id='word_1_151' title='bbox 3373 704 3475 755; x_wconf 88' lang='lat' dir='ltr'><strong>mei</strong></span> <span class='ocrx_word' id='word_1_152' title='bbox 3499 717 3518 753; x_wconf 89' lang='lat'><strong><em>:</em></strong></span> 
     </span>
    </p>
   </div>
   <div class='ocr_carea' id='block_1_24' title="bbox 2402 789 3524 864">
    <p class='ocr_par' dir='ltr' id='par_1_24' title="bbox 2402 789 3524 864">
     <span class='ocr_line' id='line_1_24' title="bbox 2402 789 3524 864; baseline 0.004 -22"><span class='ocrx_word' id='word_1_153' title='bbox 2402 789 2655 844; x_wconf 86' lang='lat' dir='ltr'><strong>Dominus</strong></span> <span class='ocrx_word' id='word_1_154' title='bbox 2685 806 2744 846; x_wconf 73' lang='grc' dir='ltr'><strong>οξ-</strong></span> <span class='ocrx_word' id='word_1_155' title='bbox 2770 792 2941 862; x_wconf 80' lang='lat' dir='ltr'><strong>factus</strong></span> <span class='ocrx_word' id='word_1_156' title='bbox 2975 793 2991 864; x_wconf 70' lang='grc' dir='ltr'>ξ</span> <span class='ocrx_word' id='word_1_157' title='bbox 3023 803 3095 847; x_wconf 82' lang='lat' dir='ltr'><strong>est</strong></span> <span class='ocrx_word' id='word_1_158' title='bbox 3118 794 3331 863; x_wconf 89' lang='lat' dir='ltr'><strong>adjutor</strong></span> <span class='ocrx_word' id='word_1_159' title='bbox 3362 810 3524 847; x_wconf 86' lang='lat' dir='ltr'><strong>meus.</strong></span> 
     </span>
    </p>
   </div>
   <div class='ocr_carea' id='block_1_25' title="bbox 2334 886 3845 955">
    <p class='ocr_par' dir='ltr' id='par_1_25' title="bbox 2334 886 3845 955">
     <span class='ocr_line' id='line_1_25' title="bbox 2334 886 3845 955; baseline 0.003 -14"><span class='ocrx_word' id='word_1_160' title='bbox 2334 886 2377 941; x_wconf 87' lang='lat' dir='ltr'><strong>ll</strong></span> <span class='ocrx_word' id='word_1_161' title='bbox 2403 887 2621 941; x_wconf 86' lang='lat' dir='ltr'><strong>Audivit</strong></span> <span class='ocrx_word' id='word_1_162' title='bbox 2666 888 2941 955; x_wconf 85' lang='lat' dir='ltr'><strong>Dominus,</strong></span> <span class='ocrx_word' id='word_1_163' title='bbox 2990 892 3041 944; x_wconf 92' lang='lat' dir='ltr'><strong>id</strong></span> <span class='ocrx_word' id='word_1_164' title='bbox 3071 900 3153 944; x_wconf 89' lang='lat' dir='ltr'><strong>est</strong></span> <span class='ocrx_word' id='word_1_165' title='bbox 3198 890 3337 944; x_wconf 82' lang='lat' dir='ltr'><strong>Deus</strong></span> <span class='ocrx_word' id='word_1_166' title='bbox 3378 890 3557 944; x_wconf 87' lang='lat' dir='ltr'><strong>Pater.</strong></span> <span class='ocrx_word' id='word_1_167' title='bbox 3589 889 3845 945; x_wconf 75' lang='lat' dir='ltr'><strong>Misenus</strong></span> 
     </span>
    </p>
   </div>
   <div class='ocr_carea' id='block_1_26' title="bbox 2236 962 3844 1049">
    <p class='ocr_par' dir='ltr' id='par_1_26' title="bbox 2236 962 3844 1049">
     <span class='ocr_line' id='line_1_26' title="bbox 2236 962 3844 1049; baseline 0.001 -17"><span class='ocrx_word' id='word_1_168' title='bbox 2236 962 2360 1040; x_wconf 6' lang='lat' dir='ltr'><strong>best,</strong></span> <span class='ocrx_word' id='word_1_169' title='bbox 2409 978 2533 1048; x_wconf 83' lang='lat' dir='ltr'><strong>quia</strong></span> <span class='ocrx_word' id='word_1_170' title='bbox 2566 995 2850 1049; x_wconf 82' lang='lat' dir='ltr'><strong>resurgere</strong></span> <span class='ocrx_word' id='word_1_171' title='bbox 2885 998 2970 1037; x_wconf 92' lang='lat' dir='ltr'><strong>me</strong></span> <span class='ocrx_word' id='word_1_172' title='bbox 3017 980 3143 1036; x_wconf 81' lang='lat' dir='ltr'><strong>fecit</strong></span> <span class='ocrx_word' id='word_1_173' title='bbox 3181 997 3209 1034; x_wconf 91' lang='lat' dir='ltr'><strong>a</strong></span> <span class='ocrx_word' id='word_1_174' title='bbox 3244 981 3491 1036; x_wconf 90' lang='lat' dir='ltr'><strong>mortuis.</strong></span> <span class='ocrx_word' id='word_1_175' title='bbox 3535 980 3741 1035; x_wconf 84' lang='lat' dir='ltr'><strong>Factus</strong></span> <span class='ocrx_word' id='word_1_176' title='bbox 3764 989 3844 1035; x_wconf 87' lang='lat' dir='ltr'><strong>est</strong></span> 
     </span>
    </p>
   </div>
   <div class='ocr_carea' id='block_1_27' title="bbox 2261 1066 3772 1140">
    <p class='ocr_par' dir='ltr' id='par_1_27' title="bbox 2261 1066 3772 1140">
     <span class='ocr_line' id='line_1_27' title="bbox 2261 1066 3772 1140; baseline 0.001 -20"><span class='ocrx_word' id='word_1_177' title='bbox 2261 1066 2511 1137; x_wconf 85' lang='lat' dir='ltr'><strong>adjutor,</strong></span> <span class='ocrx_word' id='word_1_178' title='bbox 2543 1068 2667 1139; x_wconf 89' lang='lat' dir='ltr'><strong>quia</strong></span> <span class='ocrx_word' id='word_1_179' title='bbox 2694 1085 2779 1123; x_wconf 88' lang='lat' dir='ltr'><strong>me</strong></span> <span class='ocrx_word' id='word_1_180' title='bbox 2809 1068 2938 1123; x_wconf 79' lang='lat' dir='ltr'><strong>fecit</strong></span> <span class='ocrx_word' id='word_1_181' title='bbox 2965 1069 3380 1140; x_wconf 80' lang='lat' dir='ltr'><strong>primogenitum</strong></span> <span class='ocrx_word' id='word_1_182' title='bbox 3410 1078 3772 1124; x_wconf 87' lang='lat' dir='ltr'><strong>mortuorum.</strong></span> 
     </span>
    </p>
   </div>
   <div class='ocr_carea' id='block_1_28' title="bbox 2261 1144 3672 1229">
    <p class='ocr_par' dir='ltr' id='par_1_28' title="bbox 2261 1144 3672 1229">
     <span class='ocr_line' id='line_1_28' title="bbox 2261 1144 3672 1229; baseline -0.003 -16"><span class='ocrx_word' id='word_1_183' title='bbox 2261 1159 2328 1213; x_wconf 72' lang='lat' dir='ltr'><strong>H</strong></span> <span class='ocrx_word' id='word_1_184' title='bbox 2399 1157 2711 1213; x_wconf 86' lang='lat' dir='ltr'><strong>Convertisti</strong></span> <span class='ocrx_word' id='word_1_185' title='bbox 2733 1144 2999 1229; x_wconf 83' lang='lat' dir='ltr'><strong>planctum</strong></span> <span class='ocrx_word' id='word_1_186' title='bbox 3027 1176 3196 1213; x_wconf 86' lang='lat' dir='ltr'><strong>meum</strong></span> <span class='ocrx_word' id='word_1_187' title='bbox 3221 1161 3469 1229; x_wconf 87' lang='lat' dir='ltr'><strong>gaudium</strong></span> <span class='ocrx_word' id='word_1_188' title='bbox 3493 1159 3624 1212; x_wconf 78' lang='lat' dir='ltr'><strong>mihi</strong></span> <span class='ocrx_word' id='word_1_189' title='bbox 3652 1172 3672 1209; x_wconf 91' lang='lat'><em>:</em></span> 
     </span>
    </p>
   </div>
   <div class='ocr_carea' id='block_1_29' title="bbox 2398 1249 3844 1315">
    <p class='ocr_par' dir='ltr' id='par_1_29' title="bbox 2398 1249 3844 1315">
     <span class='ocr_line' id='line_1_29' title="bbox 2398 1249 3844 1315; baseline 0 -10"><span class='ocrx_word' id='word_1_190' title='bbox 2398 1249 2687 1307; x_wconf 81' lang='lat' dir='ltr'><strong>Conridisti</strong></span> <span class='ocrx_word' id='word_1_191' title='bbox 2733 1268 2940 1307; x_wconf 88' lang='lat' dir='ltr'><strong>saccum</strong></span> <span class='ocrx_word' id='word_1_192' title='bbox 2990 1266 3197 1315; x_wconf 82' lang='lat' dir='ltr'><strong>meum,</strong></span> <span class='ocrx_word' id='word_1_193' title='bbox 3246 1262 3293 1305; x_wconf 89' lang='lat' dir='ltr'><strong>et</strong></span> <span class='ocrx_word' id='word_1_194' title='bbox 3326 1251 3723 1305; x_wconf 74' lang='lat' dir='ltr'><strong>circumdedisti</strong></span> <span class='ocrx_word' id='word_1_195' title='bbox 3764 1265 3844 1305; x_wconf 81' lang='lat' dir='ltr'><strong>me</strong></span> 
     </span>
    </p>
   </div>
   <div class='ocr_carea' id='block_1_30' title="bbox 2468 1343 2989 1401">
    <p class='ocr_par' dir='ltr' id='par_1_30' title="bbox 2468 1343 2989 1401">
     <span class='ocr_line' id='line_1_30' title="bbox 2468 1343 2989 1401; baseline 0.01 -5"><span class='ocrx_word' id='word_1_196' title='bbox 2468 1343 2670 1398; x_wconf 68' lang='lat' dir='ltr'><strong>la&#39;titia.</strong></span> <span class='ocrx_word' id='word_1_197' title='bbox 2730 1398 2733 1401; x_wconf 91' lang='lat'><strong>.</strong></span> <span class='ocrx_word' id='word_1_198' title='bbox 2984 1344 2989 1347; x_wconf 43' lang='grc'><strong>“</strong></span> 
     </span>
    </p>
   </div>
   <div class='ocr_carea' id='block_1_31' title="bbox 2329 1431 3840 1504">
    <p class='ocr_par' dir='ltr' id='par_1_31' title="bbox 2329 1431 3840 1504">
     <span class='ocr_line' id='line_1_31' title="bbox 2329 1431 3840 1504; baseline -0.002 -15"><span class='ocrx_word' id='word_1_199' title='bbox 2329 1434 2372 1489; x_wconf 89' lang='lat' dir='ltr'><strong>Il</strong></span> <span class='ocrx_word' id='word_1_200' title='bbox 2400 1434 2723 1489; x_wconf 83' lang='lat' dir='ltr'><strong>Convertisti</strong></span> <span class='ocrx_word' id='word_1_201' title='bbox 2755 1434 3026 1504; x_wconf 87' lang='lat' dir='ltr'><strong>planctum</strong></span> <span class='ocrx_word' id='word_1_202' title='bbox 3058 1448 3237 1488; x_wconf 91' lang='lat' dir='ltr'><strong>meum</strong></span> <span class='ocrx_word' id='word_1_203' title='bbox 3257 1471 3275 1496; x_wconf 87' lang='lat'><strong>,</strong></span> <span class='ocrx_word' id='word_1_204' title='bbox 3319 1447 3441 1487; x_wconf 90' lang='lat' dir='ltr'><strong>cum</strong></span> <span class='ocrx_word' id='word_1_205' title='bbox 3476 1432 3717 1486; x_wconf 87' lang='lat' dir='ltr'><strong>dicerem</strong></span> <span class='ocrx_word' id='word_1_206' title='bbox 3740 1431 3840 1486; x_wconf 32' lang='lat' dir='ltr'><strong>tris</strong></span> 
     </span>
    </p>
   </div>
   <div class='ocr_carea' id='block_1_32' title="bbox 2234 1521 3841 1596">
    <p class='ocr_par' dir='ltr' id='par_1_32' title="bbox 2234 1521 3841 1596">
     <span class='ocr_line' id='line_1_32' title="bbox 2234 1521 3841 1596; baseline -0.004 -14"><span class='ocrx_word' id='word_1_207' title='bbox 2234 1528 2355 1595; x_wconf 80' lang='lat' dir='ltr'><strong>stis</strong></span> <span class='ocrx_word' id='word_1_208' title='bbox 2377 1536 2461 1581; x_wconf 89' lang='lat' dir='ltr'><strong>est</strong></span> <span class='ocrx_word' id='word_1_209' title='bbox 2487 1528 2665 1580; x_wconf 85' lang='lat' dir='ltr'><strong>anima</strong></span> <span class='ocrx_word' id='word_1_210' title='bbox 2707 1541 2843 1580; x_wconf 90' lang='lat' dir='ltr'><strong>mea.</strong></span> <span class='ocrx_word' id='word_1_211' title='bbox 2870 1526 2926 1578; x_wconf 83' lang='lat' dir='ltr'><strong>In</strong></span> <span class='ocrx_word' id='word_1_212' title='bbox 2954 1525 3208 1596; x_wconf 77' lang='lat' dir='ltr'><strong>gaudium</strong></span> <span class='ocrx_word' id='word_1_213' title='bbox 3240 1538 3361 1578; x_wconf 89' lang='lat' dir='ltr'><strong>cum</strong></span> <span class='ocrx_word' id='word_1_214' title='bbox 3391 1522 3500 1578; x_wconf 91' lang='lat' dir='ltr'><strong>dixi</strong></span> <span class='ocrx_word' id='word_1_215' title='bbox 3548 1539 3563 1574; x_wconf 90' lang='lat'><strong>:</strong></span> <span class='ocrx_word' id='word_1_216' title='bbox 3594 1521 3673 1576; x_wconf 87' lang='lat' dir='ltr'><strong>lle</strong></span> <span class='ocrx_word' id='word_1_217' title='bbox 3700 1536 3841 1575; x_wconf 85' lang='lat' dir='ltr'><strong>nuo-</strong></span> 
     </span>
    </p>
   </div>
   <div class='ocr_carea' id='block_1_33' title="bbox 2258 1612 3845 1685">
    <p class='ocr_par' dir='ltr' id='par_1_33' title="bbox 2258 1612 3845 1685">
     <span class='ocr_line' id='line_1_33' title="bbox 2258 1612 3845 1685; baseline -0.004 -11"><span class='ocrx_word' id='word_1_218' title='bbox 2258 1620 2389 1674; x_wconf 91' lang='lat' dir='ltr'><strong>tiate</strong></span> <span class='ocrx_word' id='word_1_219' title='bbox 2432 1617 2693 1673; x_wconf 78' lang='lat' dir='ltr'><strong>fratribus</strong></span> <span class='ocrx_word' id='word_1_220' title='bbox 2736 1617 2869 1672; x_wconf 89' lang='lat' dir='ltr'><strong>meis</strong></span> <span class='ocrx_word' id='word_1_221' title='bbox 2894 1615 3109 1685; x_wconf 77' lang='lat' dir='ltr'><strong>(Matth.</strong></span> <span class='ocrx_word' id='word_1_222' title='bbox 3142 1614 3356 1685; x_wconf 79' lang='lat' dir='ltr'><strong>xxvm).</strong></span> <span class='ocrx_word' id='word_1_223' title='bbox 3403 1612 3445 1668; x_wconf 91' lang='lat' dir='ltr'><strong>C</strong></span> <span class='ocrx_word' id='word_1_224' title='bbox 3471 1612 3736 1668; x_wconf 87' lang='lat' dir='ltr'><strong>Concisus</strong></span> <span class='ocrx_word' id='word_1_225' title='bbox 3760 1620 3845 1668; x_wconf 85' lang='lat' dir='ltr'><strong>est</strong></span> 
     </span>
    </p>
   </div>
   <div class='ocr_carea' id='block_1_34' title="bbox 578 1688 3844 1775">
    <p class='ocr_par' dir='ltr' id='par_1_34' title="bbox 578 1688 3844 1775">
     <span class='ocr_line' id='line_1_34' title="bbox 578 1688 3844 1775; baseline -0.001 -21"><span class='ocrx_word' id='word_1_226' title='bbox 578 1703 782 1765; x_wconf 83' lang='lat' dir='ltr'><strong>niunt;</strong></span> <span class='ocrx_word' id='word_1_227' title='bbox 837 1700 919 1753; x_wconf 81' lang='lat' dir='ltr'><strong>vel</strong></span> <span class='ocrx_word' id='word_1_228' title='bbox 972 1699 1121 1763; x_wconf 83' lang='lat' dir='ltr'><strong>alibi,</strong></span> <span class='ocrx_word' id='word_1_229' title='bbox 1171 1712 1452 1769; x_wconf 87' lang='lat' dir='ltr'><strong>vesperum</strong></span> <span class='ocrx_word' id='word_1_230' title='bbox 1507 1697 1722 1766; x_wconf 89' lang='lat' dir='ltr'><strong>quando</strong></span> <span class='ocrx_word' id='word_1_231' title='bbox 1775 1694 1933 1749; x_wconf 82' lang='lat' dir='ltr'><strong>(lebat</strong></span> <span class='ocrx_word' id='word_1_232' title='bbox 1966 1694 2150 1759; x_wconf 70' lang='lat' dir='ltr'><strong>Maria,</strong></span> <span class='ocrx_word' id='word_1_233' title='bbox 2184 1688 2229 1749; x_wconf 82' lang='grc' dir='ltr'><strong>Β</strong></span> <span class='ocrx_word' id='word_1_234' title='bbox 2260 1724 2452 1763; x_wconf 65' lang='lat' dir='ltr'><strong>saccus</strong></span> <span class='ocrx_word' id='word_1_235' title='bbox 2478 1748 2493 1773; x_wconf 58' lang='lat'><strong>,</strong></span> <span class='ocrx_word' id='word_1_236' title='bbox 2540 1707 2593 1761; x_wconf 73' lang='grc' dir='ltr'><strong>ξι]</strong></span> <span class='ocrx_word' id='word_1_237' title='bbox 2621 1715 2705 1761; x_wconf 72' lang='grc' dir='ltr'><strong>εει</strong></span> <span class='ocrx_word' id='word_1_238' title='bbox 2748 1721 2943 1775; x_wconf 74' lang='lat' dir='ltr'><strong>corpus</strong></span> <span class='ocrx_word' id='word_1_239' title='bbox 2970 1705 3340 1770; x_wconf 69' lang='lat' dir='ltr'><strong>Christi,cum</strong></span> <span class='ocrx_word' id='word_1_240' title='bbox 3383 1718 3483 1773; x_wconf 86' lang='lat' dir='ltr'><strong>pm</strong></span> <span class='ocrx_word' id='word_1_241' title='bbox 3526 1703 3686 1758; x_wconf 73' lang='lat' dir='ltr'><strong>nobis</strong></span> <span class='ocrx_word' id='word_1_242' title='bbox 3726 1702 3844 1774; x_wconf 79' lang='lat' dir='ltr'><strong>ipso</strong></span> 
     </span>
    </p>
   </div>
   <div class='ocr_carea' id='block_1_35' title="bbox 580 1786 2156 1860">
    <p class='ocr_par' dir='ltr' id='par_1_35' title="bbox 580 1786 2156 1860">
     <span class='ocr_line' id='line_1_35' title="bbox 580 1786 2156 1860; baseline -0.003 -15"><span class='ocrx_word' id='word_1_243' title='bbox 580 1793 766 1847; x_wconf 84' lang='lat' dir='ltr'><strong>laetitia</strong></span> <span class='ocrx_word' id='word_1_244' title='bbox 815 1792 1067 1860; x_wconf 88' lang='lat' dir='ltr'><strong>quoniam</strong></span> <span class='ocrx_word' id='word_1_245' title='bbox 1115 1790 1367 1845; x_wconf 85' lang='lat' dir='ltr'><strong>Christus</strong></span> <span class='ocrx_word' id='word_1_246' title='bbox 1412 1788 1729 1843; x_wconf 79' lang='lat' dir='ltr'><strong>resurrexit.</strong></span> <span class='ocrx_word' id='word_1_247' title='bbox 1761 1788 1803 1841; x_wconf 81' lang='grc' dir='ltr'>Α</span> <span class='ocrx_word' id='word_1_248' title='bbox 1844 1786 1986 1841; x_wconf 85' lang='lat' dir='ltr'><strong>Dicit</strong></span> <span class='ocrx_word' id='word_1_249' title='bbox 2030 1801 2156 1840; x_wconf 86' lang='lat' dir='ltr'><strong>vero</strong></span> 
     </span>
    </p>
   </div>
   <div class='ocr_carea' id='block_1_36' title="bbox 579 1880 2159 1950">
    <p class='ocr_par' dir='ltr' id='par_1_36' title="bbox 579 1880 2159 1950">
     <span class='ocr_line' id='line_1_36' title="bbox 579 1880 2159 1950; baseline -0.002 -13"><span class='ocrx_word' id='word_1_250' title='bbox 579 1885 969 1949; x_wconf 78' lang='lat' dir='ltr'><strong>demorabitur,</strong></span> <span class='ocrx_word' id='word_1_251' title='bbox 998 1883 1050 1937; x_wconf 81' lang='lat' dir='ltr'><strong>id</strong></span> <span class='ocrx_word' id='word_1_252' title='bbox 1089 1892 1172 1937; x_wconf 90' lang='lat' dir='ltr'><strong>est</strong></span> <span class='ocrx_word' id='word_1_253' title='bbox 1200 1884 1288 1937; x_wconf 87' lang='lat' dir='ltr'><strong>diu</strong></span> <span class='ocrx_word' id='word_1_254' title='bbox 1341 1881 1659 1942; x_wconf 84' lang='lat' dir='ltr'><strong>morabitur.</strong></span> <span class='ocrx_word' id='word_1_255' title='bbox 1689 1880 1814 1949; x_wconf 89' lang='lat' dir='ltr'><strong>quia</strong></span> <span class='ocrx_word' id='word_1_256' title='bbox 1842 1896 1871 1934; x_wconf 88' lang='lat' dir='ltr'><strong>a</strong></span> <span class='ocrx_word' id='word_1_257' title='bbox 1917 1889 2159 1950; x_wconf 80' lang='lat' dir='ltr'><strong>tempore</strong></span> 
     </span>
    </p>
   </div>
   <div class='ocr_carea' id='block_1_37' title="bbox 578 1972 2023 2045">
    <p class='ocr_par' dir='ltr' id='par_1_37' title="bbox 578 1972 2023 2045">
     <span class='ocr_line' id='line_1_37' title="bbox 578 1972 2023 2045; baseline -0.003 -16"><span class='ocrx_word' id='word_1_258' title='bbox 578 1975 785 2045; x_wconf 78' lang='lat' dir='ltr'><strong>peccati</strong></span> <span class='ocrx_word' id='word_1_259' title='bbox 819 1974 948 2028; x_wconf 73' lang='lat' dir='ltr'><strong>Athe</strong></span> <span class='ocrx_word' id='word_1_260' title='bbox 972 1990 1144 2043; x_wconf 87' lang='lat' dir='ltr'><strong>usque</strong></span> <span class='ocrx_word' id='word_1_261' title='bbox 1170 1974 1224 2028; x_wconf 89' lang='lat' dir='ltr'><strong>in</strong></span> <span class='ocrx_word' id='word_1_262' title='bbox 1249 1975 1407 2027; x_wconf 88' lang='lat' dir='ltr'><strong>ﬁnem</strong></span> <span class='ocrx_word' id='word_1_263' title='bbox 1445 1972 1650 2028; x_wconf 72' lang='lat' dir='ltr'><strong>smculi.</strong></span> <span class='ocrx_word' id='word_1_264' title='bbox 2020 1994 2023 1995; x_wconf 50' lang='grc' dir='ltr'><em>ν</em></span> 
     </span>
    </p>
   </div>
   <div class='ocr_carea' id='block_1_38' title="bbox 614 2064 1791 2135">
    <p class='ocr_par' dir='ltr' id='par_1_38' title="bbox 614 2064 1791 2135">
     <span class='ocr_line' id='line_1_38' title="bbox 614 2064 1791 2135; baseline -0.001 -16"><span class='ocrx_word' id='word_1_265' title='bbox 614 2065 646 2118; x_wconf 87' lang='grc'>7</span> <span class='ocrx_word' id='word_1_266' title='bbox 721 2064 835 2135; x_wconf 79' lang='lat' dir='ltr'><strong>Ego</strong></span> <span class='ocrx_word' id='word_1_267' title='bbox 859 2076 1032 2118; x_wconf 85' lang='lat' dir='ltr'><strong>autem</strong></span> <span class='ocrx_word' id='word_1_268' title='bbox 1060 2065 1172 2118; x_wconf 73' lang='lat' dir='ltr'><strong>dixi</strong></span> <span class='ocrx_word' id='word_1_269' title='bbox 1202 2065 1256 2117; x_wconf 88' lang='lat' dir='ltr'><em>in</em></span> <span class='ocrx_word' id='word_1_270' title='bbox 1287 2064 1611 2117; x_wconf 80' lang='lat' dir='ltr'><strong>abundantia</strong></span> <span class='ocrx_word' id='word_1_271' title='bbox 1635 2080 1748 2117; x_wconf 86' lang='lat' dir='ltr'><strong>mea</strong></span> <span class='ocrx_word' id='word_1_272' title='bbox 1771 2080 1791 2118; x_wconf 90' lang='lat'><strong><em>:</em></strong></span> 
     </span>
    </p>
   </div>
   <div class='ocr_carea' id='block_1_39' title="bbox 722 2155 1476 2210">
    <p class='ocr_par' dir='ltr' id='par_1_39' title="bbox 722 2155 1476 2210">
     <span class='ocr_line' id='line_1_39' title="bbox 722 2155 1476 2210; baseline -0.003 0"><span class='ocrx_word' id='word_1_273' title='bbox 722 2155 846 2210; x_wconf 85' lang='lat' dir='ltr'><strong>Non</strong></span> <span class='ocrx_word' id='word_1_274' title='bbox 864 2156 1106 2209; x_wconf 81' lang='lat' dir='ltr'><strong>movebar</strong></span> <span class='ocrx_word' id='word_1_275' title='bbox 1131 2156 1187 2208; x_wconf 87' lang='lat' dir='ltr'><em>in</em></span> <span class='ocrx_word' id='word_1_276' title='bbox 1206 2164 1476 2209; x_wconf 82' lang='lat' dir='ltr'><strong>a&#39;ternum.</strong></span> 
     </span>
    </p>
   </div>
   <div class='ocr_carea' id='block_1_40' title="bbox 650 2243 2156 2316">
    <p class='ocr_par' dir='ltr' id='par_1_40' title="bbox 650 2243 2156 2316">
     <span class='ocr_line' id='line_1_40' title="bbox 650 2243 2156 2316; baseline 0 -17"><span class='ocrx_word' id='word_1_277' title='bbox 650 2245 693 2298; x_wconf 81' lang='lat' dir='ltr'><strong>C</strong></span> <span class='ocrx_word' id='word_1_278' title='bbox 728 2246 838 2316; x_wconf 83' lang='lat' dir='ltr'><strong>Ego</strong></span> <span class='ocrx_word' id='word_1_279' title='bbox 862 2254 1042 2300; x_wconf 84' lang='lat' dir='ltr'><strong>autem</strong></span> <span class='ocrx_word' id='word_1_280' title='bbox 1069 2245 1177 2301; x_wconf 83' lang='lat' dir='ltr'><strong>dixi</strong></span> <span class='ocrx_word' id='word_1_281' title='bbox 1209 2246 1261 2299; x_wconf 87' lang='lat' dir='ltr'><strong>in</strong></span> <span class='ocrx_word' id='word_1_282' title='bbox 1288 2243 1635 2299; x_wconf 85' lang='lat' dir='ltr'><strong>abundantia.</strong></span> <span class='ocrx_word' id='word_1_283' title='bbox 1668 2243 2012 2299; x_wconf 77' lang='lat' dir='ltr'><strong>Abundantia</strong></span> <span class='ocrx_word' id='word_1_284' title='bbox 2035 2246 2156 2299; x_wconf 85' lang='lat' dir='ltr'><strong>erat</strong></span> 
     </span>
    </p>
   </div>
   <div class='ocr_carea' id='block_1_41' title="bbox 578 2335 2156 2406">
    <p class='ocr_par' dir='ltr' id='par_1_41' title="bbox 578 2335 2156 2406">
     <span class='ocr_line' id='line_1_41' title="bbox 578 2335 2156 2406; baseline 0.001 -16"><span class='ocrx_word' id='word_1_285' title='bbox 578 2335 741 2391; x_wconf 84' lang='lat' dir='ltr'><strong>Filio-</strong></span> <span class='ocrx_word' id='word_1_286' title='bbox 778 2349 992 2406; x_wconf 87' lang='lat' dir='ltr'><strong>semper</strong></span> <span class='ocrx_word' id='word_1_287' title='bbox 1049 2335 1270 2406; x_wconf 79' lang='lat' dir='ltr'><strong>virginis</strong></span> <span class='ocrx_word' id='word_1_288' title='bbox 1322 2335 1521 2399; x_wconf 61' lang='lat' dir='ltr'><strong>Mariae,</strong></span> <span class='ocrx_word' id='word_1_289' title='bbox 1574 2336 1715 2404; x_wconf 87' lang='lat' dir='ltr'><strong>quod</strong></span> <span class='ocrx_word' id='word_1_290' title='bbox 1758 2335 1993 2390; x_wconf 77' lang='lat' dir='ltr'><strong>Verbum</strong></span> <span class='ocrx_word' id='word_1_291' title='bbox 2024 2351 2156 2391; x_wconf 89' lang='lat' dir='ltr'><strong>caro</strong></span> 
     </span>
    </p>
   </div>
   <div class='ocr_carea' id='block_1_42' title="bbox 542 2421 2155 2488">
    <p class='ocr_par' dir='ltr' id='par_1_42' title="bbox 542 2421 2155 2488">
     <span class='ocr_line' id='line_1_42' title="bbox 542 2421 2155 2488; baseline 0.001 -10"><span class='ocrx_word' id='word_1_292' title='bbox 542 2425 780 2479; x_wconf 81' lang='lat' dir='ltr'><strong>.factum</strong></span> <span class='ocrx_word' id='word_1_293' title='bbox 810 2432 915 2488; x_wconf 88' lang='lat' dir='ltr'><strong>est,</strong></span> <span class='ocrx_word' id='word_1_294' title='bbox 964 2432 1021 2478; x_wconf 92' lang='lat' dir='ltr'><strong>et</strong></span> <span class='ocrx_word' id='word_1_295' title='bbox 1066 2425 1330 2478; x_wconf 82' lang='lat' dir='ltr'><strong>habitavit</strong></span> <span class='ocrx_word' id='word_1_296' title='bbox 1374 2425 1425 2478; x_wconf 90' lang='lat' dir='ltr'><strong>in</strong></span> <span class='ocrx_word' id='word_1_297' title='bbox 1471 2424 1644 2478; x_wconf 89' lang='lat' dir='ltr'><strong>nobis.</strong></span> <span class='ocrx_word' id='word_1_298' title='bbox 1698 2421 1827 2478; x_wconf 81' lang='lat' dir='ltr'><strong>Jnre</strong></span> <span class='ocrx_word' id='word_1_299' title='bbox 1855 2424 2068 2479; x_wconf 86' lang='lat' dir='ltr'><strong>dicebat</strong></span> <span class='ocrx_word' id='word_1_300' title='bbox 2096 2439 2155 2479; x_wconf 90' lang='lat' dir='ltr'><strong>se</strong></span> 
     </span>
    </p>
   </div>
   <div class='ocr_carea' id='block_1_43' title="bbox 576 2516 2151 2586">
    <p class='ocr_par' dir='ltr' id='par_1_43' title="bbox 576 2516 2151 2586">
     <span class='ocr_line' id='line_1_43' title="bbox 576 2516 2151 2586; baseline 0.001 -16"><span class='ocrx_word' id='word_1_301' title='bbox 576 2518 782 2575; x_wconf 79' lang='lat' dir='ltr'><strong>moveri</strong></span> <span class='ocrx_word' id='word_1_302' title='bbox 834 2532 939 2571; x_wconf 87' lang='lat' dir='ltr'><strong>non</strong></span> <span class='ocrx_word' id='word_1_303' title='bbox 985 2532 1143 2586; x_wconf 84' lang='lat' dir='ltr'><strong>posse</strong></span> <span class='ocrx_word' id='word_1_304' title='bbox 1189 2518 1243 2570; x_wconf 91' lang='lat' dir='ltr'><strong>in</strong></span> <span class='ocrx_word' id='word_1_305' title='bbox 1275 2527 1555 2580; x_wconf 79' lang='lat' dir='ltr'><strong>:eternum,</strong></span> <span class='ocrx_word' id='word_1_306' title='bbox 1587 2534 1615 2570; x_wconf 92' lang='lat' dir='ltr'><strong>a</strong></span> <span class='ocrx_word' id='word_1_307' title='bbox 1660 2516 1772 2570; x_wconf 86' lang='lat' dir='ltr'><strong>Deo</strong></span> <span class='ocrx_word' id='word_1_308' title='bbox 1802 2517 2029 2582; x_wconf 86' lang='lat' dir='ltr'><strong>scilicet,</strong></span> <span class='ocrx_word' id='word_1_309' title='bbox 2066 2517 2151 2571; x_wconf 88' lang='lat' dir='ltr'><strong>cui</strong></span> 
     </span>
    </p>
   </div>
   <div class='ocr_carea' id='block_1_44' title="bbox 576 2602 1831 2674">
    <p class='ocr_par' dir='ltr' id='par_1_44' title="bbox 576 2602 1831 2674">
     <span class='ocr_line' id='line_1_44' title="bbox 576 2602 1831 2674; baseline 0.001 -15"><span class='ocrx_word' id='word_1_310' title='bbox 576 2620 675 2659; x_wconf 85' lang='lat' dir='ltr'><strong>sua</strong></span> <span class='ocrx_word' id='word_1_311' title='bbox 718 2602 972 2672; x_wconf 73' lang='lat' dir='ltr'><strong>majestas</strong></span> <span class='ocrx_word' id='word_1_312' title='bbox 997 2604 1333 2659; x_wconf 72' lang='lat' dir='ltr'><strong>conﬁdentize</strong></span> <span class='ocrx_word' id='word_1_313' title='bbox 1358 2607 1496 2659; x_wconf 84' lang='lat' dir='ltr'><strong>dona</strong></span> <span class='ocrx_word' id='word_1_314' title='bbox 1522 2606 1831 2674; x_wconf 72' lang='lat' dir='ltr'><strong>praestabat.</strong></span> 
     </span>
    </p>
   </div>
   <div class='ocr_carea' id='block_1_45' title="bbox 613 2697 1495 2762">
    <p class='ocr_par' dir='ltr' id='par_1_45' title="bbox 613 2697 1495 2762">
     <span class='ocr_line' id='line_1_45' title="bbox 613 2697 1495 2762; baseline -0.001 -10"><span class='ocrx_word' id='word_1_315' title='bbox 613 2697 643 2751; x_wconf 77' lang='grc'>8</span> <span class='ocrx_word' id='word_1_316' title='bbox 717 2699 960 2762; x_wconf 86' lang='lat' dir='ltr'><strong>Domine,</strong></span> <span class='ocrx_word' id='word_1_317' title='bbox 988 2698 1040 2750; x_wconf 89' lang='lat' dir='ltr'><em>in</em></span> <span class='ocrx_word' id='word_1_318' title='bbox 1069 2697 1331 2751; x_wconf 69' lang='lat' dir='ltr'><strong>voluntate</strong></span> <span class='ocrx_word' id='word_1_319' title='bbox 1363 2707 1451 2750; x_wconf 89' lang='lat' dir='ltr'><strong>tua</strong></span> <span class='ocrx_word' id='word_1_320' title='bbox 1474 2712 1495 2751; x_wconf 90' lang='lat'><strong><em>:</em></strong></span> 
     </span>
    </p>
   </div>
   <div class='ocr_carea' id='block_1_46' title="bbox 722 2787 1651 2851">
    <p class='ocr_par' dir='ltr' id='par_1_46' title="bbox 722 2787 1651 2851">
     <span class='ocr_line' id='line_1_46' title="bbox 722 2787 1651 2851; baseline 0.001 -10"><span class='ocrx_word' id='word_1_321' title='bbox 722 2787 1025 2851; x_wconf 72' lang='lat' dir='ltr'><strong>l’ra’stitisti</strong></span> <span class='ocrx_word' id='word_1_322' title='bbox 1054 2788 1227 2841; x_wconf 80' lang='lat' dir='ltr'><strong>decori</strong></span> <span class='ocrx_word' id='word_1_323' title='bbox 1255 2803 1365 2841; x_wconf 87' lang='lat' dir='ltr'><strong>meo</strong></span> <span class='ocrx_word' id='word_1_324' title='bbox 1392 2789 1651 2842; x_wconf 73' lang='lat' dir='ltr'><strong>virtutem.</strong></span> 
     </span>
    </p>
   </div>
   <div class='ocr_carea' id='block_1_47' title="bbox 649 2876 2243 2943">
    <p class='ocr_par' dir='ltr' id='par_1_47' title="bbox 649 2876 2243 2943">
     <span class='ocr_line' id='line_1_47' title="bbox 649 2876 2243 2943; baseline 0 -10"><span class='ocrx_word' id='word_1_325' title='bbox 649 2878 691 2933; x_wconf 91' lang='lat' dir='ltr'><strong>C</strong></span> <span class='ocrx_word' id='word_1_326' title='bbox 720 2879 942 2933; x_wconf 89' lang='lat' dir='ltr'><strong>Domine</strong></span> <span class='ocrx_word' id='word_1_327' title='bbox 983 2879 1036 2933; x_wconf 92' lang='lat' dir='ltr'><strong>in</strong></span> <span class='ocrx_word' id='word_1_328' title='bbox 1064 2879 1344 2933; x_wconf 79' lang='lat' dir='ltr'><strong>voluntate</strong></span> <span class='ocrx_word' id='word_1_329' title='bbox 1375 2888 1485 2932; x_wconf 88' lang='lat' dir='ltr'><strong>tua.</strong></span> <span class='ocrx_word' id='word_1_330' title='bbox 1530 2878 1644 2934; x_wconf 82' lang='lat' dir='ltr'><strong>Vox</strong></span> <span class='ocrx_word' id='word_1_331' title='bbox 1687 2876 1919 2943; x_wconf 82' lang='lat' dir='ltr'><strong>Christi,</strong></span> <span class='ocrx_word' id='word_1_332' title='bbox 1951 2877 2150 2933; x_wconf 85' lang='lat' dir='ltr'><strong>asserit</strong></span> <span class='ocrx_word' id='word_1_333' title='bbox 2238 2896 2243 2903; x_wconf 75' lang='lat'><strong><em>&#39;</em></strong></span> 
     </span>
    </p>
   </div>
   <div class='ocr_carea' id='block_1_48' title="bbox 577 2968 2145 3039">
    <p class='ocr_par' dir='ltr' id='par_1_48' title="bbox 577 2968 2145 3039">
     <span class='ocr_line' id='line_1_48' title="bbox 577 2968 2145 3039; baseline 0 -15"><span class='ocrx_word' id='word_1_334' title='bbox 577 2968 678 3025; x_wconf 86' lang='lat' dir='ltr'><strong>sibi</strong></span> <span class='ocrx_word' id='word_1_335' title='bbox 709 2968 912 3024; x_wconf 86' lang='lat' dir='ltr'><strong>homini</strong></span> <span class='ocrx_word' id='word_1_336' title='bbox 943 2969 1123 3023; x_wconf 78' lang='lat' dir='ltr'><strong>datam</strong></span> <span class='ocrx_word' id='word_1_337' title='bbox 1152 2968 1386 3039; x_wconf 86' lang='lat' dir='ltr'><strong>desuper</strong></span> <span class='ocrx_word' id='word_1_338' title='bbox 1423 2970 1678 3025; x_wconf 90' lang='lat' dir='ltr'><strong>virtutem</strong></span> <span class='ocrx_word' id='word_1_339' title='bbox 1707 2985 1736 3024; x_wconf 88' lang='lat' dir='ltr'><strong>a</strong></span> <span class='ocrx_word' id='word_1_340' title='bbox 1764 2969 1943 3035; x_wconf 85' lang='lat' dir='ltr'><strong>Patre,</strong></span> <span class='ocrx_word' id='word_1_341' title='bbox 1974 2972 2145 3026; x_wconf 87' lang='lat' dir='ltr'><strong>virtu-</strong></span> 
     </span>
    </p>
   </div>
   <div class='ocr_carea' id='block_1_49' title="bbox 2260 1795 3844 1868">
    <p class='ocr_par' dir='ltr' id='par_1_49' title="bbox 2260 1795 3844 1868">
     <span class='ocr_line' id='line_1_49' title="bbox 2260 1795 3844 1868; baseline -0.004 -15"><span class='ocrx_word' id='word_1_342' title='bbox 2260 1799 2396 1853; x_wconf 86' lang='lat' dir='ltr'><strong>tuori</strong></span> <span class='ocrx_word' id='word_1_343' title='bbox 2426 1797 2676 1868; x_wconf 89' lang='lat' dir='ltr'><strong>dignatus</strong></span> <span class='ocrx_word' id='word_1_344' title='bbox 2707 1807 2809 1852; x_wconf 89' lang='lat' dir='ltr'><strong>est.</strong></span> <span class='ocrx_word' id='word_1_345' title='bbox 2857 1796 2899 1850; x_wconf 84' lang='grc' dir='ltr'><strong>ιι</strong></span> <span class='ocrx_word' id='word_1_346' title='bbox 2939 1797 3229 1851; x_wconf 68' lang='lat' dir='ltr'><strong>Praeeinxit</strong></span> <span class='ocrx_word' id='word_1_347' title='bbox 3270 1796 3478 1862; x_wconf 67' lang='lat' dir='ltr'><strong>laatitia,</strong></span> <span class='ocrx_word' id='word_1_348' title='bbox 3508 1795 3721 1851; x_wconf 88' lang='lat' dir='ltr'><strong>scilicet</strong></span> <span class='ocrx_word' id='word_1_349' title='bbox 3745 1810 3844 1864; x_wconf 89' lang='lat' dir='ltr'><strong>per</strong></span> 
     </span>
    </p>
   </div>
   <div class='ocr_carea' id='block_1_50' title="bbox 2259 1886 3178 1942">
    <p class='ocr_par' dir='ltr' id='par_1_50' title="bbox 2259 1886 3178 1942">
     <span class='ocr_line' id='line_1_50' title="bbox 2259 1886 3178 1942; baseline -0.001 -1"><span class='ocrx_word' id='word_1_350' title='bbox 2259 1888 2707 1942; x_wconf 89' lang='lat' dir='ltr'><strong>resurrectionem</strong></span> <span class='ocrx_word' id='word_1_351' title='bbox 2733 1886 3178 1942; x_wconf 87' lang='lat' dir='ltr'><strong>immortalitatis.</strong></span> 
     </span>
    </p>
   </div>
   <div class='ocr_carea' id='block_1_51' title="bbox 2240 1977 3732 2054">
    <p class='ocr_par' dir='ltr' id='par_1_51' title="bbox 2240 1977 3732 2054">
     <span class='ocr_line' id='line_1_51' title="bbox 2240 1977 3732 2054; baseline -0.003 -22"><span class='ocrx_word' id='word_1_352' title='bbox 2240 1978 2326 2054; x_wconf 30' lang='lat'><strong>.15</strong></span> <span class='ocrx_word' id='word_1_353' title='bbox 2400 1977 2468 2033; x_wconf 89' lang='lat' dir='ltr'><strong><em>Ut</em></strong></span> <span class='ocrx_word' id='word_1_354' title='bbox 2494 1989 2663 2033; x_wconf 90' lang='lat' dir='ltr'><strong>cantet</strong></span> <span class='ocrx_word' id='word_1_355' title='bbox 2685 1978 2776 2031; x_wconf 85' lang='lat' dir='ltr'><strong>tibi</strong></span> <span class='ocrx_word' id='word_1_356' title='bbox 2813 1977 2979 2048; x_wconf 79' lang='lat' dir='ltr'><strong>gloria</strong></span> <span class='ocrx_word' id='word_1_357' title='bbox 3006 1994 3119 2032; x_wconf 85' lang='lat' dir='ltr'><strong>mea</strong></span> <span class='ocrx_word' id='word_1_358' title='bbox 3146 1987 3193 2032; x_wconf 91' lang='lat' dir='ltr'><strong>et</strong></span> <span class='ocrx_word' id='word_1_359' title='bbox 3224 1994 3329 2033; x_wconf 88' lang='lat' dir='ltr'><strong>non</strong></span> <span class='ocrx_word' id='word_1_360' title='bbox 3357 1994 3683 2046; x_wconf 79' lang='lat' dir='ltr'><strong>compungar</strong></span> <span class='ocrx_word' id='word_1_361' title='bbox 3713 1992 3732 2028; x_wconf 88' lang='lat'><strong><em>:</em></strong></span> 
     </span>
    </p>
   </div>
   <div class='ocr_carea' id='block_1_52' title="bbox 2394 2067 3764 2137">
    <p class='ocr_par' dir='ltr' id='par_1_52' title="bbox 2394 2067 3764 2137">
     <span class='ocr_line' id='line_1_52' title="bbox 2394 2067 3764 2137; baseline -0.001 -16"><span class='ocrx_word' id='word_1_362' title='bbox 2394 2068 2615 2122; x_wconf 74' lang='lat' dir='ltr'><strong>Domine</strong></span> <span class='ocrx_word' id='word_1_363' title='bbox 2642 2067 2781 2122; x_wconf 88' lang='lat' dir='ltr'><strong>Deus</strong></span> <span class='ocrx_word' id='word_1_364' title='bbox 2811 2084 2954 2122; x_wconf 86' lang='lat' dir='ltr'><strong>meus</strong></span> <span class='ocrx_word' id='word_1_365' title='bbox 2980 2070 3032 2122; x_wconf 90' lang='lat' dir='ltr'><strong>in</strong></span> <span class='ocrx_word' id='word_1_366' title='bbox 3057 2078 3305 2122; x_wconf 75' lang='lat' dir='ltr'><strong>retentum</strong></span> <span class='ocrx_word' id='word_1_367' title='bbox 3329 2068 3617 2137; x_wconf 85' lang='lat' dir='ltr'><strong>conﬁtebor</strong></span> <span class='ocrx_word' id='word_1_368' title='bbox 3648 2068 3764 2121; x_wconf 86' lang='lat' dir='ltr'><strong>tibi.</strong></span> 
     </span>
    </p>
   </div>
   <div class='ocr_carea' id='block_1_53' title="bbox 2324 2157 3838 2228">
    <p class='ocr_par' dir='ltr' id='par_1_53' title="bbox 2324 2157 3838 2228">
     <span class='ocr_line' id='line_1_53' title="bbox 2324 2157 3838 2228; baseline -0.001 -15"><span class='ocrx_word' id='word_1_369' title='bbox 2324 2158 2366 2213; x_wconf 84' lang='lat' dir='ltr'><strong>C</strong></span> <span class='ocrx_word' id='word_1_370' title='bbox 2395 2158 2628 2214; x_wconf 90' lang='lat' dir='ltr'><strong>Cantare</strong></span> <span class='ocrx_word' id='word_1_371' title='bbox 2668 2157 2811 2213; x_wconf 89' lang='lat' dir='ltr'><strong>enim</strong></span> <span class='ocrx_word' id='word_1_372' title='bbox 2840 2159 3074 2213; x_wconf 84' lang='lat' dir='ltr'><strong>diximus</strong></span> <span class='ocrx_word' id='word_1_373' title='bbox 3100 2158 3165 2211; x_wconf 87' lang='lat' dir='ltr'><strong>ad</strong></span> <span class='ocrx_word' id='word_1_374' title='bbox 3197 2159 3395 2213; x_wconf 88' lang='lat' dir='ltr'><strong>mentis</strong></span> <span class='ocrx_word' id='word_1_375' title='bbox 3422 2157 3667 2211; x_wconf 71' lang='lat' dir='ltr'><strong>lmtitiam</strong></span> <span class='ocrx_word' id='word_1_376' title='bbox 3708 2172 3838 2228; x_wconf 90' lang='lat' dir='ltr'><strong>pro-</strong></span> 
     </span>
    </p>
   </div>
   <div class='ocr_carea' id='block_1_54' title="bbox 2252 2246 3838 2320">
    <p class='ocr_par' dir='ltr' id='par_1_54' title="bbox 2252 2246 3838 2320">
     <span class='ocr_line' id='line_1_54' title="bbox 2252 2246 3838 2320; baseline -0.002 -16"><span class='ocrx_word' id='word_1_377' title='bbox 2252 2250 2370 2320; x_wconf 87' lang='lat' dir='ltr'><strong>prie</strong></span> <span class='ocrx_word' id='word_1_378' title='bbox 2398 2248 2688 2319; x_wconf 88' lang='lat' dir='ltr'><strong>pcrtinere.</strong></span> <span class='ocrx_word' id='word_1_379' title='bbox 2715 2246 2898 2302; x_wconf 88' lang='lat' dir='ltr'><strong>Gloria</strong></span> <span class='ocrx_word' id='word_1_380' title='bbox 2929 2262 3054 2301; x_wconf 86' lang='lat' dir='ltr'><strong>vero</strong></span> <span class='ocrx_word' id='word_1_381' title='bbox 3076 2247 3276 2302; x_wconf 88' lang='lat' dir='ltr'><strong>Christi</strong></span> <span class='ocrx_word' id='word_1_382' title='bbox 3304 2264 3316 2301; x_wconf 90' lang='lat'><strong>:</strong></span> <span class='ocrx_word' id='word_1_383' title='bbox 3346 2246 3605 2314; x_wconf 67' lang='lat' dir='ltr'><strong>majestas</strong></span> <span class='ocrx_word' id='word_1_384' title='bbox 3636 2246 3838 2306; x_wconf 84' lang='lat' dir='ltr'><strong>Patris.</strong></span> 
     </span>
    </p>
   </div>
   <div class='ocr_carea' id='block_1_55' title="bbox 2254 2336 3835 2411">
    <p class='ocr_par' dir='ltr' id='par_1_55' title="bbox 2254 2336 3835 2411">
     <span class='ocr_line' id='line_1_55' title="bbox 2254 2336 3835 2411; baseline -0.003 -16"><span class='ocrx_word' id='word_1_385' title='bbox 2254 2356 2283 2395; x_wconf 91' lang='lat' dir='ltr'><strong>a</strong></span> <span class='ocrx_word' id='word_1_386' title='bbox 2312 2356 2420 2411; x_wconf 90' lang='lat' dir='ltr'><strong>quo</strong></span> <span class='ocrx_word' id='word_1_387' title='bbox 2447 2339 2674 2404; x_wconf 85' lang='lat' dir='ltr'><strong>audivit,</strong></span> <span class='ocrx_word' id='word_1_388' title='bbox 2705 2338 2794 2393; x_wconf 89' lang='lat' dir='ltr'><strong>hic</strong></span> <span class='ocrx_word' id='word_1_389' title='bbox 2838 2347 2922 2393; x_wconf 87' lang='lat' dir='ltr'><strong>est</strong></span> <span class='ocrx_word' id='word_1_390' title='bbox 2956 2337 3126 2393; x_wconf 79' lang='lat' dir='ltr'><strong>Filius</strong></span> <span class='ocrx_word' id='word_1_391' title='bbox 3171 2354 3322 2392; x_wconf 89' lang='lat' dir='ltr'><strong>meus</strong></span> <span class='ocrx_word' id='word_1_392' title='bbox 3350 2337 3578 2392; x_wconf 86' lang='lat' dir='ltr'><strong>dilectus</strong></span> <span class='ocrx_word' id='word_1_393' title='bbox 3614 2336 3835 2408; x_wconf 67' lang='lat' dir='ltr'><strong>(Manli.</strong></span> 
     </span>
    </p>
   </div>
   <div class='ocr_carea' id='block_1_56' title="bbox 2255 2420 3837 2504">
    <p class='ocr_par' dir='ltr' id='par_1_56' title="bbox 2255 2420 3837 2504">
     <span class='ocr_line' id='line_1_56' title="bbox 2255 2420 3837 2504; baseline -0.002 -18"><span class='ocrx_word' id='word_1_394' title='bbox 2255 2432 2406 2504; x_wconf 77' lang='lat' dir='ltr'><strong>xvn).</strong></span> <span class='ocrx_word' id='word_1_395' title='bbox 2441 2432 2481 2486; x_wconf 85' lang='lat' dir='ltr'><strong>A</strong></span> <span class='ocrx_word' id='word_1_396' title='bbox 2516 2431 2581 2485; x_wconf 82' lang='lat' dir='ltr'><strong>Et</strong></span> <span class='ocrx_word' id='word_1_397' title='bbox 2611 2439 2795 2485; x_wconf 89' lang='lat' dir='ltr'><strong>cantat</strong></span> <span class='ocrx_word' id='word_1_398' title='bbox 2819 2429 2964 2484; x_wconf 89' lang='lat' dir='ltr'><strong>Patri</strong></span> <span class='ocrx_word' id='word_1_399' title='bbox 2997 2429 3164 2500; x_wconf 77' lang='lat' dir='ltr'><strong>gloria</strong></span> <span class='ocrx_word' id='word_1_400' title='bbox 3190 2429 3309 2483; x_wconf 85' lang='lat' dir='ltr'><strong>Filii</strong></span> <span class='ocrx_word' id='word_1_401' title='bbox 3338 2470 3353 2494; x_wconf 90' lang='lat'><strong>,</strong></span> <span class='ocrx_word' id='word_1_402' title='bbox 3384 2420 3643 2499; x_wconf 72' lang='lat' dir='ltr'><strong>Quoniam</strong></span> <span class='ocrx_word' id='word_1_403' title='bbox 3670 2444 3837 2483; x_wconf 86' lang='lat' dir='ltr'><strong>causa</strong></span> 
     </span>
    </p>
   </div>
   <div class='ocr_carea' id='block_1_57' title="bbox 2252 2521 3839 2594">
    <p class='ocr_par' dir='ltr' id='par_1_57' title="bbox 2252 2521 3839 2594">
     <span class='ocr_line' id='line_1_57' title="bbox 2252 2521 3839 2594; baseline -0.003 -15"><span class='ocrx_word' id='word_1_404' title='bbox 2252 2533 2335 2579; x_wconf 87' lang='lat' dir='ltr'><strong>est</strong></span> <span class='ocrx_word' id='word_1_405' title='bbox 2360 2525 2527 2594; x_wconf 81' lang='lat' dir='ltr'><strong>gloria</strong></span> <span class='ocrx_word' id='word_1_406' title='bbox 2565 2523 2686 2578; x_wconf 85' lang='lat' dir='ltr'><strong>Filii</strong></span> <span class='ocrx_word' id='word_1_407' title='bbox 2723 2532 2830 2577; x_wconf 87' lang='lat' dir='ltr'><strong>:ut</strong></span> <span class='ocrx_word' id='word_1_408' title='bbox 2870 2522 3119 2578; x_wconf 74' lang='lat' dir='ltr'><strong>laudetur</strong></span> <span class='ocrx_word' id='word_1_409' title='bbox 3147 2523 3310 2578; x_wconf 86' lang='lat' dir='ltr'><strong>Pater</strong></span> <span class='ocrx_word' id='word_1_410' title='bbox 3333 2534 3388 2578; x_wconf 90' lang='lat' dir='ltr'><strong>et</strong></span> <span class='ocrx_word' id='word_1_411' title='bbox 3427 2532 3661 2577; x_wconf 86' lang='lat' dir='ltr'><strong>ametur.</strong></span> <span class='ocrx_word' id='word_1_412' title='bbox 3696 2521 3738 2576; x_wconf 90' lang='lat' dir='ltr'><strong>C</strong></span> <span class='ocrx_word' id='word_1_413' title='bbox 3770 2522 3839 2576; x_wconf 84' lang='lat' dir='ltr'><strong>Et</strong></span> 
     </span>
    </p>
   </div>
   <div class='ocr_carea' id='block_1_58' title="bbox 2252 2613 3838 2685">
    <p class='ocr_par' dir='ltr' id='par_1_58' title="bbox 2252 2613 3838 2685">
     <span class='ocr_line' id='line_1_58' title="bbox 2252 2613 3838 2685; baseline -0.001 -15"><span class='ocrx_word' id='word_1_414' title='bbox 2252 2616 2377 2685; x_wconf 85' lang='lat' dir='ltr'><strong>quia</strong></span> <span class='ocrx_word' id='word_1_415' title='bbox 2408 2624 2768 2684; x_wconf 90' lang='lat' dir='ltr'><strong>compunctus</strong></span> <span class='ocrx_word' id='word_1_416' title='bbox 2795 2625 2880 2669; x_wconf 89' lang='lat' dir='ltr'><strong>est</strong></span> <span class='ocrx_word' id='word_1_417' title='bbox 2920 2614 3105 2680; x_wconf 84' lang='lat' dir='ltr'><strong>semel,</strong></span> <span class='ocrx_word' id='word_1_418' title='bbox 3139 2617 3188 2668; x_wconf 89' lang='lat' dir='ltr'><strong>id</strong></span> <span class='ocrx_word' id='word_1_419' title='bbox 3216 2623 3297 2668; x_wconf 90' lang='lat' dir='ltr'><strong>est</strong></span> <span class='ocrx_word' id='word_1_420' title='bbox 3335 2613 3632 2669; x_wconf 83' lang='lat' dir='ltr'><strong>cruciﬁxus</strong></span> <span class='ocrx_word' id='word_1_421' title='bbox 3660 2630 3672 2665; x_wconf 91' lang='lat'><strong>:</strong></span> <span class='ocrx_word' id='word_1_422' title='bbox 3700 2613 3838 2668; x_wconf 84' lang='lat' dir='ltr'><strong>nulli</strong></span> 
     </span>
    </p>
   </div>
   <div class='ocr_carea' id='block_1_59' title="bbox 2252 2705 3836 2781">
    <p class='ocr_par' dir='ltr' id='par_1_59' title="bbox 2252 2705 3836 2781">
     <span class='ocr_line' id='line_1_59' title="bbox 2252 2705 3836 2781; baseline -0.001 -20"><span class='ocrx_word' id='word_1_423' title='bbox 2252 2721 2311 2761; x_wconf 87' lang='lat' dir='ltr'><strong>se</strong></span> <span class='ocrx_word' id='word_1_424' title='bbox 2339 2706 2562 2760; x_wconf 89' lang='lat' dir='ltr'><strong>ulterius</strong></span> <span class='ocrx_word' id='word_1_425' title='bbox 2589 2706 2865 2773; x_wconf 81' lang='lat' dir='ltr'><strong>subjacerc</strong></span> <span class='ocrx_word' id='word_1_426' title='bbox 2895 2716 3155 2761; x_wconf 86' lang='lat' dir='ltr'><strong>memorat</strong></span> <span class='ocrx_word' id='word_1_427' title='bbox 3203 2706 3463 2775; x_wconf 90' lang='lat' dir='ltr'><strong>passioni.</strong></span> <span class='ocrx_word' id='word_1_428' title='bbox 3498 2705 3836 2781; x_wconf 73' lang='lat' dir='ltr'><strong>Conﬁtcbor,</strong></span> 
     </span>
    </p>
   </div>
   <div class='ocr_carea' id='block_1_60' title="bbox 2252 2795 3567 2862">
    <p class='ocr_par' dir='ltr' id='par_1_60' title="bbox 2252 2795 3567 2862">
     <span class='ocr_line' id='line_1_60' title="bbox 2252 2795 3567 2862; baseline 0.001 -13"><span class='ocrx_word' id='word_1_429' title='bbox 2252 2795 2307 2849; x_wconf 88' lang='lat' dir='ltr'><strong>id</strong></span> <span class='ocrx_word' id='word_1_430' title='bbox 2335 2804 2442 2862; x_wconf 89' lang='lat' dir='ltr'><strong>est,</strong></span> <span class='ocrx_word' id='word_1_431' title='bbox 2472 2811 2593 2849; x_wconf 81' lang='lat' dir='ltr'><strong>cum</strong></span> <span class='ocrx_word' id='word_1_432' title='bbox 2627 2797 2831 2851; x_wconf 90' lang='lat' dir='ltr'><strong>sanctis</strong></span> <span class='ocrx_word' id='word_1_433' title='bbox 2858 2805 3058 2851; x_wconf 73' lang='lat' dir='ltr'><strong>mterna</strong></span> <span class='ocrx_word' id='word_1_434' title='bbox 3084 2812 3212 2851; x_wconf 84' lang='lat' dir='ltr'><strong>voce</strong></span> <span class='ocrx_word' id='word_1_435' title='bbox 3244 2805 3293 2850; x_wconf 87' lang='lat' dir='ltr'><strong>te</strong></span> <span class='ocrx_word' id='word_1_436' title='bbox 3318 2795 3567 2852; x_wconf 84' lang='lat' dir='ltr'><strong>laudabo.</strong></span> 
     </span>
    </p>
   </div>
   <div class='ocr_carea' id='block_1_61' title="bbox 2697 2907 3379 2949">
    <p class='ocr_par' dir='ltr' id='par_1_61' title="bbox 2697 2907 3379 2949">
     <span class='ocr_line' id='line_1_61' title="bbox 2697 2907 3379 2949; baseline 0 -1"><span class='ocrx_word' id='word_1_437' title='bbox 2697 2907 2895 2949; x_wconf 69' lang='lat' dir='ltr'><strong>ORATIO</strong></span> <span class='ocrx_word' id='word_1_438' title='bbox 2934 2909 3001 2948; x_wconf 75' lang='lat' dir='ltr'><strong>EX</strong></span> <span class='ocrx_word' id='word_1_439' title='bbox 3042 2911 3190 2949; x_wconf 64' lang='grc' dir='ltr'><strong>ιδεμ..</strong></span> <span class='ocrx_word' id='word_1_440' title='bbox 3233 2910 3379 2948; x_wconf 67' lang='lat' dir='ltr'><strong>XXIX.</strong></span> 
     </span>
    </p>
   </div>
   <div class='ocr_carea' id='block_1_62' title="bbox 2322 2986 3837 3057">
    <p class='ocr_par' dir='ltr' id='par_1_62' title="bbox 2322 2986 3837 3057">
     <span class='ocr_line' id='line_1_62' title="bbox 2322 2986 3837 3057; baseline -0.003 -14"><span class='ocrx_word' id='word_1_441' title='bbox 2322 2987 2616 3057; x_wconf 85' lang='lat' dir='ltr'><strong>Susceptor</strong></span> <span class='ocrx_word' id='word_1_442' title='bbox 2637 2987 2897 3051; x_wconf 85' lang='lat' dir='ltr'><strong>omnium,</strong></span> <span class='ocrx_word' id='word_1_443' title='bbox 2937 2987 3355 3043; x_wconf 74' lang='lat' dir='ltr'><strong>clementissime</strong></span> <span class='ocrx_word' id='word_1_444' title='bbox 3384 2986 3525 3040; x_wconf 88' lang='lat' dir='ltr'><strong>Deus</strong></span> <span class='ocrx_word' id='word_1_445' title='bbox 3550 3027 3565 3050; x_wconf 91' lang='lat'><strong>,</strong></span> <span class='ocrx_word' id='word_1_446' title='bbox 3599 3000 3667 3041; x_wconf 89' lang='lat' dir='ltr'><strong>ne</strong></span> <span class='ocrx_word' id='word_1_447' title='bbox 3707 2999 3837 3054; x_wconf 87' lang='lat' dir='ltr'><strong>pcr-</strong></span> 
     </span>
    </p>
   </div>
   <div class='ocr_carea' id='block_1_63' title="bbox 577 3034 2155 3148">
    <p class='ocr_par' dir='ltr' id='par_1_63' title="bbox 577 3034 2145 3131">
     <span class='ocr_line' id='line_1_63' title="bbox 577 3034 2145 3131; baseline 0.001 -16"><span class='ocrx_word' id='word_1_448' title='bbox 577 3070 707 3126; x_wconf 85' lang='lat' dir='ltr'><strong>tem,</strong></span> <span class='ocrx_word' id='word_1_449' title='bbox 740 3059 943 3114; x_wconf 89' lang='lat' dir='ltr'><strong>scilicet</strong></span> <span class='ocrx_word' id='word_1_450' title='bbox 971 3059 1117 3113; x_wconf 87' lang='lat' dir='ltr'><strong>illam</strong></span> <span class='ocrx_word' id='word_1_451' title='bbox 1147 3076 1251 3129; x_wconf 90' lang='lat' dir='ltr'><strong>qua</strong></span> <span class='ocrx_word' id='word_1_452' title='bbox 1281 3034 1387 3114; x_wconf 83' lang='lat' dir='ltr'><strong>non</strong></span> <span class='ocrx_word' id='word_1_453' title='bbox 1429 3069 1680 3115; x_wconf 85' lang='lat' dir='ltr'><strong>movetur</strong></span> <span class='ocrx_word' id='word_1_454' title='bbox 1719 3075 1749 3115; x_wconf 71' lang='grc' dir='ltr'><strong>ιι</strong></span> <span class='ocrx_word' id='word_1_455' title='bbox 1797 3034 1938 3127; x_wconf 86' lang='lat' dir='ltr'><strong>Deo,</strong></span> <span class='ocrx_word' id='word_1_456' title='bbox 1966 3061 2011 3117; x_wconf 80' lang='grc' dir='ltr'><strong>Α</strong></span> <span class='ocrx_word' id='word_1_457' title='bbox 2042 3072 2145 3131; x_wconf 81' lang='lat' dir='ltr'><strong>qua</strong></span> 
     </span>
    </p>
   </div>
   <div class='ocr_carea' id='block_1_64' title="bbox 2266 3034 3840 3148">
    <p class='ocr_par' dir='ltr' id='par_1_64' title="bbox 2266 3034 3840 3148">
     <span class='ocr_line' id='line_1_64' title="bbox 2322 3034 3796 3057; baseline -0.002 -5"><span class='ocrx_word' id='word_1_458' title='bbox 2322 3034 2607 3057; x_wconf 60' lang='grc' dir='ltr'><strong>υυυντνη-</strong></span> <span class='ocrx_word' id='word_1_459' title='bbox 2941 3034 3353 3043; x_wconf 62' lang='grc' dir='ltr'><strong>ην---νσ---ηυ-υ-</strong></span> <span class='ocrx_word' id='word_1_460' title='bbox 3384 3034 3524 3040; x_wconf 75' lang='grc'><strong><em>-----</em></strong></span> <span class='ocrx_word' id='word_1_461' title='bbox 3550 3034 3565 3050; x_wconf 85' lang='grc'><em>.</em></span> <span class='ocrx_word' id='word_1_462' title='bbox 3599 3034 3665 3041; x_wconf 62' lang='grc' dir='ltr'><strong>-ν-</strong></span> <span class='ocrx_word' id='word_1_463' title='bbox 3707 3034 3796 3054; x_wconf 61' lang='grc' dir='ltr'><strong>τν-</strong></span> 
     </span>
     <span class='ocr_line' id='line_1_65' title="bbox 2266 3076 3840 3148; baseline -0.003 -15"><span class='ocrx_word' id='word_1_464' title='bbox 2266 3080 2435 3133; x_wconf 81' lang='lat' dir='ltr'><strong>uittas</strong></span> <span class='ocrx_word' id='word_1_465' title='bbox 2458 3076 2718 3133; x_wconf 86' lang='lat' dir='ltr'><strong>delectari</strong></span> <span class='ocrx_word' id='word_1_466' title='bbox 2750 3077 3000 3133; x_wconf 89' lang='lat' dir='ltr'><strong>inimicos</strong></span> <span class='ocrx_word' id='word_1_467' title='bbox 3023 3087 3236 3134; x_wconf 90' lang='lat' dir='ltr'><strong>nostros</strong></span> <span class='ocrx_word' id='word_1_468' title='bbox 3274 3091 3434 3148; x_wconf 86' lang='lat' dir='ltr'><strong>super</strong></span> <span class='ocrx_word' id='word_1_469' title='bbox 3474 3094 3594 3141; x_wconf 81' lang='lat' dir='ltr'><strong>nos,</strong></span> <span class='ocrx_word' id='word_1_470' title='bbox 3635 3077 3730 3130; x_wconf 88' lang='lat' dir='ltr'><strong>sed</strong></span> <span class='ocrx_word' id='word_1_471' title='bbox 3765 3076 3840 3129; x_wconf 74' lang='lat' dir='ltr'><strong>ita</strong></span> 
     </span>
    </p>
   </div>
   <div class='ocr_carea' id='block_1_65' title="bbox 577 3151 2149 3224">
    <p class='ocr_par' dir='ltr' id='par_1_65' title="bbox 577 3151 2149 3224">
     <span class='ocr_line' id='line_1_66' title="bbox 577 3151 2149 3224; baseline 0.001 -20"><span class='ocrx_word' id='word_1_472' title='bbox 577 3151 830 3206; x_wconf 85' lang='lat' dir='ltr'><strong>immunis</strong></span> <span class='ocrx_word' id='word_1_473' title='bbox 874 3152 945 3205; x_wconf 89' lang='lat' dir='ltr'><strong>ab</strong></span> <span class='ocrx_word' id='word_1_474' title='bbox 988 3151 1133 3205; x_wconf 92' lang='lat' dir='ltr'><strong>omni</strong></span> <span class='ocrx_word' id='word_1_475' title='bbox 1164 3160 1388 3221; x_wconf 89' lang='lat' dir='ltr'><strong>peccato</strong></span> <span class='ocrx_word' id='word_1_476' title='bbox 1406 3152 1439 3204; x_wconf 85' lang='lat'><strong>&#39;:</strong></span> <span class='ocrx_word' id='word_1_477' title='bbox 1468 3151 1614 3205; x_wconf 92' lang='lat' dir='ltr'><strong>omni</strong></span> <span class='ocrx_word' id='word_1_478' title='bbox 1643 3152 1935 3222; x_wconf 80' lang='lat' dir='ltr'><strong>gratiarum</strong></span> <span class='ocrx_word' id='word_1_479' title='bbox 1977 3153 2149 3224; x_wconf 90' lang='lat' dir='ltr'><strong>pleni-</strong></span> 
     </span>
    </p>
   </div>
   <div class='ocr_carea' id='block_1_66' title="bbox 577 3240 2150 3313">
    <p class='ocr_par' dir='ltr' id='par_1_66' title="bbox 577 3240 2150 3313">
     <span class='ocr_line' id='line_1_67' title="bbox 577 3240 2150 3313; baseline 0.003 -17"><span class='ocrx_word' id='word_1_480' title='bbox 577 3240 762 3297; x_wconf 87' lang='lat' dir='ltr'><strong>tudine</strong></span> <span class='ocrx_word' id='word_1_481' title='bbox 808 3242 1133 3313; x_wconf 87' lang='lat' dir='ltr'><strong>rcsplendet.</strong></span> <span class='ocrx_word' id='word_1_482' title='bbox 1185 3243 1450 3297; x_wconf 86' lang='lat' dir='ltr'><strong>Similiter</strong></span> <span class='ocrx_word' id='word_1_483' title='bbox 1490 3251 1546 3297; x_wconf 91' lang='lat' dir='ltr'><strong>et</strong></span> <span class='ocrx_word' id='word_1_484' title='bbox 1583 3244 1832 3298; x_wconf 89' lang='lat' dir='ltr'><strong>decorem</strong></span> <span class='ocrx_word' id='word_1_485' title='bbox 1865 3243 2011 3298; x_wconf 89' lang='lat' dir='ltr'><strong>illum</strong></span> <span class='ocrx_word' id='word_1_486' title='bbox 2034 3284 2050 3309; x_wconf 93' lang='lat'><strong>,</strong></span> <span class='ocrx_word' id='word_1_487' title='bbox 2081 3246 2150 3301; x_wconf 83' lang='lat' dir='ltr'><strong>de</strong></span> 
     </span>
    </p>
   </div>
   <div class='ocr_carea' id='block_1_67' title="bbox 576 3333 2147 3406">
    <p class='ocr_par' dir='ltr' id='par_1_67' title="bbox 576 3333 2147 3406">
     <span class='ocr_line' id='line_1_68' title="bbox 576 3333 2147 3406; baseline 0.003 -20"><span class='ocrx_word' id='word_1_488' title='bbox 576 3348 686 3403; x_wconf 86' lang='lat' dir='ltr'><strong>quo</strong></span> <span class='ocrx_word' id='word_1_489' title='bbox 707 3335 965 3403; x_wconf 81' lang='lat' dir='ltr'><strong>scriptum</strong></span> <span class='ocrx_word' id='word_1_490' title='bbox 994 3343 1081 3389; x_wconf 88' lang='lat' dir='ltr'><strong>est</strong></span> <span class='ocrx_word' id='word_1_491' title='bbox 1109 3350 1124 3388; x_wconf 88' lang='lat'><strong>:</strong></span> <span class='ocrx_word' id='word_1_492' title='bbox 1154 3334 1443 3404; x_wconf 86' lang='lat' dir='ltr'><strong>Speciosus</strong></span> <span class='ocrx_word' id='word_1_493' title='bbox 1471 3333 1641 3391; x_wconf 83' lang='lat' dir='ltr'><strong>forma</strong></span> <span class='ocrx_word' id='word_1_494' title='bbox 1667 3350 1780 3406; x_wconf 79' lang='lat' dir='ltr'><strong>pra:</strong></span> <span class='ocrx_word' id='word_1_495' title='bbox 1810 3335 1936 3389; x_wconf 82' lang='lat' dir='ltr'><strong>ﬁliis</strong></span> <span class='ocrx_word' id='word_1_496' title='bbox 1973 3337 2147 3391; x_wconf 86' lang='lat' dir='ltr'><strong>homi-</strong></span> 
     </span>
    </p>
   </div>
   <div class='ocr_carea' id='block_1_68' title="bbox 545 3424 1753 3497">
    <p class='ocr_par' dir='ltr' id='par_1_68' title="bbox 545 3424 1753 3497">
     <span class='ocr_line' id='line_1_69' title="bbox 545 3424 1753 3497; baseline -0.002 -16"><span class='ocrx_word' id='word_1_497' title='bbox 545 3442 705 3482; x_wconf 77' lang='lat' dir='ltr'><strong>.num</strong></span> <span class='ocrx_word' id='word_1_498' title='bbox 737 3424 911 3497; x_wconf 82' lang='lat' dir='ltr'><strong>(Psal.</strong></span> <span class='ocrx_word' id='word_1_499' title='bbox 945 3427 1114 3497; x_wconf 69' lang='grc' dir='ltr'><strong>κων).</strong></span> <span class='ocrx_word' id='word_1_500' title='bbox 1516 3471 1523 3479; x_wconf 95' lang='grc'><strong><em>.</em></strong></span> <span class='ocrx_word' id='word_1_501' title='bbox 1750 3450 1753 3453; x_wconf 57' lang='grc' dir='ltr'><strong><em>ν</em></strong></span> 
     </span>
    </p>
   </div>
   <div class='ocr_carea' id='block_1_69' title="bbox 544 3536 1572 3609">
    <p class='ocr_par' dir='ltr' id='par_1_69' title="bbox 544 3536 1572 3609">
     <span class='ocr_line' id='line_1_70' title="bbox 544 3536 1572 3609; baseline 0.003 -17"><span class='ocrx_word' id='word_1_502' title='bbox 544 3555 555 3561; x_wconf 67' lang='grc'><strong><em>⁵</em></strong></span> <span class='ocrx_word' id='word_1_503' title='bbox 608 3538 643 3592; x_wconf 87' lang='lat'><strong>9</strong></span> <span class='ocrx_word' id='word_1_504' title='bbox 712 3536 953 3594; x_wconf 73' lang='lat' dir='ltr'><strong>Avertisti</strong></span> <span class='ocrx_word' id='word_1_505' title='bbox 981 3540 1167 3609; x_wconf 83' lang='lat' dir='ltr'><strong>faciem</strong></span> <span class='ocrx_word' id='word_1_506' title='bbox 1209 3550 1352 3593; x_wconf 85' lang='lat' dir='ltr'><strong>luant</strong></span> <span class='ocrx_word' id='word_1_507' title='bbox 1382 3557 1414 3595; x_wconf 91' lang='lat' dir='ltr'><strong>a</strong></span> <span class='ocrx_word' id='word_1_508' title='bbox 1446 3557 1526 3595; x_wconf 87' lang='lat' dir='ltr'><strong>me</strong></span> <span class='ocrx_word' id='word_1_509' title='bbox 1552 3557 1572 3594; x_wconf 85' lang='lat'><strong>.&#39;</strong></span> 
     </span>
    </p>
   </div>
   <div class='ocr_carea' id='block_1_70' title="bbox 717 3626 1511 3699">
    <p class='ocr_par' dir='ltr' id='par_1_70' title="bbox 717 3626 1511 3699">
     <span class='ocr_line' id='line_1_71' title="bbox 717 3626 1511 3699; baseline 0.003 -19"><span class='ocrx_word' id='word_1_510' title='bbox 717 3626 787 3682; x_wconf 86' lang='lat' dir='ltr'><strong>Et</strong></span> <span class='ocrx_word' id='word_1_511' title='bbox 818 3629 989 3699; x_wconf 82' lang='lat' dir='ltr'><strong>fartus</strong></span> <span class='ocrx_word' id='word_1_512' title='bbox 1014 3646 1129 3682; x_wconf 84' lang='lat' dir='ltr'><strong>sum</strong></span> <span class='ocrx_word' id='word_1_513' title='bbox 1152 3628 1511 3684; x_wconf 83' lang='lat' dir='ltr'><strong>conturbatus.</strong></span> 
     </span>
    </p>
   </div>
   <div class='ocr_carea' id='block_1_71' title="bbox 643 3717 2149 3790">
    <p class='ocr_par' dir='ltr' id='par_1_71' title="bbox 643 3717 2149 3790">
     <span class='ocr_line' id='line_1_72' title="bbox 643 3717 2149 3790; baseline 0.004 -19"><span class='ocrx_word' id='word_1_514' title='bbox 643 3717 688 3771; x_wconf 87' lang='lat' dir='ltr'><strong>ll</strong></span> <span class='ocrx_word' id='word_1_515' title='bbox 712 3718 860 3773; x_wconf 88' lang='lat' dir='ltr'><strong>Tunc</strong></span> <span class='ocrx_word' id='word_1_516' title='bbox 886 3719 1080 3773; x_wconf 89' lang='lat' dir='ltr'><strong>avertit</strong></span> <span class='ocrx_word' id='word_1_517' title='bbox 1102 3718 1241 3773; x_wconf 91' lang='lat' dir='ltr'><strong>Deus</strong></span> <span class='ocrx_word' id='word_1_518' title='bbox 1256 3718 1444 3774; x_wconf 80' lang='lat' dir='ltr'><strong>faciem</strong></span> <span class='ocrx_word' id='word_1_519' title='bbox 1467 3736 1619 3775; x_wconf 90' lang='lat' dir='ltr'><strong>suam</strong></span> <span class='ocrx_word' id='word_1_520' title='bbox 1638 3720 1706 3776; x_wconf 87' lang='lat' dir='ltr'><strong>ab</strong></span> <span class='ocrx_word' id='word_1_521' title='bbox 1719 3721 1912 3787; x_wconf 80' lang='lat' dir='ltr'><strong>Adam,</strong></span> <span class='ocrx_word' id='word_1_522' title='bbox 1935 3723 2149 3790; x_wconf 89' lang='lat' dir='ltr'><strong>quando</strong></span> 
     </span>
    </p>
   </div>
   <div class='ocr_carea' id='block_1_72' title="bbox 569 3810 2149 3881">
    <p class='ocr_par' dir='ltr' id='par_1_72' title="bbox 569 3810 2149 3881">
     <span class='ocr_line' id='line_1_73' title="bbox 569 3810 2149 3881; baseline 0.003 -17"><span class='ocrx_word' id='word_1_523' title='bbox 569 3811 836 3880; x_wconf 84' lang='lat' dir='ltr'><strong>peccavit.</strong></span> <span class='ocrx_word' id='word_1_524' title='bbox 865 3810 1013 3865; x_wconf 88' lang='lat' dir='ltr'><strong>Tunc</strong></span> <span class='ocrx_word' id='word_1_525' title='bbox 1036 3811 1281 3865; x_wconf 90' lang='lat' dir='ltr'><strong>turbatus</strong></span> <span class='ocrx_word' id='word_1_526' title='bbox 1299 3818 1401 3876; x_wconf 90' lang='lat' dir='ltr'><strong>est,</strong></span> <span class='ocrx_word' id='word_1_527' title='bbox 1423 3812 1635 3881; x_wconf 92' lang='lat' dir='ltr'><strong>quando</strong></span> <span class='ocrx_word' id='word_1_528' title='bbox 1655 3811 1755 3866; x_wconf 90' lang='lat' dir='ltr'><strong>sub</strong></span> <span class='ocrx_word' id='word_1_529' title='bbox 1775 3812 2149 3869; x_wconf 85' lang='lat' dir='ltr'><strong>maledictioue</strong></span> 
     </span>
    </p>
   </div>
   <div class='ocr_carea' id='block_1_73' title="bbox 569 3898 2150 3970">
    <p class='ocr_par' dir='ltr' id='par_1_73' title="bbox 569 3898 2150 3970">
     <span class='ocr_line' id='line_1_74' title="bbox 569 3898 2150 3970; baseline 0.003 -16"><span class='ocrx_word' id='word_1_530' title='bbox 569 3901 640 3954; x_wconf 85' lang='lat' dir='ltr'><strong>de</strong></span> <span class='ocrx_word' id='word_1_531' title='bbox 668 3900 917 3969; x_wconf 84' lang='lat' dir='ltr'><strong>paradiso</strong></span> <span class='ocrx_word' id='word_1_532' title='bbox 964 3898 1231 3970; x_wconf 85' lang='lat' dir='ltr'><strong>projectus</strong></span> <span class='ocrx_word' id='word_1_533' title='bbox 1276 3909 1378 3956; x_wconf 91' lang='lat' dir='ltr'><strong>est.</strong></span> <span class='ocrx_word' id='word_1_534' title='bbox 1423 3902 1466 3955; x_wconf 83' lang='lat' dir='ltr'><strong>A</strong></span> <span class='ocrx_word' id='word_1_535' title='bbox 1513 3899 1607 3956; x_wconf 78' lang='lat' dir='ltr'><strong>Vel</strong></span> <span class='ocrx_word' id='word_1_536' title='bbox 1653 3917 1701 3963; x_wconf 45' lang='lat' dir='ltr'><strong>a.</strong></span> <span class='ocrx_word' id='word_1_537' title='bbox 1732 3900 1945 3957; x_wconf 91' lang='lat' dir='ltr'><strong>Christo</strong></span> <span class='ocrx_word' id='word_1_538' title='bbox 1987 3904 2150 3958; x_wconf 82' lang='lat' dir='ltr'><strong>vertit</strong></span> 
     </span>
    </p>
   </div>
   <div class='ocr_carea' id='block_1_74' title="bbox 548 3978 2150 4064">
    <p class='ocr_par' dir='ltr' id='par_1_74' title="bbox 548 3978 2150 4064">
     <span class='ocr_line' id='line_1_75' title="bbox 548 3978 2150 4064; baseline 0.001 -19"><span class='ocrx_word' id='word_1_539' title='bbox 548 3990 792 4057; x_wconf 68' lang='lat' dir='ltr'><strong>&#39;t‘aeiem,</strong></span> <span class='ocrx_word' id='word_1_540' title='bbox 815 3992 1026 4060; x_wconf 88' lang='lat' dir='ltr'><strong>quando</strong></span> <span class='ocrx_word' id='word_1_541' title='bbox 1060 3992 1293 4061; x_wconf 88' lang='lat' dir='ltr'><strong>passioni</strong></span> <span class='ocrx_word' id='word_1_542' title='bbox 1323 4007 1444 4046; x_wconf 69' lang='lat' dir='ltr'><strong>citur</strong></span> <span class='ocrx_word' id='word_1_543' title='bbox 1480 3993 1761 4063; x_wconf 85' lang='lat' dir='ltr'><strong>exposuit,</strong></span> <span class='ocrx_word' id='word_1_544' title='bbox 1785 4002 1838 4047; x_wconf 92' lang='lat' dir='ltr'><strong>ct</strong></span> <span class='ocrx_word' id='word_1_545' title='bbox 1860 3994 2024 4063; x_wconf 68' lang='lat' dir='ltr'><strong>coepit</strong></span> <span class='ocrx_word' id='word_1_546' title='bbox 2055 3978 2150 4064; x_wconf 82' lang='lat' dir='ltr'><strong>pa-</strong></span> 
     </span>
    </p>
   </div>
   <div class='ocr_carea' id='block_1_75' title="bbox 572 4082 2146 4140">
    <p class='ocr_par' dir='ltr' id='par_1_75' title="bbox 572 4082 2146 4140">
     <span class='ocr_line' id='line_1_76' title="bbox 572 4082 2146 4140; baseline 0.003 -6"><span class='ocrx_word' id='word_1_547' title='bbox 572 4097 703 4138; x_wconf 89' lang='lat' dir='ltr'><strong>vere</strong></span> <span class='ocrx_word' id='word_1_548' title='bbox 736 4092 790 4136; x_wconf 90' lang='lat' dir='ltr'><strong>et</strong></span> <span class='ocrx_word' id='word_1_549' title='bbox 832 4082 1036 4137; x_wconf 88' lang='lat' dir='ltr'><strong>turbari</strong></span> <span class='ocrx_word' id='word_1_550' title='bbox 1065 4092 1120 4138; x_wconf 92' lang='lat' dir='ltr'><strong>et</strong></span> <span class='ocrx_word' id='word_1_551' title='bbox 1162 4093 1356 4138; x_wconf 76' lang='lat' dir='ltr'><strong>mmsta</strong></span> <span class='ocrx_word' id='word_1_552' title='bbox 1385 4098 1508 4139; x_wconf 85' lang='lat' dir='ltr'><strong>esse</strong></span> <span class='ocrx_word' id='word_1_553' title='bbox 1538 4085 1847 4140; x_wconf 79' lang='lat' dir='ltr'><strong>btunanitas</strong></span> <span class='ocrx_word' id='word_1_554' title='bbox 1888 4094 1942 4140; x_wconf 91' lang='lat' dir='ltr'><strong>et</strong></span> <span class='ocrx_word' id='word_1_555' title='bbox 1965 4086 2146 4140; x_wconf 84' lang='lat' dir='ltr'><strong>carnis</strong></span> 
     </span>
    </p>
   </div>
   <div class='ocr_carea' id='block_1_76' title="bbox 546 4174 1527 4229">
    <p class='ocr_par' dir='ltr' id='par_1_76' title="bbox 546 4174 1527 4229">
     <span class='ocr_line' id='line_1_77' title="bbox 546 4174 1527 4229; baseline 0 -1"><span class='ocrx_word' id='word_1_556' title='bbox 546 4174 884 4229; x_wconf 57' lang='lat' dir='ltr'><strong>’inﬁrmitas.</strong></span> <span class='ocrx_word' id='word_1_557' title='bbox 925 4196 931 4202; x_wconf 92' lang='grc'><strong>·</strong></span> <span class='ocrx_word' id='word_1_558' title='bbox 1284 4184 1289 4188; x_wconf 85' lang='grc'><em>’</em></span> <span class='ocrx_word' id='word_1_559' title='bbox 1522 4180 1527 4186; x_wconf 87' lang='grc'><em>’</em></span> 
     </span>
    </p>
   </div>
   <div class='ocr_carea' id='block_1_77' title="bbox 576 4264 1490 4329">
    <p class='ocr_par' dir='ltr' id='par_1_77' title="bbox 576 4264 1490 4329">
     <span class='ocr_line' id='line_1_78' title="bbox 576 4264 1490 4329; baseline 0.003 -13"><span class='ocrx_word' id='word_1_560' title='bbox 576 4264 644 4317; x_wconf 74' lang='grc'><strong>10</strong></span> <span class='ocrx_word' id='word_1_561' title='bbox 718 4264 800 4318; x_wconf 79' lang='lat' dir='ltr'><strong>Ad</strong></span> <span class='ocrx_word' id='word_1_562' title='bbox 831 4276 899 4329; x_wconf 89' lang='lat' dir='ltr'><strong>te,</strong></span> <span class='ocrx_word' id='word_1_563' title='bbox 932 4264 1174 4326; x_wconf 86' lang='lat' dir='ltr'><strong>Domine.</strong></span> <span class='ocrx_word' id='word_1_564' title='bbox 1206 4265 1442 4320; x_wconf 88' lang='lat' dir='ltr'><strong>clamabo</strong></span> <span class='ocrx_word' id='word_1_565' title='bbox 1473 4281 1490 4319; x_wconf 90' lang='lat'><strong><em>:</em></strong></span> 
     </span>
    </p>
   </div>
   <div class='ocr_carea' id='block_1_78' title="bbox 710 4352 1628 4424">
    <p class='ocr_par' dir='ltr' id='par_1_78' title="bbox 710 4352 1628 4424">
     <span class='ocr_line' id='line_1_79' title="bbox 710 4352 1628 4424; baseline 0 -16"><span class='ocrx_word' id='word_1_566' title='bbox 710 4356 779 4409; x_wconf 79' lang='lat' dir='ltr'><strong>Et</strong></span> <span class='ocrx_word' id='word_1_567' title='bbox 807 4358 874 4407; x_wconf 88' lang='lat' dir='ltr'><strong>ad</strong></span> <span class='ocrx_word' id='word_1_568' title='bbox 911 4352 1073 4406; x_wconf 86' lang='lat' dir='ltr'><strong>Deum</strong></span> <span class='ocrx_word' id='word_1_569' title='bbox 1102 4369 1270 4407; x_wconf 87' lang='lat' dir='ltr'><strong>meum</strong></span> <span class='ocrx_word' id='word_1_570' title='bbox 1295 4356 1628 4424; x_wconf 82' lang='lat' dir='ltr'><strong>deprecabor.</strong></span> 
     </span>
    </p>
   </div>
   <div class='ocr_carea' id='block_1_79' title="bbox 643 4443 2145 4510">
    <p class='ocr_par' dir='ltr' id='par_1_79' title="bbox 643 4443 2145 4510">
     <span class='ocr_line' id='line_1_80' title="bbox 643 4443 2145 4510; baseline 0 -9"><span class='ocrx_word' id='word_1_571' title='bbox 643 4446 687 4501; x_wconf 83' lang='lat' dir='ltr'><strong>ll</strong></span> <span class='ocrx_word' id='word_1_572' title='bbox 717 4446 799 4500; x_wconf 83' lang='lat' dir='ltr'><strong>Ad</strong></span> <span class='ocrx_word' id='word_1_573' title='bbox 834 4455 905 4510; x_wconf 90' lang='lat' dir='ltr'><strong>te,</strong></span> <span class='ocrx_word' id='word_1_574' title='bbox 930 4443 1177 4507; x_wconf 89' lang='lat' dir='ltr'><strong>Domine,</strong></span> <span class='ocrx_word' id='word_1_575' title='bbox 1204 4443 1469 4509; x_wconf 88' lang='lat' dir='ltr'><strong>clamabo,</strong></span> <span class='ocrx_word' id='word_1_576' title='bbox 1490 4446 1737 4500; x_wconf 81' lang='lat' dir='ltr'><strong>Christus</strong></span> <span class='ocrx_word' id='word_1_577' title='bbox 1764 4445 2021 4501; x_wconf 81' lang='lat' dir='ltr'><strong>Dominus</strong></span> <span class='ocrx_word' id='word_1_578' title='bbox 2042 4447 2145 4501; x_wconf 90' lang='lat' dir='ltr'><strong>hoc</strong></span> 
     </span>
    </p>
   </div>
   <div class='ocr_carea' id='block_1_80' title="bbox 563 4539 2145 4611">
    <p class='ocr_par' dir='ltr' id='par_1_80' title="bbox 563 4539 2145 4611">
     <span class='ocr_line' id='line_1_81' title="bbox 563 4539 2145 4611; baseline 0.001 -18"><span class='ocrx_word' id='word_1_579' title='bbox 563 4541 722 4604; x_wconf 80' lang='lat' dir='ltr'><strong>dicit,</strong></span> <span class='ocrx_word' id='word_1_580' title='bbox 754 4540 847 4609; x_wconf 88' lang='lat' dir='ltr'><strong>qui</strong></span> <span class='ocrx_word' id='word_1_581' title='bbox 876 4541 928 4595; x_wconf 92' lang='lat' dir='ltr'><strong>in</strong></span> <span class='ocrx_word' id='word_1_582' title='bbox 953 4555 1115 4594; x_wconf 88' lang='lat' dir='ltr'><strong>cruce</strong></span> <span class='ocrx_word' id='word_1_583' title='bbox 1138 4539 1408 4607; x_wconf 84' lang='lat' dir='ltr'><strong>clamavit,</strong></span> <span class='ocrx_word' id='word_1_584' title='bbox 1434 4556 1553 4596; x_wconf 91' lang='lat' dir='ltr'><strong>cum</strong></span> <span class='ocrx_word' id='word_1_585' title='bbox 1602 4555 1698 4610; x_wconf 90' lang='lat' dir='ltr'><strong>pro</strong></span> <span class='ocrx_word' id='word_1_586' title='bbox 1744 4541 2022 4611; x_wconf 87' lang='lat' dir='ltr'><strong>rcdempto</strong></span> <span class='ocrx_word' id='word_1_587' title='bbox 2052 4557 2145 4604; x_wconf 84' lang='lat' dir='ltr'><strong>oo-</strong></span> 
     </span>
    </p>
   </div>
   <div class='ocr_carea' id='block_1_81' title="bbox 567 4632 1341 4705">
    <p class='ocr_par' dir='ltr' id='par_1_81' title="bbox 567 4632 1341 4705">
     <span class='ocr_line' id='line_1_82' title="bbox 567 4632 1341 4705; baseline 0 -17"><span class='ocrx_word' id='word_1_588' title='bbox 567 4634 697 4705; x_wconf 88' lang='lat' dir='ltr'><strong>pulo</strong></span> <span class='ocrx_word' id='word_1_589' title='bbox 723 4633 935 4688; x_wconf 83' lang='lat' dir='ltr'><strong>Patrem</strong></span> <span class='ocrx_word' id='word_1_590' title='bbox 961 4632 1341 4703; x_wconf 87' lang='lat' dir='ltr'><strong>interpellavit.</strong></span> 
     </span>
    </p>
   </div>
   <div class='ocr_carea' id='block_1_82' title="bbox 571 4724 1620 4797">
    <p class='ocr_par' dir='ltr' id='par_1_82' title="bbox 571 4724 1620 4797">
     <span class='ocr_line' id='line_1_83' title="bbox 571 4724 1620 4797; baseline 0.002 -18"><span class='ocrx_word' id='word_1_591' title='bbox 571 4726 632 4779; x_wconf 80' lang='grc' dir='ltr'>Η</span> <span class='ocrx_word' id='word_1_592' title='bbox 713 4724 842 4790; x_wconf 80' lang='lat' dir='ltr'><strong>Qua:</strong></span> <span class='ocrx_word' id='word_1_593' title='bbox 866 4726 1066 4779; x_wconf 79' lang='lat' dir='ltr'><strong>utilitas</strong></span> <span class='ocrx_word' id='word_1_594' title='bbox 1091 4726 1144 4778; x_wconf 90' lang='lat' dir='ltr'><strong>in</strong></span> <span class='ocrx_word' id='word_1_595' title='bbox 1180 4727 1432 4797; x_wconf 82' lang='lat' dir='ltr'><strong>sanguine</strong></span> <span class='ocrx_word' id='word_1_596' title='bbox 1462 4743 1572 4781; x_wconf 83' lang='lat' dir='ltr'><strong>meo</strong></span> <span class='ocrx_word' id='word_1_597' title='bbox 1601 4743 1620 4781; x_wconf 91' lang='lat'><strong><em>:</em></strong></span> 
     </span>
    </p>
   </div>
   <div class='ocr_carea' id='block_1_83' title="bbox 710 4815 1657 4886">
    <p class='ocr_par' dir='ltr' id='par_1_83' title="bbox 710 4815 1657 4886">
     <span class='ocr_line' id='line_1_84' title="bbox 710 4815 1657 4886; baseline 0 -16"><span class='ocrx_word' id='word_1_598' title='bbox 710 4815 850 4870; x_wconf 88' lang='lat' dir='ltr'><strong>Dum</strong></span> <span class='ocrx_word' id='word_1_599' title='bbox 872 4816 1123 4869; x_wconf 85' lang='lat' dir='ltr'><strong>descendo</strong></span> <span class='ocrx_word' id='word_1_600' title='bbox 1148 4816 1205 4869; x_wconf 82' lang='lat' dir='ltr'><strong>in</strong></span> <span class='ocrx_word' id='word_1_601' title='bbox 1231 4818 1611 4886; x_wconf 82' lang='lat' dir='ltr'><strong>corruptionem</strong></span> <span class='ocrx_word' id='word_1_602' title='bbox 1632 4817 1657 4869; x_wconf 68' lang='lat'><strong>.9</strong></span> 
     </span>
    </p>
   </div>
   <div class='ocr_carea' id='block_1_84' title="bbox 641 4905 2145 4977">
    <p class='ocr_par' dir='ltr' id='par_1_84' title="bbox 641 4905 2145 4977">
     <span class='ocr_line' id='line_1_85' title="bbox 641 4905 2145 4977; baseline -0.004 -12"><span class='ocrx_word' id='word_1_603' title='bbox 641 4908 683 4965; x_wconf 86' lang='lat' dir='ltr'><strong>C</strong></span> <span class='ocrx_word' id='word_1_604' title='bbox 711 4907 854 4962; x_wconf 87' lang='lat' dir='ltr'><strong>Petit</strong></span> <span class='ocrx_word' id='word_1_605' title='bbox 904 4921 1031 4977; x_wconf 84' lang='lat' dir='ltr'><strong>ergo</strong></span> <span class='ocrx_word' id='word_1_606' title='bbox 1078 4905 1327 4961; x_wconf 84' lang='lat' dir='ltr'><strong>Christus</strong></span> <span class='ocrx_word' id='word_1_607' title='bbox 1371 4923 1474 4961; x_wconf 88' lang='lat' dir='ltr'><strong>non</strong></span> <span class='ocrx_word' id='word_1_608' title='bbox 1506 4917 1564 4961; x_wconf 91' lang='lat' dir='ltr'><strong>ut</strong></span> <span class='ocrx_word' id='word_1_609' title='bbox 1594 4923 1698 4961; x_wconf 91' lang='lat' dir='ltr'><strong>non</strong></span> <span class='ocrx_word' id='word_1_610' title='bbox 1740 4908 2024 4971; x_wconf 89' lang='lat' dir='ltr'><strong>moriatur,</strong></span> <span class='ocrx_word' id='word_1_611' title='bbox 2053 4906 2145 4961; x_wconf 82' lang='lat' dir='ltr'><strong>sed</strong></span> 
     </span>
    </p>
   </div>
   <div class='ocr_carea' id='block_1_85' title="bbox 552 4990 2146 5067">
    <p class='ocr_par' dir='ltr' id='par_1_85' title="bbox 552 4990 2146 5067">
     <span class='ocr_line' id='line_1_86' title="bbox 552 4990 2146 5067; baseline -0.002 -14"><span class='ocrx_word' id='word_1_612' title='bbox 552 5006 639 5055; x_wconf 82' lang='lat' dir='ltr'><strong>‘ne</strong></span> <span class='ocrx_word' id='word_1_613' title='bbox 665 5012 792 5053; x_wconf 91' lang='lat' dir='ltr'><strong>caro</strong></span> <span class='ocrx_word' id='word_1_614' title='bbox 823 4996 991 5067; x_wconf 87' lang='lat' dir='ltr'><strong>ipsius</strong></span> <span class='ocrx_word' id='word_1_615' title='bbox 1013 4996 1358 5065; x_wconf 81' lang='lat' dir='ltr'><strong>corruptione</strong></span> <span class='ocrx_word' id='word_1_616' title='bbox 1391 4996 1622 5051; x_wconf 85' lang='lat' dir='ltr'><strong>resoluta</strong></span> <span class='ocrx_word' id='word_1_617' title='bbox 1651 4995 1968 5051; x_wconf 87' lang='lat' dir='ltr'><strong>maculetur.</strong></span> <span class='ocrx_word' id='word_1_618' title='bbox 2004 4990 2045 5049; x_wconf 85' lang='grc'><strong>11</strong></span> <span class='ocrx_word' id='word_1_619' title='bbox 2070 4998 2146 5050; x_wconf 76' lang='lat' dir='ltr'><strong>Ac</strong></span> 
     </span>
    </p>
   </div>
   <div class='ocr_carea' id='block_1_86' title="bbox 567 5086 2148 5157">
    <p class='ocr_par' dir='ltr' id='par_1_86' title="bbox 567 5086 2148 5157">
     <span class='ocr_line' id='line_1_87' title="bbox 567 5086 2148 5157; baseline -0.003 -13"><span class='ocrx_word' id='word_1_620' title='bbox 567 5090 616 5145; x_wconf 87' lang='lat' dir='ltr'><strong>si</strong></span> <span class='ocrx_word' id='word_1_621' title='bbox 644 5087 869 5143; x_wconf 77' lang='lat' dir='ltr'><strong>dixisset</strong></span> <span class='ocrx_word' id='word_1_622' title='bbox 898 5086 1227 5150; x_wconf 82' lang='lat' dir='ltr'><strong>humanitas,</strong></span> <span class='ocrx_word' id='word_1_623' title='bbox 1255 5086 1397 5140; x_wconf 87' lang='lat' dir='ltr'><strong>nulla</strong></span> <span class='ocrx_word' id='word_1_624' title='bbox 1424 5094 1507 5141; x_wconf 84' lang='lat' dir='ltr'><strong>est</strong></span> <span class='ocrx_word' id='word_1_625' title='bbox 1535 5088 1737 5141; x_wconf 87' lang='lat' dir='ltr'><strong>utilitas</strong></span> <span class='ocrx_word' id='word_1_626' title='bbox 1762 5086 1904 5157; x_wconf 85' lang='lat' dir='ltr'><strong>quod</strong></span> <span class='ocrx_word' id='word_1_627' title='bbox 1933 5088 2148 5155; x_wconf 79' lang='lat' dir='ltr'><strong>sangui-</strong></span> 
     </span>
    </p>
   </div>
   <div class='ocr_carea' id='block_1_87' title="bbox 569 5175 2147 5243">
    <p class='ocr_par' dir='ltr' id='par_1_87' title="bbox 569 5175 2147 5243">
     <span class='ocr_line' id='line_1_88' title="bbox 569 5175 2147 5243; baseline -0.003 -10"><span class='ocrx_word' id='word_1_628' title='bbox 569 5194 693 5233; x_wconf 83' lang='lat' dir='ltr'><strong>nem</strong></span> <span class='ocrx_word' id='word_1_629' title='bbox 740 5176 921 5243; x_wconf 80' lang='lat' dir='ltr'><strong>eﬂ‘udi,</strong></span> <span class='ocrx_word' id='word_1_630' title='bbox 954 5176 1056 5231; x_wconf 90' lang='lat' dir='ltr'><strong>nisi</strong></span> <span class='ocrx_word' id='word_1_631' title='bbox 1101 5190 1449 5230; x_wconf 81' lang='lat' dir='ltr'><strong>resurrcxero</strong></span> <span class='ocrx_word' id='word_1_632' title='bbox 1479 5193 1507 5229; x_wconf 90' lang='lat' dir='ltr'><strong>a</strong></span> <span class='ocrx_word' id='word_1_633' title='bbox 1542 5178 1786 5232; x_wconf 77' lang='lat' dir='ltr'><strong>nmrtnis.</strong></span> <span class='ocrx_word' id='word_1_634' title='bbox 1834 5177 1879 5229; x_wconf 79' lang='grc' dir='ltr'><strong>Α</strong></span> <span class='ocrx_word' id='word_1_635' title='bbox 1910 5175 1966 5230; x_wconf 90' lang='lat' dir='ltr'><strong>Si</strong></span> <span class='ocrx_word' id='word_1_636' title='bbox 2002 5176 2147 5231; x_wconf 88' lang='lat' dir='ltr'><strong>enim</strong></span> 
     </span>
    </p>
   </div>
   <div class='ocr_carea' id='block_1_88' title="bbox 568 5265 2148 5339">
    <p class='ocr_par' dir='ltr' id='par_1_88' title="bbox 568 5265 2148 5339">
     <span class='ocr_line' id='line_1_89' title="bbox 568 5265 2148 5339; baseline 0 -19"><span class='ocrx_word' id='word_1_637' title='bbox 568 5283 677 5320; x_wconf 86' lang='lat' dir='ltr'><strong>non</strong></span> <span class='ocrx_word' id='word_1_638' title='bbox 702 5283 979 5339; x_wconf 77' lang='lat' dir='ltr'><strong>resurgam</strong></span> <span class='ocrx_word' id='word_1_639' title='bbox 1004 5286 1022 5322; x_wconf 85' lang='lat'><strong><em>:</em></strong></span> <span class='ocrx_word' id='word_1_640' title='bbox 1056 5268 1261 5323; x_wconf 88' lang='lat' dir='ltr'><strong>nemini</strong></span> <span class='ocrx_word' id='word_1_641' title='bbox 1309 5266 1676 5335; x_wconf 86' lang='lat' dir='ltr'><strong>annuutiabo,</strong></span> <span class='ocrx_word' id='word_1_642' title='bbox 1728 5266 1932 5321; x_wconf 89' lang='lat' dir='ltr'><strong>nullum</strong></span> <span class='ocrx_word' id='word_1_643' title='bbox 1970 5265 2148 5322; x_wconf 83' lang='lat' dir='ltr'><strong>lucra-</strong></span> 
     </span>
    </p>
   </div>
   <div class='ocr_carea' id='block_1_89' title="bbox 2252 3166 3837 3236">
    <p class='ocr_par' dir='ltr' id='par_1_89' title="bbox 2252 3166 3837 3236">
     <span class='ocr_line' id='line_1_90' title="bbox 2252 3166 3837 3236; baseline -0.004 -11"><span class='ocrx_word' id='word_1_644' title='bbox 2252 3186 2350 3225; x_wconf 90' lang='lat' dir='ltr'><strong>nos</strong></span> <span class='ocrx_word' id='word_1_645' title='bbox 2381 3170 2432 3223; x_wconf 91' lang='lat' dir='ltr'><strong>in</strong></span> <span class='ocrx_word' id='word_1_646' title='bbox 2466 3179 2553 3223; x_wconf 92' lang='lat' dir='ltr'><strong>tua</strong></span> <span class='ocrx_word' id='word_1_647' title='bbox 2595 3168 2795 3224; x_wconf 82' lang='lat' dir='ltr'><strong>virtute</strong></span> <span class='ocrx_word' id='word_1_648' title='bbox 2838 3168 3167 3234; x_wconf 86' lang='lat' dir='ltr'><strong>corrobora,</strong></span> <span class='ocrx_word' id='word_1_649' title='bbox 3205 3178 3265 3223; x_wconf 88' lang='lat' dir='ltr'><strong>ut</strong></span> <span class='ocrx_word' id='word_1_650' title='bbox 3307 3182 3571 3223; x_wconf 84' lang='lat' dir='ltr'><strong>converso</strong></span> <span class='ocrx_word' id='word_1_651' title='bbox 3612 3166 3837 3236; x_wconf 87' lang='lat' dir='ltr'><strong>planctu</strong></span> 
     </span>
    </p>
   </div>
   <div class='ocr_carea' id='block_1_90' title="bbox 2252 3255 3841 3332">
    <p class='ocr_par' dir='ltr' id='par_1_90' title="bbox 2252 3255 3841 3332">
     <span class='ocr_line' id='line_1_91' title="bbox 2252 3255 3841 3332; baseline -0.003 -16"><span class='ocrx_word' id='word_1_652' title='bbox 2252 3270 2437 3317; x_wconf 86' lang='lat' dir='ltr'><strong>nostro</strong></span> <span class='ocrx_word' id='word_1_653' title='bbox 2482 3261 2535 3316; x_wconf 93' lang='lat' dir='ltr'><strong>in</strong></span> <span class='ocrx_word' id='word_1_654' title='bbox 2570 3261 2824 3332; x_wconf 88' lang='lat' dir='ltr'><strong>gaudium</strong></span> <span class='ocrx_word' id='word_1_655' title='bbox 2857 3279 2870 3314; x_wconf 89' lang='lat'><strong><em>:</em></strong></span> <span class='ocrx_word' id='word_1_656' title='bbox 2903 3261 3217 3315; x_wconf 77' lang='lat' dir='ltr'><strong>incrnoriam</strong></span> <span class='ocrx_word' id='word_1_657' title='bbox 3261 3261 3567 3316; x_wconf 86' lang='lat' dir='ltr'><strong>sanctitatis</strong></span> <span class='ocrx_word' id='word_1_658' title='bbox 3604 3268 3712 3313; x_wconf 71' lang='lat' dir='ltr'><strong>tute</strong></span> <span class='ocrx_word' id='word_1_659' title='bbox 3749 3255 3841 3325; x_wconf 88' lang='lat' dir='ltr'><strong>ju-</strong></span> 
     </span>
    </p>
   </div>
   <div class='ocr_carea' id='block_1_91' title="bbox 2240 3347 3837 3422">
    <p class='ocr_par' dir='ltr' id='par_1_91' title="bbox 2240 3347 3837 3422">
     <span class='ocr_line' id='line_1_92' title="bbox 2240 3347 3837 3422; baseline 0 -18"><span class='ocrx_word' id='word_1_660' title='bbox 2240 3350 2390 3422; x_wconf 58' lang='lat' dir='ltr'><strong>~giter</strong></span> <span class='ocrx_word' id='word_1_661' title='bbox 2417 3351 2751 3406; x_wconf 81' lang='lat' dir='ltr'><strong>excolamus.</strong></span> <span class='ocrx_word' id='word_1_662' title='bbox 2771 3348 2872 3405; x_wconf 86' lang='lat' dir='ltr'><strong>Per</strong></span> <span class='ocrx_word' id='word_1_663' title='bbox 2894 3351 3178 3405; x_wconf 87' lang='lat' dir='ltr'><strong>Dominum</strong></span> <span class='ocrx_word' id='word_1_664' title='bbox 3196 3360 3438 3408; x_wconf 88' lang='lat' dir='ltr'><strong>nostrum</strong></span> <span class='ocrx_word' id='word_1_665' title='bbox 3456 3348 3647 3403; x_wconf 80' lang='lat' dir='ltr'><strong>Jesum</strong></span> <span class='ocrx_word' id='word_1_666' title='bbox 3674 3347 3837 3404; x_wconf 85' lang='lat' dir='ltr'><strong>Chri-</strong></span> 
     </span>
    </p>
   </div>
   <div class='ocr_carea' id='block_1_92' title="bbox 2253 3450 2557 3507">
    <p class='ocr_par' dir='ltr' id='par_1_92' title="bbox 2253 3450 2557 3507">
     <span class='ocr_line' id='line_1_93' title="bbox 2253 3450 2557 3507; baseline -0.007 -11"><span class='ocrx_word' id='word_1_667' title='bbox 2253 3450 2420 3507; x_wconf 90' lang='lat' dir='ltr'><strong>stum,</strong></span> <span class='ocrx_word' id='word_1_668' title='bbox 2452 3451 2557 3496; x_wconf 88' lang='lat' dir='ltr'><strong>etc.</strong></span> 
     </span>
    </p>
   </div>
   <div class='ocr_carea' id='block_1_93' title="bbox 2769 3531 3298 3589">
    <p class='ocr_par' dir='ltr' id='par_1_93' title="bbox 2769 3531 3298 3589">
     <span class='ocr_line' id='line_1_94' title="bbox 2769 3531 3298 3589; baseline -0.008 0"><span class='ocrx_word' id='word_1_669' title='bbox 2769 3532 3091 3589; x_wconf 71' lang='lat' dir='ltr'><strong>PSALMUS</strong></span> <span class='ocrx_word' id='word_1_670' title='bbox 3133 3531 3298 3586; x_wconf 72' lang='lat' dir='ltr'><strong>XXX.</strong></span> 
     </span>
    </p>
   </div>
   <div class='ocr_carea' id='block_1_94' title="bbox 2673 3639 3394 3679">
    <p class='ocr_par' dir='ltr' id='par_1_94' title="bbox 2673 3639 3394 3679">
     <span class='ocr_line' id='line_1_95' title="bbox 2673 3639 3394 3679; baseline 0.003 -2"><span class='ocrx_word' id='word_1_671' title='bbox 2673 3639 3035 3679; x_wconf 67' lang='lat' dir='ltr'><strong>ABGUNhNTUI</strong></span> <span class='ocrx_word' id='word_1_672' title='bbox 3075 3640 3225 3679; x_wconf 68' lang='lat' dir='ltr'><strong>PSAL.</strong></span> <span class='ocrx_word' id='word_1_673' title='bbox 3265 3640 3327 3678; x_wconf 71' lang='lat' dir='ltr'><strong>X.\</strong></span> <span class='ocrx_word' id='word_1_674' title='bbox 3340 3641 3394 3679; x_wconf 70' lang='grc' dir='ltr'><strong>κ.</strong></span> 
     </span>
    </p>
   </div>
   <div class='ocr_carea' id='block_1_95' title="bbox 2320 3712 3834 3784">
    <p class='ocr_par' dir='ltr' id='par_1_95' title="bbox 2320 3712 3834 3784">
     <span class='ocr_line' id='line_1_96' title="bbox 2320 3712 3834 3784; baseline 0.001 -16"><span class='ocrx_word' id='word_1_675' title='bbox 2320 3712 2361 3769; x_wconf 89' lang='lat' dir='ltr'><strong>C</strong></span> <span class='ocrx_word' id='word_1_676' title='bbox 2389 3715 2428 3767; x_wconf 83' lang='lat' dir='ltr'><strong>A</strong></span> <span class='ocrx_word' id='word_1_677' title='bbox 2465 3713 2579 3768; x_wconf 79' lang='lat' dir='ltr'><strong>Vox</strong></span> <span class='ocrx_word' id='word_1_678' title='bbox 2606 3713 2807 3768; x_wconf 90' lang='lat' dir='ltr'><strong>Christi</strong></span> <span class='ocrx_word' id='word_1_679' title='bbox 2844 3713 3002 3784; x_wconf 90' lang='lat' dir='ltr'><strong>positi</strong></span> <span class='ocrx_word' id='word_1_680' title='bbox 3034 3714 3085 3767; x_wconf 89' lang='lat' dir='ltr'><strong>in</strong></span> <span class='ocrx_word' id='word_1_681' title='bbox 3128 3728 3318 3780; x_wconf 88' lang='lat' dir='ltr'><strong>cruce,</strong></span> <span class='ocrx_word' id='word_1_682' title='bbox 3350 3714 3559 3769; x_wconf 89' lang='lat' dir='ltr'><strong>orantis</strong></span> <span class='ocrx_word' id='word_1_683' title='bbox 3590 3713 3834 3780; x_wconf 81' lang='lat' dir='ltr'><strong>Patrem,</strong></span> 
     </span>
    </p>
   </div>
   <div class='ocr_carea' id='block_1_96' title="bbox 2252 3807 3839 3880">
    <p class='ocr_par' dir='ltr' id='par_1_96' title="bbox 2252 3807 3839 3880">
     <span class='ocr_line' id='line_1_97' title="bbox 2252 3807 3839 3880; baseline 0.001 -16"><span class='ocrx_word' id='word_1_684' title='bbox 2252 3819 2308 3865; x_wconf 92' lang='lat' dir='ltr'><strong>ut</strong></span> <span class='ocrx_word' id='word_1_685' title='bbox 2331 3810 2398 3864; x_wconf 87' lang='lat' dir='ltr'><strong>de</strong></span> <span class='ocrx_word' id='word_1_686' title='bbox 2439 3810 2596 3864; x_wconf 88' lang='lat' dir='ltr'><strong>malis</strong></span> <span class='ocrx_word' id='word_1_687' title='bbox 2626 3809 3033 3864; x_wconf 88' lang='lat' dir='ltr'><strong>imminentibus</strong></span> <span class='ocrx_word' id='word_1_688' title='bbox 3057 3807 3341 3874; x_wconf 88' lang='lat' dir='ltr'><strong>liberetur;</strong></span> <span class='ocrx_word' id='word_1_689' title='bbox 3379 3808 3598 3880; x_wconf 76' lang='lat' dir='ltr'><strong>agitque</strong></span> <span class='ocrx_word' id='word_1_690' title='bbox 3627 3808 3839 3880; x_wconf 75' lang='lat' dir='ltr'><strong>gratias</strong></span> 
     </span>
    </p>
   </div>
   <div class='ocr_carea' id='block_1_97' title="bbox 2252 3899 2926 3972">
    <p class='ocr_par' dir='ltr' id='par_1_97' title="bbox 2252 3899 2926 3972">
     <span class='ocr_line' id='line_1_98' title="bbox 2252 3899 2926 3972; baseline -0.006 -17"><span class='ocrx_word' id='word_1_691' title='bbox 2252 3918 2350 3972; x_wconf 90' lang='lat' dir='ltr'><strong>pro</strong></span> <span class='ocrx_word' id='word_1_692' title='bbox 2377 3918 2436 3957; x_wconf 90' lang='lat' dir='ltr'><strong>se</strong></span> <span class='ocrx_word' id='word_1_693' title='bbox 2459 3912 2515 3956; x_wconf 90' lang='lat' dir='ltr'><strong>et</strong></span> <span class='ocrx_word' id='word_1_694' title='bbox 2539 3901 2734 3972; x_wconf 88' lang='lat' dir='ltr'><strong>populo</strong></span> <span class='ocrx_word' id='word_1_695' title='bbox 2762 3899 2926 3954; x_wconf 83' lang='lat' dir='ltr'><strong>ﬁdeli.</strong></span> 
     </span>
    </p>
   </div>
   <div class='ocr_carea' id='block_1_98' title="bbox 2393 3987 3401 4059">
    <p class='ocr_par' dir='ltr' id='par_1_98' title="bbox 2393 3987 3401 4059">
     <span class='ocr_line' id='line_1_99' title="bbox 2393 3987 3401 4059; baseline -0.004 -14"><span class='ocrx_word' id='word_1_696' title='bbox 2393 3991 2502 4045; x_wconf 86' lang='lat' dir='ltr'><strong>TT.</strong></span> <span class='ocrx_word' id='word_1_697' title='bbox 2546 3990 2612 4043; x_wconf 89' lang='lat' dir='ltr'><strong>In</strong></span> <span class='ocrx_word' id='word_1_698' title='bbox 2642 3990 2797 4059; x_wconf 80' lang='lat' dir='ltr'><strong>ﬁnem</strong></span> <span class='ocrx_word' id='word_1_699' title='bbox 2829 3988 3063 4059; x_wconf 83' lang='lat' dir='ltr'><strong>psalmus</strong></span> <span class='ocrx_word' id='word_1_700' title='bbox 3094 3987 3286 4043; x_wconf 80' lang='lat' dir='ltr'><strong>Darid.</strong></span> <span class='ocrx_word' id='word_1_701' title='bbox 3398 4052 3401 4053; x_wconf 19' lang='grc' dir='ltr'><em>ν</em></span> 
     </span>
    </p>
   </div>
   <div class='ocr_carea' id='block_1_99' title="bbox 2319 4081 3838 4152">
    <p class='ocr_par' dir='ltr' id='par_1_99' title="bbox 2319 4081 3838 4152">
     <span class='ocr_line' id='line_1_100' title="bbox 2319 4081 3838 4152; baseline 0.002 -15"><span class='ocrx_word' id='word_1_702' title='bbox 2319 4083 2360 4137; x_wconf 85' lang='lat' dir='ltr'><strong>C</strong></span> <span class='ocrx_word' id='word_1_703' title='bbox 2405 4082 2580 4137; x_wconf 76' lang='lat' dir='ltr'><strong>Verba</strong></span> <span class='ocrx_word' id='word_1_704' title='bbox 2622 4081 2954 4152; x_wconf 76' lang='lat' dir='ltr'><strong>qutetitulus</strong></span> <span class='ocrx_word' id='word_1_705' title='bbox 3001 4082 3264 4145; x_wconf 86' lang='lat' dir='ltr'><strong>continet.</strong></span> <span class='ocrx_word' id='word_1_706' title='bbox 3311 4082 3378 4137; x_wconf 88' lang='lat' dir='ltr'><strong>ad</strong></span> <span class='ocrx_word' id='word_1_707' title='bbox 3422 4082 3704 4139; x_wconf 89' lang='lat' dir='ltr'><strong>Christum</strong></span> <span class='ocrx_word' id='word_1_708' title='bbox 3735 4084 3838 4140; x_wconf 61' lang='lat' dir='ltr'><strong>{re</strong></span> 
     </span>
    </p>
   </div>
   <div class='ocr_carea' id='block_1_100' title="bbox 2247 4158 3834 4245">
    <p class='ocr_par' dir='ltr' id='par_1_100' title="bbox 2247 4158 3834 4245">
     <span class='ocr_line' id='line_1_101' title="bbox 2247 4158 3834 4245; baseline 0.002 -18"><span class='ocrx_word' id='word_1_709' title='bbox 2247 4185 2478 4245; x_wconf 90' lang='lat' dir='ltr'><strong>quenter</strong></span> <span class='ocrx_word' id='word_1_710' title='bbox 2508 4173 2740 4228; x_wconf 76' lang='lat' dir='ltr'><strong>diximus</strong></span> <span class='ocrx_word' id='word_1_711' title='bbox 2779 4170 3057 4227; x_wconf 78' lang='lat' dir='ltr'><strong>referenda</strong></span> <span class='ocrx_word' id='word_1_712' title='bbox 3087 4213 3102 4238; x_wconf 94' lang='lat'><strong>,</strong></span> <span class='ocrx_word' id='word_1_713' title='bbox 3134 4172 3222 4226; x_wconf 88' lang='lat' dir='ltr'><strong>cui</strong></span> <span class='ocrx_word' id='word_1_714' title='bbox 3266 4158 3427 4227; x_wconf 79' lang='lat' dir='ltr'><strong>totius</strong></span> <span class='ocrx_word' id='word_1_715' title='bbox 3467 4174 3555 4228; x_wconf 91' lang='lat' dir='ltr'><strong>hic</strong></span> <span class='ocrx_word' id='word_1_716' title='bbox 3589 4174 3834 4243; x_wconf 80' lang='lat' dir='ltr'><strong>psalmus</strong></span> 
     </span>
    </p>
   </div>
   <div class='ocr_carea' id='block_1_101' title="bbox 2249 4262 3837 4335">
    <p class='ocr_par' dir='ltr' id='par_1_101' title="bbox 2249 4262 3837 4335">
     <span class='ocr_line' id='line_1_102' title="bbox 2249 4262 3837 4335; baseline 0.002 -18"><span class='ocrx_word' id='word_1_717' title='bbox 2249 4266 2513 4335; x_wconf 88' lang='lat' dir='ltr'><strong>aptandus</strong></span> <span class='ocrx_word' id='word_1_718' title='bbox 2534 4271 2637 4328; x_wconf 90' lang='lat' dir='ltr'><strong>est,</strong></span> <span class='ocrx_word' id='word_1_719' title='bbox 2656 4262 2906 4333; x_wconf 86' lang='lat' dir='ltr'><strong>quoniam</strong></span> <span class='ocrx_word' id='word_1_720' title='bbox 2934 4262 3050 4332; x_wconf 87' lang='lat' dir='ltr'><strong>ejus</strong></span> <span class='ocrx_word' id='word_1_721' title='bbox 3070 4263 3376 4332; x_wconf 86' lang='lat' dir='ltr'><strong>passionem</strong></span> <span class='ocrx_word' id='word_1_722' title='bbox 3398 4272 3453 4317; x_wconf 89' lang='lat' dir='ltr'><strong>et</strong></span> <span class='ocrx_word' id='word_1_723' title='bbox 3475 4266 3837 4320; x_wconf 62' lang='lat' dir='ltr'><strong>resurrectio-</strong></span> 
     </span>
    </p>
   </div>
   <div class='ocr_carea' id='block_1_102' title="bbox 2174 4356 2673 4442">
    <p class='ocr_par' dir='ltr' id='par_1_102' title="bbox 2174 4356 2673 4442">
     <span class='ocr_line' id='line_1_103' title="bbox 2174 4356 2673 4442; baseline -0.01 -31"><span class='ocrx_word' id='word_1_724' title='bbox 2174 4383 2223 4442; x_wconf 70' lang='grc' dir='ltr'><strong>ι)</strong></span> <span class='ocrx_word' id='word_1_725' title='bbox 2252 4372 2373 4410; x_wconf 89' lang='lat' dir='ltr'><strong>nem</strong></span> <span class='ocrx_word' id='word_1_726' title='bbox 2403 4356 2673 4409; x_wconf 84' lang='lat' dir='ltr'><strong>decantat.</strong></span> 
     </span>
    </p>
   </div>
   <div class='ocr_carea' id='block_1_103' title="bbox 2286 4445 3831 4515">
    <p class='ocr_par' dir='ltr' id='par_1_103' title="bbox 2286 4445 3831 4515">
     <span class='ocr_line' id='line_1_104' title="bbox 2286 4445 3831 4515; baseline 0.001 -14"><span class='ocrx_word' id='word_1_727' title='bbox 2286 4448 2310 4501; x_wconf 79' lang='grc'><strong>1</strong></span> <span class='ocrx_word' id='word_1_728' title='bbox 2390 4446 2455 4501; x_wconf 87' lang='grc' dir='ltr'><strong>1η</strong></span> <span class='ocrx_word' id='word_1_729' title='bbox 2498 4458 2565 4509; x_wconf 85' lang='lat' dir='ltr'><strong>te,</strong></span> <span class='ocrx_word' id='word_1_730' title='bbox 2613 4445 2848 4510; x_wconf 86' lang='lat' dir='ltr'><strong>Domine,</strong></span> <span class='ocrx_word' id='word_1_731' title='bbox 2876 4446 3078 4515; x_wconf 78' lang='lat' dir='ltr'><strong>sperari</strong></span> <span class='ocrx_word' id='word_1_732' title='bbox 3114 4461 3219 4499; x_wconf 80' lang='lat' dir='ltr'><strong>non</strong></span> <span class='ocrx_word' id='word_1_733' title='bbox 3255 4445 3555 4514; x_wconf 75' lang='lat' dir='ltr'><strong>confundor</strong></span> <span class='ocrx_word' id='word_1_734' title='bbox 3591 4448 3646 4503; x_wconf 87' lang='lat' dir='ltr'><strong>in</strong></span> <span class='ocrx_word' id='word_1_735' title='bbox 3677 4459 3831 4504; x_wconf 74' lang='lat' dir='ltr'><strong>teter-</strong></span> 
     </span>
    </p>
   </div>
   <div class='ocr_carea' id='block_1_104' title="bbox 2453 4550 2623 4590">
    <p class='ocr_par' dir='ltr' id='par_1_104' title="bbox 2453 4550 2623 4590">
     <span class='ocr_line' id='line_1_105' title="bbox 2453 4550 2623 4590; baseline -0.018 -1"><span class='ocrx_word' id='word_1_736' title='bbox 2453 4554 2576 4590; x_wconf 76' lang='grc' dir='ltr'><em>ηιιηι</em></span> <span class='ocrx_word' id='word_1_737' title='bbox 2605 4550 2623 4586; x_wconf 80' lang='lat'><strong>.&#39;</strong></span> 
     </span>
    </p>
   </div>
   <div class='ocr_carea' id='block_1_105' title="bbox 2383 4627 3131 4698">
    <p class='ocr_par' dir='ltr' id='par_1_105' title="bbox 2383 4627 3131 4698">
     <span class='ocr_line' id='line_1_106' title="bbox 2383 4627 3131 4698; baseline 0.001 -16"><span class='ocrx_word' id='word_1_738' title='bbox 2383 4627 2449 4682; x_wconf 87' lang='lat' dir='ltr'><strong>In</strong></span> <span class='ocrx_word' id='word_1_739' title='bbox 2467 4628 2683 4698; x_wconf 83' lang='lat' dir='ltr'><strong>justitia</strong></span> <span class='ocrx_word' id='word_1_740' title='bbox 2718 4636 2811 4680; x_wconf 78' lang='lat' dir='ltr'><strong>tua</strong></span> <span class='ocrx_word' id='word_1_741' title='bbox 2841 4629 3001 4682; x_wconf 79' lang='lat' dir='ltr'><strong>libera</strong></span> <span class='ocrx_word' id='word_1_742' title='bbox 3032 4645 3131 4683; x_wconf 86' lang='lat' dir='ltr'><strong>me.</strong></span> 
     </span>
    </p>
   </div>
   <div class='ocr_carea' id='block_1_106' title="bbox 2320 4717 3828 4779">
    <p class='ocr_par' dir='ltr' id='par_1_106' title="bbox 2320 4717 3828 4779">
     <span class='ocr_line' id='line_1_107' title="bbox 2320 4717 3828 4779; baseline 0.004 -6"><span class='ocrx_word' id='word_1_743' title='bbox 2320 4718 2361 4773; x_wconf 90' lang='lat' dir='ltr'><strong>C</strong></span> <span class='ocrx_word' id='word_1_744' title='bbox 2388 4717 2521 4773; x_wconf 87' lang='lat' dir='ltr'><strong>Orat</strong></span> <span class='ocrx_word' id='word_1_745' title='bbox 2545 4717 2791 4772; x_wconf 84' lang='lat' dir='ltr'><strong>Christus</strong></span> <span class='ocrx_word' id='word_1_746' title='bbox 2817 4718 2882 4772; x_wconf 91' lang='lat' dir='ltr'><strong>ad</strong></span> <span class='ocrx_word' id='word_1_747' title='bbox 2910 4717 3125 4772; x_wconf 87' lang='lat' dir='ltr'><strong>Patrem</strong></span> <span class='ocrx_word' id='word_1_748' title='bbox 3150 4734 3215 4773; x_wconf 89' lang='lat' dir='ltr'><strong>ex</strong></span> <span class='ocrx_word' id='word_1_749' title='bbox 3245 4729 3438 4774; x_wconf 87' lang='lat' dir='ltr'><strong>natura</strong></span> <span class='ocrx_word' id='word_1_750' title='bbox 3471 4720 3828 4779; x_wconf 81' lang='lat' dir='ltr'><strong>immanitatis</strong></span> 
     </span>
    </p>
   </div>
   <div class='ocr_carea' id='block_1_107' title="bbox 2252 4807 3827 4878">
    <p class='ocr_par' dir='ltr' id='par_1_107' title="bbox 2252 4807 3827 4878">
     <span class='ocr_line' id='line_1_108' title="bbox 2252 4807 3827 4878; baseline 0.004 -17"><span class='ocrx_word' id='word_1_751' title='bbox 2252 4817 2523 4878; x_wconf 82' lang='lat' dir='ltr'><strong>assumpta</strong></span> <span class='ocrx_word' id='word_1_752' title='bbox 2554 4848 2568 4872; x_wconf 92' lang='lat'><strong>,</strong></span> <span class='ocrx_word' id='word_1_753' title='bbox 2598 4822 2664 4862; x_wconf 92' lang='lat' dir='ltr'><strong>ne</strong></span> <span class='ocrx_word' id='word_1_754' title='bbox 2694 4807 2759 4860; x_wconf 88' lang='lat' dir='ltr'><strong>de</strong></span> <span class='ocrx_word' id='word_1_755' title='bbox 2780 4822 2873 4861; x_wconf 86' lang='lat' dir='ltr'><strong>sua</strong></span> <span class='ocrx_word' id='word_1_756' title='bbox 2899 4823 2992 4877; x_wconf 87' lang='lat' dir='ltr'><strong>spe</strong></span> <span class='ocrx_word' id='word_1_757' title='bbox 3019 4807 3275 4877; x_wconf 87' lang='lat' dir='ltr'><strong>dejectus,</strong></span> <span class='ocrx_word' id='word_1_758' title='bbox 3315 4810 3566 4865; x_wconf 78' lang='lat' dir='ltr'><strong>humanze</strong></span> <span class='ocrx_word' id='word_1_759' title='bbox 3595 4812 3827 4867; x_wconf 87' lang='lat' dir='ltr'><strong>insulta-</strong></span> 
     </span>
    </p>
   </div>
   <div class='ocr_carea' id='block_1_108' title="bbox 2254 4899 3826 4969">
    <p class='ocr_par' dir='ltr' id='par_1_108' title="bbox 2254 4899 3826 4969">
     <span class='ocr_line' id='line_1_109' title="bbox 2254 4899 3826 4969; baseline 0.004 -16"><span class='ocrx_word' id='word_1_760' title='bbox 2254 4901 2414 4955; x_wconf 91' lang='lat' dir='ltr'><strong>tionis</strong></span> <span class='ocrx_word' id='word_1_761' title='bbox 2444 4901 2678 4969; x_wconf 88' lang='lat' dir='ltr'><strong>patiatur</strong></span> <span class='ocrx_word' id='word_1_762' title='bbox 2722 4899 3009 4968; x_wconf 86' lang='lat' dir='ltr'><strong>opprobria</strong></span> <span class='ocrx_word' id='word_1_763' title='bbox 3037 4939 3052 4963; x_wconf 93' lang='lat'><strong>,</strong></span> <span class='ocrx_word' id='word_1_764' title='bbox 3095 4899 3296 4955; x_wconf 86' lang='lat' dir='ltr'><strong>addens</strong></span> <span class='ocrx_word' id='word_1_765' title='bbox 3325 4901 3380 4955; x_wconf 87' lang='lat' dir='ltr'><strong>in</strong></span> <span class='ocrx_word' id='word_1_766' title='bbox 3406 4912 3690 4966; x_wconf 70' lang='lat' dir='ltr'><strong>mternum,</strong></span> <span class='ocrx_word' id='word_1_767' title='bbox 3734 4905 3826 4959; x_wconf 88' lang='lat' dir='ltr'><strong>ubi</strong></span> 
     </span>
    </p>
   </div>
   <div class='ocr_carea' id='block_1_109' title="bbox 2251 4989 3825 5066">
    <p class='ocr_par' dir='ltr' id='par_1_109' title="bbox 2251 4989 3825 5066">
     <span class='ocr_line' id='line_1_110' title="bbox 2251 4989 3825 5066; baseline 0.004 -21"><span class='ocrx_word' id='word_1_768' title='bbox 2251 4992 2366 5060; x_wconf 79' lang='lat' dir='ltr'><strong>ejus</strong></span> <span class='ocrx_word' id='word_1_769' title='bbox 2393 4992 2773 5062; x_wconf 88' lang='lat' dir='ltr'><strong>contemplatio</strong></span> <span class='ocrx_word' id='word_1_770' title='bbox 2816 4989 2920 5045; x_wconf 85' lang='lat' dir='ltr'><strong>ﬁxa</strong></span> <span class='ocrx_word' id='word_1_771' title='bbox 2949 4992 3316 5062; x_wconf 87' lang='lat' dir='ltr'><strong>permanebat.</strong></span> <span class='ocrx_word' id='word_1_772' title='bbox 3371 4992 3427 5049; x_wconf 87' lang='lat' dir='ltr'><strong>In</strong></span> <span class='ocrx_word' id='word_1_773' title='bbox 3476 5003 3571 5065; x_wconf 84' lang='lat' dir='ltr'><strong>tua</strong></span> <span class='ocrx_word' id='word_1_774' title='bbox 3610 4995 3825 5066; x_wconf 84' lang='lat' dir='ltr'><strong>justitia</strong></span> 
     </span>
    </p>
   </div>
   <div class='ocr_carea' id='block_1_110' title="bbox 2236 5074 3824 5157">
    <p class='ocr_par' dir='ltr' id='par_1_110' title="bbox 2236 5074 3824 5157">
     <span class='ocr_line' id='line_1_111' title="bbox 2236 5074 3824 5157; baseline 0.005 -22"><span class='ocrx_word' id='word_1_775' title='bbox 2236 5074 2355 5153; x_wconf 49' lang='lat' dir='ltr'><strong>&#39;qna</strong></span> <span class='ocrx_word' id='word_1_776' title='bbox 2384 5083 2654 5137; x_wconf 84' lang='lat' dir='ltr'><strong>consuesti</strong></span> <span class='ocrx_word' id='word_1_777' title='bbox 2685 5080 2973 5137; x_wconf 89' lang='lat' dir='ltr'><strong>subvenire</strong></span> <span class='ocrx_word' id='word_1_778' title='bbox 3002 5081 3334 5153; x_wconf 80' lang='lat' dir='ltr'><strong>rogantibus.</strong></span> <span class='ocrx_word' id='word_1_779' title='bbox 3362 5081 3578 5153; x_wconf 83' lang='lat' dir='ltr'><strong>Libera,</strong></span> <span class='ocrx_word' id='word_1_780' title='bbox 3619 5086 3687 5141; x_wconf 84' lang='lat' dir='ltr'><strong>ad</strong></span> <span class='ocrx_word' id='word_1_781' title='bbox 3728 5102 3824 5157; x_wconf 86' lang='lat' dir='ltr'><strong>pe-</strong></span> 
     </span>
    </p>
   </div>
   <div class='ocr_carea' id='block_1_111' title="bbox 2253 5172 3430 5243">
    <p class='ocr_par' dir='ltr' id='par_1_111' title="bbox 2253 5172 3430 5243">
     <span class='ocr_line' id='line_1_112' title="bbox 2253 5172 3430 5243; baseline 0.004 -16"><span class='ocrx_word' id='word_1_782' title='bbox 2253 5175 2419 5230; x_wconf 85' lang='lat' dir='ltr'><strong>ricula</strong></span> <span class='ocrx_word' id='word_1_783' title='bbox 2454 5173 2611 5243; x_wconf 87' lang='lat' dir='ltr'><strong>hujus</strong></span> <span class='ocrx_word' id='word_1_784' title='bbox 2637 5172 2822 5227; x_wconf 87' lang='lat' dir='ltr'><strong>mundi</strong></span> <span class='ocrx_word' id='word_1_785' title='bbox 2848 5172 3087 5241; x_wconf 89' lang='lat' dir='ltr'><strong>pertinet</strong></span> <span class='ocrx_word' id='word_1_786' title='bbox 3109 5175 3430 5232; x_wconf 87' lang='lat' dir='ltr'><strong>amovenda.</strong></span> 
     </span>
    </p>
   </div>
   <div class='ocr_carea' id='block_1_112' title="bbox 2283 5265 3216 5320">
    <p class='ocr_par' dir='ltr' id='par_1_112' title="bbox 2283 5265 3216 5320">
     <span class='ocr_line' id='line_1_113' title="bbox 2283 5265 3216 5320; baseline -0.001 -1"><span class='ocrx_word' id='word_1_787' title='bbox 2283 5267 2318 5319; x_wconf 79' lang='lat'><strong>2</strong></span> <span class='ocrx_word' id='word_1_788' title='bbox 2388 5265 2593 5320; x_wconf 86' lang='lat' dir='ltr'><strong>Inclina</strong></span> <span class='ocrx_word' id='word_1_789' title='bbox 2618 5265 2686 5318; x_wconf 88' lang='lat' dir='ltr'><strong>ad</strong></span> <span class='ocrx_word' id='word_1_790' title='bbox 2721 5280 2799 5318; x_wconf 88' lang='lat' dir='ltr'><strong>me</strong></span> <span class='ocrx_word' id='word_1_791' title='bbox 2823 5279 3006 5318; x_wconf 87' lang='lat' dir='ltr'><strong>aurem</strong></span> <span class='ocrx_word' id='word_1_792' title='bbox 3032 5273 3174 5319; x_wconf 89' lang='lat' dir='ltr'><strong>tuam</strong></span> <span class='ocrx_word' id='word_1_793' title='bbox 3194 5280 3216 5318; x_wconf 83' lang='lat'><strong><em>:</em></strong></span> 
     </span>
    </p>
   </div>
  </div>
