4000 5370
217 253 315 307 153

1363 249 1724 308 EXPOSITIO
1763 251 2215 312 PSALMORUM.

3381 269 3481 324 iiii

217 363 600 417 descenderet.
629 359 901 423 Accelera,
934 360 1087 413 idest
1118 357 1312 412 festina
1346 362 1795 415 resurrectionem
1817 367 1871 425 ..Α
1905 362 2250 429 iunodamur,
2300 382 2400 422 nec
2444 377 2640 428 nostra~
2678 368 2872 424 virtute
2926 388 3211 440 possumus
3251 375 3476 442 absolvi,

217 456 344 507 dare
374 453 744 506 celerrimam.

251 544 284 596 5
358 523 655 596 Estocmihi
689 542 742 594 in
794 540 962 593 Deum
1005 548 1347 608 protectorem
1394 550 1442 593 et
1494 541 1547 593 in
1588 540 1799 592 domum

435 635 635 704 refugii
665 651 681 687 :

356 725 423 780 Ut
454 727 662 780 salvum
693 742 772 779 me
799 726 986 794 facias.

284 817 329 872 ll
357 816 475 872 Vox
509 817 768 873 Ecclesia:
799 835 812 870 :
851 816 903 870 in
951 817 1118 870 Deum
1153 823 1538 884 protectorem,
1585 815 1686 868 hoc
1717 823 1800 868 est

215 913 268 966 in
295 912 466 966 Deum
511 909 879 972 defensorem,
913 909 1037 978 quia
1071 908 1222 962 multi
1255 917 1380 962 sunt
1420 907 1491 961 dii
1523 923 1799 976 nuncupa-

213 1007 332 1069 tivi,
359 1004 524 1059 nobis
549 1012 733 1058 autem
761 1017 897 1057 unus
923 1001 1084 1066 Deus,
1110 1016 1212 1054 una
1241 1000 1393 1060 ﬁdes,
1426 1016 1593 1054 unum
1624 999 1799 1071 bapti-

213 1111 348 1150 sma.
376 1095 586 1149 Domus
618 1093 811 1164 refugii
857 1092 968 1163 ipse
1011 1101 1118 1155 est,
1149 1092 1201 1144 in
1239 1107 1345 1159 qua
1383 1101 1534 1159 pater
1563 1091 1793 1144 habitat.

248 1186 282 1240 4
357 1185 630 1251 Quoniam
652 1183 904 1256 fortitudo
931 1199 1043 1236 mea
1071 1193 1116 1235 et
1141 1180 1398 1250 refugiunt
1425 1197 1593 1234 meum
1624 1197 1675 1234 es
1698 1190 1752 1233 tu
1777 1193 1796 1231 :

349 1277 422 1330 Et
469 1285 688 1346 propter
734 1291 918 1328 nomen
969 1282 1120 1326 tuum
1170 1271 1392 1324 dedures
1443 1287 1524 1324 me
1569 1279 1614 1322 ct
1669 1287 1801 1323 enu-

428 1368 559 1420 tries
587 1381 688 1418 me.

280 1457 320 1511 C
353 1455 668 1522 Fortitudo,
717 1453 951 1524 pertinet
998 1453 1063 1506 ad
1114 1451 1391 1507 toleranda
1438 1467 1558 1522 quae
1607 1467 1798 1522 passus

213 1561 312 1616 est,
360 1550 631 1619 refugium
678 1550 746 1603 ad
797 1548 958 1602 ﬁnem
1013 1547 1324 1601 malorutn:
1370 1547 1587 1616 quando
1639 1547 1795 1600 istius

212 1643 388 1711 seculi
442 1642 762 1712 iniquitates
806 1642 1082 1711 superavit
1135 1640 1242 1695 [ine
1290 1640 1536 1708 gloriosae
1581 1641 1792 1694 tuortis.

1905 455 2204 510 necessitas
2241 459 2562 526 appellatur.
2601 460 2646 512 A
2671 459 3036 518 Necessitates
3070 465 3232 532 igitur
3259 480 3479 536 peccata

1897 555 2043 610 sunt,
2071 562 2135 602 ex
2164 548 2359 617 quibus
2387 564 2446 604 sc
2479 551 2640 608 homo
2675 553 2885 609 solvere
2915 558 3123 626 nequit.

1901 655 1968 710 10
2043 656 2154 711 Nec
2186 660 2489 715 conclusisti
2514 679 2594 717 me
2626 664 2680 716 in
2710 683 2895 720 manus
2928 669 3131 723 inimici
3159 689 3177 725 :

2043 749 2284 806 Statuisti
2317 755 2370 808 in
2397 752 2510 808 loco
2537 759 2768 826 spatioso
2793 761 2946 829 pedes
2974 779 3132 816 meos.

1969 862 2010 919 C
2042 863 2153 918 Nec.
2179 867 2493 922 conclusisti
2524 884 2610 924 me
2640 869 2794 936 dicit,
2837 874 2960 942 quia
2990 874 3124 928 liber
3149 876 3372 934 eﬂ'ectus
3402 891 3478 935 est

1900 972 1927 1007 a
1961 964 2231 1023 potestate
2262 959 2482 1013 diaboli.
2514 960 2766 1016 Statuisti
2794 963 2945 1029 dicit,
2977 966 3079 1022 hoc
3113 979 3196 1022 est
3226 972 3458 1026 firmasti

1903 1044 1959 1099 In
1983 1045 2102 1102 loco
2131 1049 2388 1117 spatioso,
2411 1049 2460 1104 id
2493 1061 2576 1107 est
2603 1053 2654 1106 in
2677 1054 2850 1123 patria
2878 1058 3160 1120 virtutum,
3188 1060 3237 1113 in
3264 1063 3478 1131 regione

1899 1137 2199 1193 beatorum.
2251 1140 2422 1196 Pedes
2467 1160 2596 1200 suos
2636 1146 2768 1201 dicit
2816 1148 3044 1204 virtutes
3091 1153 3344 1220 murales,
3390 1171 3474 1224 pet

1898 1241 2036 1294 quas
2065 1228 2208 1282 hunc
2230 1234 2489 1286 mundum
2519 1235 2640 1289 lixis
2664 1237 2938 1306 gressibus
2969 1239 3282 1296 ambulavit.
3315 1245 3357 1296 A
3382 1244 3477 1300 Lo-

1898 1335 1994 1374 cus
2023 1323 2326 1391 spaciosus,
2359 1326 2600 1383 Charitas
2632 1341 2715 1384 est
2741 1344 2756 1384 :
2784 1332 2968 1399 pedes,
2993 1331 3219 1389 affectus
3265 1336 3478 1392 animae.

1899 1431 1958 1484 Η
2040 1431 2290 1490 Miserere
2320 1437 2453 1502 mei,
2490 1439 2725 1506 Domine,
2757 1443 3007 1511 quoniam
3052 1444 3318 1499 tribulor:
3361 1464 3479 1502 con-

2109 1527 2350 1582 turbatus
2378 1539 2452 1583 est
2481 1531 2533 1582 in
2564 1532 2646 1584 ira
2670 1531 2852 1586 oculus
2881 1550 3024 1588 meus
3054 1548 3072 1586 :

2037 1615 2229 1670 Anima
2265 1635 2379 1674 mea
2403 1633 2448 1674 et
2472 1632 2647 1676 venter
2675 1640 2840 1678 meus.

213 1734 323 1787 Dux
355 1709 476 1789 erat
522 1707 862 1788 humanitate
910 1732 1202 1795 Dominus,
1248 1731 1466 1802 quando
1497 1748 1649 1785 suum
1696 1747 1790 1786 uo-

1969 1707 2015 1763 H
2055 1708 2310 1766 Miserere
2343 1713 2472 1776 mei,
2508 1715 2750 1782 Domine,
2788 1719 3045 1788 quoniam
3079 1721 3329 1776 tribulor.
3364 1722 3476 1778 Vox

211 1847 333 1886 men
365 1847 464 1901 per
487 1831 774 1886 universas
802 1839 990 1900 gentes
1025 1828 1153 1884 fecit
1179 1829 1452 1900 cognosci.
1485 1829 1791 1884 Enutritum

211 1941 269 1980 se
310 1925 465 1990 dicit,
518 1938 803 1996 quousque
845 1923 911 1978 ad
951 1921 1340 1992 perfectionem
1388 1921 1656 1976 catholica
1693 1921 1792 1976 Ec-

212 2017 368 2072 clesia
398 2017 572 2086 ipsius
603 2028 828 2070 munere
855 2014 1180 2085 perveniret,
1210 2012 1256 2067 Η
1283 2012 1325 2067 A
1355 2013 1406 2066 id
1429 2021 1510 2067 est
1533 2012 1791 2082 paulatim

211 2119 426 2167 sanctos
451 2108 821 2181 aggregando,
845 2121 1042 2177 corpus
1068 2104 1256 2176 ipsius,
1283 2105 1335 2160 id
1365 2112 1470 2173 est,
1493 2104 1792 2160 Ecclesium

210 2214 388 2276 auget.

245 2294 278 2348 5
351 2293 560 2348 Educes
605 2308 688 2347 me
729 2291 794 2346 de
836 2289 1023 2361 laqueo
1069 2289 1166 2343 hoc
1205 2304 1356 2358 quem
1407 2287 1790 2341 absconderant

420 2382 549 2436 mihi
573 2395 593 2434 :

350 2473 616 2540 Quoniam
645 2482 701 2526 tu
731 2489 784 2526 es
812 2480 1072 2542 protector
1100 2486 1266 2524 meus.

277 2564 318 2618 C
354 2565 498 2632 Ergo
553 2553 808 2631 laqueum
859 2551 1260 2615 absconderunt
1321 2557 1492 2613 Judzci
1545 2557 1786 2621 Christo,

211 2656 330 2724 quia
361 2654 592 2708 occultis
615 2668 751 2707 eum
789 2651 1240 2706 machinabantur
1287 2650 1513 2720 perdere
1557 2648 1787 2711 insidiis,

214 2745 347 2798 unde
389 2758 446 2798 se
473 2742 610 2798 dicit
637 2740 996 2804 educendum,
1036 2741 1087 2794 id
1118 2749 1202 2794 est
1251 2739 1664 2794 resurrectionis
1693 2738 1789 2794 be-

211 2832 403 2887 nelicio
426 2831 491 2886 ad
518 2845 752 2901 superna
777 2829 1032 2884 velociter
1055 2829 1395 2883 elevandum.
1420 2826 1788 2882 PrOtectorcm

213 2923 496 2976 Dominum
525 2923 676 2986 dicit,
715 2921 842 2992 quia
868 2935 933 2975 eo
959 2928 1273 2992 protegente
1304 2919 1447 2974 nulla
1489 2927 1667 2990 potest
1697 2918 1790 2972 ad-

210 3017 438 3070 versitas
464 3015 773 3084 praevalere.

181 3145 184 3151 ι
245 3107 278 3161 6
350 3106 419 3160 1η
447 3122 635 3160 manus
666 3115 786 3160 tuas
813 3107 1118 3162 commendo
1147 3107 1390 3176 spiritum
1422 3121 1595 3159 meum
1620 3119 1638 3156 :

349 3198 634 3253 Redemiin
664 3217 765 3265 me,
795 3199 1017 3254 Domine
1042 3200 1184 3255 Deus
1211 3199 1464 3254 veritatis.

281 3289 326 3345 il
357 3288 416 3343 In
449 3305 642 3345 manus
677 3299 819 3356 tuas,
849 3291 1015 3345 id-est
1041 3291 1294 3361 potestati
1325 3297 1449 3343 tuae.
1491 3287 1532 3344 C
1561 3288 1789 3359 Dignum

211 3396 336 3453 ergo
369 3379 496 3446 fuit,
546 3390 606 3435 ut
654 3389 802 3437 tanto
833 3381 1137 3452 susceptori
1170 3380 1292 3435 talis
1319 3380 1793 3436 commendaretur

211 3473 457 3542 spiritus.
504 3471 725 3527 Addidit
767 3473 955 3539 etiam,
1005 3473 1128 3542 quis
1175 3481 1321 3528 esset
1361 3472 1464 3527 iste
1509 3471 1788 3536 Dominus,

210 3565 334 3633 quia
363 3573 449 3619 est
483 3564 623 3620 Deus
651 3565 918 3632 veritatis,
949 3564 1162 3620 illorum
1205 3565 1348 3619 enim
1390 3565 1532 3619 Deus
1559 3573 1641 3618 est
1668 3579 1789 3632 spc-

209 3656 419 3710 cialiter
444 3657 536 3726 qui
582 3657 862 3711 veritatem
902 3656 1154 3726 diligunt,
1201 3671 1301 3712 nec
1338 3655 1390 3710 in
1423 3655 1599 3726 aliqua
1642 3655 1789 3709 falsi-

211 3757 315 3802 tate
344 3749 659 3803 miscentur.

241 3840 272 3890 7
351 3837 520 3894 Odisti
543 3840 873 3895 observantes
903 3838 1158 3893 vanitates

343 3926 482 3998 Supe
490 3945 688 3984 *ναι-ιω.

276 4020 321 4075 C-
347 4018 500 4075 Juste
527 4035 656 4093 ergo
685 4023 912 4086 veritas,
944 4023 1134 4075 oderat
1181 4023 1496 4086 vanitatem,
1536 4022 1661 4091 quia
1697 4038 1787 4074 va-

207 4115 346 4166 nitas
375 4114 428 4167 in
460 4112 696 4168 falsitate
726 4121 999 4169 versatur.
1029 4112 1073 4167 ll
1117 4113 1281 4169 Odire
1309 4113 1452 4168 enim
1488 4113 1630 4167 Deus
1653 4113 1788 4168 dici-

210 4215 295 4258 tur
323 4205 375 4259 in
408 4206 549 4275 quod
582 4205 857 4276 reprobat.
889 4204 1111 4259 Addidit
1137 4218 1497 4276 supervacue,
1527 4220 1647 4274 qua:
1679 4218 1784 4258 non

207 4298 375 4352 solum
418 4313 586 4352 vacua
616 4299 830 4352 vanitas
865 4297 1065 4352 dicitur
1103 4299 1195 4352 sed
1222 4298 1384 4351 etiam
1424 4311 1782 4365 supervacua.

205 4389 244 4441 A
279 4387 495 4443 Vanilas
523 4397 609 4444 est
639 4389 800 4460 hujus
823 4387 1004 4443 saeculi
1037 4386 1170 4443 falsa
1196 4386 1448 4452 felicitas,
1476 4405 1594 4458 qua:
1619 4402 1784 4443 vacue

1896 1815 2085 1855 eorum
2121 1811 2206 1857 est
2230 1804 2319 1874 qui
2363 1806 2604 1874 qualibet
2643 1809 2989 1866 tribulatione
3037 1814 3391 1880 tribulantnr,
3422 1817 3476 1872 in

1895 1906 2124 1960 quorum
2162 1909 2390 1963 persona
2433 1895 2684 1954 Christus
2727 1900 2968 1970 loquitur
3001 1904 3110 1970 hic,
3147 1905 3287 1960 sicut
3315 1921 3474 1976 supc-

1895 1983 2010 2036 rius
2038 1985 2092 2038 in
2126 2000 2358 2054 persona
2385 1999 2667 2044 erutorum
2698 1993 2764 2046 de
2795 1996 3165 2061 tribulatione,
3189 1999 3314 2052 dum
3347 2000 3484 2054 dixit

1895 2086 1996 2127 nec
2017 2075 2352 2143 conclusisti,
2381 2090 2512 2145 etc.,
2537 2090 2714 2150 potest
2734 2084 2838 2138 dici
2861 2087 2994 2141 etde
3013 2088 3246 2154 Christo,
3264 2091 3480 2160 quando

1894 2163 2020 2216 ait:
2079 2164 2272 2220 Tristis
2329 2178 2412 2222 est
2464 2174 2647 2227 anima
2707 2189 2827 2228 mea
2883 2191 3052 2245 usque
3114 2180 3183 2232 ad
3246 2192 3480 2237 mortem

1895 2251 2112 2322 (Matth.
2145 2256 2317 2326 xxvi).
2344 2256 2543 2313 Clratn
2594 2263 2812 2330 posuit:
2862 2265 3204 2322 inimicorum
3233 2271 3481 2342 indigna-

1895 2343 2117 2404 tionem.
2168 2345 2388 2412 Oculus,
2439 2349 2770 2406 intellectum
2823 2355 3021 2424 signat,
3055 2373 3215 2426 quem
3264 2376 3479 2429 semper

1893 2433 2308 2501 conturbamus,
2343 2440 2558 2507 quando
2583 2441 2916 2497 imminentia
2944 2447 3182 2513 pericula
3213 2447 3476 2503 formida-

1894 2541 2032 2579 mus.
2059 2524 2308 2582 Ventrem
2358 2531 2667 2588 dicitsuam
2710 2540 3048 2603 uicinoriam,
3102 2542 3191 2594 ubi
3244 2542 3479 2597 habebat

1894 2617 2152 2684 reposita,
2201 2634 2322 2688 qua:
2377 2621 2454 2674 illi
2519 2623 2776 2681 Dominus
2816 2628 2882 2682 de
2931 2645 3026 2683 sua
3089 2632 3476 2688 clariticatione

1893 2710 2236 2778 promiserat.
2263 2715 2516 2769 Animam
2545 2734 2556 2769 :
2581 2719 2987 2776 sensualitatem
3013 2733 3185 2790 putat.

1880 2820 1962 2878 ’12
2035 2823 2295 2890 Quoniam
2318 2827 2504 2898 defecit
2536 2831 2588 2884 in
2611 2831 2790 2886 dolore
2813 2834 2915 2888 vita
2942 2850 3092 2889 mea:

2036 2916 2104 2971 Et
2133 2920 2257 2973 uniti
2280 2923 2381 2974 mei
2407 2923 2461 2975 in
2488 2925 2779 2994 gemitibus.

1963 3033 2004 3088 C
2031 3033 2269 3090 Deficere
2293 3037 2436 3091 enim
2461 3047 2563 3104 est,
2587 3040 2846 3110 paulatim
2879 3044 3058 3100 minus
3097 3043 3298 3113 facere,
3321 3058 3376 3103 et
3406 3051 3476 3104 ad

1816 3128 1862 3190 C
1895 3124 2079 3192 linem,
2111 3143 2206 3196 per
2253 3128 2460 3199 aliquas
2514 3133 2836 3191 valetudinis
2866 3138 3124 3194 minutias
3166 3143 3476 3210 pervenire,

1892 3226 1946 3271 ct
1977 3217 2156 3288 signat
2208 3221 2295 3275 hic
2341 3221 2486 3277 illam
2531 3227 3000 3284 conturbationem
3049 3235 3230 3288 carnis
3272 3233 3476 3292 Christi

1891 3323 1996 3378 qua
2027 3310 2080 3363 in
2110 3312 2365 3380 passione
2391 3313 2508 3383 ejus
2553 3316 2660 3371 vita
2691 3321 2876 3374 carnis
2926 3321 3217 3380 defecerat.
3251 3325 3319 3381 Et
3347 3329 3474 3382 anui

1892 3401 1996 3454 mei
2025 3401 2079 3455 in
2135 3403 2445 3472 gemitibus,
2494 3407 2620 3477 quia
2681 3425 2788 3464 non
2849 3409 2952 3466 fuit
2992 3414 3123 3470 levis
3153 3416 3347 3472 dolor:
3383 3420 3474 3474 ubi

1890 3491 2182 3546 continuus
2217 3496 2449 3564 gemitus
2475 3495 2782 3556 insonabat.
2806 3501 2849 3554 A
2876 3503 3016 3557 Anni
3052 3504 3254 3561 Christi
3280 3523 3473 3562 omnes

1891 3582 1942 3636 in
1972 3585 2282 3653 gemitibus,
2321 3590 2578 3656 quoniam
2608 3591 2844 3648 futuram
2875 3605 3102 3652 mortem
3152 3615 3366 3670 semper
3394 3603 3476 3656 vi-

1888 3679 1985 3740 dit,
2011 3689 2064 3734 ct
2090 3681 2142 3733 in
2173 3684 2641 3750 persecutiouihus
2667 3688 2916 3760 completi
2943 3699 3070 3745 sunt

1873 3793 1958 3845 .15
2035 3792 2312 3862 Inﬁrmata
2338 3807 2414 3850 est
2445 3799 2499 3852 in
2526 3811 2836 3870 paupertate
2867 3805 3029 3858 virtus
3059 3821 3170 3860 mea
3200 3823 3219 3860 :

2033 3884 2101 3938 Et
2131 3904 2248 3940 ossa
2271 3904 2385 3966 mea
2413 3892 2722 3946 conturbata
2747 3905 2891 3948 sunt.

1958 3996 1999 4051 C
2034 3998 2209 4051 Virtus
2247 3999 2434 4066 animi,
2467 4001 2518 4055 in
2549 4015 2870 4075 paupertate
2914 4007 3168 4064 ﬁrmatur
3215 4011 3272 4065 in
3299 4027 3473 4067 mem-

1888 4089 2000 4144 bris
2027 4089 2252 4157 Christi,
2282 4093 2538 4160 quoniam
2563 4098 2814 4152 omnibus
2834 4100 3205 4174 bonisindiget
3231 4104 3470 4160 humana

1887 4177 2174 4250 fragilitas.
2207 4181 2340 4236 Ossa
2374 4201 2387 4236 :
2428 4184 2798 4244 fortitudinem
2845 4196 3090 4262 corporis
3134 4196 3468 4268 signiﬁcant,

1887 4271 2013 4340 quia
2049 4287 2225 4342 neque
2277 4274 2331 4329 in
2371 4278 2538 4333 animi
2577 4279 2790 4346 robore,
2843 4297 3017 4354 neque
3048 4285 3100 4340 in
3141 4301 3238 4356 spe
3289 4292 3475 4345 carnis

1887 4364 2050 4418 debet
2077 4365 2182 4419 ulla
2212 4381 2332 4422 esse
2352 4373 2725 4443 praesumptio.
2756 4373 2802 4428 ll
2835 4375 3018 4432 Virtus
3039 4379 3202 4435 etiam
3226 4384 3475 4452 corporis

206 4478 543 4543 observatur,
571 4456 1020 4548 quia‘perditur;
1051 4487 1106 4531 et
1150 4456 1506 4546 supervacue
1527 4479 1780 4533 observa-
1811 4479 1858 4540 ι)
1975 4465 2214 4548 θεῗδωίθ
2248 4456 2350 4511 tu"
2375 4467 2431 4513 ει
2460 4461 2813 4519 (Ῑθῖθίίειίθηθ
2836 4465 2888 4520 in
2916 4469 3189 4536 βαθείοηθι

209 4577 308 4632 tur,
335 4571 550 4637 quando
581 4584 684 4640 pro
713 4583 779 4624 ea
807 4567 1057 4623 habenda
1089 4569 1253 4624 etiam
1281 4569 1422 4623 male
1452 4570 1650 4640 agitur.

239 4662 270 4715 8
340 4661 450 4732 Ego
473 4674 654 4716 autem
679 4661 737 4716 in
769 4661 990 4716 Domino
1019 4664 1221 4734 speravi
1248 4679 1268 4718 :

342 4747 633 4805 Exsullubo
665 4759 714 4803 et
744 4750 963 4805 laetabor
992 4751 1047 4805 in
1070 4753 1430 4808 misericordia
1457 4767 1568 4810 tua.

273 4840 310 4895 C
337 4841 557 4912 Speravi
593 4844 646 4896 in
683 4842 910 4898 Domino
933 4843 1087 4910 dicit,
1119 4845 1210 4899 tibi
1243 4845 1377 4899 nihil
1404 4863 1623 4911 vanum,
1652 4848 1786 4904 nihil

214 4946 591 5000 supervacuum
636 4941 725 4987 est
760 4933 852 4987 sed
899 4942 1070 4988 totum
1112 4935 1295 4991 fixum.
1338 4937 1624 4994 Exsultare
1656 4957 1668 4991 :
1705 4951 1788 4997 est

217 5037 323 5075 cum
350 5039 534 5096 magna
565 5023 859 5078 alacritate
896 5023 1060 5078 animi
1084 5027 1336 5097 gaudere.
1373 5027 1562 5084 Laztari
1599 5047 1610 5081 :
1651 5037 1786 5084 tem-

217 5123 378 5179 perata
418 5117 619 5171 mentis
660 5113 943 5170 affectione
975 5115 1218 5174 mulceri.

245 5203 274 5257 9
338 5206 598 5272 Quoniam
636 5207 911 5275 respexisti
937 5207 1284 5264 humilitatem
1317 5227 1524 5266 meam:

339 5297 565 5353 Salvasti
593 5299 666 5352 de
700 5297 1090 5354 necessitatibus
1112 5303 1344 5356 animum
1375 5319 1560 5359 meam.

1884 4544 1952 4598 Η
2025 4544 2195 4617 Super
2237 4565 2411 4606 omnes
2461 4553 2701 4609 inimicos
2743 4573 2882 4612 meos
2917 4560 3090 4628 [actus
3131 4577 3246 4614 sum
3286 4577 3477 4631 oppro-

2100 4642 2290 4708 brium,
2314 4652 2362 4697 et
2388 4647 2576 4703 vicinis
2605 4650 2729 4704 meis
2755 4650 2936 4704 valde:

2025 4733 2093 4788 Et
2117 4735 2276 4788 timor
2297 4738 2432 4792 notis
2460 4743 2611 4797 meis.

1955 4848 1994 4902 C
2047 4845 2322 4910 Inimicos,
2369 4848 2601 4912 Iudaeos
2647 4852 2798 4918 dicit,
2841 4855 3143 4912 habebatur
3191 4859 3331 4912 inter
3381 4871 3481 4911 eos

1887 4937 2236 5010 opprobrium
2270 4937 2554 5006 innocens
2574 4943 2836 5011 Christus,
2861 4948 2956 5016 qui
2986 4963 3042 5001 se
3058 4947 3261 5000 nefario
3281 4943 3488 5000 scelere

1886 5031 2216 5101 polluebant.
2273 5027 2509 5103 Contra
2574 5037 2797 5109 probum
2871 5039 3100 5095 dicimus
3161 5036 3487 5106 improbum,

1888 5125 1939 5182 id
1965 5136 2046 5183 est
2079 5125 2455 5191 inhoncsuﬂn
2497 5151 2556 5200 et
2579 5131 2899 5190 indecorum.
2932 5131 3281 5203 Opprobrium
3311 5138 3494 5182 autem

1885 5219 2152 5290 δῖὲηίίίείη
2198 5215 2354 5271 valde
2429 5225 2812 5295 abominabile
2853 5223 3078 5281 facinus.
3127 5220 3342 5276 Vicinos
3368 5218 3500 5273 dicit

1888 5313 1976 5370 qui
2001 5311 2049 5366 ei
2086 5308 2395 5364 incivitate
2444 5321 2599 5370 ﬁdei
2623 5314 2902 5370 coniuncti.
2945 5325 3116 5368 tamen
3144 5311 3373 5370 perfecte
3395 5325 3504 5364 non
