4000 5370
537 366 633 420 I35

532 482 600 536 13
675 479 776 545 Qui
810 480 1045 533 ridebant
1071 493 1149 529 me
1175 477 1320 548 [oras
1350 483 1591 542 [tigerunt
1616 490 1648 525 a
1673 483 1789 524 me:

678 569 935 624 Oblivioni
961 567 1114 620 datus
1145 582 1260 618 sum
1287 575 1533 634 tanquam
1561 574 1798 616 mortuus
1824 579 1854 615 a
1887 561 2058 614 corde.

607 661 648 715 ll
681 661 953 730 Fugerunt
998 656 1222 726 apostoli
1257 657 1309 709 in
1361 655 1613 724 passione
1657 653 1858 707 Christi
1892 666 1955 706 co
1982 651 2108 704 reli-

533 762 641 805 cto.
665 749 934 806 Oblivioni
960 748 1116 802 datus
1145 756 1230 800 est
1257 745 1508 800 Christus
1549 743 1874 804 inﬁdelibus,
1897 739 2112 810 quando

534 857 657 896 cum
689 841 741 894 in
772 855 934 894 carne
962 847 1231 891 mortuum
1257 852 1352 906 pro
1373 834 1543 888 nihilo
1572 838 2044 902 computaverunt.
2071 829 2111 883 C

535 933 812 1002 Tanquam
865 941 1131 996 mortuus,
1175 946 1280 982 non
1312 928 1454 982 enim
1503 943 1532 980 a
1584 925 1830 980 ﬁdelibus
1871 931 2114 975 mortuus

533 1024 754 1089 dicitur,
788 1023 940 1092 cujus
959 1021 1236 1091 ;diviuitas
1283 1017 1632 1089 impassihilis
1675 1014 1942 1070 veraciter
1971 1012 2116 1068 testi-

534 1126 736 1179 matur,
765 1115 859 1169 sed
889 1130 918 1168 a
965 1121 1141 1168 mente
1187 1111 1481 1165 inlidelium
1542 1115 1790 1163 mortuus
1818 1104 2115 1160 :estimaba-
2143 1093 2146 1096 ’

535 1218 643 1262 tur.
672 1207 713 1261 Α
743 1207 786 1261 Α
823 1206 987 1261 corde
1029 1204 1276 1266 moritur,
1308 1200 1461 1270 cujus
1516 1199 1777 1254 memoria
1831 1195 2037 1251 recedit
2084 1210 2114 1247 a

535 1301 725 1363 corde,
759 1299 900 1352 sicut
929 1296 1172 1351 oblivisci
1203 1294 1374 1348 solent
1399 1293 1643 1346 homines
1668 1297 2023 1344 mortuorum.

537 1393 602 1445 16
676 1389 1001 1443 Factnssum
1017 1400 1264 1457 tanquam
1289 1403 1374 1440 ras
1396 1384 1691 1456 perditum:

681 1481 940 1548 Quoniam
965 1479 1143 1532 audiri
1186 1478 1614 1547 rilnperationcm
1664 1471 1944 1527 multorum
1974 1485 2116 1523 com-

747 1573 1066 1625 morantium
1096 1571 1148 1624 in
1179 1571 1422 1622 circuitu.

608 1655 649 1710 C
681 1652 787 1707 Vas
811 1653 1082 1722 perditum
1112 1660 1190 1705 est
1219 1649 1362 1719 quod
1394 1651 1620 1702 fractum
1649 1654 1753 1713 est,
1778 1653 1833 1699 et
1855 1645 1921 1698 ad
1946 1642 2120 1697 nullos

537 1763 666 1802 usus
714 1745 1102 1809 necessarium,
1159 1743 1302 1812 quod
1351 1756 1567 1810 semper
1611 1738 1887 1808 abjicitnr,
1945 1737 2016 1790 ita
2065 1743 2122 1790 et

535 1838 787 1893 Christus
836 1843 1082 1889 mortuus
1139 1832 1290 1901 quasi
1357 1831 1588 1884 fractum
1637 1845 1734 1884 vas
1787 1827 2119 1897 abjicicndus
2152 1841 2194 1899 Β

538 1929 832 1998 putabatur
877 1925 1098 1996 perﬁdis
1144 1923 1362 1978 Judzeis.
1406 1922 1599 1977 Audivi
1647 1919 2113 1990 vituperationem,

540 2022 592 2075 id
623 2029 724 2083 est,
771 2015 1341 2072 circumhabitantium
1408 2013 1738 2084 perﬁdorum
1785 2011 2116 2067 Judteorum.

537 2109 731 2165 Merito
756 2108 892 2163 tales
943 2106 1460 2162 circumhabitantes
1504 2105 1779 2167 dicuntur,
1819 2103 1909 2173 qui
1947 2100 2118 2170 legem

541 2203 635 2258 Dei
667 2218 772 2258 non
800 2199 1152 2271 spiritualiter
1197 2199 1291 2252 sed
1348 2197 1642 2252 carnaliter
1691 2195 1976 2249 advertere
2024 2205 2122 2246 vo-

541 2295 676 2350 hmt.
715 2295 761 2346 A
810 2294 946 2348 Sunt
986 2291 1131 2346 enim
1172 2299 1231 2344 ut
1271 2299 1458 2344 cortex
1509 2286 1793 2342 medullam
1831 2283 2120 2347 circuiens,

540 2391 617 2446 sic
638 2390 869 2444 litteram
903 2394 1184 2441 tenentes:
1215 2384 1462 2454 spiritum
1490 2383 1693 2436 intrant
1717 2379 2122 2448 Scripturarum

539 2482 633 2538 sed
660 2495 873 2550 semper
898 2479 951 2532 in
983 2478 1212 2533 circuitu
1240 2483 1520 2530 morantur
1557 2481 1612 2528 et
1634 2472 1834 2527 cortice
1873 2468 2126 2524 occiden-

545 2573 611 2626 tis
638 2571 851 2626 litterae.

540 2665 606 2720 Π
680 2664 747 2718 In
770 2680 828 2717 eo
863 2664 988 2716 dum
1015 2663 1342 2716 convenirent
1364 2657 1521 2714 simul
1554 2658 1826 2712 adversum
1851 2671 1932 2710 me
1954 2672 1972 2709 :

682 2747 928 2814 Accipere
956 2745 1187 2797 animam
1213 2757 1383 2795 meam
1411 2739 1672 2794 consiliali
1695 2749 1816 2793 sunt

613 2835 730 2890 Clu
773 2851 837 2890 eo
878 2833 1214 2889 consiliatam
1264 2841 1472 2902 partem
1526 2831 1820 2884 maximam
1861 2829 1990 2883 dicit
2024 2828 2122 2883 Ju-

543 2927 799 2989 daeorum,
847 2934 906 2979 ut
937 2925 1103 2979 Deum
1145 2923 1264 2978 neci
1320 2923 1614 2977 traderent.
1644 2920 1686 2974 Η
1736 2919 1934 2975 Otnnes
1965 2919 2123 2975 simul

545 3017 814 3073 consiliati
845 3024 989 3077 sunt,
1018 3021 1078 3068 ut
1123 3021 1427 3083 qumrcrent
1476 3012 1714 3066 animam
1746 3011 1973 3075 Christi,
2011 3011 2126 3065 sive

545 3105 786 3161 haeretici
815 3123 829 3158 :
879 3104 1113 3158 animam
1164 3100 1436 3155 Ecclesiae.
1468 3099 1509 3155 C
1550 3100 1720 3156 Omne
1747 3111 1926 3154 autem
1951 3100 2127 3155 scelus

545 3197 763 3266 gravius
791 3205 873 3250 est
901 3194 1041 3264 quod
1065 3192 1291 3248 consilio
1318 3191 1525 3262 geritur
1554 3190 1932 3260 plurimorum.

545 3308 612 3363 18
689 3308 800 3378 Ego
841 3316 1014 3360 autem
1060 3307 1114 3360 in
1145 3316 1193 3360 te
1237 3304 1462 3375 speravi,
1509 3303 1770 3358 Domine:
1813 3303 1925 3357 dixi
1987 3301 2126 3357 Deus

757 3415 902 3451 meus
923 3414 974 3450 es
998 3407 1051 3450 tu
1075 3389 1096 3448 Ξ

692 3475 759 3528 1η
785 3474 1022 3528 munibus
1052 3474 1156 3528 tuis
1187 3484 1352 3528 sortes
1377 3490 1522 3528 mete.

619 3567 659 3622 C
682 3565 928 3636 Speravit
970 3565 1022 3619 in
1052 3563 1265 3619 Patrem
1294 3563 1483 3628 Filius,
1527 3564 1652 3635 quia
1695 3563 1898 3620 sciebat
1929 3563 2128 3619 nullam

549 3675 669 3714 esse
692 3665 1014 3729 potestatem
1037 3654 1343 3711 Judieorum
1358 3667 1545 3711 contra
1569 3673 1647 3721 se,
1665 3657 1756 3712 sed
1775 3657 1891 3726 ipso
1907 3666 2128 3712 creante

549 3752 851 3813 existimus,
882 3749 997 3819 ipso
1027 3749 1344 3817 disponente
1373 3757 1701 3818 vegetamur.
1726 3746 1767 3800 ll
1796 3748 1850 3800 ln
1883 3747 2130 3802 manibus

555 3844 660 3897 tttis
685 3852 858 3897 sortes
904 3856 1060 3906 meae,
1096 3841 1146 3894 id
1190 3840 1349 3896 estin
1400 3840 1569 3910 gratia
1603 3839 1773 3895 sancti
1811 3839 2062 3910 Spiritus.
2089 3840 2134 3893 Α

555 3934 656 4001 Qui
691 3934 806 3988 sine
828 3933 1019 3987 merito
1041 3946 1176 4000 quos
1199 3930 1309 3984 vult
1337 3930 1504 4000 eligit.
1522 3928 1706 3984 Sortes
1737 3930 1941 3998 itaque,
1975 3929 2026 3982 id
2053 3937 2137 3982 est

554 4027 650 4080 Dei
684 4025 916 4096 gratuita
947 4023 1141 4078 electio
1165 4031 1247 4078 est
1283 4024 1336 4077 in
1367 4023 1637 4088 manibus,
1675 4022 1725 4076 id
1755 4031 1838 4076 est
1862 4029 2135 4091 potestate

557 4116 676 4182 Dei,
708 4132 814 4170 non
851 4123 1059 4170 nostra.

556 4211 622 4265 19
698 4210 855 4277 Eripe
883 4225 963 4262 me
991 4209 1054 4262 de
1074 4225 1233 4261 manu
1261 4208 1589 4261 inimicorum
1613 4221 1840 4260 meorum
1872 4219 1890 4255 :

701 4289 767 4344 Et
794 4303 824 4342 α
845 4291 1266 4361 persequentibus
1295 4305 1395 4343 me.

627 4382 668 4434 C
697 4381 871 4450 ipsum
902 4379 1114 4434 Patrem
1146 4388 1300 4450 rogat
1328 4394 1386 4434 se
1412 4378 1623 4448 eripere
1663 4379 1728 4434 de
1757 4393 1916 4432 manu
1961 4377 2141 4432 inimi-

559 4487 769 4537 corum,
801 4471 852 4524 id
879 4479 962 4525 est
987 4469 1318 4535 Iudaeorum,
1369 4479 1425 4525 et
1467 4486 1495 4522 a
1540 4470 2004 4538 persequentibus,
2038 4470 2141 4524 hoc

1489 357 1546 413 S.
1589 355 1937 412 BllUNONlS
1977 347 2520 408 llEllBlPOLENSlS
2559 343 2865 401 EPISCOPI

2136 473 2186 528 Λ

3692 339 3794 393 156

2288 465 2331 519 ll
2364 464 2698 518 Erubescant
2721 458 2900 528 impii,
2937 457 3048 511 sive
3078 455 3244 525 iniqui
3274 457 3544 510 daemones
3567 473 3652 511 vct
3683 457 3798 527 qui-

2212 569 2424 624 cunque
2461 552 2610 615 mali,
2640 567 2760 605 cum
2796 550 3024 604 viderint
3061 559 3278 602 sanctos
3316 555 3626 611 coronatos,
3657 561 3795 616 quos

2214 649 2267 702 in
2299 646 2642 716 despectione
2673 641 2997 704 habuerunt,
3026 651 3082 695 et
3105 655 3162 694 se
3190 641 3598 694 condemnatos.
3628 638 3670 694 C
3701 638 3798 694 Sc-

2213 755 2320 810 que
2351 753 2474 792 cum
2507 735 2863 805 rcspcxerint,
2891 733 2943 786 in
2974 731 3123 803 gravi
3155 730 3394 801 periculo
3427 730 3792 785 constitutos:

2217 833 2478 886 velociter
2504 829 2896 884 obmutescant.

2215 941 2286 994 22
2359 938 2489 1004 Qum
2528 937 2814 1007 loquuntur
2871 933 3122 988 adversus
3162 932 3366 1002 justum
3422 931 3798 1002 iniquitatem:

2355 1031 2423 1085 In
2460 1029 2700 1100 superbia
2729 1038 2774 1082 et
2810 1027 3080 1082 abusione.

2287 1143 2326 1199 C
2351 1141 2608 1212 Loquitur
2632 1139 2774 1195 enim
2807 1137 3014 1192 falsitas
3031 1146 3217 1192 contra
3242 1135 3551 1198 veritatem,
3584 1131 3801 1202 quando

2216 1235 2401 1289 Ariani
2451 1243 2754 1287 creaturam
2791 1229 3072 1284 Dominum
3104 1236 3406 1282 creatorem
3455 1227 3665 1280 dicunt.
3695 1223 3805 1275 Ad-

2219 1328 2354 1384 didit
2387 1328 2437 1381 in
2467 1324 2718 1396 superbia
2763 1333 2816 1378 et
2845 1321 3124 1382 abusione,
3161 1321 3212 1374 id
3257 1327 3340 1373 est
3385 1318 3437 1372 in
3462 1323 3800 1384 contemptu.

2219 1419 2354 1474 Nam
2399 1434 2522 1472 cum
2563 1416 2764 1470 audivit
2807 1416 2910 1469 ista
2957 1411 3165 1467 falsitas
3193 1409 3415 1480 ﬂagellis
3445 1423 3667 1486 caesum,
3693 1415 3806 1460 sta-

2220 1513 2316 1566 tim
2358 1512 2408 1565 in
2457 1509 2768 1578 blasphema
2827 1505 2990 1560 verba
3041 1503 3323 1574 prosilivit.
3360 1501 3404 1554 A
3451 1499 3658 1554 Abusio
3707 1496 3806 1550 fuit

2221 1600 2437 1672 quando
2472 1614 2594 1653 eutn
2623 1595 2712 1666 qui
2736 1605 2956 1666 propter
2988 1609 3081 1648 eos
3105 1593 3250 1648 venit
3303 1593 3355 1646 in
3383 1603 3601 1646 carnem
3629 1585 3809 1642 cruci-

2223 1691 2455 1746 ﬁxcrunt
2480 1691 2764 1744 abutentes
2792 1686 2883 1740 Dei
2917 1685 3197 1740 beneﬁcio.

2220 1781 2292 1836 25
2368 1780 2536 1847 Quam
2563 1795 2750 1849 magna
2795 1775 3074 1830 multitudo
3117 1773 3408 1828 dulcedinis
3449 1781 3662 1836 tua'+,
3696 1769 3804 1824 Do-

2443 1886 2584 1924 mme
2616 1918 2636 1937 ,

2367 1959 2540 2026 Quam
2569 1958 2880 2013 abscondisti
2905 1957 3204 2012 timentibus
3233 1965 3299 2009 te.

2295 2049 2344 2108 Il
2373 2051 2658 2106 Multitudo
2703 2050 2999 2106 dulcedinis
3051 2057 3166 2112 est,
3222 2045 3389 2102 multa
3437 2043 3660 2114 praemia
3690 2057 3807 2112 quze

2225 2144 2549 2216 praeparavit
2573 2141 2824 2197 Ecclesiae
2850 2157 2981 2206 sum,
3028 2149 3086 2195 ut
3111 2149 3255 2195 esset
3284 2139 3400 2193 sine
3425 2137 3531 2192 ﬁne
3553 2153 3678 2191 cum
3709 2151 3808 2189 an.

2224 2235 2356 2306 gelis
2381 2235 2493 2290 suis
2523 2242 2830 2305 regnatura.
2861 2231 2901 2288 C
2930 2231 3060 2298 Quae
3099 2232 3186 2286 hic
3215 2229 3444 2285 sentitur
3471 2227 3806 2290 abscondita,

2225 2330 2317 2384 sed
2350 2329 2402 2383 in
2428 2325 2838 2398 luturojudicio
2872 2325 3173 2380 ostenditur
3219 2321 3527 2378 manifesta.
3570 2321 3616 2374 Α
3646 2318 3690 2374 C
3719 2319 3813 2373 Est

2223 2420 2386 2475 etiam
2419 2419 2647 2474 dulcedo
2679 2419 2768 2474 hic
2794 2419 2886 2472 Dei
2911 2416 3208 2486 multiplex,
3241 2416 3366 2469 dum
3395 2411 3619 2482 corrigit
3641 2411 3811 2464 bonos

2227 2512 2309 2566 vel
2342 2513 2534 2582 parcit,
2583 2511 2871 2581 promittit,
2911 2508 2993 2564 vel
3017 2509 3269 2563 emendat
3298 2521 3435 2575 quos
3455 2513 3623 2566 amat,
3649 2517 3812 2572 quam

2229 2617 2410 2660 tamen
2453 2605 2652 2676 impius
2679 2619 2784 2659 non
2840 2603 3021 2668 sentit,
3070 2601 3159 2672 qui
3200 2601 3439 2673 palatum
3484 2598 3668 2654 cordis
3694 2611 3813 2666 per-

2229 2701 2365 2754 didit
2396 2699 2460 2754 de
2493 2698 2641 2754 l‘cbre
2672 2697 2993 2767 iniquitatis.

2228 2811 2296 2865 24
2373 2808 2650 2879 Perfeciin
2687 2810 2760 2863 eis
2790 2807 2879 2878 qui
2900 2820 3100 2876 sperant
3131 2809 3184 2860 in
3217 2817 3304 2860 te:

2371 2900 2438 2956 In
2464 2911 2736 2971 conspectu
2765 2900 2997 2969 ﬁliorum
3023 2899 3311 2953 hominum.

2299 3017 2341 3073 C
2372 3016 2606 3074 Perfecit
2649 3015 2792 3070 illam
2833 3014 3171 3070 dulcedinem
3214 3014 3267 3068 in
3299 3013 3404 3068 illis
3430 3012 3520 3082 qui
3545 3009 3818 3068 constanti

2233 3112 2413 3166 animo
2439 3126 2556 3165 eam
2584 3109 2898 3178 exquirunt.
2929 3107 2984 3161 In
3011 3116 3302 3177 conspectu
3330 3105 3587 3169 ﬁliorum,
3639 3105 3690 3158 id
3715 3113 3816 3166 est,

2157 3197 2200 3260 C
2239 3205 2292 3260 in
2329 3203 2416 3258 illa
2478 3200 2874 3256 resurrectione
2929 3200 3142 3268 quando
3194 3198 3397 3253 sanctis
3436 3196 3552 3251 suis
3597 3195 3820 3266 prarmia

2231 3306 2434 3351 aeterna
2469 3296 2731 3351 restituet.
2783 3292 2827 3347 ll
2867 3293 3172 3358 Perfer-isti,
3205 3307 3266 3346 ac
3296 3291 3341 3347 si
3370 3291 3507 3345 dicat
3548 3288 3821 3358 perfectu-

2232 3403 2326 3441 rus
2357 3387 2485 3452 eris,
2520 3386 2605 3440 vel
2633 3387 2687 3440 in
2719 3394 3011 3456 conspectu
3036 3393 3224 3440 eorum
3247 3384 3338 3455 qui
3370 3384 3610 3438 humana
3637 3389 3693 3436 et
3716 3395 3822 3434 non

2233 3477 2475 3532 ccelestia
2502 3477 2851 3546 quaesierunt.

2235 3569 2305 3624 25
2380 3569 2674 3623 Abscondes
2697 3586 2782 3623 eos
2807 3569 2860 3623 in
2887 3569 3188 3622 abscondito
3221 3566 3375 3635 {aciei
3400 3574 3505 3619 tua:
3533 3584 3552 3622 :

2379 3661 2422 3712 Α
2455 3659 2849 3712 contnrbatione
2883 3643 3167 3712 hominum.

2310 3749 2350 3805 C
2372 3748 2688 3803 Abscondes
2739 3763 2834 3804 eos
2865 3748 2916 3802 in
2948 3749 3284 3810 abscondito,
3315 3746 3366 3800 id
3406 3754 3509 3810 est,
3540 3746 3592 3800 in
3624 3744 3714 3801 illa
3741 3760 3824 3801 re-

2241 3841 2608 3902 surrectione,
2664 3845 2879 3908 quando
2915 3839 3044 3908 justi
3096 3838 3549 3907 contemplatione
3576 3837 3667 3890 Dei
3702 3851 3828 3905 per-

2243 3929 2525 3993 fruuntur,
2584 3938 2638 3981 et
2673 3929 2892 3997 pra-mia
2941 3935 3142 3981 :etcrna
3191 3934 3607 3996 consequentur,
3660 3940 3826 3995 quam

2241 4017 2465 4092 gloriam
2503 4020 2652 4089 impii
2691 4035 2796 4072 non
2828 4018 3031 4072 vident.
3079 4018 3335 4073 Homines
3366 4019 3453 4072 hic
3493 4032 3682 4071 omnes
3707 4032 3829 4086 per-

2242 4119 2518 4165 secutores
2545 4120 2600 4164 et
2631 4109 3004 4164 schismaticos
3030 4110 3178 4172 dicit,
3202 4109 3290 4179 qui
3319 4109 3407 4163 hic
3429 4115 3827 4163 consueverunt

2244 4202 2572 4256 conturbare
2601 4200 2854 4270 populum
2894 4201 3284 4255 Christianum.

2244 4292 2312 4346 26
2389 4291 2631 4361 Proteges
2660 4309 2747 4345 eos
2776 4293 2829 4346 in
2861 4292 3196 4346 tabernaculo
3224 4302 3312 4346 tuo
3337 4307 3354 4344 :

2389 4385 2433 4436 A
2457 4385 2865 4438 contradictione
2911 4385 3228 4454 linguarum.

2317 4475 2357 4530 C
2390 4475 2485 4528 llic
2510 4483 2866 4543 proteguntur
2888 4475 3020 4541 justi
3072 4476 3124 4528 in
3159 4474 3524 4537 tabernaculo,
3559 4473 3610 4528 id
3639 4483 3725 4530 est
3776 4475 3830 4530 in

559 4573 643 4618 est
672 4564 894 4634 paganis
938 4561 1019 4616 vel
1045 4563 1340 4628 haereticis,
1396 4563 1486 4632 qui
1531 4562 1826 4617 Ecclesiam
1871 4561 1965 4616 Dei
2001 4563 2142 4617 inse-
2174 4553 2220 4610 Ι)
2251 4565 2510 4629 Ecclesia,
2556 4565 2626 4618 ibi
2655 4565 2798 4618 enim
2848 4573 3244 4634 proteguntur:
3283 4566 3373 4620 ubi
3409 4565 3674 4619 malorum
3725 4566 3830 4620 im-

561 4665 803 4724 qnuntur
851 4653 1210 4709 fraudulentis
1249 4653 1759 4709 machinationibus.
1814 4653 1859 4704 Α
1914 4652 2146 4705 Maxime

563 4744 638 4799 illi
661 4753 1054 4814 persequuntur
1087 4745 1402 4809 Ecclesiam,
1435 4745 1523 4814 qui
1547 4759 1668 4798 cum
1692 4742 1803 4796 sint
1829 4740 2143 4806 Christiani,

563 4838 754 4892 nolunt
782 4837 922 4892 bene
950 4837 1155 4902 vivere,
1203 4852 1300 4906 per
1354 4839 1450 4892 hos
1475 4835 1822 4906 opprobrium
1858 4836 2019 4890 habet
2047 4835 2146 4889 Ec-

565 4929 752 4995 clesia,
782 4931 922 4985 inter
955 4946 1091 5000 quos
1114 4945 1337 5000 gemens
1369 4930 1467 4985 iste
1495 4931 1569 4983 ait
1601 4947 1613 4983 :
1645 4929 1879 4992 Illustra,
1921 4939 2026 4983 etc.

563 5024 634 5078 20
707 5023 926 5078 Illustra
964 5025 1150 5094 [aciem
1183 5036 1327 5078 luant
1359 5042 1513 5091 super
1536 5042 1741 5078 servum
1777 5037 1965 5084 tuum:

707 5113 923 5169 Salvum
952 5131 1033 5168 me
1062 5115 1148 5184 [ac
1176 5115 1229 5168 in
1259 5116 1612 5169 misericordia
1641 5125 1731 5168 tua
1757 5133 1774 5170 :

706 5203 947 5270 Domine,
976 5220 1039 5258 ne
1067 5205 1380 5275 confundor,
1411 5208 1658 5276 quoniam
1686 5207 1919 5262 inuocaui
1948 5218 2016 5261 te.

637 5296 677 5336 Ω
707 5296 916 5336 "hucer
973 5297 1166 5338 f-Ininm
1201 5309 1343 5338 tumm
1429 5299 1480 5338 ἰι1
1511 5306 1589 5338 aet
1659 5297 1741 5338 Γειιι
1781 5299 1949 5338 vid.an
2006 5301 2147 5340 nnnd

2248 4660 2490 4729 probitas
2535 4658 2756 4712 minime
2800 4673 2994 4713 nocere
3045 4659 3149 4713 illis
3203 4658 3569 4728 permittitur,
3616 4658 3831 4727 quando

2251 4752 2432 4807 illazsaz
2452 4753 2646 4804 autimas
2662 4749 2952 4818 iustorum,
3005 4750 3104 4805 sub
3131 4751 3370 4819 qualibet
3395 4749 3684 4806 alllictione
3713 4765 3832 4805 cor-

2252 4859 2415 4914 porea
2444 4852 2750 4898 servantur.

2251 4935 2319 4988 27
2395 4935 2707 4990 Benedictus
2735 4933 2991 4989 Dominus
3014 4953 3032 4997 ,'

2391 5027 2653 5094 Quoniam
2693 5027 2985 5094 miriﬁcavit
3007 5027 3414 5082 misericordiam
3435 5043 3587 5081 suam
3616 5027 3745 5080 milii
3777 5027 3833 5081 in

2462 5121 2667 5174 civitate
2696 5120 2918 5173 munita.

2324 5209 2369 5264 Η
2398 5209 2719 5264 Benedictus
2748 5209 3152 5288 Dominqsncui
3181 5209 3454 5264 benedicit
3482 5216 3660 5266 omnis
3687 5225 3815 5265 crea

2260 5313 2374 5340 Iuro
2431 5300 2534 5340 le
2569 5318 2673 5340 nun
2704 5301 2824 5340 illan
2855 5303 3008 5340 nllnci
3059 5310 3207 5340 anna!
3237 5311 3417 5340 nnclrn
3467 5302 3833 5340 Imnatlinlinnn
