4000 5370
211 273 311 327 157

208 381 274 436 28
346 376 463 449 Ego
511 388 682 433 autem
721 378 834 432 dixi
860 380 916 433 in
938 392 1148 432 excessu
1170 374 1356 430 mentis
1378 390 1546 436 meae;

346 470 629 538 Projectus
655 486 769 522 sum
790 487 823 522 a
850 470 985 537 facie
1010 466 1277 521 oculorum
1301 475 1527 518 tuorum.

272 562 316 618 Il
346 562 508 617 Tunc
537 563 590 618 in
625 577 848 617 excessu
892 561 1090 614 mentis
1134 569 1219 613 est
1245 557 1484 612 Ecclesia
1512 575 1523 608 :
1564 557 1780 625 quando

202 654 402 726 cogitat
429 668 560 722 quae
595 653 649 708 in
674 652 923 722 paradiso
951 650 1159 711 amisit,
1197 657 1252 703 et
1273 647 1506 717 qualiter
1527 646 1668 700 Deus
1686 661 1782 716 per

201 746 451 817 angelum
484 746 626 815 apud
654 745 821 798 Adam
850 741 1202 811 loquebatur:
1233 748 1289 793 et
1320 737 1588 807 quomodo
1611 736 1780 791 oettlis

201 834 556 889 interioribus
581 832 747 887 Deum
781 832 1010 892 videbat,
1052 830 1143 899 qui
1169 827 1439 899 proiectus
1466 837 1549 881 est
1577 840 1608 879 a
1642 823 1782 879 facie

201 926 313 989 Dei,
344 926 568 996 quando
605 934 975 995 transgressus
999 930 1086 978 est
1112 924 1361 976 mandata
1386 919 1502 985 Dei,
1529 927 1580 974 et
1604 917 1783 974 omnis

198 1015 492 1086 posteritas
516 1023 604 1069 est
629 1015 683 1069 in
710 1014 800 1069 illo
826 1014 1084 1084 projecta.

199 1105 268 1161 29
339 1103 473 1158 Ideo
494 1104 761 1159 exaudiui
782 1120 950 1158 vocem
976 1104 1229 1157 orationis
1250 1119 1376 1156 metu
1392 1118 1410 1155 :

338 1193 482 1248 Dum
509 1194 791 1249 clamarem
821 1194 890 1247 ad
912 1205 979 1248 te.

268 1285 457 1342 Cldeo
486 1289 801 1342 esauditum
835 1300 895 1342 se
946 1287 1076 1341 dicit
1124 1286 1373 1342 Christus
1418 1286 1471 1340 in
1518 1285 1780 1340 membris

197 1380 335 1443 suis,
361 1381 491 1448 quia
521 1395 626 1434 non
652 1380 831 1433 tardat
867 1380 1041 1449 gratia
1074 1378 1166 1433 Dei
1204 1378 1457 1446 adjuvare
1485 1377 1656 1443 illum,
1684 1377 1776 1447 qui

198 1470 477 1525 humiliter
500 1471 783 1524 Dominum
801 1479 970 1540 rogat.
1000 1470 1062 1523 Et
1083 1469 1366 1525 exauditus
1391 1479 1472 1523 est
1495 1467 1774 1522 Christus:

200 1568 413 1634 quando
441 1564 627 1619 audita
648 1573 733 1619 est
754 1573 977 1641 paterna
1023 1578 1122 1617 vos
1156 1563 1372 1618 dicens:
1406 1561 1504 1616 ilic
1529 1569 1613 1615 est
1638 1560 1777 1614 (ilius

200 1671 351 1710 tuens
369 1656 619 1710 dilectus.
645 1655 713 1708 Et
736 1654 953 1724 quando
979 1654 1233 1709 clamavit
1258 1656 1323 1708 ad
1354 1653 1602 1710 Patrem:
1635 1655 1775 1709 Deus

1421 263 1781 321 EXPOSITIO
1820 264 2261 322 PSALMORL’M.

3356 271 3453 328 156

1808 394 1853 450 Α
1892 375 2135 429 tudinem
2188 385 2533 445 peccatorum
2571 377 2747 448 (Prov.
2788 380 2864 449 ι),
2904 380 2983 435 vel
3010 380 3179 434 velata
3210 397 3305 451 per
3335 397 3452 452 pre-

1884 466 2163 521 nitentium
2178 481 2244 521 ne
2266 469 2531 539 inljudicio
2564 471 2870 525 revelentur
2911 471 2961 540 (Ι
2994 470 3135 525 Petr.
3166 474 3258 542 Iv).
3292 474 3455 529 Clui-

1882 554 2115 622 quitates
2140 565 2282 620 sunt,
2306 573 2428 626 quas
2448 568 2573 613 ante
2602 570 2901 627 suscean
2927 559 3085 614 ﬁdem
3110 562 3456 616 committun-

1884 654 1990 709 tur,
2016 654 2235 714 peccata
2265 662 2384 716 quae
2412 657 2533 717 post
2556 650 2677 703 ﬁdei
2707 650 3087 719 cogitationem
3112 650 3196 704 vel
3220 653 3453 720 gratiam

1882 734 2222 805 baptismatis
2250 740 2663 794 cantrahuntur.

1917 826 1952 880 Ξ
2023 828 2217 884 Beatus
2234 832 2310 885 vir
2333 832 2418 885 cui
2442 849 2544 885 non
2573 834 2842 900 imputavit
2877 833 3127 887 Dominus
3152 845 3416 903 peccatum
3433 849 3451 885 :

2027 918 2138 972 Nec
2165 930 2240 974 est
2276 922 2329 975 in
2358 923 2544 991 spiritu
2571 923 2685 991 ejus
2705 923 2874 976 dolus.

1952 1009 1998 1064 Η
2023 1010 2099 1065 llli
2128 1027 2232 1079 non
2258 1013 2554 1082 imputatur
2582 1026 2885 1083 peccatum,
2916 1015 3009 1083 qui
3053 1016 3104 1069 in
3136 1019 3239 1071 hoc
3258 1018 3455 1073 saeculo

1881 1113 2060 1168 seper
2101 1102 2475 1171 paenitentiam
2521 1103 2850 1159 suﬁicienter
2898 1114 3180 1176 expurgat,
3213 1108 3300 1162 vel
3358 1124 3456 1178 per

1880 1192 2198 1261 martyrium
2221 1203 2433 1265 purgat.
2469 1193 2620 1260 Quod
2645 1195 2870 1265 tegitur:
2915 1210 3021 1250 non
3044 1198 3276 1263 videtur,
3306 1200 3452 1267 quod

1878 1295 1985 1334 non
2008 1284 2256 1338 videtur:
2288 1300 2396 1339 non
2421 1286 2738 1354 imputatur,
2783 1289 2926 1358 quod
2974 1304 3077 1343 non
3126 1290 3445 1360 imputatur,

1879 1387 1978 1428 nec
2014 1376 2285 1444 punietur.
2314 1377 2371 1432 in
2397 1378 2541 1435 illius
2566 1395 2662 1434 ore
2682 1381 2837 1436 dolus
2859 1396 2963 1437 non
2991 1393 3075 1439 est
3099 1385 3188 1453 qui
3225 1402 3284 1441 se
3329 1403 3448 1457 νεε-

1878 1472 2119 1521 catorem
2145 1468 2446 1536 profitetur.
2476 1468 2518 1523 C
2547 1469 2681 1537 Quia
2711 1471 2838 1525 dum
2886 1475 3247 1543 nosmetipsos
3272 1477 3453 1547 culpa-

1877 1568 2030 1608 mus:
2063 1559 2422 1627 veriloquium
2472 1567 2576 1623 est,
2601 1575 2724 1615 cum
2756 1577 2856 1617 nos
2912 1563 3162 1619 volumus
3188 1564 3450 1623 laudare:

1881 1649 2220 1704 mendacium
2265 1661 2373 1715 est,
2402 1651 2516 1721 ipse
2554 1653 2700 1707 enim
2731 1653 2959 1710 Domino
2998 1654 3177 1729 placet
3202 1661 3294 1731 qui
3346 1662 3451 1715 sibi

201 1761 370 1813 meus,
387 1746 533 1801 Deus
547 1762 723 1810 meus,
738 1761 904 1817 quare
925 1762 1011 1801 me
1027 1746 1358 1816 dereliquisti
1375 1745 1773 1817 (Matthmvn)?
1804 1740 1847 1799 Β
1874 1741 2137 1811 displicet.

199 1838 263 1892 30
316 1838 535 1907 Diligite
553 1837 836 1892 Dominum
854 1854 1030 1892 omnes
1046 1840 1213 1891 sancti
1226 1838 1339 1909 ejus
1353 1839 1693 1909 :+quoniam
1728 1841 1745 1909 ξ

402 1931 676 1984 ceritatem
699 1930 919 1999 requiret
957 1928 1213 1983 Dominus
1228 1942 1248 1982 :

335 2022 404 2076 Et
434 2022 681 2076 retribuet
711 2023 1043 2076 abundanter
1075 2021 1386 2091 facientibus
1419 2023 1733 2092 superbiam.

266 2117 307 2173 Ε
340 2116 559 2187 Diligite
579 2115 736 2181 dicit.
765 2114 880 2183 jam
910 2123 1164 2173 tanauam
1186 2115 1255 2169 ad
1275 2116 1499 2180 amicos,
1528 2131 1633 2170 non
1658 2126 1774 2169 tan-

203 2224 358 2279 quam
383 2208 454 2263 ad
475 2222 666 2262 servos
687 2205 871 2277 (Joan.
910 2208 1032 2277 xv):
1084 2221 1362 2262 servorum
1384 2216 1466 2262 est
1492 2222 1635 2262 enim
1666 2208 1775 2261 l‘nr-

203 2301 422 2363 midare,
454 2298 759 2353 amicorum
785 2298 1025 2370 diligere.
1060 2297 1314 2368 Requirit
1340 2299 1602 2353 Dominus
1638 2300 1777 2354 veri-

203 2400 384 2455 tatem,
413 2406 578 2461 quam
611 2390 861 2444 nesciunt
892 2389 1149 2451 Ineretici,
1180 2388 1332 2444 falsis
1358 2390 1640 2445 erroribus
1668 2390 1775 2444 illi-

200 2485 323 2554 gati.
386 2483 485 2539 llic
526 2482 858 2553 superbiam,
904 2497 1011 2536 non
1043 2498 1209 2536 unum
1262 2482 1450 2536 vitium
1497 2482 1650 2548 dicit,
1680 2483 1775 2537 sed

203 2575 458 2645 quidquid
501 2589 713 2629 morum
781 2574 1045 2639 pravitate
1092 2581 1368 2640 peccatur.
1421 2570 1527 2627 illis
1586 2571 1775 2627 tribuit

202 2666 536 2721 abundanter
561 2665 652 2734 qui
672 2674 942 2734 przecepta
966 2663 1060 2717 Dei
1095 2663 1415 2731 despiciunt.

200 2754 255 2809 3|
342 2755 578 2809 Viriliter
601 2756 740 2825 agite
760 2768 807 2809 et
838 2754 1161 2824 cenfartetur
1184 2771 1274 2808 cor
1298 2764 1554 2809 vestrum:

331 2845 530 2901 Omnes
552 2846 641 2918 qui
662 2847 883 2916 speratis
906 2845 963 2899 in
984 2845 1223 2899 Domino.

250 2937 299 2992 'C
329 2935 577 2991 Viriliter
607 2937 775 3008 agite,
810 2937 862 2991 id
890 2945 966 2990 εει
997 2936 1053 2991 in
1081 2938 1503 3007 bonisoperibus
1523 2947 1772 2994 constan-

196 3027 398 3083 tissime
426 3028 754 3098 perdnrate:
783 3043 851 3083 ne
873 3027 1106 3083 fetutinea
1134 3028 1357 3083 mollitie
1386 3030 1650 3085 deﬁciatis
1676 3032 1766 3101 qui

1911 1834 1945 1888 5
2027 1836 2290 1901 Quoniam
2318 1838 2457 1890 tacui
2480 1838 2889 1893 inveteraverunt
2914 1855 3031 1894 ossa
3056 1857 3170 1897 mea

2017 1930 2156 1984 Dum
2179 1932 2461 1983 clamarem
2484 1941 2596 1985 tota
2632 1932 2737 1985 die.

1945 2021 1989 2076 ll
2013 2020 2200 2081 Tacui,
2228 2035 2327 2073 vox
2355 2020 2619 2075 malorum
2648 2032 2748 2086 est,
2774 2024 2863 2093 qui
2887 2030 3180 2079 tacentsua
3206 2035 3450 2095 peccata,

1875 2122 1931 2167 et
1958 2112 2010 2166 in
2038 2108 2382 2167 confessione
2410 2111 2602 2165 nolunt
2626 2113 2829 2178 dicere,
2854 2115 2974 2168 ideo
2990 2117 3169 2170 omnis
3193 2118 3453 2175 lortitttdo

1876 2218 2019 2268 mea,
2046 2202 2096 2257 id
2115 2211 2199 2257 est
2226 2202 2400 2256 virtus
2430 2201 2481 2255 in
2513 2201 2830 2258 inﬁrmitate
2852 2206 3152 2260 consenuit.
3177 2206 3224 2260 A
3242 2206 3283 2262 C
3306 2208 3453 2265 More

1878 2296 2115 2351 vulneris
2141 2295 2618 2365 corporalis,quod
2642 2297 2767 2350 dum
2794 2297 3096 2352 occultatur
3122 2301 3332 2356 medico
3348 2317 3449 2371 pu-

1879 2387 2083 2441 trescit.
2116 2386 2250 2440 Dum
2275 2386 2587 2442 clamarem.
2618 2386 2661 2440 H
2688 2387 2961 2453 Clamant,
2990 2390 3041 2442 id
3068 2401 3150 2444 est
3179 2392 3224 2446 si
3249 2392 3450 2463 aliquid

1877 2477 2001 2531 boni
2035 2477 2259 2540 habent,
2284 2491 2381 2546 per
2407 2476 2702 2532 vanitatem
2728 2478 3125 2535 demonstrant.
3160 2482 3291 2536 Tota
3341 2485 3447 2547 die,

1875 2567 1920 2621 li
1946 2568 1990 2621 A
2019 2566 2072 2620 id
2103 2576 2187 2621 est
2215 2575 2323 2620 tota
2352 2565 2458 2620 vita
2486 2565 2637 2636 (qua:
2661 2566 2840 2622 brevis
2862 2566 2977 2637 est)
3009 2579 3185 2624 tacent
3206 2584 3447 2640 peccata,

1873 2656 2110 2711 clamant
2144 2666 2200 2711 et
2219 2657 2430 2727 jactant
2456 2657 2670 2710 merita.

1910 2747 1943 2800 4
2018 2746 2279 2812 Quoniam
2311 2746 2395 2800 die
2425 2764 2485 2801 ac
2519 2757 2665 2800 nocte
2691 2757 2909 2817 gravata
2938 2761 3012 2804 est
3040 2768 3197 2821 super
3227 2768 3308 2806 me
3339 2770 3452 2806 ma-

2087 2855 2184 2891 nus
2214 2849 2304 2891 tua
2326 2852 2347 2890 .'

2024 2928 2311 2984 Conversus
2333 2947 2447 2984 sum
2468 2931 2524 2984 in
2548 2934 2865 3000 azrumnax
2888 2949 3003 2987 mea
3033 2934 3051 3001 ζ
3084 2934 3210 2989 dum
3235 2938 3452 3008 conﬁgi-

2086 3030 2176 3072 tur
2203 3020 2373 3088 spina.
2406 3025 2472 3089 Ἀ(
2500 3020 2807 3091 Diapsalma
2849 3022 2867 3093 ζ

195 3120 349 3173 corda
380 3127 570 3174 vestra
634 3118 867 3174 Domino
910 3129 1222 3175 constanter
1267 3119 1493 3176 oﬂ'ertis.
1542 3120 1768 3177 Sienim

1943 3109 1987 3164 Η
2024 3110 2257 3166 Gravata
2278 3120 2363 3166 est
2388 3127 2583 3168 manus
2611 3114 2704 3167 Dei
2729 3130 2891 3183 super
2932 3125 3261 3185 peccatores,
3288 3119 3339 3173 id
3368 3130 3453 3176 est

195 3212 523 3266 roborantur
574 3213 741 3267 corda
794 3212 1064 3266 ﬁdelium:
1099 3213 1141 3268 si
1173 3227 1320 3282 spem
1371 3230 1523 3268 suam
1567 3216 1768 3270 domini

188 3303 382 3357 virtute
405 3303 755 3358 conﬁrment.

646 3411 848 3449 ORATIO
883 3411 952 3449 EX
990 3411 1138 3450 PSAL.
1183 3413 1301 3450 XXX.

254 3486 585 3542 lmmensam
616 3486 1013 3540 multitudinem
1040 3478 1336 3542 dulcedinis
1384 3497 1507 3553 tuac,
1533 3489 1773 3559 piissime

191 3578 438 3644 Domine,
499 3577 826 3649 suppliciter
872 3593 1180 3644 exoramus,
1220 3589 1277 3633 ut
1324 3579 1449 3633 dum
1488 3580 1772 3635 veritatem

190 3680 331 3724 tuam
380 3669 735 3740 requirimus,
782 3683 1046 3725 tumorem
1098 3672 1450 3727 exsecrabilis
1504 3674 1773 3743 superbire

188 3771 553 3817 conteramus.
614 3760 719 3814 Per
757 3761 1042 3816 Dominum
1095 3746 1340 3817 nostrum
1384 3763 1563 3818 Jesum
1617 3762 1776 3819 Chri-

189 3860 350 3915 stum,
379 3859 488 3905 etc.

707 3941 1029 3997 PSALMUS
1069 3942 1258 3998 XXXI.

615 4049 982 4090 ARGUHENTUH
1022 4049 1169 4089 PSAL.
1211 4052 1358 4090 XXXI.

257 4120 297 4175 C
325 4122 438 4177 Vox
472 4121 799 4191 ptenitentis
824 4128 882 4175 et
922 4121 1129 4197 Domini
1165 4123 1330 4177 verba
1374 4124 1771 4193 respondentis,

191 4228 244 4267 sc
262 4214 609 4270 circumdare
632 4212 1005 4266 misericordia
1038 4228 1133 4268 sita
1170 4214 1221 4268 in
1247 4229 1304 4269 se
1333 4224 1630 4284 sperantes.

654 4307 765 4361 TT.
807 4305 976 4361 David
1013 4306 1319 4362 intellectus.

257 4400 298 4456 C
323 4401 435 4456 Cur
458 4402 514 4454 in
542 4401 652 4453 hoc
673 4399 832 4453 titulo
860 4400 1041 4468 posuit
1061 4399 1229 4454 David
1260 4399 1615 4455 intellectus?
1648 4415 1769 4455 cum

190 4509 368 4548 omnes
392 4493 591 4565 psalmi
619 4500 844 4562 propter
867 4491 1201 4547 intellectum
1232 4507 1418 4547 eorum
1468 4493 1768 4548 habendum

193 4585 294 4639 sint
319 4585 533 4653 scripti.
558 4582 900 4652 Responsio:
930 4581 1114 4638 Primo
1142 4583 1385 4639 meminit
1415 4583 1603 4647 David,
1646 4597 1771 4653 pro-

192 4684 305 4742 pter
339 4675 635 4729 Dominum
675 4672 976 4737 Christum,
1004 4673 1256 4743 quoniam
1280 4674 1347 4726 ad
1383 4673 1556 4742 ipsum
1598 4673 1770 4742 respi-

194 4765 265 4818 cit
286 4764 552 4835 quidquid
579 4763 853 4834 paenitens
876 4762 1232 4818 istedicturus
1262 4770 1364 4816 est.
1397 4764 1599 4818 Deinde
1623 4764 1774 4818 addi—

197 4855 268 4910 dit
295 4856 631 4919 intellectus,
658 4864 718 4909 ut
741 4869 865 4910 cum
889 4870 985 4911 nos
1011 4855 1313 4928 intelligere
1338 4854 1593 4911 divinitas
1634 4870 1773 4925 prae-

197 4947 391 5003 stiterit
419 4955 655 5017 peccata
705 4953 894 5000 nostra
918 4963 931 4998 :
961 4960 1059 5017 pro
1087 4946 1166 5000 eis
1191 4956 1320 4998 tunc
1347 4943 1613 5000 diluendis
1642 4960 1773 5013 sup.

196 5036 476 5106 plicemus,
506 5038 563 5091 in
599 5036 711 5090 alio
732 5036 875 5090 enim
928 5036 1134 5115 psalmo
1162 5036 1368 5091 dictum
1417 5043 1521 5099 est,
1575 5035 1774 5091 delicta

1871 3210 2110 3272 potestas
2130 3204 2379 3259 vindictae
2400 3205 2453 3259 in
2475 3205 2562 3260 die
2580 3204 2790 3274 judicii.
2815 3207 2855 3263 C
2888 3208 2983 3265 Die
3005 3219 3062 3265 et
3089 3222 3250 3266 nocte
3279 3231 3292 3266 ε
3318 3229 3454 3269 con-

1872 3292 2078 3346 tinuum
2117 3300 2328 3363 tempus
2357 3294 2647 3364 signiﬁcat.
2682 3295 3044 3354 Erumnosus
3074 3300 3271 3355 dicitur
3294 3303 3453 3359 valde
3540 3336 3545 3341 ι

1873 3383 2143 3438 ruinosus.
2176 3384 2350 3438 ltuina
2395 3385 2591 3454 quippe
2631 3386 2898 3456 appellata
2952 3402 3054 3453 est,
3102 3392 3256 3459 quasi
3288 3408 3454 3449 ruens

1872 3474 1927 3528 in
1957 3474 2083 3529 ima.
2112 3474 2418 3531 Conversus
2439 3485 2521 3531 est
2548 3476 2599 3530 in
2626 3491 2864 3533 aerumna
2896 3496 2909 3532 :
2954 3480 3049 3549 qui
3085 3482 3359 3539 ceciderat
3386 3485 3454 3539 de

1873 3566 2145 3635 superbia,
2175 3577 2235 3620 ut
2275 3567 2365 3636 qui
2408 3577 2535 3622 ante
2566 3578 2688 3622 erat
2720 3570 2983 3638 superba;
3040 3587 3182 3625 nunc
3232 3573 3454 3629 humilis

1874 3655 2048 3712 factus
2073 3667 2175 3712 est.
2209 3654 2378 3728 Spina
2393 3668 2475 3713 est
2494 3673 2613 3727 qua:
2638 3673 2832 3728 corpus
2858 3659 3019 3730 erigit
3039 3670 3202 3731 atque
3226 3664 3450 3728 retinet,

1875 3747 1991 3801 ba‘c
2023 3763 2120 3817 pro
2147 3749 2395 3819 superbia
2429 3750 2625 3805 merito
2657 3751 2833 3819 posita
2864 3762 2967 3816 est,
3011 3768 3131 3822 quze
3173 3755 3452 3812 confracta

1876 3854 1981 3893 non
2032 3839 2214 3909 dejicit
2261 3842 2328 3895 ad
2380 3842 2675 3906 interitum,
2724 3844 2819 3897 sed
2866 3844 3029 3913 erigit
3077 3847 3145 3901 ad
3201 3848 3449 3907 salutem.

1876 3929 1922 3983 li
1953 3931 2215 3986 ZErumna
2239 3933 2455 3988 miseria
2487 3943 2590 3989 est.
2620 3936 2664 3987 A
2686 3934 2780 3989 Vel
2808 3935 3097 4006 conﬁgitur
3120 3939 3295 4009 spina,
3325 3955 3447 4000 cum

1876 4025 2132 4093 pungitur
2158 4027 2490 4080 conscientia
2517 4035 2572 4082 et
2600 4026 2762 4083 dolet.
3215 4012 3225 4024 ’

1910 4114 1945 4169 5
2016 4113 2272 4169 Delicium
2298 4131 2467 4170 meum
2488 4118 2749 4186 cognitum
2772 4121 2839 4185 »ζ
2862 4118 2956 4173 tibi
2987 4120 3002 4189 ξ
3036 4119 3176 4189 feci:

2019 4202 2086 4257 Et
2110 4204 2423 4273 injustitiam
2453 4221 2622 4260 meam
2649 4223 2751 4261 non
2771 4208 3041 4264 abscondi.

1948 4292 2109 4348 Cllle
2173 4292 2425 4348 delictum
2507 4294 2777 4364 cognitum
2836 4296 3004 4364 facit,
3065 4300 3160 4370 qui
3212 4298 3448 4360 illud'in

1878 4382 2271 4439 confessionem
2298 4398 2478 4437 veram
2504 4386 2770 4455 perducit.
2799 4386 3026 4458 Operire
3056 4400 3141 4446 est
3170 4392 3325 4448 valde
3353 4393 3453 4448 ali-

1877 4474 2003 4543 quid
2026 4473 2240 4531 silentio
2262 4482 2465 4545 tegere,
2487 4485 2581 4531 aut
2596 4477 2778 4532 cordis
2802 4477 3231 4537 dissimulatione
3252 4483 3450 4548 celare,

1874 4564 1977 4619 hoc
2003 4564 2210 4619 faciunt
2236 4563 2412 4629 stulti,
2439 4567 2534 4635 qui
2566 4575 2750 4636 putant
2797 4568 2963 4624 Deum
3006 4571 3258 4641 ignorare
3308 4574 3454 4642 quod

1875 4664 2060 4725 agunt.
2096 4655 2356 4711 Delictum
2387 4655 2612 4723 quidam
2647 4656 2765 4711 leve
2797 4667 2987 4727 putant
3028 4674 3148 4716 esse
3175 4670 3456 4729 peccatum

1874 4754 2028 4821 quasi
2062 4752 2420 4824 negligentius
2467 4754 2818 4815 derelictum.
2862 4754 3124 4822 iniustitia
3153 4766 3332 4809 autem
3375 4764 3459 4810 est

1877 4843 2110 4900 immane
2134 4844 2336 4916 aliquid
2369 4844 2453 4900 vel
2496 4860 2707 4909 saevum
2754 4846 3118 4900 commissum.
3149 4844 3255 4898 Sed
3282 4854 3336 4899 et
3374 4846 3464 4902 hic

1878 4933 2087 5002 puritas
2111 4934 2429 4990 conﬁtentis
2459 4934 2812 5004 ostenditur,
2847 4934 2974 5001 quia
3010 4947 3115 4986 non
3142 4932 3255 4985 vult
3291 4931 3468 4986 celare

1875 5024 2018 5093 quod
2048 5025 2374 5082 credebatur
2408 5039 2574 5096 esse
2602 5021 2807 5084 veniale
