4000 5370
512 337 612 393 159

1482 322 1538 377 S.
1581 319 1926 378 BRL‘NUNlS
1968 319 2506 376 llEliBll’OLENSlS
2543 321 2847 378 EPISCOI’I

3677 327 3778 381 M0

512 453 638 525 quia
673 460 852 505 tacere
886 450 1216 507 decreverat,
1243 455 1301 496 ut
1329 442 1400 495 illi
1443 442 1689 495 crederet
1726 453 1846 490 esse
1894 435 2095 507 aliquid
2124 443 2171 503 Α
2203 438 2267 492 l5
2344 440 2513 492 Multa
2560 441 2770 509 ﬂagella
2797 443 3080 508 peccatoris
3101 459 3119 495 :

511 545 774 607 celatum,
800 542 890 611 qui
929 551 1220 606 antequam
1248 535 1397 595 fiant,
1433 531 1613 584 omnia
1663 530 1830 582 novit.

547 640 578 693 7
655 637 764 691 Pro
787 637 885 688 hac
909 631 1092 688 orabat
1116 630 1184 682 ad
1206 639 1255 682 te
1274 626 1443 680 omnis
1470 634 1714 677 sanctus:

657 731 724 783 In
747 738 974 797 tempore
1001 731 1310 794 Opportuna.

584 823 632 878 Ii
663 822 769 876 Pro
801 821 902 874 hac
925 817 1125 882 orabit,
1164 815 1215 868 id
1246 821 1347 874 est,
1403 825 1502 879 pro
1538 809 1824 878 iniquitate
1861 807 1962 860 hac
2015 802 2100 857 vel

514 915 854 971 remissione.
914 908 1056 980 quod
1107 905 1358 977 superius
1403 904 1574 957 dixit:
1617 898 1806 956 Omnis
1857 904 2099 956 sanctus,

513 1009 666 1070 dicit,
700 1005 826 1076 quia
850 1016 1010 1058 nemo
1035 1008 1118 1055 est
1152 1015 1180 1052 a
1208 995 1446 1068 peccatis
1475 991 1750 1048 immunis.
1795 989 1836 1045 C
1885 990 1938 1043 In
1970 997 2105 1042 tem-

515 1112 647 1169 pore
669 1103 990 1167 opportuno,
1026 1091 1080 1144 in
1111 1090 1213 1144 ista
1241 1087 1447 1143 scilicet
1478 1082 1662 1136 mundi
1697 1082 1830 1145 vita,
1863 1080 1952 1133 ubi
1977 1094 2104 1132 con-

515 1168 654 1243 verti
680 1185 761 1242 fas
789 1193 890 1238 est.
936 1180 1067 1235 Nam
1099 1179 1152 1233 in
1195 1177 1406 1232 inferno
1429 1173 1592 1245 (sicut
1622 1171 1872 1240 superius
1901 1168 2104 1224 dictum

523 1280 627 1350 est)
661 1292 821 1333 nemo
852 1273 1092 1345 profit-ue
1118 1269 1347 1324 Domino
1369 1265 1678 1322 confitetur.

513 1431 516 1434 ,
555 1372 590 1428 8
674 1369 1042 1424 Verumtamen
1065 1366 1119 1417 iu
1142 1360 1339 1416 diluvio
1364 1372 1623 1429 aquarum
1654 1352 1940 1407 multarum
1965 1366 1983 1402 :

664 1462 744 1514 Ad
767 1475 885 1514 eum
910 1473 1011 1510 non
1033 1450 1490 1524 approximabunt.
1673 1449 1676 1452 ’

589 1556 632 1608 C
673 1552 941 1609 Diluvium
984 1562 1249 1618 aquarum
1282 1542 1578 1598 multarum
1617 1547 1704 1593 est
1745 1549 1902 1590 error
1929 1532 2110 1588 homi-

524 1660 653 1702 num
685 1643 1065 1714 pessimorum,
1097 1637 1188 1706 qui
1230 1633 1395 1687 variis
1443 1627 1806 1699 pravitatibus
1848 1623 2112 1678 ﬂuctuan-

523 1750 627 1804 tes,
657 1736 982 1805 multiplices
1012 1731 1116 1786 sibi
1155 1726 1437 1783 doctrinas
1462 1723 1823 1784 constituunt,
1858 1726 1912 1772 et
1944 1715 1999 1770 h'i
2045 1716 2112 1767 ad

2347 529 2650 599 Sperantem
2678 542 2852 584 autem
2892 532 2946 583 in
2989 531 3212 586 Domino
3263 535 3628 588 misericordia
3678 539 3783 589 cir-

2420 624 2707 678 rumdabit.

2274 715 2314 770 C
2353 715 2515 770 Multa
2548 715 2754 788 ﬂagella
2785 717 3053 772 sustinent
3074 727 3387 788 peccatores
3411 729 3789 784 contumaces,

2203 809 2449 863 nolentes
2479 809 2558 864 ire
2585 825 2678 878 per
2703 811 2927 865 semitas
2971 820 3165 877 rectas,
3191 823 3244 865 ut
3275 814 3417 882 quod
3441 829 3549 869 non
3579 815 3792 870 faciunt

2203 909 2394 967 sponte
2428 918 2442 951 :
2471 899 2641 971 plagis
2671 901 2926 957 adhibitis
2956 914 3218 974 cogantur
3251 904 3494 974 implere.
3547 907 3792 976 Speran-

2208 999 2288 1044 tes
2347 1002 2526 1045 autem
2579 992 2632 1046 in
2699 991 2926 1049 Domino
2971 994 3326 1050 circumdabit
3370 997 3792 1064 misericordia,

2206 1092 2267 1137 ut
2296 1098 2400 1138 non
2425 1084 2494 1138 sit
2518 1083 2666 1140 locus
2690 1085 2930 1152 relictus,
2956 1085 3097 1140 unde
3131 1087 3299 1157 possit
3329 1087 3576 1144 diabolus
3608 1088 3678 1144 ad
3705 1103 3798 1144 eos

2207 1177 2452 1232 introire.

2210 1267 2275 1318 Η
2351 1265 2628 1320 ιαιιαηιὶηἱ
2667 1269 2718 1320 in
2751 1267 2973 1321 Domino
2993 1278 3043 1322 et
3063 1271 3318 1323 exsultate
3329 1270 3466 1340 justi
3493 1285 3511 1322 :

2354 1355 2420 1410 Et
2446 1356 2748 1427 gloriamini
2769 1374 2945 1411 omnes
2970 1360 3096 1411 recti
3117 1361 3292 1413 corde.

2281 1445 2322 1500 C
2348 1445 2743 1513 Omnisjustus
2770 1447 2981 1502 laetatur
3009 1448 3060 1501 in
3092 1447 3341 1502 Domino.
3366 1447 3500 1503 Nam
3530 1450 3623 1520 qui
3661 1451 3715 1504 in
3741 1466 3803 1507 se

2211 1541 2424 1608 gaudet,
2452 1539 2626 1595 fallaci
2652 1542 3071 1610 praesumptione
3099 1541 3397 1610 decipitur;
3445 1542 3537 1612 qui
3575 1558 3710 1598 vero
3747 1544 3800 1598 in

2216 1633 2442 1686 Domino
2493 1633 2726 1698 lzetatur,
2767 1642 3022 1703 perpetua
3077 1633 3436 1690 delectatione
3477 1635 3798 1705 perfruitur.

2218 1723 2409 1778 Laetari
2441 1733 2524 1779 est
2552 1725 2730 1780 tacita:
2757 1726 2950 1779 mentis
3001 1727 3269 1780 suavitate
3321 1727 3568 1782 mulceri.
3618 1728 3805 1783 Exsul-

527 1833 811 1888 Dominum
843 1844 948 1883 "0“
988 1823 1463 1896 ³ΡΡ¹⁶οιίιη²υυηίν
1497 1816 1751 1887 quoniam
1800 1828 1831 1868 ³
1862 1826 1990 1866 Vera
2025 1824 2117 1863 I‘C-
2147 1797 2191 1856 Β
2221 1825 2338 1871 tare
2366 1832 2494 1871 vero
2521 1828 2604 1871 est
2647 1817 2903 1872 concitati
2955 1817 3119 1871 animi
3166 1817 3381 1874 fervore
3426 1820 3682 1890 gaudere.
3739 1821 3806 1875 Et

527 1924 728 1994 ligione
766 1920 1069 1976 discedunt.

564 1993 597 2072 9
675 2015 749 2068 Tu
783 2031 835 2068 es
878 2011 1138 2081 refugium
1185 2021 1355 2060 meum
1394 2021 1426 2056 a
1474 1998 1811 2054 tribulatione
1860 2009 1976 2064 qua?
2023 1993 2120 2045 cir-

735 2106 998 2162 eumdeilit
1032 2119 1112 2156 me
1132 2115 1153 2152 :

675 2198 944 2253 Exultatio
985 2210 1099 2247 mea
1128 2206 1251 2245 erue
1300 2204 1380 2241 me
1427 2203 1459 2238 a
1512 2178 1962 2237 circumdantibus
2016 2190 2117 2228 me.

743 2290 836 2344 Diu
845 2288 1069 2359 psalmo.

601 2383 643 2438 C
683 2356 992 2451 Defugiunt,
1042 2385 1124 2430 est
1148 2373 1214 2428 ad
1243 2367 1384 2440 quod
1410 2364 1743 2433 conlugitur,
1793 2370 1852 2415 ut
1885 2356 2122 2429 pericula

529 2475 888 2531 declinentur.
1404 2511 1416 2519 .

604 2567 644 2620 ll
677 2563 980 2619 Exsultatio
1003 2573 1144 2620 mea,
1175 2555 1308 2610 dicit
1335 2549 1600 2611 Ecclesia,
1642 2546 1767 2614 quia
1810 2545 1862 2598 in
1901 2553 1954 2598 te
1988 2555 2118 2612 gau-

533 2659 653 2714 deo.
685 2657 726 2710 (Σ
754 2655 892 2708 Erue
916 2666 1000 2704 me
1027 2651 1094 2702 ab
1123 2645 1380 2705 inimicis,
1410 2641 1526 2695 sive
1555 2655 1584 2692 a
1613 2637 1759 2690 vitiis
1793 2632 2124 2695 carnalibus,

531 2765 626 2803 seu
659 2744 938 2816 Spiritibus
989 2737 1304 2800 immundis,
1351 2734 1441 2803 qui
1483 2746 1581 2785 nos
1610 2727 1836 2798 perdere
1865 2722 2126 2795 praecipiti

533 2836 822 2890 velocitate
851 2831 1130 2886 festinant.

533 2928 604 2982 £0
676 2924 1004 2980 Intellectum
1028 2920 1120 2972 tibi
1153 2916 1311 2981 dabo,
1341 2925 1388 2968 et
1429 2914 1690 2966 instruant
1721 2919 1769 2962 te
1817 2908 1871 2960 in
1915 2905 1995 2960 via
2027 2907 2127 2958 hac

748 3032 856 3085 qua
886 3011 1146 3082 gradieris
1165 3023 1183 3060 :

684 3107 933 3163 Firmabo
957 3121 1112 3174 super
1141 3114 1190 3157 te
1221 3101 1400 3156 oculos
1430 3115 1588 3153 meos.

2222 1911 2527 1978 gloriamini
2590 1911 2679 1980 qui
2737 1912 2869 1966 recti
2931 1912 3096 1966 corde
3148 1911 3282 1966 estis
3345 1919 3402 1966 et
3459 1913 3704 1976 creditis,
3737 1928 3805 1967 ex

2221 2004 2444 2059 servitio
2473 2004 2563 2058 Dei
2592 2018 2686 2059 eos
2717 2005 2782 2059 ad
2810 2013 3029 2059 aeternae
3055 2004 3402 2060 beatitudinis
3424 2005 3647 2076 pnemia
3679 2020 3804 2076 per-

2223 2109 2427 2150 νθηινθ.

2688 2205 2885 2244 ORATIO
2916 2206 2982 2243 EX
3019 2206 3166 2244 I’SAL.
3202 2205 3342 2244 XXXI.

2297 2278 2497 2334 Sancte
2545 2280 2789 2343 Domine,
2834 2281 2924 2351 qui
2974 2283 3217 2336 remissis
3257 2281 3493 2347 delictis,
3517 2281 3812 2337 beatitudi-

2227 2384 2350 2424 nem
2385 2377 2434 2424 te
2455 2369 2720 2424 confessis
2760 2371 3014 2425 attribuis
3060 2387 3076 2424 :
3125 2371 3320 2426 exaudi
3365 2380 3486 2425 vota
3528 2373 3814 2442 prmsentis

2227 2461 2463 2524 familias,
2491 2471 2543 2516 ct
2578 2462 2858 2517 confracto
2909 2464 3116 2531 peccati
3167 2464 3394 2518 aculeo:
3431 2464 3659 2533 spiritali
3717 2480 3812 2518 nos

2226 2551 2582 2608 exsultatione
2617 2553 2898 2622 perfunde.
2931 2555 3032 2609 Per
3061 2555 3343 2610 Dominum
3367 2566 3609 2611 nostrum
3632 2555 3815 2610 .lesum

2227 2644 2526 2712 Christum,
2549 2655 2651 2702 etc.

2737 2739 2958 2794 PSALM
2969 2739 3055 2795 US
3088 2739 3298 2794 XXXII.

2633 2865 2992 2906 lRGUMENTL‘I
3039 2865 3187 2904 PSAL.
3241 2865 3411 2904 XXXII.

2308 2961 2633 3031 CPi-Opheta
2664 2963 2719 3016 in
2765 2963 2994 3017 Domino
3038 2961 3276 3032 gaudere
3323 2963 3580 3016 admonet
3619 2960 3820 3029 justos,

2232 3056 2527 3124 beatosque
2557 3056 2826 3125 appellat,
2847 3056 2937 3125 qui
2965 3056 3028 3109 ad
3060 3053 3178 3124 ejus
3217 3054 3516 3108 meruerint
3548 3055 3820 3124 pertinere

684 3146 706 3162 .
735 3146 932 3163 ...........
957 3146 1099 3174 ην..
1141 3146 1188 3157 ,ν
1223 3146 1399 3156 ηπ---
1546 3146 1588 3152 --

609 3202 651 3259 C
689 3200 1022 3257 Intellectum
1053 3211 1158 3251 non
1188 3194 1386 3248 habent
1416 3185 1885 3260 peccatoresznisi
1911 3183 2128 3254 quando
2155 3160 2200 3219 (ἶ
2231 3146 2516 3260 malum”

537 3293 816 3351 conversis
855 3289 1117 3344 Dominus
1148 3283 1473 3355 propitiatus
1515 3279 1598 3333 eis
1641 3275 1899 3346 indulget.
1927 3273 2130 3328 Intelli-

539 3401 666 3458 gere
690 3396 773 3438 est
793 3383 934 3437 bene
957 3393 1118 3448 agere
1152 3385 1208 3431 et
1247 3375 1314 3427 ad
1345 3372 1599 3428 mandata
1632 3369 1725 3423 Dei
1751 3377 1873 3423 vota
1905 3379 2132 3420 conver-

546 3491 682 3532 tere.
707 3475 773 3529 Et
814 3474 1078 3525 instruant
1111 3478 1185 3531 te,
1239 3465 1396 3534 quasi
1454 3462 1789 3517 nescientem
1843 3458 2128 3513 docebam.

540 3571 601 3626 In
629 3569 714 3622 via
747 3568 848 3621 hac
869 3580 972 3634 qua
1000 3560 1285 3632 gradieris.
1317 3557 1416 3612 HA
1448 3557 1600 3609 Viam
1632 3548 2134 3608 confessionisdicit

543 3661 804 3717 docebam
837 3668 906 3721 te,
939 3664 998 3709 ut
1025 3670 1130 3708 non
1157 3652 1376 3707 recedas
1407 3650 1474 3704 ab
1502 3662 1586 3702 ea.
1616 3646 1656 3702 C
1685 3645 1944 3700 Firmaho
1976 3656 2138 3712 super

545 3762 598 3806 te
619 3750 822 3814 oculos,
858 3748 1042 3810 idest,
1087 3747 1138 3798 in
1183 3753 1234 3798 te
1282 3742 1513 3812 dirigam
1553 3738 1734 3792 lumen
1767 3733 2137 3804 intelligentiae

549 3859 705 3899 meae.

552 3937 611 3990 II
697 3934 874 3989 Nolite
897 3931 1012 4002 ﬁeri
1041 3931 1174 3984 sicut
1195 3943 1356 3999 equus
1390 3941 1437 3980 et
1468 3929 1678 3979 mulus:

551 4014 554 4015 ν
697 4026 901 4093 Quibus
935 4040 1038 4078 non
1067 4031 1141 4076 est
1182 4019 1494 4073 intellectus.

623 4120 666 4179 C
693 4121 880 4189 Equus
907 4118 1026 4172 sine
1054 4114 1384 4169 discretione
1410 4128 1423 4162 :
1458 4107 1692 4163 sessoris
1705 4104 1934 4159 arbitrio
1951 4100 2137 4161 servit,

548 4227 603 4270 et
632 4230 661 4268 a
687 4203 1016 4282 quocunque
1038 4219 1300 4262 ascensus
1326 4201 1513 4265 fuerit,
1544 4198 1808 4254 excurrit.
1840 4194 2016 4249 Mulus
2045 4209 2140 4262 pa-

553 4311 752 4362 tienter
770 4318 936 4360 onera
964 4310 1169 4373 portat,
1211 4308 1267 4353 et
1307 4311 1402 4367 per
1433 4295 1536 4350 hoc
1565 4293 1783 4363 utrique
1809 4289 2141 4344 intellectum

552 4415 660 4454 non
691 4397 914 4459 habent,
942 4395 1067 4463 quia
1110 4408 1209 4448 nec
1237 4405 1411 4459 equus
1453 4387 1604 4458 eligit
1637 4385 1722 4441 cui
1759 4383 1998 4446 obediat,
2045 4394 2146 4434 nec

555 4488 738 4546 mulus
765 4487 962 4556 quibus
1011 4483 1270 4539 onerilms
1323 4481 1640 4550 ingravetur
1691 4474 1966 4544 intelligit,
2016 4486 2145 4540 ergo

556 4576 840 4634 diabolicis
869 4573 1152 4628 fraudibus
1182 4570 1407 4626 insideri
1439 4580 1494 4622 et
1523 4567 1783 4621 vitiorum
1824 4576 1990 4618 onere
2023 4575 2148 4631 gra-

558 4670 674 4724 vari
697 4667 947 4723 homines
977 4662 1228 4734 prohibet
1268 4659 1550 4730 propheta.

561 4760 631 4816 12
703 4759 771 4813 In
801 4758 986 4812 chamo
1014 4764 1059 4810 et
1087 4754 1234 4824 freno
1263 4749 1509 4804 maxillas
1539 4763 1718 4803 eorum
1737 4735 2034 4816 constringe
2061 4762 2073 4797 :

707 4851 813 4917 Qui
836 4865 941 4903 non
972 4846 1339 4918 approximant
1368 4843 1438 4897 ad
1463 4853 1531 4896 te.

634 4942 949 4999 C-Chamus
974 4940 1040 4994 ad
1064 4936 1268 4991 mulum
1292 4934 1546 5006 pertinet,
1576 4931 1789 4987 frenum
1832 4931 1900 4985 ad
1950 4943 2148 4998 equum

558 5034 804 5107 respicit.
836 5033 1072 5088 Frenum
1104 5031 1250 5086 enim
1273 5045 1302 5082 a
1328 5026 1446 5081 fero
1474 5024 1757 5080 retinendo
1787 5023 1992 5078 dictum
2022 5029 2142 5084 est;

564 5129 739 5164 {mum
769 5141 784 5156 ο
818 5126 1021 5164 onlinni
1049 5123 1319 5164 aalmllnm
1345 5120 1616 5164 dixerunt-
1646 5117 1789 5164 Eum
1811 5117 1910 5164 ista
1943 5114 2145 5164 retina-

2376 3240 2482 3293 TT.
2515 3239 2760 3294 Psalmus
2785 3239 2955 3294 Darid

2305 3329 2368 3385 C.
2398 3329 2497 3385 Hic
2524 3330 2710 3385 titulus
2739 3332 2962 3385 omnino
2992 3340 3152 3384 notus
3175 3338 3280 3394 est,
3308 3339 3363 3383 et
3398 3329 3516 3382 idco
3559 3327 3732 3384 lector
3771 3330 3824 3384 in

2234 3437 2300 3476 eo
2331 3430 2594 3490 sequatur
2620 3421 3010 3490 expositionem
3045 3421 3301 3490 priorem.

2274 3514 2295 3566 ι
2375 3511 2796 3582 Exsultatcjusti
2825 3513 2875 3565 in
2901 3507 3125 3566 Domino
3159 3525 3177 3562 .'

2382 3601 2564 3655 ηεσιοδ
2585 3601 2728 3654 decet
2753 3600 3091 3654 collaudatio.

2311 3693 2353 3749 C
2400 3693 2725 3748 Commonet
2779 3691 3039 3762 propheta
3094 3691 3456 3755 Christianos,
3509 3699 3568 3744 ut
3609 3705 3721 3744 non
3778 3688 3827 3743 in

2241 3787 2474 3843 terrenis
2501 3786 2952 3841 delectationibus
3000 3784 3292 3847 exsultent,
3325 3785 3418 3838 sed
3474 3783 3527 3836 in
3580 3781 3830 3844 Domino,

2243 3881 2330 3936 ubi
2364 3882 2552 3952 gaudia
2584 3883 2843 3937 continua
2875 3879 3141 3933 suavitate
3175 3876 3415 3949 perfecta
3442 3885 3587 3931 sunt.
3632 3875 3838 3931 [lectos

2243 3974 2398 4029 decet
2429 3972 2788 4037 collaudatio,
2822 3987 2928 4026 non
2963 3970 3246 4025 luereticos
3272 3982 3466 4040 pravos
3513 3969 3699 4030 decet,
3741 3965 3837 4021 sed

2244 4075 2445 4121 rectos.
2479 4064 2523 4118 ll
2555 4064 2654 4131 Qui
2690 4051 2954 4134 iniregula
2985 4061 3230 4116 veritatis
3251 4076 3346 4115 sua
3371 4059 3534 4114 corda
3566 4058 3837 4128 dirigunt.

2243 4154 2284 4210 C
2313 4155 2651 4211 Collaudatio
2688 4169 2815 4208 vero
2852 4151 3142 4205 nutltorum
3173 4164 3269 4204 ore
3298 4165 3402 4204 una
3446 4146 3696 4200 laudatio
3726 4153 3833 4207 est,

2247 4256 2465 4318 propter
2495 4245 2754 4300 unitatem
2785 4242 3059 4298 Ecclesiae.

2280 4358 2316 4411 Ξ
2388 4356 2721 4425 Cou/‘itemini
2758 4353 2986 4408 Domino
3012 4354 3066 4406 in
3090 4352 3296 4405 cithara
3326 4365 3349 4400 :

2388 4449 2455 4503 lu
2478 4449 2726 4518 psalterio
2753 4447 2926 4499 decem
2948 4445 3267 4498 chordarum
3290 4439 3497 4510 psallite
3513 4437 3616 4490 illi.

2177 4534 2225 4592 ι)
2324 4537 2364 4594 C
2391 4538 2614 4594 Cithara
2659 4536 2826 4600 dicta,
2853 4550 2976 4604 qua‘
3025 4533 3134 4588 cita
3186 4531 3470 4585 iteratione
3513 4526 3840 4598 percutitur.

2252 4632 2297 4686 ll
2335 4630 2548 4684 [labens
2574 4629 2826 4682 deorsum
2856 4641 3123 4688 cacumen,
3146 4622 3395 4692 superius
3437 4634 3533 4674 sex
3577 4619 3841 4683 chordas,

2252 4731 2306 4777 et
2336 4719 2605 4792 signiﬁcat
2629 4734 2722 4773 sex
2749 4733 2910 4788 epeia
2944 4714 3349 4771 misericordiae.
3374 4711 3442 4767 Et
3466 4710 3533 4765 de
3555 4709 3664 4764 illis
3688 4709 3845 4763 chor-

2253 4814 2336 4869 dis
2364 4813 2484 4867 aliaa
2506 4811 2640 4866 bene
2665 4818 2906 4872 cantant,
2931 4809 3048 4862 alia!
3077 4813 3438 4860 murmurant.
3469 4801 3562 4857 Sic
3580 4809 3636 4856 et
3664 4800 3842 4855 sancti

2255 4905 2346 4960 alii
2377 4904 2456 4960 sic
2487 4902 2578 4957 alii
2614 4917 2740 4956 vero
2771 4900 2868 4956 sic.
2928 4897 3254 4954 Psalterium
3304 4896 3371 4950 de
3414 4907 3635 4949 sursum
3675 4891 3844 4945 habet

2257 5011 2504 5050 cavamen
2528 5002 2583 5048 et
2612 4993 2796 5047 decem
2827 4990 3080 5051 chordas,
3111 4995 3168 5042 et
3205 4985 3386 5055 signat
3412 4984 3598 5038 decem
3633 4993 3842 5049 praece-

2257 5096 2347 5154 pta
2386 5083 2540 5154 legis,
2568 5094 2688 5150 quae
2718 5079 2786 5134 de
2813 5077 3058 5147 supernis
3077 5075 3303 5130 veniunt
3329 5072 3382 5126 in
3422 5077 3662 5125 sanctos.
