4000 5370
205 255 293 310 lil
1389 253 1753 312 EXl‘OSlTlO
1794 253 2242 318 I‘SALMORUM.

201 391 320 446 pere
383 387 480 432 aut
549 393 700 435 mens
740 377 1201 449 comprehendere
1256 387 1466 448 potest,

201 471 356 524 homo
382 469 554 525 debet
577 471 797 526 laudare
829 471 1019 536 Deum,
1052 473 1194 541 quod
1223 484 1300 526 est
1319 469 1543 538 juhilus.

231 561 262 614 6
341 563 486 627 Quia
522 573 714 616 rectum
737 575 813 618 est
847 565 1054 619 verbum
1083 563 1292 618 Domini
1319 581 1336 618 :
1406 564 1416 572 ’

343 653 411 705 Et
441 655 624 707 omnia
648 672 806 724 opera
827 655 940 725 ejus
972 657 1026 709 in
1053 656 1179 724 ﬁde.

261 748 303 804 C
337 747 551 804 [lectus
577 759 661 804 est
680 751 866 820 itaque
889 765 1070 805 sermo
1095 750 1328 817 Domini,
1369 751 1436 804 ad
1485 751 1797 821 dirigendos

203 840 402 895 scilicet
424 841 702 906 homines,
728 842 997 897 veraciter
1020 843 1163 898 enim
1214 851 1396 898 rectus
1440 841 1657 906 dicitur,
1691 837 1786 910 ιιιὶ

205 941 376 987 rectos
399 932 552 987 facit.
586 933 631 988 ll
659 934 834 1004 Opera
864 935 979 1004 ejus
1027 934 1079 989 in
1130 933 1235 989 lide
1279 941 1616 1000 sanctorum,
1655 936 1781 1004 quia

203 1025 336 1091 quod
365 1027 643 1094 promittit
672 1027 813 1082 Deus
835 1028 1039 1084 sanctis
1073 1045 1086 1081 :
1129 1043 1234 1082 non
1267 1028 1546 1082 mentitur.

235 1115 267 1169 5
337 1117 531 1189 Diligit
560 1122 976 1176 misericordiam
1005 1133 1051 1176 et
1066 1121 1328 1192 judicium
1363 1139 1380 1176 :

338 1207 710 1263 Misericordia
737 1211 950 1264 Domini
974 1210 1126 1281 plena
1157 1222 1231 1265 est
1261 1222 1424 1266 terra.

265 1298 307 1356 C
337 1298 524 1372 Diligit
558 1302 988 1358 misericordiam
1020 1306 1071 1358 in
1107 1305 1208 1357 hoc
1264 1305 1497 1368 mundo,
1531 1305 1618 1359 tibi
1672 1320 1793 1358 eam

198 1391 355 1462 longe
413 1392 634 1463 lateque
687 1394 1020 1449 dissentiunt.
1090 1393 1354 1452 Videlicet
1417 1395 1506 1449 ubi
1563 1396 1795 1450 sustinet

197 1495 536 1556 peccatores,
562 1487 652 1540 ubi
682 1486 1024 1558 blaSphemos
1057 1486 1325 1556 patienter
1359 1494 1659 1556 exspectat.
1690 1483 1786 1539 Ju-

196 1577 440 1631 dicium:
492 1593 616 1632 eum
679 1579 796 1649 pios
840 1588 1143 1649 sequestrat
1189 1577 1258 1632 ab
1303 1579 1500 1648 impiis.
1561 1577 1626 1631 Et
1681 1593 1792 1632 iue-

199 1667 297 1721 rita
323 1683 516 1722 eorum
547 1667 875 1738 mqualitatis
912 1670 1068 1724 lance
1113 1669 1393 1724 discernit.
1429 1667 1473 1721 ll
1498 1666 1660 1720 Plena
1708 1676 1788 1720 est

198 1769 340 1814 terra
373 1779 388 1816 :
419 1769 568 1816 totus
595 1762 861 1826 mundus,
891 1761 972 1817 vel
1026 1761 1295 1828 Ecclesia,
1345 1761 1473 1832 quia
1518 1761 1660 1816 sicut
1701 1760 1791 1814 ille

195 1852 399 1924 ubique
426 1864 530 1919 est,
564 1855 638 1908 ita
669 1855 1044 1910 misericordia
1067 1871 1191 1910 cum
1218 1855 1306 1910 illo
1332 1865 1416 1911 est
1447 1854 1664 1924 ubique.

228 1942 261 1998 6
346 1942 514 1999 Verbo
545 1945 764 2001 Domini
791 1947 903 2001 caeli
932 1947 1130 2016 ﬁrmati
1154 1958 1275 2001 sunt
1306 1963 1325 2003 :

333 2035 400 2090 Et
435 2035 636 2103 Spiritu
660 2040 770 2092 oris
799 2037 910 2108 ejus
937 2039 1103 2093 oumis
1128 2041 1290 2093 virtus
1321 2056 1522 2094 eorum.

262 2125 304 2181 ll
337 2126 379 2183 (Ξ
418 2126 594 2185 Verbc
629 2129 864 2193 Domini,
909 2129 1012 2186 hoc
1051 2138 1136 2187 est
1178 2147 1209 2185 a
1240 2129 1378 2186 Filio
1404 2131 1521 2196 Dei,
1549 2131 1671 2188 caeli
1701 2131 1790 2186 lir.

196 2220 323 2274 ωτιιί
365 2229 529 2286 sunt,
573 2222 626 2276 id
672 2230 760 2278 est
801 2223 1055 2292 apostoli.
1097 2222 1138 2279 C
1177 2221 1382 2294 Spiritu
1427 2223 1558 2288 oris,
1600 2224 1790 2293 utique

196 2311 409 2380 quando
431 2310 671 2382 Spiritus
704 2323 928 2370 sanctus
949 2329 1137 2371 eorum
1166 2316 1471 2371 doctrinam
1493 2315 1790 2372 declaravit

196 2402 362 2471 signis
388 2413 444 2458 et
471 2403 772 2460 miraculis.
799 2403 984 2462 Virtus
1007 2407 1174 2472 enim,
1197 2416 1253 2463 et
1279 2407 1346 2462 ad
1375 2407 1638 2462 miracula
1665 2424 1788 2479 per-

197 2492 348 2557 tinet,
384 2505 440 2548 et
473 2497 538 2548 ad
567 2496 1008 2565 pradicationem
1039 2514 1250 2555 eorum.

231 2587 259 2642 7
329 2589 668 2660 Congregans
695 2591 828 2645 sicut
855 2591 910 2645 in
941 2601 1107 2646 utrem
1135 2611 1301 2664 aquas
1330 2595 1494 2648 maris
1519 2611 1536 2649 :

334 2678 548 2734 Ponens
576 2682 630 2736 in
661 2685 924 2738 thesauris
949 2683 1182 2756 abyssas.

263 2769 306 2824 C
341 2769 479 2826 Uter
519 2781 606 2826 est
632 2781 856 2827 exutum
886 2775 1100 2843 pecoris
1147 2784 1364 2846 tergus;
1410 2776 1554 2844 quod
1600 2776 1785 2833 usibus

197 2861 446 2916 humanis
473 2862 712 2917 deservit
735 2863 803 2916 ad
844 2863 1081 2934 liquores
1107 2864 1316 2935 aliquos
1353 2868 1782 2937 congregandos,

193 2961 247 3004 et
272 2952 356 3006 hic
380 2961 504 3010 uter
526 2952 785 3009 Ecclesiae
805 2965 1174 3025 comparatur,
1199 2958 1325 3028 quia
1351 2959 1491 3014 sicut
1515 2959 1618 3015 iste
1639 2975 1785 3016 com-

195 3040 445 3110 ple’ctitur
464 3043 723 3113 liquores,
748 3045 821 3099 ita
849 3054 904 3102 et
925 3046 1069 3102 illam
1097 3047 1478 3103 adunationem
1509 3050 1784 3105 credentis

3394 275 3497 330 ΗΞ

1527 394 1787 450 quantum
1817 383 1868 440 Α
1894 380 2033 433 sicut
2065 391 2120 436 et
2151 383 2296 436 fecit.
2332 383 2371 438 C
2407 383 2498 440 Vel
2536 383 2832 440 Consilium
2867 396 3046 442 autem
3086 387 3299 446 Domini
3334 393 3499 449 intel-

1902 472 2118 544 ligimus
2150 476 2538 533 incarnationis
2575 494 2862 540 arcanum,
2908 481 3050 550 quod
3097 483 3162 536 ad
3207 486 3496 540 consulen-

1904 569 2029 622 dum
2075 554 2314 630 humano
2354 573 2534 641 generi
2577 581 2793 627 constat
2829 588 2955 628 esse
2993 589 3336 630 concessum.
3381 577 3495 633 Hoc

1901 659 2046 712 nulla
2084 669 2241 714 :etate
2275 659 2605 724 dissolvitur,
2646 664 2740 717 sed
2767 673 2947 718 manet
2977 664 3029 718 in
3062 674 3345 722 mteruum.
3376 669 3418 722 A
3450 670 3494 724 (Ξ

1901 751 2268 820 Cogitationes
2309 753 2487 808 cordis
2527 753 2645 822 ejus
2707 755 3018 826 significant
3063 759 3496 826 prazdestinatio-

1904 856 2047 906 nem,
2086 843 2136 896 in
2169 858 2272 912 qua
2304 853 2498 898 cuncta
2532 845 2764 914 reposita
2793 855 2918 900 sunt
2948 860 3066 916 qua:
3093 859 3411 917 permanent
3436 851 3491 905 in

1901 943 2179 988 mtcrnum.
2227 934 2450 988 .l-Eterna
2500 936 2662 1005 igitur
2702 946 3012 992 sanctorum
3061 941 3488 1009 praedestinatio,

1899 1024 2255 1091 cogitationes
2285 1027 2463 1082 cordis
2491 1042 2608 1094 eius
2638 1028 2911 1084 dicuntur.

1901 1136 1968 1189 12
2044 1137 2206 1192 Beata
2237 1155 2358 1208 gens
2389 1141 2542 1211 rujns
2571 1153 2644 1196 est
2680 1142 2931 1199 Dominus
2965 1147 3100 1203 Dens
3130 1167 3244 1220 ejus
3267 1161 3288 1202 :

2044 1226 2278 1296 Populus
2305 1247 2456 1300 quem
2484 1231 2632 1302 elegit
2661 1234 2712 1286 in
2742 1235 3099 1292 Ita'reilitatem
3124 1241 3244 1294 sibi.

1968 1316 2009 1371 C
2049 1317 2164 1387 lpsa
2198 1319 2383 1388 utique
2412 1336 2545 1391 gens
2571 1323 2726 1378 beata
2755 1335 2854 1388 est,
2886 1343 2914 1380 a
2944 1342 3049 1395 qua
3080 1329 3341 1386 Dominus
3366 1331 3492 1386 coli-

1899 1418 2004 1473 tur,
2037 1411 2126 1479 qui
2157 1426 2275 1464 eam
2307 1414 2538 1482 protegit
2564 1429 2626 1468 ac
2649 1417 2932 1485 gubernat.
2961 1416 3198 1476 Pooulus
3226 1419 3490 1476 Christia-

1897 1515 1997 1552 nus
2047 1500 2334 1556 haereditas
2365 1501 2565 1558 Christi
2610 1514 2726 1571 est,
2775 1507 2898 1575 quia
2947 1522 3070 1562 cum
3120 1518 3310 1566 auctor
3359 1528 3488 1568 suus

1896 1593 2164 1662 possidet,
2207 1610 2366 1664 quem
2413 1598 2886 1666 praedicationibus
2929 1603 3134 1657 sanctis
3162 1611 3218 1658 et
3250 1605 3488 1674 pretioso

1893 1683 2156 1754 sanguine
2186 1687 2493 1756 acquisivit.

1827 1761 1867 1820 Β
1903 1796 1963 1850 15
2040 1797 2114 1851 De
2144 1803 2268 1854 ratio
2305 1805 2524 1866 respexit
2558 1804 2810 1861 Dominus
2844 1825 2860 1861 :

2046 1887 2185 1943 Vidit
2216 1907 2392 1946 omnes
2425 1894 2559 1948 ﬁlios
2583 1899 2880 1952 hominum.

1961 1985 2006 2039 C
2045 1985 2118 2039 De
2148 1986 2286 2042 cmlo
2313 1991 2552 2060 respexit
2583 1993 2866 2062 Dominus,
2897 2000 3114 2068 quando
3141 2001 3364 2060 donavit
3391 2007 3488 2062 ad-

1892 2089 2111 2134 ventum
2143 2082 2346 2151 proprii
2373 2083 2518 2138 Filii.
2553 2084 2726 2149 Vidit,
2760 2090 3032 2160 signiﬁcat
3058 2095 3289 2165 gratiam
3325 2098 3487 2155 mise-

1892 2169 2078 2224 rentis.
2105 2169 2272 2227 Filios
2295 2173 2594 2230 hominum.
2627 2178 2669 2232 ll
2701 2179 2756 2234 Id
2784 2190 2866 2235 est
2893 2194 3206 2252 peccatores
3230 2187 3484 2253 absolvit,

1889 2261 2015 2331 quia
2046 2279 2322 2334 nunquam
2355 2278 2632 2336 respectus
2660 2269 2776 2340 ejus
2813 2274 2930 2329 sine
2959 2275 3331 2334 misericordia
3360 2279 3484 2336 fuit.

1889 2354 1930 2410 C
1963 2354 2097 2411 Nota
2149 2373 2296 2422 vero,
2325 2361 2470 2429 quod
2503 2361 2629 2415 dum
2677 2363 2820 2418 Deus
2852 2366 3048 2422 dicitur
3090 2370 3142 2422 in
3189 2369 3486 2441 Scripturis

1891 2449 2164 2520 respicere
2207 2462 2449 2520 peccata,
2501 2454 2685 2523 punit;
2732 2472 2855 2511 cum
2889 2473 3017 2515 vero
3062 2461 3360 2531 hominem,
3390 2462 3483 2518 ab-

1890 2540 2070 2595 solvit.

1892 2653 1956 2706 M
2030 2661 2109 2710 De
2132 2668 2432 2726 prieparato
2457 2659 2759 2718 habitacula
2787 2680 2879 2718 suo
2907 2683 2924 2719 :

2034 2745 2272 2817 Respexit
2301 2766 2458 2820 super
2485 2768 2661 2807 omnes
2687 2757 2778 2824 qui
2804 2756 3040 2812 habitant
3072 2769 3285 2814 terram.

1959 2839 1998 2895 C
2040 2840 2116 2896 De
2150 2853 2452 2912 prteparato
2493 2844 2822 2913 habitat-uio,
2853 2849 2904 2903 id
2939 2859 3046 2916 est,
3071 2853 3138 2907 de
3169 2853 3350 2910 futuro
3378 2855 3483 2912 Do-

1889 2931 2018 2985 mini
2057 2946 2306 3002 corporc,
2343 2937 2487 3005 quod
2524 2949 2883 3009 praeparatum
2922 2943 2974 2996 in
3004 2944 3482 3013 prtedestinatioue

1890 3019 2087 3077 fuerat.
2134 3024 2392 3096 Respexit
2431 3043 2593 3099 super
2631 3046 2843 3094 omnes.
2885 3033 2939 3087 id
2971 3043 3057 3089 est
3094 3035 3378 3107 disposuit,
3424 3051 3484 3095 ut.

189 3133 367 3202 populi
413 3133 661 3189 includit.
700 3135 852 3207 Aqua
901 3137 1068 3192 maris
1123 3138 1377 3210 populum
1416 3140 1784 3198 Christianum
1812 3129 1860 3192 ς
1889 3115 2215 3210 periclitanti
2259 3120 2460 3174 mundo
2507 3124 2688 3191 (quem
2733 3122 3074 3193 disposuerat
3109 3125 3316 3200 facere)
3355 3131 3482 3188 sub-

195 3225 478 3293 siguiiicat.
512 3226 554 3280 ll
575 3226 616 3282 C
647 3226 805 3282 Ponit
832 3228 883 3282 in
911 3230 1198 3293 thesauris,
1229 3231 1282 3284 id
1307 3240 1388 3286 est
1415 3231 1469 3285 in
1489 3231 1785 3303 Scripturis

194 3317 408 3372 divinis.
437 3318 698 3390 Abyssos,
726 3321 778 3374 id
804 3329 886 3375 est
909 3321 1333 3390 profunditatem
1360 3339 1638 3379 sensuum.

229 3410 259 3464 8
331 3409 535 3464 Timent
567 3410 852 3466 Dominum
881 3414 1048 3467 omnis
1077 3423 1214 3468 terra
1242 3431 1261 3470 .'

332 3501 411 3554 Ab
438 3519 498 3555 eo
522 3512 698 3558 autent
726 3514 1149 3560 commoveantur
1203 3521 1381 3562 omnes
1433 3508 1784 3566 inhabitantes

400 3595 597 3651 orbem.

251 3685 300 3742 Ε
339 3684 442 3742 llic
472 3695 614 3742 terra
651 3688 850 3744 durum
877 3691 1148 3759 significat
1178 3707 1275 3763 per
1304 3694 1486 3750 omnia
1535 3705 1784 3765 peceato-

193 3786 326 3843 rem,
352 3778 446 3848 qui
489 3779 682 3835 merito
713 3788 856 3835 terra
887 3781 1104 3845 dicitur,
1147 3784 1273 3854 quia
1319 3792 1528 3840 tantum
1568 3796 1781 3841 terrena

191 3868 382 3940 diligit.
409 3869 453 3926 ll
475 3870 933 3928 Commoveantur
949 3889 1160 3941 omnes,
1194 3876 1249 3931 id
1273 3885 1359 3932 est
1379 3877 1446 3933 de
1468 3877 1784 3934 inﬁdelitate

189 3959 258 4015 ad
288 3960 684 4018 credulitatem.
720 3963 784 4017 Et
814 3964 997 4030 aliter,
1039 3966 1094 4021 in
1123 3967 1482 4023 admiratione
1508 3968 1782 4025 Creatoris

186 4062 458 4108 creatura:
486 4053 652 4124 ipsius
677 4066 964 4111 common?
989 4067 1134 4112 sunt.

225 4143 261 4198 9
331 4143 594 4209 Quoniam
623 4146 736 4216 ipse
763 4147 896 4201 dixit
921 4159 966 4202 et
992 4147 1136 4218 {ae:a
1165 4161 1286 4206 sunt
1315 4165 1332 4202 :

330 4239 453 4310 Ipse
480 4241 749 4296 mandavit
774 4252 824 4295 et
851 4253 1027 4297 creata
1056 4255 1197 4299 sunt.

258 4331 307 4388 Η
345 4331 608 4400 Quoniam
642 4335 760 4405 ipse
782 4334 940 4400 dixit,
963 4336 1088 4392 Ideo
1119 4338 1290 4408 ipsum
1307 4349 1505 4395 cuneta
1534 4340 1776 4404 timeant,

192 4423 315 4493 quia
344 4423 414 4478 ab
440 4423 554 4494 ipso
575 4424 728 4480 facta
759 4435 886 4482 sunt
907 4437 1118 4484 creata.

1888 3207 2119 3260 veniret.

1887 3296 1954 3352 15
2031 3296 2134 3362 Qui
2163 3299 2316 3367 finxit
2346 3302 2655 3371 singillatim
2681 3304 2840 3358 corda
2871 3322 3052 3360 eorum
3079 3321 3100 3359 :

2032 3389 2137 3454 Qui
2163 3391 2402 3463 intelligit
2434 3395 2609 3448 omnia
2639 3411 2796 3464 opera
2825 3414 3028 3454 eorum.

1956 3479 1997 3538 C
2036 3481 2216 3536 Finxit
2243 3486 2407 3540 corda
2439 3487 2635 3556 quibus
2672 3487 3044 3558 intelligentia:
3069 3507 3181 3549 sna:
3205 3495 3342 3550 dona
3372 3496 3480 3553 lar-

1885 3575 2030 3644 gitus
2065 3584 2168 3632 est.
2201 3577 2547 3648 Singillatim,
2593 3579 2646 3634 id
2683 3592 2765 3635 est
2799 3582 3015 3637 divisim
3043 3584 3126 3640 vel
3157 3586 3477 3656 distinctim,

1883 3666 2048 3722 corda
2073 3682 2284 3734 eorum,
2318 3669 2526 3726 scilicet
2555 3681 2866 3728 sanctorum
2904 3676 3004 3730 sub
3040 3676 3253 3732 Domini
3279 3679 3480 3736 timore

1883 3758 2200 3812 viventium.
2240 3758 2516 3833 lntelligit,
2549 3763 2766 3833 quando
2806 3766 3017 3821 actibus
3047 3767 3312 3823 bonorum
3339 3785 3480 3842 prmo

1886 3849 1991 3902 mia
2032 3850 2192 3920 digna
2231 3853 2490 3907 restituit.
2534 3853 2724 3909 Omnia
2765 3871 2952 3927 opera,
2990 3858 3045 3913 id
3075 3868 3158 3915 est
3195 3862 3479 3932 cogitatio-

1885 3954 2003 4005 nes,
2034 3939 2202 4008 dieta,
2233 3950 2280 3996 et
2312 3943 2477 3998 facta.

1889 4051 1953 4108 16
2029 4050 2153 4107 Non
2181 4053 2417 4109 salivatur
2445 4071 2538 4109 rex
2565 4073 2659 4125 per
2686 4058 2905 4112 multam
2935 4059 3179 4115 virtutem
3201 4075 3221 4112 :

2031 4141 2096 4196 Et
2129 4145 2276 4214 gigas
2315 4161 2419 4200 non
2461 4145 2753 4202 salvabitur
2792 4150 2846 4203 in
2891 4149 3227 4207 multitudine
3274 4156 3478 4213 virtutis

2101 4237 2363 4292 +sute’

1953 4327 1994 4382 (Σ
2029 4327 2232 4396 Regem
2269 4330 2422 4394 dicit,
2444 4329 2716 4385 hominem
2743 4331 3134 4402 continentem,
3159 4337 3250 4407 qui
3292 4355 3481 4410 quam-

1887 4420 1968 4474 vis
2017 4430 2168 4492 regat
2205 4438 2404 4492 corpus
2443 4437 2605 4477 suum
2653 4425 3008 4480 miseratione
3051 4427 3231 4483 divina
3271 4447 3302 4486 a
3331 4431 3480 4489 vitiis

196 4514 260 4571 10
329 4514 585 4572 Dominus
615 4518 837 4588 dissipat
863 4519 1084 4574 consilia
1115 4521 1388 4590 gentium:
1421 4523 1659 4592 reprobat
1690 4541 1781 4578 au-
1813 4495 1858 4554 υ
1888 4522 2067 4568 lame“
2113 4516 2423 4571 carnalibus
2470 4515 2654 4569 salvus
2694 4516 2811 4572 ﬁeri
2855 4532 2962 4571 ηοη
3007 4529 3209 4588 Ροῑεεῑο
3240 4521 3368 4578 dum
3414 4524 3481 4579 de
3518 4514 3520 4516 V

400 4620 499 4663 tem
529 4610 874 4681 cogitationes
900 4612 1216 4682 populorum
1239 4628 1257 4665 :

411 4716 474 4758 σε·
507 4703 574 4756 Et
608 4703 628 4774 ξ
661 4703 898 4772 reprobat
927 4704 1144 4758 consilia
1179 4706 1495 4774 principum.

261 4793 308 4852 C
337 4797 596 4852 Dominus
641 4795 929 4867 dissipavit
974 4797 1199 4852 consilia
1243 4801 1516 4870 gentium,
1565 4817 1782 4870 quanao

197 4900 286 4942 eas
311 4888 363 4943 in
390 4887 657 4944 idolorum
697 4887 909 4942 cultura
951 4905 1058 4944 non
1101 4890 1303 4946 dimisit
1330 4893 1530 4948 diutius
1562 4906 1777 4963 perma-

203 4992 342 5032 nere.
404 4977 450 5033 Η
501 4978 781 5048 Reprobat
831 4979 1191 5049 cogitationes
1245 4981 1664 5042 Sadducaaorum
1725 4998 1780 5044 et

207 5067 586 5104 ῡιὶιιιιῖοωιηιω
664 5070 748 5104 val
803 5070 1129 5104 I‘n':nnnlulm
1177 5082 1502 5104 ηΛοΔιιοηΙ--σνι
1553 5093 1748 5104 ηΑ.ιΑ..-

1887 4620 1984 4659 sua
2017 4605 2216 4662 virtute
2251 4607 2680 4680 praesumpserit.
2717 4609 2980 4665 Eumdem
3012 4612 3176 4666 etiam
3205 4613 3483 4682 gigantem

1889 4697 2002 4752 vult
2038 4697 2288 4772 intelligi,
2323 4697 2416 4766 qui
2449 4697 2712 4752 virtutum
2755 4698 3130 4770 magnitudine
3168 4703 3480 4769 roboratus,

1886 4799 2076 4846 contra
2108 4790 2508 4848 immanitatem
2537 4787 2735 4844 diaboli
2766 4788 2991 4844 dimicat
3029 4788 3270 4848 fortiter.
3305 4794 3369 4848 Et
3415 4793 3486 4846 li-

1887 4892 1975 4939 cet
2015 4884 2094 4939 sic
2124 4885 2353 4955 fortiter
2374 4882 2651 4954 conﬂigat,
2690 4881 2734 4935 si
2769 4891 2945 4936 tamen
2975 4882 3294 4938 sublevatus
3323 4884 3490 4937 fuerit

1889 4977 2020 5033 vitio
2065 4977 2365 5046 superbiae,
2392 4976 2577 5030 salvus
2609 4988 2729 5028 esse
2769 4990 2872 5026 non
2907 4975 3125 5042 poterit.
3157 4971 3326 5042 Gigas
3359 4987 3493 5024 veru

1887 5067 2282 5104 iniam-minium
2344 5071 2606 5104 οριονῖιωηη
2674 5065 2732 5104 Ft
2784 5063 2922 5104 inet»
2960 5065 3129 5104 vii-tne
3174 5064 3410 5104 hlnnana
3456 5079 3496 5104 ει
