4000 5370
234 165 333 225 N5

1407 168 1770 227 EXPOSITIO
1808 170 2255 231 PSALMORUM.

3392 170 3491 225 “ti

263 290 297 342 8
368 281 584 338 Gustata
634 292 683 337 et
740 283 902 340 videte
956 290 1204 357 quoniam
1258 289 1432 342 suavis
1468 301 1525 341 +
1564 286 1651 341 est‘
1697 287 1880 350 DaJA
1906 288 2054 342 enim
2096 304 2248 344 mora
2279 289 2372 343 ﬁat
2402 289 2467 343 ad
2500 288 2848 353 audiendum,
2876 301 2999 342 cum
3027 286 3079 341 in
3113 284 3244 356 ipsis
3279 285 3489 343 habitet

431 384 605 435 minus

366 470 560 527 Beatus
586 476 663 528 vir
690 476 781 546 qui
806 487 977 546 sperat
1006 478 1059 531 in
1087 494 1164 531 eo.

293 560 336 619 C
360 563 604 627 Gustatc,
632 580 738 619 non
768 568 1001 635 pertinet
1020 568 1085 620 ad
1111 566 1374 636 palatum,
1400 568 1492 623 sed
1521 572 1586 623 ad
1615 570 1807 623 anima:

228 655 604 711 suavissimum
634 672 873 713 sensum.
910 659 951 713 Η
980 659 1082 727 Qui
1130 660 1370 730 perfecto
1418 662 1600 716 animo
1639 663 1806 716 Deum

229 745 375 801 timet
402 755 454 801 et
508 758 777 818 prteccpta
817 751 1070 814 custodit,
1118 759 1172 806 et
1207 753 1279 806 ita
1318 754 1484 806 sentit
1509 753 1802 813 Cluistum.

227 847 347 891 tunc
397 838 653 910 intelligit
700 842 824 911 quia
875 843 1055 896 suavis
1094 852 1192 905 est,
1232 844 1358 912 quia
1395 844 1509 912 ipse
1541 853 1626 899 est
1654 844 1808 915 panis

227 930 393 995 virus,
421 930 513 999 qui
545 931 611 985 de
649 931 789 986 C(BIO
817 933 1113 987 descendit.
1156 933 1353 989 Beatus
1389 936 1589 989 dicitur
1619 936 1709 1004 qui
1753 936 1806 989 in

225 1034 340 1075 eum
368 1033 574 1092 sperat,
608 1037 665 1078 et
691 1041 799 1080 non
831 1026 884 1080 in
915 1028 1183 1082 incertum
1217 1028 1548 1082 divitiarum.
1581 1028 1649 1083 Et
1688 1030 1808 1084 ideo

223 1114 428 1180 beatus,
468 1118 599 1188 quia
643 1119 793 1174 illum
843 1119 1006 1176 habet
1039 1123 1130 1193 qui
1160 1122 1344 1176 omnia
1379 1123 1560 1189 habet,
1594 1125 1697 1179 hoc
1725 1132 1810 1178 est

224 1205 406 1261 Deum.

250 1297 286 1352 9
355 1298 554 1356 Timete
577 1302 859 1359 Dominum
884 1322 949 1362 +
975 1324 1153 1363 omnes
1185 1309 1202 1378 ζ
1235 1308 1406 1363 sancti
1431 1309 1546 1379 ejus
1572 1328 1593 1365 τ

352 1390 625 1457 Quoniam
651 1413 753 1451 non
778 1408 851 1452 est
881 1401 1059 1468 inopia
1088 1402 1389 1456 lippientibus
1417 1418 1554 1455 eum.

286 1480 331 1537 Β
357 1482 572 1538 Timete
604 1486 912 1555 Dominum,
945 1493 1200 1548 omnibus
1227 1494 1430 1547 sanctis
1460 1492 1709 1560 imperat,
1741 1505 1808 1546 ne

222 1583 433 1644 accepta
495 1579 792 1635 securitate
844 1581 1202 1652 decipiantur.
1235 1582 1276 1639 C
1307 1582 1467 1640 Solus
1514 1584 1629 1653 ipse
1677 1581 1807 1635 nihil

221 1662 446 1733 indiget,
499 1666 595 1736 qui
644 1668 839 1725 timore
884 1671 978 1727 Dei
1030 1675 1235 1731 ditatus
1284 1684 1385 1731 est.
1445 1675 1616 1732 Omne
1662 1673 1807 1729 enim
1840 1666 1884 1725 Β

219 1755 408 1810 bonum
440 1758 628 1822 habet,
658 1762 789 1830 quia
815 1763 980 1819 Deum
1008 1766 1249 1821 timendo
1282 1776 1448 1822 amat.

221 1845 281 1900 10
349 1847 554 1904 Divites
578 1865 831 1921 eguerunt
859 1867 907 1909 et
930 1857 1223 1912 esurierunt
1249 1877 1269 1915 :

346 1938 689 2011 lnquirentes
736 1956 911 2000 autem
970 1948 1286 2014 Dominum,
1340 1966 1444 2005 non
1504 1953 1810 2008 minuentur

382 2032 536 2084 omni
567 2032 723 2087 beam
751 2035 1141 2107 +Diapsalma
1176 2040 1196 2110 ζ
1231 2079 1245 2093 .
1473 2036 1481 2045 ’

281 2118 321 2174 C
342 2120 508 2178 Tunc
530 2135 693 2193 egent
724 2127 938 2193 divites,
980 2130 1197 2198 quando
1236 2146 1339 2186 non
1369 2133 1571 2189 habent
1600 2142 1805 2188 rectam

219 2211 386 2267 ﬁdem.
419 2214 711 2283 Esuriunt,
772 2219 989 2288 quando
1016 2220 1241 2276 minime
1269 2238 1300 2276 a
1336 2224 1547 2278 Domini
1576 2239 1807 2294 corpore

220 2305 510 2372 satiantur;
546 2308 743 2364 divites
772 2320 988 2376 ventre,
1019 2315 1320 2371 esurientes
1345 2331 1562 2386 semper
1586 2317 1802 2387 spiritu.

222 2394 347 2462 Quid
376 2399 528 2453 enim
583 2400 815 2456 habeant
853 2404 944 2473 qui
985 2403 1268 2460 Dominum
1314 2421 1418 2462 non
1461 2409 1808 2464 habentHn-

220 2490 485 2558 quit-entes
518 2492 813 2547 Dominum
870 2508 977 2549 non
1025 2496 1282 2554 deﬁcient
1324 2499 1430 2554 ullo
1476 2500 1639 2566 bono,
1672 2516 1808 2572 quo-

221 2587 354 2641 niam
410 2590 692 2658 spirituali
737 2592 1007 2649 desiderio
1062 2594 1434 2664 perfruuntur.
1486 2595 1622 2652 Nam
1679 2613 1805 2653 cum

222 2676 484 2750 diligimus
515 2681 839 2749 Dominum,
872 2684 925 2739 in
952 2683 1173 2742 Christo
1199 2686 1381 2743 omnia
1412 2689 1731 2759 reperimus.

222 2790 275 2844 ll
357 2790 565 2858 Venite,
594 2794 716 2862 ﬁln',
750 2797 927 2851 audite
952 2815 1033 2853 me
1059 2816 1077 2854 :

350 2881 622 2937 Timorem
652 2884 865 2941 Domini
897 2889 1089 2943 docebo
1120 2907 1224 2946 vos.

281 2973 320 3028 C
356 2975 470 3030 Vox
498 2987 732 3048 paterna
756 2989 909 3035 sonat
937 2982 1003 3036 ad
1033 2984 1152 3039 illos
1176 2985 1266 3055 qui
1293 2987 1466 3056 prima
1500 2988 1806 3043 rudimenta

218 3064 529 3134 suscipiunt,
573 3077 632 3121 ut
668 3071 887 3124 veniant
928 3072 994 3125 ad
1039 3072 1197 3128 ﬁdem
1245 3074 1630 3131 Christianam.
1669 3077 1808 3133 Dum

219 3156 340 3212 dicit
387 3158 666 3215 :Docebo
718 3177 831 3227 vos,
879 3163 1128 3221 admouet
1185 3182 1252 3222 ne
1279 3182 1634 3237 pavescamus
1664 3170 1809 3238 quod

221 3251 514 3307 audivimus
543 3254 819 3310 timorem.
849 3254 962 3311 Non
993 3269 1077 3313 est
1104 3258 1248 3313 enim
1280 3260 1381 3315 iste
1412 3261 1676 3332 timorqui
1703 3262 1810 3316 for—

222 3342 466 3411 midetnr,
490 3346 591 3401 sed
623 3347 715 3417 qui
746 3347 1018 3419 diligatur.
1047 3350 1232 3406 Timor
1262 3352 1529 3409 humanus
1550 3354 1811 3410 amaritu-

221 3433 384 3491 dinem
416 3438 608 3503 habet,
654 3440 758 3495 iste
788 3441 1147 3498 dulcedinem.

223 3526 282 3580 12?.
351 3528 483 3595 Quis
511 3545 595 3585 est
622 3533 776 3586 homo
811 3535 901 3603 qui
936 3534 1041 3587 rult
1066 3537 1224 3590 vitam
1253 3555 1272 3591 :

352 3620 540 3693 Diligit
565 3622 682 3676 dies
706 3624 878 3677 videre
904 3625 1062 3680 bonos
1079 3627 1105 3680 1’

286 3711 327 3764 ll
365 3711 648 3783 Propheta
674 3715 774 3770 hoc
804 3716 1185 3788 interrogando
1213 3717 1468 3789 loqu’tur,
1493 3722 1614 3791 quis
1643 3724 1808 3779 vitam

220 3813 465 3859 eternam
496 3807 658 3876 cupit
689 3806 891 3875 videre,
922 3820 979 3864 ut
1004 3824 1126 3864 cum
1158 3813 1362 3868 sanctis
1400 3811 1728 3882 jocundetur
1755 3817 1806 3871 in

224 3911 376 3965 regno
401 3898 540 3952 Dei?
562 3898 712 3967 quod
744 3899 792 3952 si
815 3899 918 3963 vis,
946 3899 1031 3956 lac
1059 3901 1201 3971 quod
1227 3903 1473 3972 sequitur
1497 3913 1555 3959 eti
1577 3906 1806 3968 videbis,

225 3985 271 4039 id
320 3997 400 4041 est
455 3987 690 4043 habebis
739 3989 908 4044 vitam
960 4001 1217 4047 aeternam
1265 4003 1319 4047 et
1371 3994 1485 4049 dies
1537 3996 1707 4051 bonos
1758 4008 1811 4053 et

221 4088 309 4134 22ίὲ
315 4095 458 4135 rnos.

224 4170 282 4224 l3
350 4171 588 4229 Prohibe
612 4174 848 4246 linguam
887 4186 1030 4231 tuam
1064 4195 1096 4232 a
1145 4176 1322 4232 malo:

354 4264 418 4320 Et
445 4265 599 4320 labia
630 4275 718 4320 tua
749 4283 811 4322 ne
838 4268 1028 4338 loquan
1054 4285 1121 4322 ur
1148 4268 1346 4323 dolum.

285 4364 324 4416 (ἰ
358 4363 599 4419 Prohibe
628 4364 862 4435 linguam
896 4374 1039 4420 tuam
1082 4382 1110 4418 a
1152 4366 1294 4420 malo
1320 4366 1611 4437 colloquio.
1640 4370 1808 4424 Addi-
1835 4377 1885 4437 1)

223 4450 294 4506 dit
313 4453 476 4520 labia,
501 4468 632 4526 quae
660 4454 855 4525 linguae
879 4465 1080 4511 motum
1111 4456 1359 4525 pr0tinus
1379 4469 1798 4528 consequuntur.

224 4543 371 4601 Dolus
399 4556 590 4601 autem
621 4554 723 4611 est,
757 4549 971 4616 quando
1002 4547 1236 4603 fallimus
1273 4548 1599 4606 audientem.

227 4658 285 4712 14
353 4661 565 4717 Diverte
594 4679 630 4715 a
660 4661 817 4715 malo.
848 4662 915 4716 Et
937 4665 1023 4734 [ac
1061 4668 1249 4724 bonum
1276 4683 1293 4729 ξ

352 4750 575 4823 lnquire
601 4768 807 4822 pacem.
839 4753 906 4807 Et
946 4772 1250 4828 persequere
1277 4774 1413 4816 eam.

286 4840 327 4895 il
363 4843 584 4898 Diverte
616 4858 649 4896 a
698 4843 841 4898 malo
869 4851 921 4900 et
960 4846 1044 4901 lac
1086 4848 1313 4908 bonum,
1361 4850 1412 4903 id
1457 4858 1538 4906 est
1587 4850 1811 4910 dcstrue

228 4931 365 4998 vitia,
391 4944 445 4990 et
474 4934 695 4990 aediﬁca
744 4934 984 4992 virtutes.
1028 4937 1245 5011 lnquire
1290 4955 1497 5009 pacem.
1530 4942 1570 4997 C
1620 4939 1811 5003 Nullus

227 5031 386 5087 potest
415 5024 713 5095 pervenire
738 5025 806 5079 ad
834 5037 1100 5086 auctarem
1127 5031 1304 5104 pacis,
1331 5033 1432 5087 nisi
1463 5033 1548 5088 hic
1575 5030 1811 5094 dilitten-

224 5112 320 5167 tius
347 5129 440 5184 per
465 5129 605 5187 pura
633 5129 802 5184 opera
829 5116 1079 5187 inquirat.

228 5224 285 5277 lii
353 5226 505 5282 Oculi
532 5228 760 5282 Domini
789 5245 934 5300 super
947 5232 1117 5303 justas
1161 5257 1171 5291 :

350 5315 418 5370 Et
444 5336 606 5370 aures
630 5320 753 5370 eius
780 5319 831 5370 in
854 5338 1018 5370 nreces
1040 5344 1240 5370 parum-

1911 385 2026 453 ipse
2059 384 2199 438 Deus
2223 383 2314 452 qui
2347 384 2583 437 exaudit.

1908 494 1977 549 ‘16
2064 493 2247 547 Vultus
2277 506 2337 548 οξ-
2366 503 2537 546 autem
2573 494 2588 562 ζ
2626 492 2837 545 Domini
2857 507 3015 561 super
3042 490 3289 560 facientes
3313 493 3489 545 mala:

2053 582 2117 637 Ut
2142 584 2326 653 perdat
2348 584 2412 637 de
2447 593 2586 637 terra
2609 583 2911 637 memoriam
2934 598 3134 636 eorum.

1980 674 2021 729 C
2058 673 2135 728 Ne
2161 675 2403 729 dicerent
2430 674 2670 745 pessimi,
2699 674 2883 729 Justus
2912 675 3159 737 attendit,
3186 688 3284 727 nos
3309 680 3490 727 autem

1910 783 2014 821 non
2051 765 2292 834 respicit,
2324 765 2500 820 securi
2542 765 2827 824 iaciamus.
2862 764 2984 833 quia
3013 765 3082 817 ah
3115 763 3205 817 illo
3247 762 3488 832 conspici

1909 874 2015 911 non
2068 873 2360 922 meremur,
2394 856 2514 910 ideo
2546 854 2876 923 pronuntiat,
2929 853 3133 907 vultum
3174 853 3407 919 Domini,
3441 852 3490 906 id

1908 960 1989 1002 est
2021 947 2357 1002 intellectum
2390 944 2472 1000 vel
2505 945 2993 999 considerationem
3024 958 3145 998 esse
3186 956 3348 1013 super
3380 957 3489 1013 ma;

1909 1038 2008 1093 los.
2036 1037 2112 1091 De
2143 1051 2284 1092 terra
2313 1052 2442 1093 vero
2480 1036 2609 1090 dicit
2637 1049 2731 1089 eos
2763 1034 3093 1104 disperdere,
3122 1033 3173 1086 id
3200 1041 3281 1088 est
3308 1033 3373 1086 de
3411 1032 3491 1085 lu-

1907 1138 2026 1197 tura
2058 1130 2255 1199 patria,
2284 1143 2445 1196 quam
2473 1128 2569 1182 soli
2602 1126 2713 1181 Deo
2739 1124 2920 1196 placiti
2953 1123 3322 1193 possidebunt.
3370 1122 3496 1177 Per-

1907 1220 2010 1274 ihit
2046 1220 2306 1273 memoria
2341 1235 2551 1281 eorum,
2591 1219 2715 1287 quia
2747 1232 2851 1271 non
2882 1216 2988 1272 erit
3020 1216 3325 1285 iniquorum
3353 1216 3496 1270 inter

1903 1311 2080 1382 justos
2111 1311 2215 1366 ulla
2254 1312 2722 1365 commemoratio.
2756 1309 2798 1363 H
2829 1308 2922 1364 Vel
2966 1308 3171 1362 vultum
3219 1308 3307 1361 hic
3350 1307 3496 1361 luro-

1830 1457 1835 1462 Α
1910 1418 2022 1457 rem
2052 1403 2422 1473 intelligimus,
2448 1403 2537 1472 qui
2575 1402 2827 1455 minando
2855 1400 2988 1454 iram
3021 1400 3337 1454 memoriam
3365 1413 3494 1469 pec-

1909 1497 2014 1552 cati
2046 1512 2073 1550 a
2110 1504 2253 1550 terra
2289 1495 2387 1563 dis;
2411 1495 2573 1549 crdit.

1910 1589 1973 1643 17
2049 1589 2416 1673 (ἱΙιιηιαςειίιηι
2450 1602 2510 1644 -ἰν-
2536 1589 2673 1658 justi
2703 1586 2723 1656 ζ
2755 1597 2801 1641 et
2851 1585 3108 1641 Dominus
3135 1585 3397 1639 exaudivit
3430 1597 3495 1667 -ρ-

2123 1677 2209 1713 808
3144 1688 3148 1692 ‘
3462 1682 3469 1691 ‘

2052 1750 2119 1805 Et
2169 1768 2233 1806 ex
2282 1751 2519 1805 omnibus
2568 1749 2997 1805 tribulationibus
3034 1765 3213 1804 eorum
3261 1746 3497 1800 liberavit

2119 1838 2206 1876 €08
2213 1862 2229 1874 .

1977 1913 2019 1967 (Ζ
2056 1913 2241 1970 iustos
2264 1915 2530 1971 clamasse
2556 1914 2623 1969 ad
2660 1914 2828 1970 Deum
2857 1900 3012 1979 dicit,
3042 1924 3096 1969 et
3121 1926 3338 1982 semper
3369 1924 3497 1979 pro-

1910 2003 2092 2059 litetur
2134 2005 2365 2070 auditos,
2410 2005 2675 2075 Martyres
2716 2006 2878 2061 etiam
2926 2005 3084 2075 (quos
3112 2005 3178 2059 de
3216 2001 3498 2072 suppliciis

1909 2104 2259 2169 tyrannorum
2290 2097 2513 2152 minime
2543 2096 2793 2151 liberavit
2820 2097 2986 2166 Deus)
3015 2105 3139 2151 sunt
3172 2093 3413 2149 exauditi
3445 2102 3501 2149 et

1908 2189 2145 2254 liberati,
2173 2192 2388 2259 quando
2432 2191 2500 2245 ad
2544 2189 2804 2244 caelorum
2839 2204 3000 2258 regna
3030 2188 3296 2259 perducti,
3322 2186 3499 2241 emni—
3560 2197 3591 2205 "

1907 2279 2009 2335 bus
2040 2279 2474 2336 tribulationibus
2503 2282 2801 2350 probantur
2828 2280 2998 2335 exuti.

1911 2372 1978 2427 l8
2050 2372 2214 2426 Juxta
2240 2383 2314 2427 est
2339 2372 2595 2427 Dominus
2623 2373 2704 2426 Itis
2732 2372 2820 2442 qui
2853 2370 3102 2425 tribulato
3130 2378 3252 2425 sunt
3281 2369 3438 2424 corde
3477 2381 3496 2419 :

2051 2464 2119 2518 Et
2145 2465 2367 2519 luuniles
2396 2466 2582 2535 spiritu
2604 2464 2846 2519 salvabit.

1983 2556 2026 2610 Η
2065 2556 2106 2611 C
2140 2555 2299 2610 Juxta
2332 2556 2623 2626 signiﬁcat,
2649 2572 2754 2610 non
2781 2556 2920 2620 loco,
2953 2556 3046 2611 sed
3075 2553 3295 2609 auxilio.
3317 2551 3358 2609 C
3393 2553 3496 2622 Qui

1911 2650 2168 2705 tribulato
2190 2661 2319 2705 sunt
2342 2652 2527 2716 corde,
2545 2650 2700 2706 multi
2726 2650 2869 2704 enim
2892 2649 3238 2713 tribulantur,
3263 2648 3359 2703 sed
3388 2661 3494 2702 non

1907 2756 1978 2795 ex
2013 2742 2198 2807 corde,
2228 2742 2320 2811 qui
2350 2749 2569 2812 peccata
2597 2757 2702 2796 non
2733 2739 2950 2805 tleﬁent,
2975 2741 3068 2795 sed
3100 2740 3371 2793 mundana
3402 2752 3498 2793 eos

1911 2835 2108 2890 damna
2138 2836 2483 2891 contristant.
2515 2836 2559 2890 ll
2601 2836 2840 2890 Humiles
2871 2835 3089 2906 spiritu,
3115 2834 3167 2888 id
3198 2841 3281 2889 est
3310 2833 3493 2896 mites,

1912 2943 2049 2998 quos
2072 2927 2323 2983 Christus
2349 2928 2599 2994 salvahit,
2628 2928 2874 2984 ctrlestia
2901 2941 3066 2997 regna
3096 2923 3404 2980 tribuendo.

1836 3027 1881 3090 C
1914 3041 1983 3097 19
2061 3040 2245 3096 Malae
2273 3041 2638 3095 tribulatioues
2653 3041 2923 3111 justorum

2058 3131 2125 3186 Et
2154 3133 2218 3187 de
2240 3132 2479 3186 omnibus
2509 3132 2590 3185 his
2616 3130 2851 3185 liberavit
2880 3145 2967 3184 eos
2993 3127 3269 3182 Dominus.

1983 3223 2023 3280 C
2063 3222 2240 3278 Multa:
2267 3238 2453 3278 revera
2487 3231 2612 3277 sunt
2641 3221 3017 3278 tribulationes
3046 3219 3340 3291 juslorum,
3369 3216 3495 3288 quia

1910 3329 2005 3370 eos
2050 3315 2296 3371 diabolus
2337 3314 2567 3370 validius
2614 3313 2933 3383 insequitur.
2982 3310 3087 3367 Sed
3135 3311 3187 3366 in
3239 3311 3341 3365 hoc
3389 3324 3495 3379 quo

1910 3406 2183 3471 subditur,
2229 3406 2481 3462 liberavit
2529 3420 2623 3461 eos
2670 3405 2926 3459 Dominus
2975 3403 3040 3458 de
3087 3400 3339 3457 omnibus
3388 3401 3489 3460 his.

1910 3497 2213 3553 ostenditur
2236 3498 2473 3567 potentia
2500 3495 2797 3561 Creatoris,
2829 3510 2947 3565 quze
2976 3492 3167 3549 liberat
3190 3493 3397 3563 justum
3429 3491 3497 3546 ab
3530 3530 3531 3533 η

1910 3588 2161 3644 omnibus
2195 3588 2650 3643 tribulationibus.
2684 3586 2726 3641 ll
2759 3585 2894 3653 Quia
2940 3600 3069 3640 vero
3106 3582 3287 3639 multa:
3330 3584 3498 3638 tribu-

1910 3677 2136 3733 lationes
2160 3677 2455 3747 iustorum,
2490 3677 2609 3733 ideo
2640 3678 2729 3747 qui
2766 3675 3167 3741 tribulationem
3216 3689 3322 3731 non
3359 3673 3496 3743 pati.-

1914 3778 2020 3835 tur,
2042 3770 2219 3839 justus
2244 3786 2347 3825 non
2376 3779 2477 3826 est.
3452 3756 3455 3765 ’

1909 3862 1979 3916 20
2052 3862 2289 3917 Custodit
2323 3878 2385 3919 μιν
2423 3862 2674 3916 Dominus
2706 3861 2723 3931 ζ
2756 3861 2932 3916 omnia
2963 3877 3079 3914 ossa
3104 3872 3284 3914 eorum
3315 3874 3326 3909 :

2054 3954 2321 4009 Unum‘ea:
2347 3955 2427 4008 Itis
2456 3971 2557 4008 non
2587 3963 2901 4008 conteretur.

1984 4044 2025 4100 C
2063 4047 2197 4101 Ossa
2226 4046 2381 4111 dixit,
2409 4045 2642 4099 ﬁdelium
2676 4045 2727 4098 in
2756 4042 3046 4097 virtutibus
3073 4034 3408 4102 ﬁrmitatem,
3439 4038 3494 4093 id

1910 4147 1994 4191 est
2052 4137 2365 4208 patientiam
2414 4146 2467 4191 et
2523 4135 3013 4201 mansuetudinem,
3062 4149 3182 4206 qua:
3226 4131 3403 4203 perire
3441 4131 3495 4186 in

1913 4230 2113 4284 sanctis
2143 4237 2436 4297 nequeunt,
2463 4244 2563 4285 nec
2594 4227 2798 4283 conteri
2823 4243 2852 4281 a
2880 4227 3110 4294 diabolo,
3129 4225 3252 4296 quia
3267 4223 3495 4280 Domino

1912 4321 2135 4376 custode
2164 4329 2470 4376 servantur.

1915 4410 1975 4464 Ξί
2059 4410 2202 4465 Mors
2231 4421 2561 4479 peccatorum
2586 4407 2809 4480 pessima
2832 4424 2851 4463 .'

2058 4500 2124 4554 Et
2159 4501 2249 4570 qui
2273 4500 2490 4555 oderunt
2513 4502 2719 4570 justum
2749 4493 3067 4571 deliuquent.

1983 4589 2023 4646 C
2065 4589 2273 4644 Revera
2306 4590 2537 4660 pessima
2567 4597 2651 4645 est
2680 4604 2826 4643 mors
2854 4596 3197 4658 peccatorum
3227 4588 3349 4657 quia
3379 4601 3500 4639 eam

1916 4691 2119 4738 aeterna
2155 4696 2314 4750 pmna
2340 4682 2652 4737 comitatur.
2683 4679 2927 4736 Pessima
2967 4682 3111 4737 enim
3151 4681 3314 4743 dicta,
3345 4677 3502 4747 quasi

1915 4771 2255 4843 pessundata,
2289 4771 2499 4828 scilicet
2534 4770 2710 4841 pomis
2743 4773 2983 4828 aeternis.
3026 4771 3093 4824 Et
3138 4771 3227 4837 qui
3272 4768 3510 4822 oderunt

1908 4862 2137 4933 justum,
2173 4863 2218 4918 ﬂ
2259 4865 2312 4919 id
2340 4872 2424 4918 est
2464 4863 2762 4928 Christum,
2797 4860 2919 4917 sine
2947 4876 3132 4922 causa,
3160 4857 3504 4925 delinquunt.

1918 4956 1969 5011 id
1996 4965 2097 5020 est,
2133 4953 2301 5010 Deum
2331 4952 2711 5023 derelinquunt
2735 4950 2973 5007 odicndo
2999 4951 3215 5007 bonum,
3244 4953 3297 4998 ct
3329 4944 3401 4995 ita
3434 4940 3512 4995 ad

1922 5057 2151 5102 mortem
2186 5056 2445 5101 aeternam
2481 5051 2727 5114 peccant.
2759 5039 2854 5095 Vel
2874 5040 3102 5110 justum,
3131 5033 3179 5088 id
3204 5044 3286 5087 cst
3317 5044 3516 5085 unum-

1919 5153 2189 5210 quemque
2213 5143 2481 5193 sanctum.

1916 5234 1985 5288 22
2062 5230 2298 5286 Redimet
2326 5228 2580 5283 Dominus
2606 5228 2812 5282 animas
2840 5229 3112 5278 servorum
3140 5232 3354 5270 suorum
3378 5227 3396 5268 :

2065 5322 2130 5370 Et
2168 5340 2270 5370 non
2299 5318 2599 5370 delinquant
2625 5331 2800 5370 omnes
2822 5316 2916 5370 aui
2942 5319 3148 5370 sperant
3174 5309 3228 5362 in
3249 5324 3308 5362 eo
