4000 5370
528 392 627 446 H7

520 503 804 576 Scriptura
832 507 1008 564 divina
1037 507 1186 579 ponit
1216 522 1312 579 pro
1341 509 1668 564 hominibus.
1713 509 1934 564 Addidit
1975 525 2092 563 ser—
2120 517 2168 574 Α
2195 509 2229 562 5

519 613 711 654 verum
749 614 969 655 suorum
992 641 1005 665 ,
1037 600 1090 654 id
1119 611 1201 655 est
1255 616 1358 655 non
1401 601 1580 671 iniqua
1629 601 1880 657 libertate
1913 601 2098 656 viven-

527 691 686 743 tium.
718 688 760 744 C
798 689 865 743 Et
913 705 1015 744 non
1039 689 1314 760 delinquct
1339 731 1354 755 ,
1385 690 1592 746 scilicet
1621 702 1869 758 tanquam
1917 702 2099 761 pastor

520 782 703 835 bonus.
731 780 777 834 ll
813 779 996 851 Neque
1049 782 1156 846 hic,
1208 797 1388 851 neque
1419 783 1470 836 in
1502 781 1680 838 futuro
1706 823 1721 847 ,
1753 783 1794 838 C
1831 783 1924 854 qui
1970 799 2096 850 spe-

519 880 641 925 rant
671 872 724 927 in
748 887 892 939 eum,
921 887 1026 927 non
1057 873 1110 927 in
1141 875 1374 944 propriis
1399 875 1605 930 viribus
1651 883 2055 946 praesumentes.

931 1000 1131 1041 ORATIO
1171 1000 1240 1041 ΒΧ
1281 1003 1428 1041 ΡεΑι.
1471 1002 1668 1040 ΧΧΧτΙ-Η.

588 1099 914 1172 Angelorum
949 1108 1004 1155 et
1047 1101 1210 1155 totius
1253 1111 1518 1156 creaturae
1556 1100 1882 1170 dispositor,
1927 1097 2092 1162 Deus,

516 1191 704 1247 emitte
736 1190 984 1260 angelum
1010 1199 1158 1246 tuum
1192 1193 1242 1246 in
1274 1192 1502 1247 circuitu
1542 1200 1726 1245 nostro
1748 1231 1762 1255 ,
1791 1188 1946 1256 cujus
1978 1205 2093 1244 am-

514 1279 721 1336 bitione
747 1281 962 1346 muniti,
989 1296 1293 1336 mereamur
1333 1297 1360 1335 a
1391 1289 1732 1350 peccatorum
1774 1289 1946 1335 morte
1973 1293 2094 1349 pes-

514 1369 652 1423 sima
683 1369 923 1425 liberari.
958 1369 1060 1426 Per
1091 1371 1375 1426 Dominum
1413 1380 1660 1425 nostrum
1708 1367 1889 1424 Jesum
1939 1367 2092 1421 Chri-

515 1470 682 1528 stum,
711 1471 814 1517 etc.

1008 1553 1324 1611 PSALMUS
1363 1554 1599 1609 XXXIV.

917 1679 1278 1722 ARGUMENTUM
1318 1681 1463 1720 Ρελι.
1503 1679 1687 1720 XXXIV.

585 1766 634 1826 ϐ’
663 1771 912 1829 Christus
949 1773 1017 1828 de
1045 1790 1140 1830 sua
1167 1775 1417 1845 passione
1439 1775 1568 1830 dicit
1616 1775 1680 1828 ad
1708 1773 1922 1828 Patrem
1948 1815 1961 1836 ,
1991 1788 2084 1842 pe-

514 1869 633 1918 tens
663 1878 721 1919 se
740 1864 808 1918 ab
837 1863 1177 1919 inimicorum
1211 1866 1583 1936 persecutione
1607 1863 1851 1918 liberari.

991 1957 1100 2014 TT.
1140 1972 1202 2014 -t-
1234 1958 1344 2028 Ipsi
1380 1959 1397 2026 ζ
1439 1957 1626 2012 David.

583 2045 623 2099 C
664 2045 1012 2117 David(sicut
1039 2047 1294 2118 diximus)
1340 2048 1475 2100 duas
1522 2045 1946 2116 significationes
1970 2060 2086 2099 am-

511 2136 788 2206 plectitur,
817 2153 980 2205 manu
1011 2138 1166 2194 fortis
1185 2148 1240 2194 et
1269 2137 1668 2204 desiderabilis,
1697 2139 1838 2209 quod
1877 2149 2086 2193 utrutn-

511 2243 614 2294 que
644 2229 870 2285 Domino
899 2228 1163 2286 Salvatori
1190 2242 1396 2286 certum
1423 2240 1507 2286 est
1544 2232 1855 2287 convenire.

514 2317 537 2366 .1
651 2317 870 2383 Judica,
901 2318 1144 2386 Domine,
1175 2330 1415 2376 nocentes
1440 2337 1560 2375 me:

652 2408 911 2480 Expugna
938 2411 1300 2481 impugnantcs
1329 2428 1432 2466 me.

580 2499 620 2553 C
666 2499 877 2556 Clamat
918 2500 1168 2559 Christus
1215 2518 1279 2558 ex
1330 2504 1567 2558 humana
1625 2503 1977 2569 infirmitate,
2029 2514 2086 2559 ut

509 2593 836 2649 damnentur
863 2604 1139 2659 nocentes,
1169 2596 1220 2650 id
1241 2604 1347 2660 est,
1375 2595 1620 2652 diabolus
1640 2612 1761 2651 cum
1793 2598 2076 2658 ministris,

508 2679 680 2736 malos
725 2683 869 2737 enim
911 2683 1157 2751 judicare
1199 2687 1458 2741 damnare
1505 2698 1606 2742 est.
1651 2686 1750 2753 Qui
1805 2687 2085 2757 impugnat

509 2787 766 2839 superare
804 2777 1099 2830 contendit.
1133 2777 1234 2844 Qui
1277 2789 1617 2850 expugnatur
1642 2820 1657 2844 ,
1693 2779 1806 2848 jam
1859 2781 2081 2836 omnino

507 2861 683 2916 victus
710 2873 812 2918 est.
837 2863 1100 2922 l‘tnmundi
1133 2869 1353 2938 spiritus
1377 2870 1781 2941 impugnatores
1802 2873 2079 2938 dicuntur,

507 2951 630 3018 quia
662 2951 787 3008 licet
813 2963 1030 3011 sanctos
1056 2957 1273 3013 vincere
1299 2970 1569 3030 nequeant
1593 3001 1606 3026 ,
1641 2962 1974 3018 contendere
2003 2972 2080 3017 ta-

507 3052 628 3092 men
665 3055 786 3095 cum
815 3043 893 3097 eis
918 3059 1020 3099 non
1049 3046 1335 3102 desistunt.

504 3126 542 3180 Ξ
649 3131 985 3202 Appreltcnde
1011 3153 1157 3190 arma
1188 3147 1234 3192 et
1259 3148 1501 3194 scutum:

651 3220 717 3274 Et
745 3240 962 3294 exsurge
991 3228 1044 3280 in
1067 3229 1392 3298 adjutorium
1422 3233 1550 3286 mihi
1571 3248 1591 3285 .'

577 3308 618 3364 C
637 3310 798 3366 Arma
819 3313 888 3367 ab
914 3317 1141 3370 arcendo
1170 3319 1310 3372 dicta
1336 3331 1478 3387 sunt,
1512 3322 1653 3392 quod
1683 3336 1779 3391 per
1801 3335 1866 3378 ea
1896 3323 2080 3378 hostes

506 3397 930 3458 violentissimos
955 3419 1274 3473 arceamus;
1300 3425 1396 3478 per
1430 3427 1578 3464 arma
1603 3453 1616 3474 ,
1648 3412 1889 3467 coelestia
1931 3413 2080 3481 adju-

509 3488 679 3554 toria;
713 3506 810 3560 per
841 3502 1073 3559 scutum,
1099 3497 1276 3552 divina
1311 3502 1571 3568 preteetio
1594 3501 1926 3572 designatur.
1947 3503 2080 3558 Scu-

515 3587 628 3633 tum
657 3580 800 3635 enim
840 3583 1043 3640 dictum
1069 3596 1152 3642 est
1181 3589 1333 3658 quasi
1370 3591 1629 3661 scalptum
1658 3633 1672 3654 ,
1714 3595 1854 3662 quod
1877 3593 1927 3646 in
1964 3593 2079 3661 ipso

507 3670 715 3740 antiqui
755 3671 893 3729 facta
919 3690 1014 3730 sua
1043 3677 1342 3747 signabant.
1377 3680 1499 3734 Sola
1531 3697 1662 3736 vero
1705 3683 1948 3736 voluntas
1976 3684 2079 3740 Do-

506 3759 634 3815 mini
676 3769 758 3816 est
797 3778 901 3833 qua
943 3768 1175 3838 protegit
1223 3769 1660 3838 periclitantem,
1709 3782 1764 3827 et
1804 3784 2079 3842 expugnat

505 3851 809 3908 adversum.

501 3941 537 3997 3
641 3943 870 4016 Ell'unde
909 3949 1163 4019 frameam
1205 3964 1253 4007 et
1289 3955 1540 4010 conclude
1582 3957 1829 4012 adversus
1867 3972 1952 4012 eos
1985 3959 2076 4029 qui

715 4050 1099 4109 persequuntur
1132 4059 1210 4097 me
1236 4060 1255 4096 .'

649 4124 748 4181 Dic
777 4129 968 4184 anima:
995 4148 1120 4186 mete
1142 4147 1162 4188 .'
1190 4132 1349 4189 Salus
1385 4146 1473 4189 tua
1500 4153 1590 4205 ego
1613 4153 1750 4191 sum.

517 4304 519 4306 Ι
654 4217 876 4274 Framea
907 4221 995 4277 hic
1043 4221 1356 4293 intelligitur
1394 4227 1569 4280 anima
1614 4215 1813 4284 Christi
1861 4228 1944 4283 vel
1980 4243 2066 4283 cu-

494 4302 716 4370 juslibet
742 4312 936 4374 sancti,
966 4314 1092 4382 quia
1125 4314 1263 4371 Deus
1301 4333 1397 4387 per
1433 4319 1668 4372 animam
1707 4319 1911 4375 Christi
1944 4320 2067 4376 fecit

500 4391 792 4449 vindictam
816 4409 1006 4454 contra
1029 4403 1322 4470 diabolum,
1340 4415 1393 4460 et
1413 4422 1506 4476 per
1527 4410 1761 4462 animam
1789 4410 2072 4479 cujuslibet

499 4484 670 4538 sancti
697 4484 827 4541 facit
850 4489 1160 4556 vindictam,
1199 4495 1341 4549 sicut
1369 4513 1466 4566 per
1511 4499 1730 4555 Petrum
1763 4500 1892 4555 fecit
1925 4502 2070 4555 Ana-

503 4573 605 4628 niae
630 4584 686 4630 et
714 4577 955 4646 Sapinirar
981 4582 1119 4650 (Act.
1146 4584 1223 4638 vl.
1253 4586 1316 4639 Et
1334 4588 1608 4644 conclude.
1641 4591 1783 4644 Petit
1809 4591 2064 4654 Ecclesia,

502 4672 556 4715 ut
581 4665 864 4721 concludat
911 4671 1250 4728 adversarios
1275 4690 1427 4738 suos,
1450 4692 1516 4731 ne
1540 4677 1751 4732 valeant
1777 4680 1842 4733 ad
1876 4695 2068 4734 uocen-

497 4751 622 4805 dum
657 4754 824 4809 exire.
859 4757 950 4812 Dic
978 4760 1171 4816 anima:
1200 4777 1348 4828 mem,
1383 4773 1440 4817 ut
1471 4774 1522 4818 te
1549 4765 1830 4837 intelligat,
1859 4769 1983 4836 quia
2011 4777 2062 4821 tu

495 4841 640 4898 salus
669 4843 786 4912 ejus
811 4862 890 4902 es.

491 4949 526 5002 4
636 4952 1043 5023 Con/nudantur
1060 4973 1107 5015 et
1145 4976 1491 5030 rerereantur,

637 5045 941 5111 Quterentes
963 5055 1194 5108 animant
1219 5073 1413 5113 meam.

575 5130 616 5187 C
653 5133 951 5206 Coufundi,
979 5143 1122 5196 enim
1157 5144 1295 5200 facta
1319 5162 1411 5201 sua
1443 5148 1762 5204 erubescere
1796 5157 1849 5202 et
1872 5149 1922 5201 ir.
1949 5166 2061 5204 int-.-

495 5219 600 5274 lius
642 5234 994 5324 commutare.
1043 5229 1175 5286 Nam
1216 5233 1342 5290 licet
1388 5234 1596 5290 confusi
1643 5236 1928 5300 dicantur,
1970 5238 2061 5306 qui

499 5320 895 5362 εοῐινίιιθιιηιιιν
921 5320 985 5362 ml
1016 5335 1228 5362 nmnnm
1303 5335 1482 5362 lumen
1513 5335 1565 5362 111
1618 5326 1703 5362 Ιιῖη
1735 5327 1800 5362 ΑΛ
1842 5343 2063 5362 οηηνην-

1453 397 1508 450 S.
1555 394 1898 453 BRUNONIS
1938 389 2482 448 llERBlPULENSlS
2520 386 2830 444 EPISCOPI

3681 376 3778 432 “8

2340 481 2653 560 Avertantur
2680 514 2962 559 retrorsum
2989 510 3037 555 et
3068 496 3496 570 confundantur:

2339 598 2638 666 Cogitantes
2670 596 2795 650 milii
2831 592 2993 648 mala.

2267 687 2307 743 C
2343 687 2527 742 Avcrti
2557 696 2735 739 autem
2763 693 3084 746 retrorsum,
3119 695 3225 736 non
3259 675 3456 731 dicitur
3505 672 3615 728 nisi
3670 670 3775 725 illis

2196 777 2284 846 qui
2312 775 2617 846 corrigendi
2642 774 2974 844 judicantur,
3001 781 3060 826 ut
3088 771 3251 825 Petro
3281 785 3294 822 :
3328 765 3463 820 Redi
3489 772 3639 818 retro
3670 777 3773 821 me,

2195 869 2396 926 Sntana
2450 867 2663 940 (Matth.
2687 866 2822 935 xvi.)
2867 864 2966 931 Qui
2999 862 3240 933 cogitant
3283 859 3397 913 sive
3426 857 3491 911 dc
3529 853 3730 908 Judteis
3757 890 3774 918 ,

2194 964 2309 1018 sive
2336 961 2402 1016 de
2423 958 2722 1032 .baereticis,
2755 957 2868 1012 sive
2896 956 2963 1011 de
3001 953 3224 1026 paganis
3251 950 3387 1004 dixit
3409 989 3424 1013 ,
3454 946 3597 1002 mala
3625 945 3770 1000 enim

2192 1069 2386 1112 omnes
2401 1053 2658 1122 cogitant,
2685 1050 2777 1121 qui
2804 1056 3000 1119 praeter
3028 1043 3350 1102 catholicam
3375 1039 3536 1094 fidem
3559 1037 3766 1107 aliqua,

2192 1162 2357 1218 prava
2389 1145 2685 1201 intentione
2709 1143 2904 1199 docere
2930 1139 3193 1196 festinant
3220 1154 3232 1190 :

2191 1256 2226 1311 6
2334 1254 2382 1309 F
2385 1256 2496 1309 iant
2530 1263 2780 1324 tanquam
2805 1250 2975 1322 pulvis
3004 1259 3126 1304 ante
3151 1245 3337 1317 faciem
3363 1243 3500 1299 venti
3528 1259 3544 1296 :

2337 1359 2396 1400 -ιν-
2431 1342 2496 1396 Et
2529 1344 2548 1414 ζ
2579 1342 2792 1412 angelus
2823 1339 3033 1394 Domini
3053 1347 3325 1393 coarctans
3354 1349 3517 1390 -ε-εοε
3547 1327 3569 1398 ζ

2265 1436 2304 1490 H
2344 1436 2544 1500 Pulvis,
2577 1435 2723 1488 leves
2747 1442 2801 1488 et
2833 1429 3148 1484 inlructuosi
3179 1425 3424 1481 homines
3453 1421 3588 1483 dicti,
3617 1427 3772 1482 sunt,

2191 1529 2314 1599 quia
2340 1528 2480 1582 sicut
2506 1525 2680 1596 pulvis
2705 1540 2734 1577 a
2765 1533 2948 1587 vento,
2981 1521 3060 1576 sic
3088 1525 3402 1590 peccatores
3435 1530 3465 1568 a
3494 1512 3768 1569 sententia

2191 1621 2373 1674 divina
2401 1618 2454 1672 in
2479 1619 2566 1672 die
2605 1615 2795 1684 judicii
2825 1612 3201 1684 projiciuntur.
3242 1607 3480 1678 Angelus
3527 1605 3766 1669 Domini,

2190 1712 2242 1766 id
2263 1718 2348 1766 est
2366 1710 2588 1781 spiritus
2613 1708 2806 1773 malus,
2833 1689 2936 1760 non
2966 1714 3178 1768 natura,
3205 1701 3296 1757 sed
3315 1715 3409 1754 sua
3429 1697 3769 1754 inventione.

2190 1803 2444 1859 Coarctat
2471 1817 2584 1864 eos,
2617 1801 2668 1856 id
2697 1811 2780 1854 est
2804 1799 2856 1852 in
2886 1808 3148 1867 quantum
3171 1803 3376 1865 potest,
3403 1789 3756 1860 persequitur

2185 1911 2300 1960 eos,
2353 1895 2404 1950 id
2431 1902 2512 1949 est
2555 1900 2818 1963 quantum
2859 1889 2962 1945 sibi
2991 1885 3341 1958 permittitur.
3383 1881 3559 1938 Habet
3617 1879 3763 1936 enim

2186 1986 2430 2043 diabolus
2449 1984 2776 2040 voluntatem
2803 1979 3028 2036 nocendi
3055 2019 3072 2045 ,
3101 1977 3195 2032 sed
3225 1989 3332 2030 non
3379 1973 3540 2028 habet
3593 1978 3756 2042 pote-

2187 2086 2382 2132 statem
2408 2074 2653 2131 faciendi.

2185 2169 2216 2222 7
2325 2167 2373 2224 Γ
2377 2169 2451 2222 iat
2475 2168 2556 2222 via
2584 2165 2798 2220 illorum
2827 2161 3049 2218 tenebrat
3076 2172 3121 2214 et
3151 2157 3446 2212 lubricum:

2363 2260 2432 2314 Et
2461 2246 2678 2331 angelus
2712 2254 2922 2310 Domini
2949 2267 3258 2324 persequens
3286 2266 3398 2304 eos.

2254 2353 2296 2410 C
2323 2351 2444 2416 Via,
2473 2351 2525 2405 id
2556 2359 2640 2404 est
2669 2362 2858 2419 opera,
2900 2345 3181 2400 tenebrosa
3223 2340 3329 2395 illis
3352 2339 3506 2398 fiant.
3540 2347 3603 2392 ut
3630 2337 3761 2390 hor-

2183 2432 2338 2500 reant
2359 2441 2496 2497 mala
2527 2439 2725 2494 facere.
2759 2436 3013 2497 Lubrica,
3039 2442 3098 2487 ut
3128 2432 3180 2486 in
3214 2431 3417 2486 eisdem
3449 2437 3599 2481 stare
3628 2426 3765 2487 diu».

2185 2537 2292 2591 tius
2317 2549 2426 2589 non
2470 2531 2700 2602 possint.
2751 2529 2816 2584 Et
2862 2528 2904 2582 si
2946 2523 3288 2581 decreverint
3324 2518 3445 2589 plus
3487 2516 3768 2571 immorari

2184 2627 2358 2682 virtus
2388 2623 2598 2680 Domini
2648 2627 3010 2692 persequatur
3039 2630 3154 2680 eos,
3184 2614 3258 2668 ita
3295 2621 3357 2666 ut
3385 2611 3437 2665 in
3469 2608 3769 2666 sceleribus

2184 2717 2296 2770 suis
2342 2714 2556 2784 longius
2596 2712 2804 2767 haerere
2849 2723 2957 2763 non
3003 2706 3170 2770 sinat,
3217 2701 3309 2773 qui
3362 2700 3430 2756 ad
3478 2697 3766 2754 interitum

2183 2808 2468 2864 festinant.

2217 2897 2250 2952 8
2325 2895 2585 2962 Quoniam
2637 2893 2801 2964 gratis
2851 2887 3237 2945 absconderant
3306 2881 3433 2937 milii
3493 2878 3767 2934 interitum

2391 2987 2567 3058 laquei
2608 2985 2691 3040 sui
2719 3001 2738 3039 :

2325 3079 2656 3148 Supervacuc
2685 3075 3123 3145 exprobrauerunt
3153 3068 3386 3122 animam
3417 3079 3614 3116 meam.

2108 3203 2151 3263 ε
2251 3170 2293 3226 C
2329 3167 2743 3225 Absconderunt
2783 3165 2916 3218 mihi
2963 3161 3152 3233 gratis,
3205 3157 3257 3212 id
3302 3163 3386 3210 est
3415 3153 3761 3254 sine-causa,

2181 3262 2390 3317 scilicet
2417 3259 2608 3325 Judaei,
2642 3265 2703 3312 ut
2733 3256 2808 3310 illi
2853 3253 3136 3324 putabant.
3185 3248 3285 3316 Qui
3317 3246 3461 3302 enim
3501 3241 3766 3297 divinita-

2181 3351 2248 3406 tis
2297 3350 2414 3421 ejus
2453 3346 2750 3419 potentiam
2796 3359 2902 3398 non
2942 3339 3262 3401 credebant,
3297 3336 3370 3390 illi
3401 3333 3663 3404 putabant
3702 3344 3764 3385 se

2178 3438 2527 3493 abscondisse
2558 3436 2860 3491 interitum.
2894 3433 3039 3487 Bene
3086 3430 3289 3484 dictum
3326 3435 3429 3490 est,
3475 3421 3761 3477 interitum

2179 3531 2356 3600 laquei
2408 3529 2511 3591 sui,
2559 3528 2685 3598 quia
2738 3526 2826 3582 ille
2879 3525 3104 3594 laqueus
3153 3535 3260 3575 non
3312 3515 3596 3572 morientis
3637 3519 3762 3567 erat

2179 3625 2409 3689 Domini,
2434 3624 2528 3678 sed
2564 3619 2840 3691 peccantis
2883 3616 3155 3672 interitus.
3184 3611 3553 3680 Supervacue,
3578 3603 3629 3658 id
3674 3611 3763 3658 est

2178 3715 2310 3770 false
2331 3715 2816 3784 exprobraverunt,
2861 3706 3080 3778 quando
3119 3702 3336 3758 Christo
3365 3699 3508 3753 dicta
3540 3708 3636 3749 sua
3656 3707 3759 3784 .ve-

2177 3805 2319 3860 racia
2349 3781 2499 3873 quasi
2529 3801 2746 3871 aliquod
2768 3799 2970 3856 crimen
2999 3793 3360 3864 imputabant.
3390 3786 3436 3841 ll
3480 3785 3546 3839 Et
3580 3781 3753 3837 inuti-

2175 3894 2298 3949 liter
2327 3901 2573 3964 egerunt,
2603 3891 2730 3962 quia
2769 3885 3118 3959 exprobratio
3168 3883 3268 3937 ista
3319 3879 3519 3934 nullam
3562 3874 3760 3930 habuit

2175 3983 2484 4037 utilitatem.

2211 4073 2243 4128 9
2328 4069 2518 4142 Veniat.
2564 4070 2643 4122 illi
2688 4067 2905 4137 laqueus
2976 4081 3126 4136 quem
3177 4064 3382 4132 ignorat
3414 4071 3433 4108 .'
3490 4065 3538 4109 ct
3579 4053 3755 4124 captio

2386 4143 2540 4233 quam
2570 4159 2838 4214 abscondit
2877 4155 3229 4227 apprehendat
3262 4165 3379 4206 eum
3410 4167 3428 4203 :

2318 4258 2383 4321 )u:
2428 4253 2485 4305 Et
2521 4250 2538 4319 ζ
2570 4254 2623 4304 in
2653 4251 2890 4320 laqueum
2935 4247 3088 4301 cadat
3115 4259 3175 4299 -ε-
3204 4245 3258 4297 in
3290 4243 3458 4312 ipsum
3489 4238 3509 4308 ζ

2251 4343 2290 4396 ll
2327 4343 2604 4396 Excidium
2636 4339 2765 4394 illud
2791 4339 3026 4392 minatur
3050 4333 3319 4403 Propheta
3362 4330 3505 4400 quod
3531 4328 3752 4382 advenit

2170 4429 2369 4484 Judaeis
2410 4430 2462 4483 in
2511 4427 2841 4497 temporibus
2873 4422 3208 4496 Vespasiani.
3251 4421 3314 4475 Et
3346 4419 3541 4490 captio,
3583 4431 3750 4486 quam

2173 4520 2598 4585 occultaverunt,
2631 4517 2986 4588 apprehendit
3010 4531 3125 4581 eos,
3176 4514 3226 4568 id
3264 4521 3344 4567 cst
3373 4525 3518 4564 mors
3549 4521 3745 4578 repen-

2175 4612 2309 4676 tina,
2342 4627 2502 4681 quam
2541 4611 2771 4665 Domino
2804 4618 2989 4664 nostro
3020 4606 3381 4661 moliebantur
3407 4600 3638 4659 occulte.

2179 4702 2240 4754 10
2311 4701 2500 4754 Anima
2525 4710 2696 4754 autem
2722 4717 2834 4753 mea
2862 4698 3139 4753 exsultabit
3169 4697 3221 4750 in
3245 4695 3468 4748 Dontino
3490 4707 3509 4744 :

2314 4786 2380 4840 Et
2420 4787 2759 4842 delectabitur
2798 4803 2951 4856 super
3001 4784 3224 4839 salutari
3266 4799 3383 4836 suo.

2243 4877 2280 4932 C
2321 4878 2496 4932 Prima
2530 4880 2725 4949 quippe
2765 4890 2967 4934 sanctae
3003 4878 3196 4932 animae
3238 4873 3512 4930 beatitudo
3539 4881 3622 4928 est
3649 4886 3748 4926 ex-

2171 4967 2373 5022 sultare
2407 4969 2458 5022 in
2491 4968 2735 5023 Domino.
2765 4968 3128 5023 Delectabitur
3151 4981 3314 5034 super
3339 4965 3576 5020 salutare
3600 4962 3740 5030 ejus.

2167 5057 2210 5112 ll
2244 5057 2508 5113 Salutaris
2534 5068 2738 5124 noster,
2765 5058 3012 5114 Christus
3038 5066 3142 5123 est,
3171 5057 3293 5125 quia
3327 5055 3382 5109 in
3412 5069 3478 5111 eo
3507 5053 3746 5110 delecta-

2163 5145 2309 5201 bitur
2329 5147 2587 5201 Ecclesia.

2168 5239 2226 5293 Η
2307 5238 2498 5293 Omnia
2523 5255 2638 5293 ossa
2663 5255 2774 5294 mea
2797 5239 2966 5293 dicent
2991 5256 3010 5292 :

2316 5330 2527 5362 Πηηιὸηο
2575 5327 2702 5362 n...'.

2740 5327 2921 5362 .:....'t;.
2946 5331 3020 5362 su:
