4000 5370
287 361 403 420 149

285 475 362 529 12
442 477 677 544 Eripieus
713 475 913 544 inagrem
956 476 1020 531 de
1069 493 1226 530 manu
1272 475 1547 546 fortiormn
1578 476 1693 546 ejus
1719 493 1738 530 :

433 566 668 637 Egeriam
692 576 740 621 et
766 584 1045 638 pauperem
1069 587 1100 622 a
1122 568 1487 638 diripientibus
1513 583 1652 623 eum.

357 657 640 730 CEripuit
685 659 932 715 Christus
959 676 1096 731 pene
1144 671 1312 716 totum
1357 677 1524 732 genus
1553 661 1869 724 humanum,

281 746 358 801 de
389 747 475 802 illa
520 757 792 817 potestate
835 749 1032 804 diaboli
1063 751 1152 820 qui
1185 760 1310 805 tunc
1353 767 1449 821 per
1492 751 1751 806 mundum
1788 765 1870 805 re-

273 837 503 905 gnabat.
537 837 710 894 llomo
735 840 876 894 enim
916 850 1036 896 erat
1067 842 1258 911 inops:
1291 842 1416 910 quia
1453 842 1720 908 mortalis,
1746 856 1871 911 ege-

273 941 400 990 nus,
429 929 558 997 quia
589 930 642 984 in
683 930 866 986 labore
891 940 944 987 et
985 934 1180 988 sudore
1207 949 1399 1002 panem
1430 934 1696 1002 qmesivit.
1733 931 1869 986 Pau-

272 1033 398 1085 per,
436 1021 564 1090 quia
597 1023 663 1076 de
711 1025 974 1094 sapientia
1011 1035 1067 1080 et
1109 1030 1348 1095 puritate
1398 1025 1636 1093 deQectus
1678 1041 1708 1079 a
1739 1025 1869 1082 diri-

271 1108 556 1174 pientibus
596 1112 888 1170 immundis
907 1115 1208 1185 spiritibus,
1232 1117 1401 1171 solam
1427 1127 1641 1172 tenuem
1668 1123 1723 1170 et
1749 1130 1868 1169 um-

273 1201 524 1258 bratilem
575 1208 934 1263 ratiunculam
965 1211 1295 1279 possidebat.

273 1291 346 1346 i3
418 1293 708 1364 Surgentes
737 1309 887 1354 testes
922 1302 1086 1371 iniqui
1115 1317 1134 1356 :

414 1381 553 1448 Qua
582 1388 889 1455 ignorabam
920 1391 1307 1460 interrogabant
1343 1409 1423 1446 me

343 1472 384 1528 C
424 1473 579 1530 Nunc
623 1493 1014 1539 commemorat
1055 1484 1304 1538 Christus
1346 1484 1414 1538 de
1470 1485 1686 1554 propria
1736 1499 1860 1553 pas-

267 1565 440 1620 sione.
473 1569 678 1624 Contra
713 1585 836 1626 eum
867 1575 1012 1629 enim
1062 1585 1227 1631 testes
1270 1577 1450 1632 subito
1492 1577 1692 1646 impetu
1726 1594 1857 1633 cun-

267 1661 584 1728 surgehant,
629 1679 820 1720 revera
857 1666 1047 1738 iniqui,
1082 1669 1207 1738 quia
1255 1677 1410 1724 erant
1454 1680 1642 1725 eoatra
1691 1672 1857 1740 arqui-

267 1756 431 1802 tatem
470 1752 724 1810 locuturi.
764 1757 1006 1823 Addidit,
1041 1760 1373 1830 ignorabam,
1407 1763 1457 1815 id
1483 1772 1566 1817 est
1601 1763 1698 1832 ipsi
1730 1779 1854 1817 nar-

265 1839 457 1894 rabant
487 1844 575 1898 illa
598 1863 718 1916 qum
748 1865 834 1904 me
859 1849 1059 1906 dixisse
1092 1853 1417 1908 omnimodis
1445 1854 1776 1910 nesciebam.

265 1928 330 1983 ﬂ
404 1931 774 1993 Retribnebant
805 1943 932 1995 nti/ii
956 1941 1095 1996 mala
1116 1959 1210 2012 pro
1233 1943 1409 1998 bonis:

403 2024 746 2084 Sterilitatem
789 2034 978 2087 anima:
1008 2050 1155 2088 mete.

339 2112 798 2175 CRetribuebant
829 2123 958 2177 mihi
1003 2125 1141 2178 mala
1183 2141 1282 2198 pro
1322 2127 1502 2191 bonis,
1547 2127 1672 2196 quia
1719 2143 1842 2181 cum

261 2201 508 2261 Christus
534 2209 702 2263 vitam
749 2215 1096 2270 credentibus
1139 2219 1450 2283 contulerit,
1503 2217 1579 2272 illi
1613 2229 1840 2272 mortem

258 2306 289 2345 e
318 2296 507 2351 contra
556 2301 786 2357 reddere
827 2305 1152 2362 maluerunt.
1180 2308 1452 2365 Sterilitas
1477 2312 1674 2366 animre
1715 2312 1838 2377 fuit,

253 2387 471 2453 quando
498 2389 754 2463 Magister
783 2395 958 2452 bonus
999 2398 1054 2452 in
1099 2398 1230 2470 ipsis
1269 2399 1502 2456 fructum
1534 2401 1654 2457 fidei
1689 2418 1842 2472 repe-

261 2476 364 2529 rire
402 2495 507 2533 non
538 2485 730 2552 potuit.

267 2564 324 2618 l5
392 2566 504 2638 Ego
541 2583 712 2629 autem
756 2594 873 2632 cum
901 2580 1028 2635 nti/ti
1061 2583 1261 2639 molesti
1305 2597 1512 2641 essent:

425 2659 696 2718 Induebnr
748 2668 938 2724 cilicio.

326 2748 363 2803 C
390 2750 504 2823 Ego
547 2754 672 2810 dum
719 2760 852 2814 mihi
881 2763 1089 2819 molesti
1121 2776 1324 2834 essent,
1356 2769 1406 2823 id
1438 2778 1520 2825 est
1567 2772 1692 2826 dum
1739 2773 1834 2828 Ju-

255 2839 347 2893 daei
377 2854 559 2899 essent
582 2847 793 2904 molesti
823 2868 919 2922 per
947 2859 1302 2913 contumelias
1337 2871 1391 2913 et
1421 2861 1647 2917 insidias
1674 2864 1832 2918 Chri-

254 2939 348 2996 sto,
379 2935 554 2990 induit
577 2954 635 2992 se
657 2941 857 2997 cilicio.
888 2945 929 2998 ll
959 2946 1017 3000 ld
1058 2956 1140 3002 est
1168 2948 1424 3006 divinitas
1455 2967 1633 3008 carne.
1669 2963 1724 3009 et
1764 2956 1832 3010 de

252 3033 465 3088 peccato
519 3026 796 3086 damnavit
848 3047 1129 3103 peccatum
1178 3037 1349 3105 (Rom.
1387 3043 1526 3113 vm).
1575 3044 1615 3097 C
1653 3043 1830 3101 Induit

251 3127 370 3207 vero
397 3132 457 3171 se
485 3134 648 3176 carne
685 3124 963 3193 divinitas,
1003 3130 1055 3185 id
1084 3144 1166 3186 est
1194 3135 1486 3189 occultavit
1521 3152 1618 3207 per
1647 3139 1828 3195 carnis

249 3205 482 3263 velamen
511 3226 568 3267 se
600 3217 901 3274 tenebrosis
942 3224 1233 3278 mentibus.

245 3292 305 3347 16
379 3297 740 3359 Humiliabam
771 3309 826 3361 in
855 3309 1061 3380 jejunio
1090 3315 1320 3368 animant
1357 3332 1566 3370 meant:

381 3388 448 3443 Et
480 3397 652 3449 oratio
675 3415 789 3452 mea
812 3401 866 3453 in
905 3403 1022 3456 sinu
1051 3420 1163 3458 meo
1191 3417 1538 3462 conrertetur.

311 3478 354 3536 C
382 3481 651 3550 Jejunium
701 3488 904 3544 dictant
927 3501 1009 3546 est
1033 3494 1178 3548 enim
1204 3498 1358 3565 quasi
1384 3497 1644 3563 inediam,
1676 3500 1818 3569 quod
1893 3502 1910 3516 '

237 3571 568 3632 abstinentes
591 3579 797 3635 diutius
835 3583 901 3636 ad
933 3583 1164 3640 inediam
1198 3603 1367 3658 usque
1409 3590 1690 3659 perdurat.
1729 3589 1818 3645 Je-

235 3665 434 3722 iunavit
503 3671 755 3728 Christus
829 3676 881 3728 in
943 3685 1122 3732 monte
1195 3680 1550 3750 quadraginta
1627 3683 1817 3738 diebus

231 3760 443 3830 (Matth.
479 3765 572 3833 tv).
606 3766 668 3819 Et
690 3768 869 3822 oratio
902 3785 1040 3835 mea,
1070 3771 1118 3823 id
1147 3783 1230 3826 est
1258 3775 1382 3827 dum
1426 3774 1756 3831 fundebatur
1784 3792 1812 3830 a

233 3855 455 3911 Domino
482 3859 536 3911 in
569 3875 752 3926 cruce,
795 3871 850 3916 et
877 3879 995 3918 eam
1030 3866 1212 3921 miseri
1239 3866 1407 3923 Judaei
1449 3870 1671 3926 minime
1697 3887 1814 3926 sus-

226 3945 406 4016 cipere
434 3962 809 4018 mererentur,
851 3957 1126 4012 remeabat
1165 3959 1217 4014 in
1258 3962 1437 4016 sinum
1465 3964 1612 4034 ejus,
1644 3965 1696 4020 id
1727 3977 1813 4023 cst

227 4035 277 4089 in
301 4051 575 4096 secretum
605 4047 868 4114 pectoris,
895 4050 1035 4105 unde
1074 4049 1252 4108 fuerat
1284 4070 1524 4124 egressa.

229 4128 286 4181 17
363 4130 530 4197 Quasi
557 4139 878 4204 proximum,
896 4143 1047 4210 quasi
1073 4143 1292 4212 fratrem
1316 4159 1549 4204 nostrum
1569 4152 1644 4206 sic
1667 4170 1807 4207 com-

429 4225 697 4295 placebam
712 4249 731 4287 :

359 4313 530 4380 Quasi
555 4317 738 4390 lugens
768 4334 816 4376 ct
851 4327 1192 4384 contristatus
1216 4331 1291 4384 sic
1318 4332 1658 4389 humiliabar.

287 4405 328 4460 C
366 4406 600 4467 Mutatus
641 4422 726 4469 est
752 4415 842 4470 hic
883 4432 1041 4472 casus
1071 4423 1368 4488 nominum,
1412 4441 1510 4494 pro
1549 4427 1799 4482 ablativis

222 4496 357 4549 enim
410 4511 533 4554 sunt
579 4506 875 4561 accusativi
925 4510 1104 4578 positi.
1147 4513 1284 4568 Dicit
1332 4516 1498 4580 cnim,
1545 4519 1698 4588 quasi
1733 4521 1798 4574 de

1472 357 1840 416 EXPOSITIO
1881 356 2324 414 PSALMORUM.

1908 492 1951 548 Α
1986 474 2268 529 scientiam
2298 481 2526 542 peccati,
2557 480 2780 543 propter
2809 472 2951 543 quod
2976 470 3236 543 ﬂagellari
3263 469 3343 525 vel
3374 473 3559 526 cruci-

3469 354 3563 416 fit)

1982 566 2068 636 figi
2095 565 2389 619 debuerim.

1980 677 2046 732 19
2122 677 2370 746 Dissipati
2389 685 2526 731 'sunt
2557 694 2646 731 nec
2667 678 2957 747 compuncti
2984 692 2998 732 :
3026 687 3351 732 tentareruut
3382 692 3483 730 me.

2120 769 2584 825 Subsannaverunt
2624 787 2704 824 nte
2741 770 3182 826 subsannatione:

2120 861 2490 917 Frenduerunt
2519 879 2675 932 super
2697 880 2776 916 me
2806 861 3044 916 dentibus
3066 864 3196 916 suis.

2043 953 2085 1009 11
2127 955 2378 1026 Dissipati
2430 962 2574 1019 sunt,
2613 969 2642 1007 a
2693 953 2904 1008 vinculo
2942 953 3243 1016 charitatis,
3279 967 3378 1007 nec
3405 968 3552 1008 com-

1972 1049 2152 1119 puncti
2185 1057 2241 1103 nt
2271 1057 2496 1119 agerent
2537 1046 2932 1117 pmnitentiam.
2971 1047 3342 1102 Tentaverunt
3365 1045 3550 1102 multis

1971 1137 2148 1193 modis
2189 1137 2359 1193 Iudici
2407 1137 2706 1194 Christum.
2742 1137 3229 1194 Subsannaverunt
3261 1140 3542 1195 dicentes:

1965 1227 2098 1290 Ave,
2135 1244 2227 1282 rex
2258 1227 2587 1284 Jndzeorum.
2619 1228 3014 1293 Frenduerunt,
3043 1231 3340 1286 clamantes
3366 1250 3378 1286 :
3409 1232 3545 1286 Cru-

1965 1319 2234 1388 cifigatur.
2265 1319 2369 1374 Per
2399 1330 2578 1375 motus
2606 1321 2849 1391 corporis
2878 1323 3185 1376 ostenditur
3224 1334 3404 1379 motus
3428 1325 3545 1378 aui-

1965 1426 2083 1465 mre.
2118 1410 2163 1465 ll
2184 1412 2240 1466 C.
2280 1411 2527 1468 Stridunt
2575 1415 2700 1469 εωκοί
2748 1415 2996 1470 homines
3024 1417 3294 1476 dentibus,
3327 1418 3544 1485 quando

1963 1504 2172 1559 ratione
2208 1505 2517 1568 vincuntur,
2547 1523 2693 1572 nam,
2734 1523 2854 1562 cum
2897 1509 2977 1563 eis
2998 1524 3098 1578 pro
3124 1508 3350 1563 veritate
3378 1511 3541 1566 verba

1961 1595 2284 1661 defecerint,
2339 1597 2684 1668 impatienter
2730 1598 2979 1653 dentibus
3015 1597 3270 1664 fremunt,
3308 1616 3540 1671 suasque

1959 1687 2262 1743 voluntates
2290 1689 2452 1744 tacita
2486 1689 2926 1745 interminatione
2952 1691 3292 1745 denuntiant.

1954 1777 2024 1831 20
2099 1778 2342 1843 Domine,
2362 1779 2574 1850 quando
2606 1779 2844 1848 respicies
2869 1800 2879 1833 :
2901 1781 3534 1835 restitueanintammcam

2175 1887 2206 1921 a
2234 1869 2556 1940 malignitate
2576 1887 2753 1924 eorum
2785 1886 2800 1924 :

2095 1959 2137 2012 Α
2173 1958 2403 2014 leonibus
2434 1962 2640 2015 unicam
2669 1978 2856 2016 meant.

2019 2047 2060 2104 C
2082 2047 2326 2116 .Quando
2348 2049 2622 2118 respicies,
2648 2066 2746 2120 pro
2768 2050 3160 2105 consuetudine
3200 2050 3533 2107 infirmitatis

1947 2139 2196 2194 humana:
2223 2139 2440 2205 dicitur,
2491 2142 2576 2195 cui
2614 2156 2887 2197 morosum
2931 2142 3146 2198 videtur
3171 2143 3528 2213 quodcunque

1947 2227 2184 2283 futurum
2236 2239 2360 2294 est;
2406 2246 2525 2300 quae
2570 2245 2716 2295 mox,
2764 2240 2824 2285 ut
2856 2232 3026 2300 cupit,
3079 2231 3298 2287 festinat
3327 2233 3525 2302 aliquid

1946 2317 2178 2387 impleri.
2229 2319 2494 2386 Restitue,
2545 2322 2698 2391 quasi
2732 2331 2972 2391 ereptam
3005 2323 3241 2377 animam
3268 2324 3452 2379 redde.
3477 2327 3521 2380 Α

1945 2412 2295 2481 malignitate,
2329 2413 2454 2484 quia
2504 2411 2699 2482 injuste
2740 2415 3001 2485 probatur
3027 2418 3261 2471 occisus.
3285 2417 3330 2470 A
3355 2417 3522 2472 leoni-

1940 2499 2060 2565 bus,
2090 2501 2134 2555 11
2183 2502 2236 2556 id
2269 2511 2353 2557 est
2398 2519 2427 2557 a
2475 2505 2951 2572 persecutoribus;
3005 2505 3241 2570 unicam,
3281 2507 3516 2560 animam

1936 2605 2092 2644 suam
2129 2591 2260 2646 dicit
2287 2607 2301 2655 ;
2328 2607 2447 2662 qua:
2473 2593 2630 2648 unica
2657 2594 2878 2648 estsine
2908 2603 3153 2664 peccato.
3202 2596 3243 2650 (1
3276 2594 3370 2651 Vel
3399 2597 3520 2651 uni-

1936 2702 2020 2753 ca,
2059 2689 2184 2758 quia
2213 2689 2280 2743 de
2336 2687 2553 2759 Virgine
2589 2700 2748 2746 natus
2793 2692 2983 2746 unicus
3010 2700 3119 2756 est,
3144 2692 3196 2746 id
3219 2700 3305 2746 est
3343 2691 3514 2747 solum

1935 2797 2075 2836 unus
2126 2781 2194 2837 de
2229 2782 2437 2851 virgine
2465 2793 2549 2839 est
2575 2795 2747 2840 natus.
2797 2783 2919 2851 Vel,
2945 2787 3184 2851 unicam,
3217 2785 3515 2841 Ecclesium

1933 2884 2110 2924 suam.

1928 2979 1992 3033 21
2073 2980 2371 3049 Con/itebor
2399 2984 2491 3037 tibi
2514 2984 2566 3038 in
2597 2984 2814 3039 ecclesia
2837 3003 3026 3058 magna
3047 3005 3066 3042 :

2074 3070 2139 3125 In
2174 3072 2364 3142 populo
2391 3075 2536 3144 gravi
2561 3075 2788 3130 laudabo
2809 3087 2876 3131 te.

2000 3160 2040 3216 C
2085 3162 2226 3217 Duas
2275 3178 2398 3219 εςςο
2429 3164 2665 3220 diximus
2694 3167 3088 3234 confessiones,
3121 3187 3280 3224 unam
3315 3173 3509 3236 laudis,

1927 3254 2156 3309 alteram
2207 3256 2540 3326 pmnileutice
2572 3275 2586 3324 ;
2641 3259 2734 3313 sed
2789 3259 2874 3316 hic
2913 3261 2979 3314 ad
3015 3261 3222 3316 laudem
3254 3265 3490 3332 pertinet

1926 3342 2114 3414 Magna
2147 3361 2275 3398 vero
2303 3346 2538 3400 Ecclesia
2571 3356 2656 3401 est
2683 3349 2910 3418 populus
2935 3351 3302 3417 Christianus,
3346 3364 3497 3408 recta

1925 3433 2028 3486 fide
2077 3434 2284 3491 firmus.
2327 3437 2383 3490 In
2414 3438 2610 3508 popqu
2662 3440 2811 3510 gravi
2841 3458 2855 3504 ;
2894 3441 2932 3495 ll
2966 3443 3092 3511 quia
3126 3459 3230 3497 non
3266 3453 3346 3498 est
3378 3444 3508 3500 levis

1923 3527 1988 3579 ad
2015 3529 2370 3594 peccandum,
2403 3530 2524 3585 ideo
2552 3530 2740 3586 firmus
2765 3533 2817 3586 in
2849 3532 2972 3588 fide.
3004 3535 3048 3588 A
3079 3534 3169 3591 Sic
3188 3536 3339 3604 palea
3368 3536 3500 3591 levis

1921 3629 2082 3672 vento
2108 3619 2333 3682 tollitur,
2367 3636 2598 3691 granum
2641 3633 2846 3688 manet,
2875 3625 2999 3693 quia
3025 3642 3189 3696 grave
3218 3643 3233 3692 ;
3272 3628 3394 3684 talis
3423 3637 3507 3685 est

1921 3707 2093 3762 bonus
2114 3709 2478 3777 Christianus,
2508 3713 2633 3782 quia
2658 3729 2883 3783 granum
2913 3725 3014 3771 est.

1916 3797 1987 3851 2?.
2062 3799 2185 3855 Non
2219 3804 2639 3873 supergaudeant
2689 3807 2818 3860 nti/ti
2857 3808 2947 3878 qui
2994 3808 3338 3864 adversantur
3369 3811 3496 3864 mihi

2127 3907 2302 3960 inique
2329 3905 2348 3943 :

2059 3979 2163 4046 Qui
2184 3982 2404 4037 oderunt
2433 4002 2512 4038 me
2541 3987 2728 4057 gratis.
2756 3988 2826 4043 Et
2865 3999 3103 4044 annuunt
3127 3990 3314 4045 oculis.

1982 4068 2022 4124 C
2063 4069 2176 4125 Non
2204 4075 2641 4144 supergaudcant
2694 4079 2848 4143 mihi,
2900 4079 2950 4132 id
2977 4090 3061 4133 est
3099 4094 3203 4132 non
3231 4078 3493 4135 insultent

1910 4162 2171 4228 hmretici,
2197 4167 2414 4234 quando
2444 4167 2652 4238 aliquos
2691 4170 2755 4224 de
2782 4185 3007 4225 numero
3037 4169 3274 4225 fidelium
3310 4169 3487 4240 perdit

1907 4260 2090 4306 sancta
2145 4252 2406 4316 Ecclesia,
2461 4259 2586 4326 quia
2624 4257 2862 4314 haeretici
2893 4274 3106 4330 semper
3125 4260 3481 4317 adversantur

1904 4342 2122 4398 Christo
2147 4354 2199 4400 et
2233 4346 2506 4402 Ecclesiae.
2548 4350 2648 4417 Qui
2681 4347 2912 4406 oderunt
2936 4365 3022 4406 me
3045 4351 3237 4422 gratis,
3274 4352 3379 4407 hoc
3397 4361 3484 4409 est

1905 4434 2160 4500 inaniter,
2191 4435 2388 4508 quibus
2421 4439 2553 4493 nihil
2579 4441 2760 4496 nocui.
2791 4441 2831 4498 C
2862 4441 3122 4497 Annuunt
3144 4442 3353 4508 oculis;
3389 4457 3488 4496 an-

1904 4527 2019 4580 nuit
2042 4528 2234 4594 oculis,
2263 4531 2481 4599 quando
2506 4532 2609 4588 hoc
2654 4535 2818 4589 tacite
2846 4543 2901 4589 et
2932 4534 3113 4590 dolose
3137 4534 3253 4589 vult
3276 4534 3478 4603 aliquid

223 4587 477 4695 proximo,
507 4595 662 4695 qttasi
687 4595 754 4651 de
799 4597 967 4652 fratre
997 4611 1183 4657 nostro
1223 4605 1294 4657 ita
1332 4606 1460 4660 mihi
1493 4609 1794 4677 complaceo
1825 4600 1872 4660 D
1899 4617 2194 4676 declarare.
2245 4620 2289 4674 ll
2319 4620 2410 4677 Sic
2444 4622 2690 4680 fecerunt
2726 4624 2914 4688 Judazi,
2946 4626 3070 4695 quia
3105 4626 3235 4679 nihil
3263 4626 3387 4680 boni
3422 4628 3482 4681 in

223 4675 356 4742 bam,
387 4680 438 4734 id
477 4691 559 4738 est
589 4685 658 4740 de
701 4701 891 4742 eorum
938 4693 1318 4763 conjunctione
1347 4675 1668 4766 gaudebam,
1700 4702 1791 4771 qui

224 4781 299 4822 me
338 4769 606 4828 hostiliter
644 4775 1086 4846 insequebantur.
1121 4785 1500 4854 Complacebat
1543 4792 1686 4845 enim
1721 4769 1788 4848 vin

222 4858 317 4950 illis
348 4863 592 4929 Domino,
640 4870 858 4936 quando
886 4886 979 4927 eos
1021 4873 1250 4930 docebat
1295 4892 1397 4932 non
1449 4881 1786 4950 delinquere.

222 4948 418 5044 Lageus
459 4967 514 5011 et
533 4961 894 5017 contristatus
925 4972 980 5019 et
1023 4965 1336 5024 humiliatus
1372 4948 1627 5028 Christus
1646 4987 1784 5044 erat,

224 5041 333 5102 quia
361 5043 410 5097 in
437 5049 650 5102 cunctis
677 5048 899 5102 Iudaeis.
935 5070 1068 5102 anns
1094 5069 1146 5102 ιη
1199 5059 1394 5102 Γνηιιιμς
1421 5075 1468 5102 Μ
1511 5041 1787 5102 “mutum;

1896 4724 2060 4778 opere
2112 4713 2485 4768 ostenderunt.
2545 4716 2588 4769 A
2642 4714 3074 4772 Pronuntiabaut
3133 4717 3280 4772 vultu
3313 4714 3482 4787 ‘quod

1895 4803 2058 4879 corde
2091 4818 2196 4858 non
2227 4807 2526 4876 ge~tabant.

1889 4897 1958 4949 23
2035 4896 2301 4962 Quoniam
2332 4902 2458 4954 mihi
2483 4901 2688 4972 quidem
2731 4901 2950 4973 paci/ice
2972 4903 3316 4972 loquebantur
3343 4914 3359 4949 :

2039 4985 2104 5040 Et
2136 4987 2193 5042 in
2221 4991 2491 5044 iracundia
2510 4991 2577 5059 X
2600 4999 2753 5044 terra:
2787 4992 2802 5059 ζ
2836 4990 3098 5061 loquentes
3121 4988 3265 5042 dolos
3286 4984 3491 5053 cogitu-
