4000 5370
479 413 493 470 l

476 576 496 664 ἰ

474 674 489 728 ε

524 377 616 432 l5!

519 493 590 549 24
666 492 732 547 Et
755 492 1100 547 ditataverunt
1129 504 1283 559 super
1309 505 1390 543 me
1417 507 1474 543 os
1505 507 1655 544 suum
1685 508 1699 543 :

661 587 918 641 Dixerunt
948 602 961 637 :
991 582 1160 654 Euge,
1188 600 1314 653 euge
1334 584 1571 639 viderunt
1597 586 1734 640 oculi
1757 591 1943 644 nostri.

592 678 633 732 C
670 677 1043 731 Dilataverunt
1062 688 1123 729 os
1143 688 1320 739 suum,
1346 673 1680 744 postulantes
1707 686 1893 747 aperta
1923 693 2083 735 voce:

518 769 806 838 Crueiﬁge.
840 767 1009 838 Euge,
1043 782 1105 821 ac
1153 766 1196 821 si
1234 767 1477 824 dicerem
1503 768 1605 824 sibi
1638 769 1872 847 incruce
1901 790 1913 825 :
1946 772 2089 827 Bene

515 865 654 919 bene
683 861 927 916 videmus
955 861 1022 915 de
1071 867 1124 914 te
1162 860 1291 930 quid
1319 860 1743 917 desideravimus
1772 863 2005 928 efﬁcere,
2030 873 2090 918 ut

514 954 835 1024 pradicator
856 952 1027 1022 plebis
1053 952 1105 1006 in
1134 967 1293 1007 cruce
1318 967 1440 1006 cum
1481 952 1778 1009 latronibus
1804 954 2085 1024 penderes.

516 1042 562 1096 Η
592 1041 708 1102 Vel.
748 1056 899 1114 euge,
942 1056 1097 1112 euge.
1142 1042 1194 1096 id
1220 1049 1303 1096 est
1338 1041 1477 1097 bene
1503 1042 1637 1097 bene
1671 1043 1903 1100 vidimus
1922 1060 2082 1107 nunc,

513 1131 656 1200 quod
682 1131 926 1195 virtutes,
981 1145 1116 1199 quas
1165 1131 1311 1200 prius
1361 1130 1553 1195 fecisti,
1601 1132 1734 1187 nihil
1757 1142 1934 1199 erant,
1961 1135 2085 1205 quia

515 1221 747 1291 teipsum
780 1221 832 1275 in
858 1236 1018 1276 cruce
1035 1221 1221 1291 juvare
1247 1238 1353 1276 non
1382 1231 1556 1293 potes.
1584 1223 1624 1279 C
1650 1225 1815 1296 Euge,
1837 1240 1938 1279 vox
1964 1227 2088 1281 irri-

516 1312 659 1368 soria
711 1322 766 1367 et
813 1312 1150 1368 insultatoria
1180 1323 1279 1369 est.
1304 1314 1379 1371 Ac
1402 1316 1444 1371 si
1486 1316 1765 1371 dicerent:
1793 1316 1912 1372 1am
1941 1318 2087 1373 vide-

517 1414 643 1458 runt
702 1403 839 1458 oculi
894 1406 1065 1460 nostri
1113 1404 1254 1460 facta
1301 1418 1355 1462 et
1404 1407 1669 1462 mirabilia
1698 1419 1783 1462 tua
1811 1424 1827 1474 ;
1857 1424 1955 1463 cur
1978 1425 2083 1463 non

513 1494 796 1552 descendis
811 1498 875 1551 de
894 1512 1056 1552 cruce
1076 1498 1198 1553 :sed
1207 1498 1318 1568 jam
1342 1498 1588 1553 videmus
1613 1499 1755 1568 quod
1774 1515 1880 1553 non
1908 1508 2082 1570 potes.

511 1587 582 1640 95
665 1586 874 1652 Vidisti,
904 1588 1147 1655 Domine,
1181 1606 1243 1644 ne
1275 1589 1431 1644 sileas
1460 1604 1478 1641 :

652 1678 896 1746 Domine,
921 1696 983 1734 ne
1011 1680 1248 1735 discedas
1282 1699 1314 1736 a
1344 1698 1444 1736 me.

584 1769 624 1826 C
650 1769 865 1834 Vidisti,
895 1771 998 1826 hoc
1044 1778 1127 1827 est
1152 1773 1390 1841 probasti
1429 1789 1590 1843 quam
1622 1772 1853 1830 crudelis
1873 1772 2077 1829 exstitit

513 1861 645 1916 mihi
677 1860 925 1931 populus.
953 1861 1030 1916 Ne
1051 1862 1231 1928 sileas,
1260 1879 1327 1918 ne
1341 1861 1555 1919 dill‘eras
1586 1865 1713 1920 dare
1734 1866 2080 1929 sententiam,
2114 1849 2156 1907 Β

511 1952 656 2022 quod
689 1953 874 2024 utique
904 1952 1130 2010 tacendo
1155 1969 1260 2010 non
1289 1964 1466 2013 uotest
1500 1955 1636 2022 fieri,
1668 1956 1764 2012 sed
1789 1956 2080 2028 loquendo.

508 2064 582 2119 26
655 2064 895 2137 Exsurge
922 2075 970 2120 et
994 2066 1200 2121 intende
1229 2066 1491 2137 judicium
1518 2085 1687 2124 meum

652 2154 792 2209 Deus
828 2171 974 2209 meus
1002 2172 1020 2217 ,'
1045 2165 1094 2209 et
1119 2155 1375 2211 Dominus
1404 2173 1549 2212 meus
1585 2158 1638 2211 in
1658 2174 1871 2212 causam
1892 2174 2079 2212 meam.

579 2245 625 2300 Η
669 2245 935 2316 Exsurge,
960 2244 1205 2312 Domine,
1231 2246 1282 2301 id
1311 2254 1395 2302 est
1438 2246 1687 2303 discerne
1724 2248 1868 2303 inter
1894 2263 1980 2304 me
2028 2258 2086 2303 et

509 2336 744 2392 Judaeos.
770 2337 991 2393 Intende
1006 2336 1272 2406 judicium
1298 2353 1499 2404 meum,
1521 2338 1755 2409 qualiter
1775 2338 2083 2408 judicantes

509 2430 1007 2485 condcmnaverunt
1052 2444 1138 2486 me
1164 2430 1346 2485 morti.
1394 2430 1536 2486 Deus
1586 2445 1738 2487 meus
1778 2430 1830 2486 in
1862 2446 2079 2487 causam

508 2536 704 2575 meam.
743 2519 782 2574 C
822 2520 926 2575 Ista
957 2529 1041 2576 est
1091 2535 1253 2576 causa
1309 2537 1427 2586 sua,
1482 2521 1688 2578 scilicet
1734 2530 1795 2577 ut
1828 2522 1918 2593 qui
1951 2522 2082 2577 dare

507 2620 734 2667 venerat
758 2611 984 2667 salutem
1033 2612 1272 2668 humano
1300 2613 1506 2683 generi,
1546 2614 1614 2668 ab
1655 2614 1861 2669 insanis
1888 2613 2083 2684 proba-

510 2712 664 2758 retur
680 2702 875 2757 occidi.
922 2701 1145 2757 lntende
1186 2703 1471 2772 judicium,
1524 2702 1571 2756 Α
1608 2703 1661 2757 id
1690 2711 1771 2758 est
1810 2703 2082 2774 quomodo

509 2794 565 2847 in
596 2793 872 2849 laboribus
893 2801 947 2848 et
972 2793 1247 2849 doloribus
1270 2794 1544 2850 cruciatus
1568 2810 1706 2850 sum.
1738 2794 1843 2850 Sed
1873 2795 1999 2864 quia
2027 2804 2082 2850 et

510 2885 613 2937 ista
636 2882 764 2938 mali
803 2883 1101 2953 patiuntur,
1129 2885 1307 2939 addit:
1328 2884 1546 2941 intende
1581 2887 1635 2940 in
1662 2902 1879 2942 causam
1904 2902 2080 2942 meam

509 2989 606 3043 pro
634 2989 737 3043 qua
770 2975 966 3045 patior.
998 2973 1163 3030 Poena
1194 2974 1339 3031 enim
1387 2974 1580 3032 similis
1603 2983 1689 3031 est
1718 2977 2000 3034 sceleratis
2027 2986 2082 3033 et

508 3064 685 3129 bouis,
715 3064 808 3118 sed
856 3080 962 3120 non
1012 3081 1153 3121 eam.
1193 3064 1486 3138 Martyrem
1527 3067 1600 3122 ita
1645 3069 1787 3138 quod
1813 3083 1918 3124 non
1949 3068 2082 3125 facit

510 3164 687 3222 pmua,
718 3152 813 3208 sed
844 3168 1027 3209 causa.

506 3264 575 3324 27
645 3265 841 3325 Judica
875 3284 954 3324 me
996 3270 1279 3325 secundum
1315 3270 1581 3341 justitiam
1629 3280 1794 3341 tuam,
1834 3272 2076 3339 Domine,

716 3359 859 3415 Deus
890 3377 1033 3416 meus
1059 3376 1079 3415 :

654 3452 717 3508 Et
739 3471 840 3510 non
869 3455 1285 3525 supergaudeant
1319 3459 1463 3513 mihi.
2094 3532 2101 3539 ‘

575 3544 615 3600 C
646 3543 787 3600 Petit
815 3544 1115 3615 sejudicari
1139 3547 1389 3604 Christus
1411 3558 1703 3606 secundum
1720 3551 2007 3621 justitiam,
2026 3551 2078 3607 id

504 3643 590 3690 est
608 3636 901 3690 secundum
930 3636 1375 3707 misericordiam,
1404 3640 1498 3709 qui
1528 3649 1747 3710 peccata
1774 3657 1880 3696 non
1925 3642 2075 3706 fecit,

507 3736 567 3779 ut
614 3728 771 3781 nobis
818 3727 1131 3783 ostenderet
1186 3730 1578 3800 deprecationis
1625 3731 1950 3800 exemplum.
2007 3732 2078 3788 Ut

507 3831 617 3871 non
638 3818 1088 3887 supergaudeant,
1108 3819 1258 3875 idest
1279 3835 1384 3875 non
1415 3821 1654 3876 dicerent
1683 3821 1851 3878 Judzei
1875 3822 2079 3894 :potui-

508 3923 649 3974 mus,
683 3907 925 3974 fecimus,
952 3909 1160 3979 egimus
1180 3911 1321 3980 quod
1347 3910 1631 3967 voluimus.

503 4021 574 4076 28
648 4020 771 4076 Non
805 4024 978 4076 dicunt
1003 4021 1057 4075 in
1096 4021 1336 4076 cordibus
1357 4022 1467 4078 suis
1498 4020 1706 4094 :Euge,
1742 4041 1867 4095 euge
1888 4024 2078 4079 animi:

717 4128 905 4173 ποεῖν-α’
926 4132 947 4172 ἔ

650 4207 761 4263 Nec
787 4209 963 4266 dicant
988 4213 1394 4270 :Devoravimus
1414 4230 1552 4269 eum.

577 4300 617 4357 C
643 4299 758 4356 Non
796 4302 978 4358 dicant
1007 4323 1019 4357 :
1045 4305 1210 4377 Euge,
1241 4322 1395 4378 euge,
1421 4308 1472 4363 id
1500 4315 1584 4364 est
1604 4308 1742 4363 bene
1764 4310 1933 4377 bene;
1973 4310 2073 4365 ista

504 4395 667 4449 verba
701 4403 826 4448 sunt
855 4395 1148 4452 laetantium
1200 4400 1461 4455 scelerata
1514 4409 1713 4456 mente.
1760 4400 1805 4455 il
1857 4400 1964 4457 Nec
1993 4403 2079 4457 di-

503 4492 629 4542 cant
675 4501 689 4538 :
733 4484 1117 4542 Devoravimus
1161 4504 1305 4554 eum,
1341 4492 1391 4545 id
1415 4501 1499 4546 est
1521 4508 1584 4546 ne
1606 4491 1987 4559 patefiatultra
2013 4509 2074 4548 os

502 4586 689 4627 eorum
717 4573 785 4629 ad
814 4589 898 4628 me
939 4575 1323 4640 devorandum,
1376 4580 1429 4633 id
1460 4588 1541 4633 cst
1578 4595 1664 4634 me
1708 4579 1938 4635 similem
1969 4580 2074 4635 illis
2106 4553 2152 4609 θ

504 4662 890 4732 deputandum.
922 4665 1154 4720 Devorat
1175 4668 1318 4724 enim
1358 4670 1521 4723 homo
1549 4671 1688 4740 quod
1717 4670 1769 4723 in
1800 4685 1861 4723 os
1886 4670 2070 4735 mittit,

502 4753 577 4807 ita
598 4763 911 4824 peccatores
930 4757 1178 4812 nituntur
1201 4757 1378 4826 justos
1401 4760 1452 4813 in
1480 4775 1605 4814 suas
1656 4760 1923 4829 nequitias
1970 4770 2075 4815 tra-

497 4845 686 4914 jicere,
718 4857 776 4902 ut
796 4849 875 4904 eis
901 4849 1107 4906 similes
1154 4851 1302 4916 fiant,
1326 4861 1381 4905 et
1411 4866 1574 4905 unum
1606 4866 1727 4907 cum
1753 4852 1832 4906 eis
1854 4866 2070 4921 corpus.

500 4958 571 5014 29
644 4958 966 5015 Erubescant
994 4971 1043 5016 et
1068 4971 1398 5016 revereantur
1424 4959 1579 5014 simul
1608 4973 1627 5012 ε

647 5050 751 5116 Qui
778 5051 1117 5120 gratulantur
1138 5049 1291 5103 mulis
1322 5045 1468 5101 meis.

575 5136 621 5193 ll
670 5138 1027 5200 Erubescant,
1082 5137 1132 5190 id
1163 5144 1248 5190 est
1275 5133 1444 5188 Judazi
1482 5142 1858 5202 persecutores
1883 5146 1937 5192 et
1964 5139 2074 5193 ha:-

503 5229 691 5291 retici,
751 5229 844 5298 qui
885 5227 1301 5298 gratulabantur
1336 5241 1347 5276 :
1390 5225 1608 5292 quando
1660 5241 1746 5281 me
1788 5242 2076 5299 perseque-

506 5318 721 5370 bantur.
752 5319 858 5370 hoc
886 5328 989 5370 est.
1016 5331 1122 5370 non
1155 5315 1326 5368 solum
1353 5325 1738 5370 persequentes
1771 5334 1857 5370 me
1885 5322 2074 5370 eruim-

1439 376 1493 431 S.
1536 376 1881 436 DRUNONIS
1921 382 2457 443 HERBIPOLENSIS
2495 388 2799 448 EPISCOPI

3667 387 3765 442 152

2115 501 2164 559 Α
2194 507 2360 552 raret.
2421 498 2740 558 Reverentia
2798 511 2883 559 est
2943 503 3085 559 enim
3148 501 3360 559 Domini
3422 500 3585 555 timor
3644 512 3762 553 cum

2190 603 2373 645 amore
2396 594 2704 661 permistus.

2190 677 2259 734 50
2329 679 2634 738 Induantur
2655 686 2961 757 confusione
2988 697 3035 742 ct
3063 688 3349 743 reverentia

2332 771 2689 847 Quimaligna
2716 777 3002 848 loquuntur
3028 796 3183 849 super
3206 795 3307 833 me.

2260 864 2306 920 Η
2356 866 2651 924 lnduantur
2666 870 3001 935 confusione,
3017 872 3068 926 id
3088 883 3171 925 est
3191 869 3510 926 confusione
3538 877 3764 924 aeterna.

2192 957 2344 1014 Unde
2371 960 2538 1015 dicit:
2570 961 2839 1021 Discedite
2864 979 2893 1018 a
2924 979 3031 1028 mc,
3068 962 3336 1017 maledicti
3364 961 3582 1031 (Matth.
3615 961 3765 1028 xxv),

2190 1056 2363 1125 utqui
2391 1071 2475 1112 me
2503 1058 2658 1127 quasi
2690 1059 2962 1115 hominem
3008 1058 3421 1128 judicaverunt,
3448 1056 3673 1112 videant
3712 1062 3770 1106 ut

2190 1146 2355 1202 Deum
2376 1146 2730 1217 judicantem.
3782 1216 3785 1217 ν

2187 1236 2249 1290 5i
2330 1237 2604 1293 Emsullent
2632 1249 2679 1295 et
2707 1240 3046 1312 lwtenturqui
3073 1238 3250 1295 volunt
3261 1238 3531 1310 justitiam
3554 1250 3727 1291 meam
3749 1248 3768 1287 :

2329 1327 2396 1383 Et
2426 1330 2604 1385 dicunt
2628 1348 2829 1402 semper
2849 1346 2867 1383 :
2899 1331 3271 1403 Magniﬁcetur
3293 1330 3549 1385 Dominus
3571 1327 3665 1397 qui
3685 1343 3771 1382 ro-

2395 1420 2508 1474 lunl
2531 1438 2709 1491 pacem
2735 1422 2867 1477 servi
2892 1424 3024 1492 ejus.

2258 1512 2299 1566 ll
2345 1512 2647 1578 Exsultent,
2697 1514 2747 1566 l.
2796 1514 2967 1569 sancti
3014 1513 3108 1583 qui
3151 1512 3339 1568 volunt
3370 1510 3465 1566 Dei
3493 1508 3769 1578 justitiam

2187 1605 2432 1676 implere,
2465 1606 2563 1674 ipsi
2589 1605 2929 1661 exsulteutet
2956 1605 3205 1660 laetentur
3234 1604 3301 1659 de
3326 1600 3769 1667 remuneratione

2185 1697 2308 1752 vitze
2350 1705 2584 1752 atteram.
2616 1697 2806 1752 Dicant
2835 1712 3066 1767 semper,
3097 1695 3303 1753 scilicet
3342 1694 3540 1758 sancti,
3571 1701 3628 1746 ut
3657 1691 3770 1745 Do-

2186 1788 2362 1841 minus
2380 1785 2540 1841 Pater
2562 1771 2953 1857 uiagnilicetur,
2971 1787 3084 1856 ipse
3097 1794 3181 1841 est
3194 1802 3296 1856 pax
3326 1796 3525 1839 noszra.
3552 1781 3595 1837 C
3609 1780 3769 1848 Quod

2187 1888 2369 1933 autem
2397 1878 2551 1941 dixit,
2584 1878 2724 1932 servi
2772 1877 2910 1945 ejus,
2952 1878 3018 1932 ad
3050 1876 3371 1932 humilitatis
3418 1874 3648 1928 formam
3683 1885 3770 1924 rc-

2185 1969 2364 2039 Spicit,
2414 1969 2502 2038 qui
2557 1968 2611 2022 iu
2646 1977 2920 2037 assumpta
2962 1966 3368 2038 carne(Ephes.
3421 1964 3522 2035 II),
3572 1976 3770 2018 secun-

2185 2060 2311 2114 dum
2337 2059 2695 2113 humilitatem
2754 2073 2944 2114 servus
3000 2058 3177 2113 Patris
3224 2057 3443 2112 dicitur.
3498 2054 3602 2122 Qui
3633 2065 3768 2122 ergo

2184 2150 2371 2206 volunt
2405 2166 2590 2220 pacem
2620 2149 2834 2207 Christo
2856 2151 2880 2204 ?
2896 2149 2981 2219 ,ΙΙΙί
3012 2149 3218 2205 scilicet
3243 2149 3337 2219 qui
3376 2164 3406 2203 a
3439 2146 3586 2201 vitiis
3635 2142 3766 2200 red-

2185 2245 2388 2299 duntur
2409 2244 2592 2299 alieni.

2183 2333 2252 2388 52
2324 2332 2392 2388 Et
2423 2333 2604 2406 lingua
2643 2350 2757 2388 mea
2789 2332 3125 2388 meditabitur
3134 2331 3400 2403 justitiam
3426 2339 3571 2383 tuam
3603 2345 3618 2380 :

2329 2427 2460 2482 Tota
2488 2428 2571 2482 die
2591 2427 2798 2481 laudem
2821 2437 2989 2481 tuam.

2246 2516 2288 2570 Η
2341 2516 2545 2587 Lingua
2592 2531 2732 2582 mea,
2776 2517 2947 2571 sancti
3015 2524 3172 2581 sunt;
3224 2514 3304 2569 illi
3354 2511 3767 2568 meditabantur

2184 2611 2438 2665 mandata
2466 2611 2580 2664 Dei.
2608 2611 2740 2665 Tota
2764 2610 2872 2675 die,
2897 2617 3006 2664 toto
3040 2618 3277 2677 tempore
3302 2606 3512 2662 scilicet
3539 2602 3767 2659 laudare

2185 2702 2349 2756 Deum
2372 2710 2602 2757 certent.
2630 2701 2670 2756 C
2698 2701 2831 2768 Quia
2868 2715 3081 2769 semper
3102 2699 3268 2754 Deum
3300 2698 3545 2761 laudant,
3571 2694 3669 2766 qui
3701 2694 3757 2748 in

2184 2790 2331 2845 omni
2362 2790 2639 2846 voluntate
2668 2806 2763 2845 sua
2791 2790 2971 2844 divina
2995 2787 3144 2857 jussa
3177 2786 3547 2843 considerant.

2604 2898 2803 2939 ORATIO
2839 2899 2906 2937 EX
2945 2899 3089 2938 PSAL-
3145 2897 3329 2936 XXXIV.

2220 3032 2225 3036 ,
2254 2975 2524 3031 Protectio
2569 2974 2822 3046 salusque
2869 2976 3062 3029 anima:
3098 2983 3316 3038 nostrae,
3350 2971 3505 3043 operi
3543 2984 3647 3025 nos
3667 2983 3764 3040 ga-

2182 3067 2264 3122 lea
2288 3068 2424 3137 spei,
2460 3075 2514 3121 et
2542 3077 2696 3122 scuto
2741 3067 3168 3138 inexpugnabilis
3220 3063 3579 3129 munimenti,
3639 3071 3762 3117 uta

2185 3168 2236 3213 te
2262 3158 2313 3212 in
2356 3158 2532 3213 causis
2573 3166 2770 3213 nostrae
2818 3156 3161 3212 necessitatis
3209 3155 3409 3226 adjuti,
3446 3166 3763 3209 mercamur

2182 3261 2304 3301 cum
2347 3254 2397 3299 te
2440 3245 2783 3316 diligenlibus
2881 3246 3065 3299 laetitia
3117 3254 3173 3300 et
3220 3243 3584 3300 exsultatione
3634 3256 3762 3311 per-

2183 3337 2352 3391 fundi.
2387 3336 2488 3392 Per
2517 3336 2800 3392 Dominum
2832 3345 3074 3393 nostrum
3093 3333 3300 3398 Iesum,
3325 3343 3433 3390 etc.

2673 3428 2796 3484 PSA
2808 3428 2989 3495 LMUS
3037 3426 3253 3482 XXXV.

2595 3534 2959 3576 ARGUMENTUI
2996 3533 3141 3574 ΡεΑι..
3183 3532 3350 3572 XXXV.

2252 3617 2294 3674 C
2338 3616 2606 3689 Propheta
2635 3623 3036 3685 contemptores
3054 3613 3187 3685 legis
3221 3614 3570 3669 vehementer
3594 3626 3761 3667 accu-

2180 3716 2284 3773 sat,
2310 3715 2366 3762 et
2395 3706 2496 3763 sub
2521 3704 2682 3761 laude
2713 3702 2927 3758 Domini
2956 3702 3152 3758 collata
3180 3702 3458 3757 beatorum
3487 3701 3631 3756 dona
3658 3700 3761 3755 de-

2179 3800 2388 3857 scribit.

2312 3888 2421 3943 TT.
2480 3887 2541 3942 In
2570 3887 2725 3956 ﬁnem
2746 3901 2890 3941 servo
2923 3884 3130 3939 Domini
3161 3882 3393 3953 psalmus
3424 3879 3617 3934 David.

2247 3992 2288 4033 υ
2319 3976 2453 4030 Nam
2486 3986 2540 4030 et
2568 3977 2620 4029 in
2666 3975 2826 4028 linem
2855 3972 3138 4027 Dominum
3176 3970 3468 4043 signiﬁcat,
3497 3978 3553 4025 et
3593 3984 3764 4025 servo

2179 4067 2390 4122 Domini
2419 4067 2484 4122 de
2510 4066 2625 4135 ipso
2662 4064 2877 4128 dicitur,
2911 4063 3001 4133 qui
3033 4061 3260 4117 formam
3281 4060 3426 4116 servi
3455 4060 3757 4130 accipiens,

2178 4158 2460 4214 factuset
2490 4154 2747 4210 obediens
2782 4168 2951 4222 usque
3005 4152 3071 4208 ad
3118 4161 3343 4206 mortem
3395 4149 3619 4222 (Philip.
3670 4152 3760 4221 ιι).

2179 4249 2425 4304 Psalmus
2471 4261 2597 4302 vero
2637 4254 2691 4301 et
2733 4243 2897 4298 David
2965 4242 3236 4313 frequenti
3276 4242 3616 4312 expositione
3641 4241 3761 4311 jam

2176 4342 2285 4397 noti
2318 4349 2464 4396 sunt.

2211 4432 2238 4485 1
2317 4431 2460 4484 Dixit
2488 4430 2712 4500 injustas
2744 4438 2795 4482 ut
2824 4427 3088 4498 delinquat
3117 4442 3168 4480 in
3196 4426 3468 4496 semetipso
3490 4441 3510 4478 :

2323 4520 2443 4575 Non
2468 4530 2542 4574 est
2569 4521 2725 4574 timor
2745 4520 2841 4575 Dei
2866 4529 2982 4573 ante
3010 4518 3186 4572 oculos
3211 4518 3345 4588 ejus.

2250 4614 2290 4667 ll
2326 4613 2472 4668 Dixit
2517 4614 2765 4685 injustus,
2817 4612 2867 4667 id
2897 4619 2980 4666 est
3011 4610 3252 4665 decrevit
3304 4623 3529 4678 peccare
3566 4623 3626 4663 sc
3666 4609 3764 4664 dc-

2176 4706 2322 4761 berc.
2347 4707 2386 4761 C
2414 4706 2477 4760 Et
2507 4707 2578 4760 ita
2619 4706 2739 4761 ideo
2772 4705 2987 4775 cogitat,
3016 4714 3074 4758 ut
3105 4701 3310 4771 sibiipsi
3347 4701 3626 4756 licentiam
3660 4702 3763 4756 tri-

2176 4800 2308 4855 buat
2331 4799 2611 4869 peccandi.
2644 4799 2758 4854 Non
2787 4807 2869 4853 est
2898 4798 3056 4852 timor
3082 4797 3199 4861 Dei,
3225 4797 3274 4851 id
3306 4804 3409 4859 est,
3460 4811 3568 4850 non
3603 4806 3764 4867 putat

2176 4909 2370 4948 curare
2400 4893 2586 4957 Deum,
2617 4902 2677 4947 ut
2724 4891 2967 4946 homines
3006 4890 3236 4943 debeant
3268 4903 3392 4942 cum
3434 4888 3755 4944 formidare.

2176 4983 2222 5037 Α
2250 4982 2342 5037 Vel
2373 4981 2600 5050 injustus
2629 4982 2853 5053 quilibet
2882 4980 3032 5043 dixit,
3060 4979 3111 5033 id
3141 4986 3243 5043 est,
3269 4978 3612 5043 deliberavit,
3648 4995 3758 5034 non

2177 5075 2230 5131 in
2269 5074 2507 5143 publico,
2549 5074 2640 5128 scd
2666 5071 2954 5140 semetipso
2991 5087 3002 5123 :
3031 5069 3104 5124 ibi
3136 5070 3437 5140 proposuit,
3466 5071 3556 5126 ubi
3590 5069 3760 5126 homo

2177 5180 2283 5218 non
2313 5166 2479 5229 videt,
2510 5173 2565 5217 et
2606 5164 2732 5218 licet
2761 5162 2900 5217 Deus
2925 5162 3121 5227 videat,
3150 5162 3251 5216 hoc
3286 5176 3391 5216 non
3422 5173 3603 5229 curat,
3628 5163 3757 5232 quia

2179 5270 2282 5308 non
2310 5264 2392 5310 est
2414 5256 2574 5310 timor
2604 5255 2694 5309 Dei
2727 5252 3064 5308 anteoculos
3091 5250 3226 5321 ejus.
3267 5252 3528 5308 Homines
3577 5255 3754 5319 timet,

2180 5359 2241 5370 n‘n
2270 5344 2479 5370 n-IL':AA
2527 5344 2842 5370 n-AnIAnI-nn
2888 5341 3222 5370 :n:nll:ln.nm
3280 5341 3443 5370 nilum
3486 5359 3619 5370 ..Λ-Α
3648 5359 3752 5370 ..Λ-ι
