4000 5370
221 348 316 403 ιὸδ

1424 340 1513 397 EX
1522 339 1789 399 POSI'I‘IO
1822 338 2267 397 PSALMORUM.

220 468 331 533 ipso
355 463 485 532 quia
532 476 634 517 non
662 469 746 515 est
784 460 968 523 timor,
998 468 1103 514 etc.
1145 457 1186 512 ll
1242 456 1495 512 Diabolus
1548 455 1798 510 videlicet
1826 456 1872 517 Α
1934 454 1968 510 8
2042 452 2175 508 Filii
2212 464 2387 510 autem
2422 454 2734 512 hominum:

217 566 268 611 et
285 555 456 611 Judaei
481 554 920 623 doloseegerunt
947 550 998 604 in
1029 564 1320 619 conspectu
1352 549 1465 603 Dei.
1500 548 1591 606 Vel
1614 547 1681 601 ad
1703 546 1797 601 Ju-

216 650 335 702 datn
397 645 732 717 proditorem
791 642 1062 713 pertinet,
1110 656 1343 711 quorum
1408 641 1665 710 iniquitas
1728 638 1795 693 ad

214 740 392 793 odium
448 737 666 792 inventa
707 744 811 791 est.
857 736 901 788 A
958 732 1222 789 Similiter
1244 733 1487 788 omnium
1527 731 1794 785 malorum

214 827 484 882 invenitur
518 825 779 896 iniquitas
798 824 866 881 ad
893 825 1100 889 odium,
1130 824 1254 894 quia
1281 824 1400 880 odit
1424 823 1567 878 Deus
1591 822 1792 877 inioni—

212 925 394 978 tatem,
432 915 561 971 dum
595 931 716 970 eam
749 925 1012 985 perpetuo
1037 914 1211 985 punit.

242 1029 278 1082 ὅ
359 1026 524 1081 Verba
547 1028 656 1081 oris
682 1026 795 1097 ejus
818 1027 1069 1097 iniquitas
1092 1035 1140 1079 et
1167 1024 1322 1079 dolus
1348 1043 1360 1079 :

348 1118 536 1173 Noluit
556 1118 845 1188 intelligere
871 1128 927 1172 ut
950 1118 1075 1173 bene
1103 1126 1298 1188 ageret.

274 1210 315 1265 C
346 1208 524 1265 Verba
550 1224 741 1264 eorum
764 1218 890 1263 sunt
919 1209 1231 1280 iniquitates
1256 1219 1313 1265 et
1330 1209 1506 1274 dolus,
1530 1208 1792 1279 iniquitas

206 1303 437 1374 pertinet
462 1303 529 1357 ad
560 1302 972 1372 blasphemiam,
1000 1302 1158 1358 dolus
1212 1303 1267 1356 in
1299 1302 1606 1373 proximum
1640 1302 1791 1357 deci-

208 1394 478 1464 piendum.
511 1392 696 1448 Noluit
742 1393 1072 1464 intelligere,
1106 1392 1226 1449 illos
1269 1392 1561 1464 signiﬁcat,
1589 1392 1680 1461 qui
1720 1406 1788 1446 ex

207 1486 380 1555 aliqua
405 1492 580 1554 parte,
611 1483 904 1555 igniculum
933 1484 1211 1553 sapientia:
1252 1491 1631 1553 perceperunt,
1673 1490 1729 1537 et
1757 1497 1787 1535 a

205 1590 330 1630 vero
358 1575 637 1631 intellectu
682 1576 1041 1643 declinantes,
1071 1591 1170 1632 suo
1190 1576 1322 1631 vitio
1342 1576 1615 1647 perversis
1638 1588 1789 1631 erro-

206 1668 347 1726 ribus
377 1684 436 1723 se
467 1669 801 1740 polluerunt.

235 1779 268 1832 4
342 1779 678 1850 lniquitatem
709 1780 991 1836 meditatus
1019 1791 1097 1837 est
1117 1783 1172 1835 in
1193 1781 1354 1836 cuhili
1380 1798 1477 1836 suo
1503 1800 1515 1835 :

342 1871 517 1923 Astitit
541 1872 684 1924 omni
703 1872 798 1925 vite
813 1887 914 1924 non
936 1870 1084 1925 bonae
1109 1888 1127 1926 :
1150 1872 1410 1926 malitiam
1438 1899 1501 1928 -ιο
1523 1881 1696 1926 autem
1732 1871 1751 1940 ζ

411 1979 518 2018 non
542 1964 725 2019 oditit.

265 2055 307 2111 C
338 2055 679 2127 lniquitatem
705 2057 1000 2113 meditatus
1020 2065 1128 2121 est,
1154 2057 1362 2113 scilicet
1388 2058 1700 2123 haereticus,
1729 2067 1786 2114 et

201 2161 433 2201 errorem
460 2150 619 2218 longa
647 2148 1004 2205 meditatione
1029 2149 1303 2213 tractavit,
1338 2149 1505 2205 libros
1533 2148 1783 2207 faciendo

201 2251 498 2306 perversos.
524 2237 569 2292 ll
597 2238 650 2292 In
683 2238 874 2305 cubili,
904 2239 958 2293 in
985 2240 1149 2294 corde
1176 2248 1408 2301 secreto,
1444 2239 1535 2294 ubi
1565 2240 1784 2296 animus

200 2328 391 2383 bonum
438 2327 527 2383 vel
577 2329 779 2384 malum
823 2330 1136 2386 meditatur.
1163 2330 1355 2386 Astitit
1374 2331 1530 2386 omni
1550 2332 1651 2387 viae
1672 2347 1781 2388 non

199 2418 366 2484 bona,
394 2418 516 2475 ideo
540 2421 608 2475 ad
637 2421 844 2476 nullum
875 2421 1112 2478 fructum
1130 2421 1359 2491 justitiaz
1378 2423 1661 2493 pervenire
1687 2438 1784 2494 po-

202 2509 317 2563 tnit.
341 2508 605 2565 Malitiam
630 2527 735 2568 non
761 2512 952 2581 odivit,
976 2514 1067 2570 sed
1091 2514 1295 2580 dilexit,
1314 2513 1352 2567 A
1370 2514 1513 2584 quod
1536 2523 1619 2570 est
1634 2529 1782 2570 sum-

200 2616 279 2655 ma
314 2601 554 2670 malitia;
577 2602 670 2674 qui
703 2605 847 2659 enim
879 2606 1093 2675 penitus
1118 2621 1225 2661 non
1256 2615 1436 2676 potest
1460 2620 1782 2663 carerema~

202 2694 327 2760 litia,
357 2696 518 2751 debet
557 2696 751 2752 saltem
778 2707 958 2753 mente
988 2700 1189 2755 odisse.

231 2809 262 2863 5
330 2810 570 2877 Domine,
587 2812 642 2867 in
672 2812 799 2867 caelo
822 2813 1183 2869 misericordia
1205 2822 1336 2868 tua:

333 2916 394 2958 4-
423 2903 491 2958 Et
528 2904 544 2974 ζ
576 2905 769 2959 veritas
789 2913 882 2958 tua
912 2920 1074 2975 usque
1094 2904 1166 2958 ad
1187 2904 1365 2959 nubes.

263 2991 309 3047 ll
337 2993 586 3061 Domine,
615 2994 672 3049 itt
698 2993 861 3060 caelo,
886 2994 938 3050 id
967 3003 1069 3060 est,
1100 2994 1155 3049 in
1182 2996 1388 3052 sanctis
1423 2996 1652 3068 angelis,
1682 2999 1775 3069 qui

198 3084 252 3138 in
276 3085 404 3139 cmlo
444 3085 656 3152 ﬁrmati
707 3085 945 3145 luerunt,
978 3093 1167 3141 etnon
1213 3086 1545 3143 ceciderunt.
1575 3085 1674 3144 Vel
1719 3089 1772 3142 in

193 3175 344 3241 caelo,
375 3177 424 3230 id
447 3186 532 3232 est
562 3176 825 3231 Ecclesia.
855 3177 893 3230 A
928 3177 1025 3233 Vel
1047 3178 1288 3247 quolibet
1317 3187 1507 3234 sancto
1538 3188 1622 3234 est
1665 3180 1768 3234 mi-

198 3268 479 3323 sericordia
501 3269 595 3325 Dei
629 3286 791 3326 causa
820 3271 963 3341 quod
993 3271 1190 3326 caelum
1220 3280 1321 3337 est,
1359 3280 1415 3327 et
1441 3288 1546 3326 non
1574 3281 1656 3327 est
1682 3272 1770 3327 in-

195 3358 376 3427 justas,
407 3361 551 3415 sicut
578 3361 687 3427 ille,
715 3363 782 3417 de
812 3377 921 3433 quo
948 3364 1151 3419 dictum
1195 3372 1280 3419 est
1313 3378 1328 3417 :
1356 3361 1423 3418 Et
1452 3364 1653 3418 veritas
1681 3371 1769 3418 tua

196 3465 354 3521 qune
379 3452 445 3507 ad
477 3453 665 3509 nubes.
708 3452 749 3509 C
767 3453 825 3508 Id
853 3462 958 3520 est,
990 3454 1239 3511 Christus
1269 3455 1322 3509 in
1350 3454 1611 3525 apostolis
1632 3461 1688 3509 et
1714 3453 1769 3509 itt

197 3543 463 3611 prophetis
491 3543 719 3608 habitat,
743 3545 836 3615 qui
891 3545 1137 3602 doctrina
1184 3546 1495 3618 evangelica
1537 3546 1770 3617 irrigant

196 3632 348 3688 corda
397 3634 630 3700 arentia,
659 3644 718 3689 ut
748 3634 981 3691 fructum
1029 3636 1157 3694 dent
1194 3637 1351 3702 lldei;
1382 3654 1503 3709 qua:
1551 3638 1769 3694 steriles

195 3721 396 3780 {nerant
419 3725 673 3783 ariditate
701 3728 931 3797 peccati.
956 3727 1206 3785 Christus
1231 3729 1376 3784 enim
1407 3730 1608 3786 veritas
1658 3739 1766 3799 est,

194 3816 406 3886 apostoli
436 3818 630 3875 nubes.

224 3907 256 3960 6
318 3908 541 3963 Iustitia
558 3919 651 3963 tua
673 3910 807 3964 sicut
835 3916 1038 3966 montes
1074 3910 1171 3966 Dei

320 3999 542 4055 Iudicia
573 4011 668 4055 tua
704 4002 925 4073 abyssus
960 4001 1150 4056 multa.

250 4090 291 4147 C
316 4092 514 4147 Beatos
551 4092 825 4163 apostolos
860 4094 1136 4149 montibus
1164 4093 1518 4163 comparavit,
1551 4092 1642 4165 qui
1666 4108 1762 4148 ca-

186 4197 336 4251 paces
362 4183 579 4240 Domini
613 4184 840 4256 justitiae
879 4184 1092 4240 devotis
1121 4186 1367 4240 sensibus
1413 4187 1761 4240 exstiterunt.

187 4277 413 4347 Ahyssus
444 4277 537 4332 hic
567 4277 621 4331 in
665 4277 863 4331 bonum
888 4277 1088 4347 posuit.
1126 4274 1222 4331 Est
1249 4275 1392 4330 enim
1424 4274 1764 4346 profunditas

186 4382 433 4438 aquarum
467 4368 720 4440 abyssus,
751 4385 913 4438 quam
941 4384 1040 4424 nec
1078 4368 1283 4434 metiri,
1312 4383 1412 4424 nec
1436 4368 1765 4431 intrinsecus

186 4474 244 4512 ex
273 4470 381 4515 toto
406 4460 596 4515 videre
635 4459 945 4525 valeamus,
972 4460 1051 4516 sic
1077 4459 1316 4514 divinam
1340 4459 1629 4530 justitiam,
1664 4474 1764 4514 nec

188 4561 353 4607 mente
393 4552 705 4623 complecti,
736 4568 835 4607 nec
864 4552 1076 4607 ratione
1121 4550 1298 4621 aliqua
1346 4550 1575 4608 dillinire
1630 4568 1756 4622 pos—
1787 4547 1836 4608 D

189 4657 379 4699 sumus.

223 4757 252 4810 7
316 4757 567 4814 Homines
598 4768 646 4812 et
659 4757 899 4826 jumenta
923 4757 1174 4820 salvabt’s,
1211 4756 1466 4811 Domine:

314 4850 770 4916 Quemadmodum
791 4849 1153 4919 multiplicasti
1167 4847 1580 4901 misericordiam
1608 4855 1754 4900 tuam

386 4943 549 4998 Deus.

253 5031 295 5086 ll
319 5034 577 5089 Homines
603 5041 659 5088 et
693 5034 932 5104 jumenta;
961 5032 1198 5091 salvabit
1235 5029 1517 5095 Dominus,
1565 5028 1618 5081 id
1645 5039 1752 5096 est,

2074 547 2143 602 In
2173 549 2397 618 tegmine
2425 548 2635 604 alarum
2654 559 2867 603 tuarum
2893 548 3197 614 sperabunt.
3236 562 3241 567 '

1964 641 2005 696 C
2032 638 2151 694 Filii
2178 648 2360 693 autent
2383 640 2657 693 hominum
2681 649 2808 695 sunt
2829 640 2918 709 qui
2937 655 3046 695 non
3067 637 3485 708 suntjumenta,

1895 733 1991 787 sed
2039 730 2437 786 rationabiliter
2482 731 2689 794 vivunt,
2721 732 2811 802 qui
2858 731 3088 803 gratiam
3140 732 3487 801 baptismatis

1895 824 2194 888 consecuti,
2224 826 2278 879 in
2329 839 2526 879 novam
2573 825 2884 895 progeniem
2942 834 3324 881 renascuntur.
3353 824 3399 878 ll
3441 824 3484 879 C

1894 912 2006 967 Ala».
2054 928 2186 968 vero
2234 912 2446 968 Domini
2495 921 2623 968 sunt
2680 922 2944 984 praecepta
2987 913 3119 968 Novi
3170 922 3224 969 et
3268 912 3483 968 Veteris

1894 1004 2251 1061 Testamenti.
2298 1007 2339 1062 C
2385 1006 2441 1061 In
2476 1021 2705 1077 quarum
2737 1006 3073 1077 protectione
3099 1006 3277 1061 omnis
3300 1006 3485 1075 justus

1892 1112 2114 1168 sperare
2133 1099 2501 1168 cognoscitur,
2541 1098 2666 1153 dum
2699 1097 2780 1153 eis
2800 1098 3021 1152 obedire
3044 1098 3369 1153 ostenditur.

1927 1188 1961 1243 9
2033 1186 2445 1242 lnebriabuntur
2468 1188 2521 1242 in
2550 1187 2782 1242 ubertate
2822 1187 3009 1241 domus
3038 1197 3176 1241 tum:

2039 1279 2103 1333 Et
2132 1289 2363 1333 torrente
2401 1278 2678 1349 voluptatis
2702 1289 2808 1332 tum
2836 1278 3055 1347 potabis.

1960 1372 2005 1427 ll
2044 1370 2482 1436 lnebrialtuntur,
2520 1372 2570 1425 id
2596 1379 2680 1425 est
2726 1371 2825 1440 ipsi
2856 1369 2949 1424 ﬁlii
2975 1370 3067 1424 Dei
3097 1385 3125 1424 θ
3153 1366 3482 1440 pinguedine

1888 1463 2060 1534 gratia
2100 1463 2338 1533 Spiritus
2371 1463 2571 1526 sancti,
2615 1471 2674 1517 ιιι
2699 1462 2934 1517 habeant
2973 1461 3303 1517 intellectum
3341 1460 3478 1531 dog-

1889 1567 2094 1610 matntn
2121 1554 2634 1619 ecclesiasticarum,
2665 1562 2742 1619 ttt,
2774 1553 2959 1608 oblitis
2985 1552 3226 1623 ﬂagitiis,
3258 1552 3483 1606 virtuti-

1888 1649 1987 1704 bus
2018 1647 2366 1718 impleantur.
2397 1646 2439 1701 C
2485 1645 2806 1701 Torrentem
2845 1646 3077 1700 dicimus
3103 1659 3225 1699 esse
3250 1642 3475 1697 ﬂuvium

1888 1738 2127 1793 velocem
2154 1778 2169 1802 ,
2220 1737 2307 1793 cui
2347 1735 2485 1791 bene
2529 1745 2878 1806 comparatur
2937 1735 3199 1804 sapientia
3246 1731 3475 1797 Christi,

1817 1805 1860 1866 Β
1887 1830 2012 1901 quia
2044 1839 2098 1886 et
2126 1830 2301 1885 subita
2331 1838 2453 1899 est,
2476 1836 2533 1883 et
2555 1830 2630 1883 ita
2656 1805 2878 1899 rapida,
2931 1836 2990 1882 ut
3028 1828 3096 1883 ad
3126 1826 3287 1881 Iidem
3309 1838 3473 1895 quem

1887 1922 1999 1976 vult
2043 1923 2160 1977 sine
2182 1921 2288 1977 ulla
2326 1921 2583 1977 tarditate
2612 1920 2881 1977 detrahat.

1886 2014 1953 2068 10
2027 2012 2290 2079 Quoniam
2313 2013 2452 2082 apud
2474 2023 2522 2065 te
2547 2021 2620 2065 est
2645 2011 2765 2081 fons
2804 2012 2918 2065 vitm
2942 2029 2955 2065 :

2028 2104 2096 2159 Et
2132 2105 2184 2158 in
2215 2103 2412 2158 lumine
2446 2113 2536 2157 tuo
2574 2103 2858 2158 ridebimus
2897 2103 3091 2157 lumen.

1954 2198 2000 2253 Η
2040 2197 2302 2265 Quoniam
2333 2196 2471 2267 apud
2500 2205 2549 2251 te
2581 2207 2653 2250 est
2682 2194 2802 2251 fons
2832 2197 2976 2261 vita},
3016 2197 3066 2249 id
3096 2203 3183 2250 est
3214 2204 3265 2249 ttt
3307 2210 3389 2258 es,
3418 2201 3475 2249 et

1883 2290 2024 2359 apud
2058 2298 2109 2344 te
2144 2297 2229 2344 est
2248 2289 2401 2359 origo
2429 2289 2671 2343 omnium
2700 2288 2987 2342 bonorum.
3030 2288 3174 2341 Fons
3203 2287 3346 2349 vitae,
3376 2286 3475 2339 do-

1881 2382 2059 2437 ctrina
2090 2379 2217 2444 Dei;
2251 2395 2372 2450 qua:
2398 2380 2592 2434 anima:
2618 2380 2724 2433 vita
2748 2388 2849 2433 est.
2878 2378 3082 2433 Lumen
3118 2376 3294 2432 Patris
3313 2375 3475 2431 Chri-

1881 2482 1997 2528 stus
2026 2482 2129 2537 est,
2184 2471 2236 2525 in
2289 2485 2398 2540 quo
2419 2469 2726 2525 videbimus
2764 2469 2971 2533 lumen,
3025 2467 3075 2521 id
3121 2476 3205 2523 est
3234 2466 3472 2537 Spiritus

1880 2563 2050 2620 sancti
2083 2561 2552 2617 illumittatiunem.

1869 2663 1930 2717 ιι
2022 2651 2302 2709 Prwtende
2328 2651 2737 2706 misericordiam
2763 2659 2908 2704 tuam
2930 2648 3210 2702 scientibus
3232 2658 3317 2701 te:

2024 2745 2091 2800 Et
2110 2745 2373 2815 justitiam
2400 2752 2547 2795 tuam
2575 2755 2636 2796 -ιν
2666 2740 2747 2794 Itis
2793 2738 2810 2804 ζ
2859 2741 2949 2810 qui
2977 2748 3113 2793 recto
3141 2747 3260 2791 sunt
3287 2734 3465 2789 corde.

1950 2836 1991 2893 C
2031 2834 2311 2891 Przeteude
2343 2833 2497 2896 dixit,
2555 2833 2608 2887 id
2637 2841 2722 2886 est
2775 2831 2933 2901 longe
2974 2829 3185 2899 lateque
3230 2826 3471 2882 difl‘unde

1879 2938 2027 2986 tuam
2058 2927 2511 2988 misericordiam,
2551 2935 2611 2979 ut
2658 2924 2865 2995 possint
2904 2922 3137 2977 scientes
3168 2928 3218 2974 te
3258 2917 3312 2972 in
3361 2918 3467 2972 isto

1877 3018 2077 3076 saeculo
2112 3018 2321 3072 ﬁrmius
2348 3015 2644 3070 ambulare.
2685 3015 2854 3084 Rogat
2875 3011 2960 3065 his
2986 3009 3274 3079 justitiam,
3301 3007 3352 3061 id
3380 3013 3468 3062 est

1871 3111 2075 3181 justam
2111 3112 2275 3164 vitam
2321 3116 2726 3179 permanentem
2756 3146 2771 3170 ,
2803 3104 2886 3159 vel
2933 3112 3202 3173 praecepta
3230 3116 3361 3163 sua,
3406 3106 3466 3154 ut

1874 3221 1937 3260 ea
1977 3204 2206 3258 vivendo
2244 3209 2485 3267 teneant,
2544 3199 2637 3269 qui
2693 3207 2840 3251 recto
2889 3205 3013 3250 sunt
3050 3194 3232 3258 corde,
3285 3193 3338 3248 id
3381 3198 3467 3246 est

1871 3295 1961 3365 qui
2000 3295 2087 3349 hic
2115 3302 2261 3348 recta
2291 3300 2474 3347 mente
2514 3295 2806 3360 prmstante
2844 3286 3075 3341 Domino
3116 3286 3297 3340 vivere
3350 3297 3465 3337 tne-

1871 3394 2116 3450 ruerunt,
2149 3384 2249 3440 hoc
2293 3392 2398 3449 est,
2432 3383 2523 3453 qui
2558 3397 2654 3438 cor
2694 3395 2851 3435 suum
2882 3379 2936 3433 in
2969 3377 3221 3434 omnibus
3263 3374 3330 3430 ad
3362 3387 3459 3428 vo-

1870 3480 2133 3534 luntatem
2159 3477 2253 3532 Dei
2280 3477 2540 3548 dirigunt.
2801 3532 2816 3542 ί

1870 3572 1939 3627 l2
2015 3572 2138 3626 Non
2170 3572 2340 3627 veniat
2371 3569 2498 3623 mihi
2521 3586 2611 3639 pes
2651 3567 2942 3636 superbire:

2019 3664 2083 3718 Et
2118 3681 2305 3718 manus
2328 3663 2615 3734 peccatoris
2647 3677 2750 3714 non
2774 3667 2969 3712 moveat
2997 3672 3096 3709 me.

1940 3756 1982 3814 C
2018 3755 2153 3813 Orat
2198 3765 2254 3809 ut
2277 3770 2465 3825 gressu
2500 3752 2697 3807 mentis
2743 3768 2771 3803 a
2809 3748 2958 3818 justo
2992 3747 3209 3801 tramite
3237 3758 3340 3798 non
3372 3758 3458 3798 re-

1868 3850 2046 3914 cedat,
2080 3865 2147 3905 ue
2178 3849 2230 3903 in
2258 3847 2507 3919 superbia
2535 3854 2751 3901 erectus
2787 3843 2965 3898 cadat.
2999 3841 3101 3896 Pes
3130 3848 3307 3894 autem
3357 3851 3455 3907 pro

1867 3939 2064 3995 all‘ectu
2096 3939 2292 3994 mentis
2325 3948 2411 3992 est
2456 3937 2684 4007 positus.
2734 3935 2923 3989 Manus
2971 3946 3103 3986 vero
3148 3927 3455 3999 peccatoris

1867 4040 1951 4086 est
1978 4029 2223 4098 operatio
2255 4028 2394 4081 male
2417 4026 2715 4087 suadentis,
2752 4039 2871 4093 quae
2897 4030 3025 4075 tunc
3069 4034 3168 4074 nos
3210 4033 3241 4072 a
3283 4014 3454 4069 ﬁrmi-

1869 4130 1979 4175 tate
2009 4121 2131 4174 titlei
2160 4128 2359 4182 movet,
2393 4134 2515 4173 cum
2542 4118 2723 4185 iniqua
2757 4113 3011 4168 suasione
3042 4125 3141 4164 nos
3170 4107 3448 4162 sollicitat.

1867 4213 1988 4267 Ideo
2029 4227 2157 4266 vero
2189 4210 2353 4264 timeo
2380 4210 2568 4279 pedem
2600 4204 2882 4275 superbia),
2922 4203 3046 4274 quia
3080 4202 3172 4266 ibi,
3198 4209 3305 4255 etc.

1868 4305 1934 4359 I3
2009 4302 2091 4356 Ibi
2114 4302 2408 4355 ceciderunt
2442 4300 2530 4370 qui
2567 4309 2848 4370 operantur
2872 4297 3201 4366 iniquitatem
3233 4310 3244 4344 :

2008 4392 2229 4465 Expulsi
2257 4404 2376 4447 sunt
2405 4409 2496 4446 nec
2538 4401 2817 4463 potuerunt
2842 4398 3001 4444 stare.

1936 4491 1976 4547 C
2017 4491 2115 4555 lbi,
2147 4488 2235 4543 ubi
2267 4488 2517 4558 superius
2549 4486 2707 4548 dixit,
2759 4485 2811 4537 in
2856 4484 2991 4553 pede
3021 4481 3230 4537 scilicet
3263 4492 3450 4547 snper-

1859 4584 1964 4639 bite
1982 4594 2036 4639 et
2067 4582 2303 4651 nequitia
2332 4595 2511 4651 prava:
2536 4577 2803 4634 suasionis
2830 4575 3172 4636 ceciderunt;
3203 4586 3269 4625 ac
3293 4569 3339 4625 si
3367 4569 3452 4624 di-

1861 4684 2031 4738 ceret,
2082 4673 2133 4726 in
2171 4671 2492 4742 profundam
2540 4670 2749 4724 foveam
2788 4672 3110 4721 corruerunt
3151 4662 3448 4727 diemones,

1860 4766 1952 4836 qui
1990 4765 2166 4819 adhuc
2188 4770 2480 4835 operantur
2522 4760 2885 4829 iniquitatem,
2917 4756 3057 4812 male
3086 4754 3367 4811 suadendo
3392 4753 3447 4806 in

1859 4855 2170 4911 hominibus
2211 4864 2266 4908 et
2297 4852 2363 4906 ad
2402 4851 2710 4922 superbiam
2756 4861 2971 4918 semper
3017 4846 3353 4899 inducentes.
3401 4837 3446 4891 ll

1860 4945 2083 5017 Expulsi
2115 4954 2263 5011 sunt,
2301 4944 2351 4997 id
2381 4953 2466 4998 est
2511 4959 2539 4997 a
2577 4956 2743 5011 regno
2777 4940 2893 4993 Dei.
2924 4939 2965 4994 C
3004 4936 3112 4992 Nec
3157 4936 3449 5002 potuerunt

1858 5050 2027 5107 stare,
2068 5040 2196 5108 quia
2236 5052 2340 5092 non
2388 5036 2470 5091 eis
2509 5034 2704 5089 licebat
2752 5032 2966 5088 Domini
3011 5028 3158 5097 jussa
3203 5020 3445 5083 diﬂ'erre.

2883 5121 2971 5146 --t.:
3020 5122 3204 5146 ..τηις-ιιι
3247 5110 3327 5146 nia
3362 5116 3442 5146 ρει
