4000 5370
195 304 286 357 157

190 415 252 470 ﬂ
321 412 625 470 Obserraln't
651 427 892 486 peccator
915 421 1120 490 justum
1143 437 1161 474 :

354 502 427 556 Et
452 506 685 559 stridebit
704 523 861 576 super
886 525 1001 562 eum
1031 511 1268 565 dentibus
1302 513 1433 565 suis.

251 612 291 666 C
316 611 644 669 Observabit
679 626 934 685 peccator
967 619 1171 688 justum
1199 660 1214 684 ,
1241 622 1459 691 quando
1486 623 1634 676 illum
1671 623 1754 677 vi-

187 701 319 756 derit
357 705 659 760 sceleratus
700 707 855 763 bonis
913 713 1153 766 moribus
1203 713 1478 769 insudare.
1527 714 1572 768 li
1617 714 1754 782 Quia

186 807 218 860 p
250 805 275 844 r
308 808 477 862 opera
503 806 839 864 sanctorum,
880 800 981 870 ipsi
1009 804 1322 858 cruciantur
1347 815 1402 860 et
1436 814 1757 875 torquentur

185 881 235 935 in
275 885 526 949 prasenti
553 885 682 940 vita.
734 887 996 944 Stridebit
1042 893 1260 950 malitia:
1285 905 1340 950 et
1368 896 1582 953 invidia:
1623 897 1752 951 den-

186 977 207 1023 t
225 968 317 1025 bus
337 972 538 1041 quibus
557 989 682 1029 eum
703 975 891 1034 nititur
912 981 1207 1050 devorare;
1245 1001 1342 1053 per
1371 996 1576 1040 motum
1608 987 1753 1041 enim

184 1061 338 1114 istum
368 1065 619 1134 corporis
637 1105 657 1130 ,
683 1070 919 1123 ostendit
946 1083 1148 1127 motum
1179 1075 1392 1130 animte.
1419 1077 1462 1129 Α
1491 1075 1533 1130 C
1561 1074 1757 1131 Obser-

183 1150 321 1206 vabit
349 1153 522 1223 igitur
542 1157 696 1225 quasi
717 1159 784 1213 de
805 1161 1033 1217 occultis
1066 1163 1273 1220 insidiis
1300 1175 1359 1220 ut
1379 1181 1500 1220 eum
1529 1166 1752 1222 alliciat.

184 1243 297 1297 Ideo
324 1261 456 1301 vero
497 1250 724 1304 occoltis
756 1251 967 1308 insidiis
1005 1256 1280 1320 observat,
1310 1258 1434 1326 quia
1464 1259 1588 1313 dum
1613 1259 1756 1312 videt

175 1335 394 1403 justum,
445 1340 620 1393 credit
665 1356 723 1394 se
768 1343 838 1398 ab
881 1358 948 1398 eo
995 1349 1266 1414 accusari,
1310 1358 1543 1404 conatur
1594 1348 1756 1420 igitur

174 1424 370 1492 justum
391 1427 442 1483 ei
473 1428 704 1484 similem
733 1430 934 1488 facere.
961 1435 1112 1502 Quod
1143 1438 1187 1492 si
1232 1453 1339 1494 non
1381 1447 1590 1509 potest,
1623 1439 1751 1493 stri-

181 1515 338 1580 debit,
371 1528 476 1571 etc.

183 1605 243 1659 i3
315 1606 574 1662 Dominus
605 1623 662 1664 -t~
695 1620 872 1666 autem
908 1612 926 1682 ζ
960 1614 1194 1670 irridebit
1225 1635 1342 1672 eum
1369 1638 1381 1672 :

314 1711 375 1751 -ι-
407 1697 672 1763 Quoniam
706 1703 724 1773 ξ
753 1705 1000 1772 prospicit
1031 1707 1168 1770 quod
1197 1710 1363 1762 veniat
1401 1708 1511 1762 dies
1545 1711 1676 1777 ejus.

1377 315 1736 372 EXPOSITIO
1772 318 2220 379 I’SALMORUM.

1779 435 1825 492 Α
1853 445 1972 498 qua:
1999 444 2379 502 conterentur,
2406 439 2456 493 id
2487 448 2570 495 est
2601 440 2816 496 assidua
2858 443 3050 496 tritura
3081 443 3422 501 minuuntur.

3330 332 3428 387 138

1857 520 1900 574 ll
1933 523 2058 587 Vel,
2095 524 2352 580 fortitudo
2388 528 2598 583 illorum
2641 539 2950 586 conteretur
2983 533 3033 586 in
3060 533 3320 599 vindicta,
3361 552 3426 590 ne

1855 609 2227 667 innocentibus
2264 626 2510 671 noceant.
2550 616 2732 674 Justos
2763 630 2942 675 autem
2991 622 3276 676 conﬁrmat
3324 624 3426 678 Do-

1855 702 2034 756 minus
2063 704 2115 757 in
2165 705 2286 759 ﬁde.
2317 706 2359 760 H
2401 707 2443 761 A
2479 707 2704 764 Brachia
2731 750 2745 775 ,
2777 713 3073 781 potentiam
3115 722 3168 767 et
3201 712 3422 768 fortitu-

1853 789 2034 846 dinem
2078 804 2419 862 peccatorum
2481 799 2765 869 signiﬁcat.
2812 802 2853 854 Α
2906 802 3202 858 Conﬁrmat
3246 805 3424 873 justos

1857 882 2114 939 Dominus
2160 901 2256 954 per
2302 901 2451 956 spem
2513 890 2562 945 in
2619 891 2860 946 adversis
2907 901 2962 946 et
3011 910 3106 963 per
3152 896 3420 965 exempla,

1855 975 2088 1028 maxime
2125 977 2322 1031 crucis.
2353 976 2495 1032 Crux
2535 980 2678 1034 enim
2712 981 2859 1034 ﬁnita
2889 992 2972 1035 est
3012 983 3062 1036 in
3099 997 3254 1053 paena
3277 1025 3291 1046 ,
3327 986 3423 1040 sed

1855 1075 2035 1118 manet
2080 1064 2132 1118 in
2160 1064 2349 1135 gloria.
2375 1067 2420 1120 Α
2449 1067 2579 1123 locis
2613 1070 2756 1124 enim
2785 1071 3169 1140 suppliciorum
3203 1076 3424 1128 transiit

1855 1159 1920 1211 ad
1949 1155 2153 1212 frmues
2182 1159 2585 1229 imperatorum.
2617 1163 2716 1230 Qui
2752 1172 2955 1217 tantum
2988 1165 3247 1221 honorem
3276 1166 3424 1222 dedit

1854 1251 2028 1318 pmnis
2057 1251 2185 1313 suis,
2210 1251 2335 1320 quid
2376 1251 2534 1307 faciet
2565 1254 2807 1309 ﬁdelibus
2837 1256 2950 1310 suis

1860 1338 1923 1392 l9
1999 1337 2154 1393 Novit
2184 1338 2437 1396 Dominus
2463 1343 2572 1396 dies
2594 1343 3046 1397 immaculatorum
3075 1363 3095 1401 :

1996 1430 2066 1484 Et
2103 1431 2380 1488 hmreditas
2402 1451 2580 1489 eorum
2605 1437 2657 1489 in
2683 1446 2933 1490 teternum
2968 1438 3088 1490 erit.

1929 1519 1966 1576 C
1993 1521 2250 1577 Dominus
2280 1533 2458 1579 autem
2487 1526 2634 1579 novit
2669 1527 2781 1581 dies
2821 1527 3285 1582 immaculatbrum
3313 1567 3328 1590 ,
3371 1526 3426 1581 id

1855 1620 1937 1666 est
1964 1611 2078 1668 vias
2106 1614 2196 1682 qui
2237 1629 2329 1668 eas
2355 1615 2614 1682 condidit,
2658 1633 2794 1687 quas
2837 1619 3069 1672 lnnuana
3118 1617 3425 1687 ignorantia

1857 1718 1962 1758 non
2002 1712 2177 1772 potest
2223 1705 2438 1760 intueri.
2481 1705 2776 1764 ilaereditas
2818 1717 2899 1762 est
2953 1708 3189 1762 caelestis
3237 1707 3426 1762 llieru-

244 1781 286 1838 ﬂ
312 1783 428 1840 Non
454 1789 583 1857 quia
626 1789 886 1845 Dominus
930 1792 1163 1863 aliquem
1211 1796 1473 1862 irrideat,
1496 1775 1587 1852 sed
1621 1797 1748 1867 quia
1785 1775 1826 1836 Β
1855 1795 2042 1860 salem,
2072 1805 2270 1851 aeterna
2299 1813 2431 1867 pace
2457 1799 2746 1866 ditissima,
2775 1817 2894 1870 qum
2929 1801 2983 1856 in
3007 1809 3266 1856 aatemum
3297 1802 3424 1867 erit,

182 1874 269 1942 ipsi
301 1875 451 1946 digni
482 1889 629 1944 sunt,
659 1891 717 1935 ut
753 1881 1081 1938 irrideantur
1110 1885 1164 1939 in
1193 1884 1451 1941 vindicta.
1485 1888 1749 1955 Quoniam

179 1968 462 2036 prospicit,
491 1969 597 2024 hoc
627 1979 711 2025 est
740 1970 1000 2028 Dominus
1031 1973 1135 2029 scit
1166 1975 1385 2044 quando
1413 1977 1593 2032 veniet
1633 1977 1749 2032 dies

180 2056 389 2112 ultionis
407 2067 462 2114 et
486 2061 810 2130 perditionis
832 2062 968 2130 ejus.

182 2145 239 2199 Η
330 2147 578 2204 Gladium
606 2153 1004 2222 euaginaverunt
1038 2165 1370 2225 peccatores:

344 2237 692 2294 Intenderunt
727 2259 910 2297 arcum
931 2262 1106 2301 suum.

242 2328 282 2383 C
306 2328 530 2385 Gladius
573 2335 878 2400 peccatoris
914 2345 997 2391 est
1039 2337 1264 2407 quilibet
1302 2338 1454 2395 dolus
1478 2382 1492 2406 ,
1527 2340 1748 2396 alterius

181 2421 477 2478 desiderans
521 2423 833 2492 lasionem;
860 2443 1016 2496 quem
1050 2430 1232 2486 educit
1275 2432 1394 2497 ille,
1442 2433 1532 2502 qui
1582 2449 1745 2502 prava

183 2514 418 2570 suasione
445 2515 724 2572 desiderat
753 2517 1003 2588 decipere
1041 2523 1250 2578 animas
1282 2525 1615 2580 innocentes.
1646 2527 1746 2580 Ar-

181 2620 290 2660 cum
317 2617 498 2661 autem
549 2609 771 2664 tendere
793 2650 807 2674 ,
853 2621 936 2666 est
966 2627 1128 2681 opere
1161 2613 1503 2670 fraudulento
1549 2630 1743 2685 exspe-

183 2707 317 2752 uare
344 2707 578 2768 tempus,
606 2701 822 2769 quando
855 2703 1062 2770 possint
1103 2705 1377 2776 simplices
1404 2707 1748 2762 innocentes-

182 2801 274 2856 que
311 2789 581 2858 decipere.
614 2791 658 2843 A
702 2791 925 2846 Gladius
951 2834 964 2857 ,
993 2805 1233 2864 apertam
1274 2798 1702 2866 persecutionem
1730 2837 1744 2861 ,

183 2891 328 2932 arcus
343 2893 472 2933 vero
493 2880 760 2934 occultam
780 2882 1012 2948 indicat;
1044 2886 1135 2955 qui
1156 2888 1298 2941 enim
1321 2887 1496 2956 gladio
1521 2899 1743 2960 pugnat,

183 2968 446 3036 cominus;
479 2972 570 3041 qui
601 2988 729 3027 vero
760 2989 915 3039 arcu,
951 2977 1164 3033 eminus
1187 2989 1404 3048 pugnat.

186 3055 245 3110 15
313 3057 380 3112 Ut
405 3061 664 3130 decipiant
691 3080 970 3134 pauperem
997 3075 1043 3120 et
1072 3068 1273 3137 inopem
1301 3084 1321 3122 :

315 3147 381 3202 Ut
411 3153 667 3207 trucident
708 3165 871 3209 rectos
897 3156 1071 3210 corde.

243 3239 284 3294 ll
313 3240 382 3296 L’t
404 3243 674 3313 decipiant
697 3260 1014 3315 pauperem,
1039 3263 1142 3302 non
1171 3248 1392 3306 divitem
1421 3251 1626 3317 mundi,
1649 3252 1742 3306 sed

182 3345 458 3400 pauperem
502 3333 726 3389 Christi.
774 3334 813 3390 C
842 3336 1060 3391 Addidit
1103 3347 1280 3394 rectos
1316 3340 1480 3395 corde
1501 3382 1515 3404 ,
1548 3341 1649 3396 hoc
1678 3342 1744 3396 de

185 3424 499 3496 martyribus
523 3434 702 3496 potest
736 3427 980 3497 intelligi,
1012 3429 1102 3497 qui
1134 3431 1265 3485 recti
1290 3441 1414 3486 sunt
1444 3433 1627 3493 corde.
1651 3433 1743 3488 sed

184 3530 334 3570 carne
366 3516 725 3571 trucidantur.
762 3516 972 3588 Pauper
1005 3519 1222 3584 dicitur,
1253 3521 1342 3590 qui
1371 3521 1472 3576 sibi
1503 3537 1606 3576 non
1633 3521 1744 3577 suf-

185 3606 307 3662 ticit.
344 3607 504 3678 lnops
535 3609 626 3677 qui
674 3623 776 3664 nec
802 3622 961 3678 Opem
990 3609 1153 3665 habet
1193 3611 1259 3665 ab
1289 3611 1426 3674 alio,
1459 3611 1573 3666 sive
1612 3612 1744 3668 alic-

186 3786 244 3840 lti
312 3788 530 3844 Gladius
561 3807 740 3844 eorum
767 3791 922 3846 intret
947 3793 1000 3847 in
1028 3793 1186 3846 corda
1222 3794 1451 3863 ipsorum
1486 3809 1504 3846 :

315 3876 376 3931 Et
408 3894 566 3934 arcus
591 3896 769 3934 eorum
793 3881 1177 3951 confringatur.

246 3964 285 4019 C
311 3965 529 4022 Gladius
560 3969 705 4024 enim
739 3968 961 4035 dicitur,
993 3971 1081 4041 qui
1108 3971 1167 4026 ﬁt
1191 3971 1254 4026 ad
1283 3973 1517 4027 hostium
1541 3973 1738 4028 clades.

186 4055 225 4110 il
259 4058 322 4112 Et
344 4058 608 4128 signiﬁcat
653 4060 944 4114 vindictam
989 4063 1039 4115 in
1085 4063 1294 4117 animas
1321 4063 1576 4134 ipsorum.
1607 4064 1647 4119 C
1678 4065 1744 4118 Et

186 4163 334 4202 arcus
368 4150 646 4220 ipsorum,
694 4149 747 4204 id
794 4161 878 4206 est
920 4153 1129 4206 occulta
1177 4153 1377 4206 malitia
1409 4163 1594 4207 contra
1625 4153 1744 4223 pios

187 4237 547 4308 confringitur,
599 4238 723 4308 quia
755 4255 860 4293 non
889 4239 996 4294 erit
1024 4240 1265 4296 ﬁdelibus
1293 4244 1344 4296 in
1374 4243 1566 4295 anima!
1592 4252 1743 4310 parte

188 4327 428 4382 nocitura.
453 4328 497 4381 A
524 4328 596 4384 Se
624 4329 770 4383 etiitn
800 4329 923 4383 mali
959 4330 1106 4398 prius
1146 4331 1197 4385 in
1248 4332 1412 4386 corde
1459 4340 1513 4387 et
1563 4331 1740 4385 anima

188 4415 367 4470 ludunt
391 4433 555 4487 quam
579 4417 786 4486 justum
822 4419 873 4472 in
905 4434 1130 4487 corpore
1167 4429 1222 4474 ct
1254 4423 1415 4475 rebus
1455 4422 1742 4476 exteriori-

189 4506 292 4559 bus.
316 4507 367 4562 In
389 4511 554 4563 corde
577 4510 720 4564 enim
739 4509 941 4579 justum
973 4510 1163 4566 laedere
1191 4528 1295 4566 non
1323 4522 1565 4582 possunt.
1590 4514 1742 4581 Quod

188 4596 228 4649 si
256 4598 306 4650 in
334 4601 486 4654 rebus
516 4599 674 4655 larens
696 4600 872 4670 justus
898 4601 1083 4666 ﬁlerit,
1112 4603 1243 4657 dicit
1279 4621 1290 4656 :
1320 4603 1526 4671 Melius,
1559 4616 1661 4662 ctc.

190 4686 247 4739 17
332 4686 511 4744 Helius
537 4700 612 4743 est
643 4690 904 4744 modicum
939 4691 1086 4760 justo
1111 4709 1130 4746 :

333 4777 494 4846 Super
521 4779 735 4832 divitias
764 4789 1093 4849 peccatorum
1126 4783 1338 4837 multas.

249 4866 288 4920 C
313 4865 565 4923 Modicum
591 4868 683 4922 hic
709 4869 972 4925 sentiatur
1001 4872 1278 4926 humilitas
1304 4913 1317 4934 ,
1352 4873 1406 4928 in
1435 4890 1540 4945 qua
1568 4918 1582 4941 ,
1615 4877 1741 4931 dum

189 4957 460 5012 seanimus
511 4967 698 5014 noster
739 4960 1010 5022 custodit,
1055 4962 1241 5016 nnmdi
1293 4965 1525 5031 pretiosa
1561 4975 1739 5020 trans-

191 5046 373 5096 tendit.
405 5051 607 5096 Divitiae
631 5061 974 5096 nm'nalnmlm
1007 5063 1123 5096 sum
1163 5057 1610 5096 nnnnrnrmlinnac
1633 5057 1740 5096 pri-

1853 1888 2102 1954 quoniam
2131 1888 2246 1942 sine
2271 1890 2374 1944 ﬁne
2404 1901 2712 1961 prrestatur.

1849 1975 1920 2030 20
1996 1975 2117 2030 Non
2152 1978 2537 2046 confundentur
2558 1981 2610 2034 in
2633 1991 2857 2052 tempore
2883 1981 3021 2036 malo
3047 1997 3065 2036 :
3091 1991 3138 2035 et
3165 1981 3218 2035 in
3245 1982 3424 2036 diebus

2063 2068 2220 2136 friatis
2258 2074 2637 2127 saturubuntur
2663 2090 2678 2126 :

1994 2158 2131 2224 Quia
2157 2171 2448 2230 peccatores
2473 2165 2726 2232 peribunt.

1924 2253 1966 2309 Η
2021 2250 2284 2308 CMalnm
2350 2262 2560 2323 tempus
2625 2255 2895 2326 signiﬁcat
2955 2257 3096 2312 diem
3148 2257 3362 2327 juzlieii.

1849 2345 1891 2401 C
1940 2346 2166 2414 Quando
2211 2346 2388 2400 omnis
2438 2361 2568 2399 caro
2628 2347 2861 2400 sollicita
2933 2358 3147 2402 aetmun
3197 2363 3418 2402 suorum

1849 2439 2254 2493 retributionem
2286 2438 2890 2507 compensationemqne
2939 2438 3210 2498 formidat,
3242 2438 3290 2490 in
3318 2438 3422 2490 isto

1851 2537 2090 2598 tempore
2128 2542 2232 2580 non
2269 2525 2669 2582 confundentur
2694 2525 3050 2580 immaculati.
3081 2526 3200 2579 Dies
3239 2523 3418 2583 fatuis,

1851 2630 2060 2691 tempus
2087 2618 2246 2688 hujus
2267 2620 2449 2674 mundi
2469 2617 2758 2689 signiﬁcat,
2781 2619 2995 2686 quando
3018 2618 3155 2672 beati
3177 2616 3424 2671 esuriant

1841 2716 2134 2784 justitiam,
2164 2723 2217 2769 et
2255 2713 2644 2768 saturabuntur
2677 2726 2771 2781 per
2796 2711 3103 2780 Scripturas
3129 2717 3345 2763 sanctas
3365 2717 3422 2761 et

1847 2807 2090 2878 exempla
2128 2805 2426 2859 Dominica.
2471 2801 2792 2857 Peccatores
2829 2802 3115 2870 peribunt,
3162 2801 3211 2853 id
3243 2809 3324 2854 est
3366 2799 3420 2851 in

1849 2901 1934 2954 illa
1953 2897 2281 2966 judicatione
2303 2893 2591 2948 damnandi
2621 2903 2764 2947 sunt.
2791 2899 2833 2947 Α
2860 2891 2954 2946 Vel
2983 2903 3190 2960 tempus
3219 2888 3419 2943 malum

1847 2989 1976 3043 dicit
1999 2997 2206 3056 tempus
2237 2982 2595 3038 tribulationis
2625 2983 2743 3045 hic,
2769 2981 2821 3036 in
2853 2996 2960 3050 quo
2992 2979 3116 3034 boni
3147 2993 3240 3045 spe
3267 2985 3418 3029 satu-

1847 3089 2036 3136 rantur
2082 3078 2273 3131 l‘uturre
2316 3075 2466 3144 pacis
2492 3115 2506 3138 ,
2537 3081 2848 3143 peceatores
2873 3086 3004 3144 vero
3045 3070 3132 3124 hic
3166 3065 3418 3128 saturali,

1848 3171 2096 3240 peribunt
2126 3177 2325 3222 :cterna
2353 3165 2491 3219 fame
2521 3164 2816 3218 cruciandi.

1840 3262 1904 3316 21
1982 3261 2192 3315 Inimici
2218 3276 2335 3313 vero
2369 3258 2578 3311 Domini
2607 3272 2724 3310 mox
2756 3266 2806 3308 ut
2835 3251 3166 3320 honoriﬁcati
3221 3249 3419 3320 fuerint

2053 3359 2100 3403 et
2133 3347 2352 3402 exaltati
2379 3366 2392 3399 :

1987 3439 2293 3509 Deﬁcientes
2321 3434 2754 3506 quemadmodum
2785 3432 2961 3500 fumus
2995 3428 3253 3497 deﬁcient.

1913 3528 1957 3583 Η
1984 3527 2186 3582 Inimici
2217 3541 2344 3579 vero
2375 3523 2611 3590 Domini,
2661 3522 2712 3576 id
2741 3529 2823 3576 est
2868 3519 3036 3587 impii,
3071 3527 3128 3570 ut
3153 3515 3416 3570 honoriﬁ-

1842 3623 1948 3678 cati
1987 3621 2188 3674 fuerint
2216 3618 2270 3672 in
2301 3625 2568 3688 potestate
2618 3624 2849 3674 terrena,
2879 3621 2934 3666 et
2983 3608 3206 3664 exaltati
3243 3606 3295 3660 in
3324 3620 3418 3658 va-

1839 3727 1965 3767 nam
1995 3710 2244 3783 gloriam,
2275 3723 2421 3773 mox,
2450 3709 2770 3762 adveniente
2793 3711 2984 3763 morte,
3029 3699 3209 3755 omnis
3246 3697 3420 3767 gloria

1841 3819 2027 3859 eorum
2067 3812 2319 3870 tanquam
2351 3798 2528 3852 fumus
2556 3805 2650 3851 aut
2679 3795 2869 3850 nebula
2901 3791 3148 3846 tabescit.

1838 3896 1910 3950 22
1983 3894 2036 3949 Μ
2042 3894 2309 3948 utuabitur
2337 3903 2572 3961 peccator
2601 3901 2648 3944 et
2679 3905 2780 3943 non
2807 3885 2966 3941 solvet
2993 3903 3006 3938 :

1982 3986 2167 4039 Justus
2198 3993 2370 4037 autem
2400 3983 2674 4036 miseretur
2701 3991 2749 4035 et
2782 3979 2991 4032 tribuet.

1912 4075 1958 4130 Η
1986 4074 2026 4130 C
2058 4073 2390 4127 Mutuabitur
2438 4080 2710 4141 peccator,
2765 4068 2982 4139 quando
3017 4066 3109 4119 Dei
3156 4062 3418 4118 beneﬁcia

1844 4167 2053 4222 diversa
2083 4162 2340 4232 suscipit;
2369 4170 2422 4216 et
2452 4177 2554 4214 non
2583 4159 2770 4222 solvet,
2806 4160 2908 4213 hoc
2941 4165 3046 4221 est,
3080 4170 3183 4209 non
3225 4154 3422 4224 dignas-

1842 4255 2043 4327 gratias
2068 4253 2178 4322 agit
2211 4251 2337 4305 Deo.
2387 4248 2571 4304 Justus
2606 4257 2783 4302 autem
2829 4248 3134 4309 miseretur,
3167 4243 3418 4314 quamvis

1843 4348 1931 4402 hic
1951 4359 2118 4416 pauca
2141 4343 2418 4412 suscipiat,
2439 4350 2714 4412 promptus
2742 4349 2920 4395 tamen
2955 4339 3020 4394 ad
3045 4338 3418 4407 eleemosyuas

1847 4439 2119 4496 faciendas
2148 4436 2437 4491 invenitur.

1843 4536 1913 4589 23
1989 4531 2127 4599 Quia
2156 4530 2508 4585 benedicentes
2534 4529 2581 4582 ei
2607 4525 2985 4581 luereditabunt
3016 4534 3207 4577 terram
3234 4538 3264 4575 ε’

1986 4622 2349 4678 Maledicentes
2373 4630 2547 4674 autem
2576 4619 2622 4673 ei
2645 4616 2988 4686 disperibunt.

1912 4712 1953 4767 C
1983 4712 2114 4768 Nam
2144 4711 2233 4781 qui
2264 4710 2589 4764 benedicunt
2632 4707 2940 4772 Dominum,
2994 4705 3044 4760 id
3088 4712 3173 4758 est
3219 4702 3310 4772 qui
3359 4701 3421 4753 in

1843 4805 2092 4859 omnibus
2121 4803 2324 4874 gratias
2353 4800 2618 4865 referunt,
2667 4810 2722 4853 et
2765 4798 2880 4867 ejus
2932 4798 3183 4853 mandata
3231 4802 3414 4881 custo-

1845 4895 2018 4962 diunt,
2049 4903 2249 4948 terram
2284 4892 2427 4946 illam
2477 4891 2767 4947 viventium
2821 4890 3097 4959 accipiunt
3143 4885 3426 4956 possiden-r

1842 4985 1985 5040 dam.
2021 4985 2416 5047 Malcdicentes,
2451 4985 2502 5039 id
2525 4992 2607 5038 est
2629 4981 2954 5051 blasphemi,
2985 4978 3067 5034 vel
3101 4977 3191 5030 Dei
3214 4971 3427 5040 legibus

1843 5073 1996 5096 :-.a~‘.-
2025 5077 2056 5096 19
2077 5082 2214 5096 -_l--
2275 5072 2336 5096 ..1,
2365 5072 2449 5096 :II-
2488 5071 2655 5096 ..ηε-ξοδ
2694 5071 3082 5096 Α..Ις..δΑ..Α.ι1ηιο

2077 5082 2214 5096 -..ιιι
2275 5082 2336 5096 ..ιλ
2365 5082 2449 5096 illa
2488 5082 2655 5096 ...ηε-..Α
2694 5082 2920 5096 Α-ιιιιεδΑοσ
