4000 5370
509 372 613 429 159

1428 363 1484 418 S.
1528 358 1880 418 BRUNONIS
1919 349 2462 412 HEBBIPOLENSIS
2499 344 2803 404 EPISCOPI
3674 330 3781 386 160

505 484 622 539 vult
640 482 820 554 justus
846 483 988 538 viam
1018 481 1110 535 Dei
1138 498 1150 533 :
1194 478 1443 550 quamvis
1487 477 1621 531 dura
1667 475 1757 528 sit.
1812 471 1909 525 Via
1961 483 2090 523 vero
2120 467 2170 526 Α
2194 464 2263 518 59.
2338 462 2409 517 Os
2423 463 2556 532 justi
2587 451 2918 514 meditabitur
2946 456 3254 525 sapientiam
3283 468 3300 507 :

506 582 668 628 terra:
703 588 810 626 non
835 580 918 626 est
943 571 1096 634 dura,
1125 569 1218 624 sed
1245 568 1400 638 plena
1433 563 1753 621 latronibus.
1788 560 1883 614 Via
1912 568 2092 613 autem

509 663 727 720 Domini
753 671 886 726 tuta,
917 662 1165 731 quamvis
1196 660 1349 718 dura.
1382 658 1476 714 Vel
1504 659 1646 713 viam
1688 654 1822 726 justi
1861 652 2097 709 hominis

508 755 674 818 volet,
704 754 756 806 in
783 768 886 822 qua
915 768 1037 807 cum
1066 752 1344 813 ceciderit,
1374 761 1479 807 etc.
1526 742 1529 743 ⁷

505 863 579 918 25
653 862 785 917 Cum
813 863 1058 916 ceciderit
1084 878 1186 917 non
1215 861 1525 915 collidetur:

655 951 795 1018 Quia
830 952 1085 1007 Dominus
1115 953 1357 1023 supponit
1385 968 1599 1006 manum
1623 966 1795 1006 suam.

585 1065 632 1121 Η
657 1065 788 1122 Cum
811 1067 1091 1129 ceciderit,
1115 1077 1335 1136 prapter
1357 1065 1722 1121 inﬁrmitatem
1747 1067 1950 1130 carnis,
1972 1066 2097 1136 quia

515 1157 715 1227 septies
738 1157 791 1210 in
821 1157 908 1212 die
947 1158 1090 1212 cadit
1134 1158 1312 1228 justus
1350 1166 1406 1212 et
1449 1159 1683 1228 resurgit
1710 1156 1890 1228 (Prov.
1926 1158 2098 1229 xuv),

515 1262 624 1301 non
670 1246 978 1311 collidetur,
1024 1248 1149 1316 quia
1195 1246 1456 1302 Dominus
1497 1247 1675 1317 agenti
1724 1248 2099 1317 pa‘niteutiam

515 1335 700 1393 statim
733 1337 1041 1391 miseretur.
1087 1337 1239 1392 Sicut
1280 1337 1445 1390 David
1493 1345 1548 1391 et
1592 1336 1786 1391 Petrus
1826 1337 2100 1406 cognitum

518 1426 774 1482 delictum
802 1441 1169 1499 purgaverant
1213 1427 1487 1498 lacrymis,
1515 1436 1571 1483 et
1595 1443 1624 1482 a
1648 1428 1877 1484 Domino
1899 1430 2102 1484 conﬁr-

520 1519 651 1575 mati
679 1528 825 1575 sunt.

517 1634 589 1689 26
662 1636 857 1691 Junior
908 1637 988 1707 [ui
1014 1639 1201 1693 etenim
1230 1637 1413 1692 senui:
1442 1646 1491 1690 et
1521 1653 1626 1692 nor.
1655 1636 1758 1692 vidi
1782 1636 1987 1706 justum
2018 1636 2108 1689 de-

743 1728 979 1783 relictum
1003 1744 1018 1783 :

671 1816 783 1872 Nec
812 1836 985 1873 semen
1013 1819 1128 1889 ejus
1151 1835 1387 1890 quierens
1416 1835 1625 1887 panem.

597 1910 641 1963 A
672 1909 713 1965 C
737 1910 927 1964 Junior
953 1910 1049 1975 fui,
1086 1925 1187 1964 vox
1213 1909 1488 1975 Ecclesiae,
1519 1909 1740 1979 quando
1783 1909 1937 1964 initia
1983 1908 2117 1979 legis

530 2002 798 2058 naturalis
827 2003 880 2057 in
909 2002 1025 2072 ipso
1053 2002 1387 2072 protoplasto
1418 2002 1675 2071 primmva
1705 2002 1965 2069 suscepit.
2016 2000 2114 2054 Se-

529 2095 668 2157 nuit,
696 2096 914 2164 quando
943 2094 1008 2146 ad
1042 2092 1410 2146 bonorabilem
1442 2092 1691 2162 pervenit
1720 2100 1957 2151 aetatem,
1991 2105 2115 2143 cum

530 2186 844 2242 novissimis
875 2185 1207 2254 temporibus
1255 2185 1530 2253 suscipere
1578 2184 1779 2238 meruit
1828 2182 2116 2236 Dominum

535 2273 891 2330 Salvatorem.
923 2274 970 2328 Η
994 2275 1034 2327 Α
1069 2274 1110 2330 C
1138 2275 1356 2341 Semen,
1384 2289 1549 2342 opera
1598 2273 1834 2328 hominis
1882 2273 2118 2326 diximus

531 2382 672 2434 esse,
703 2382 821 2435 qua:
846 2368 1078 2422 seminat
1121 2376 1177 2424 et
1227 2375 1415 2423 metet.
1446 2365 1489 2420 ll
1519 2367 1559 2421 C
1592 2367 1733 2437 Ergo
1781 2381 1945 2434 opera
1987 2362 2119 2433 justi

531 2474 638 2512 non
663 2467 912 2528 quaerunt
933 2474 1147 2528 panem,
1174 2460 1279 2514 hoc
1302 2467 1385 2513 est
1411 2459 1637 2513 verbum
1661 2458 1776 2522 Dei,
1804 2459 1930 2527 quia
1958 2460 2121 2513 verbo

535 2549 628 2603 Dei
660 2550 888 2603 satiatus
921 2561 1025 2614 est,
1057 2560 1111 2605 et
1141 2566 1250 2621 quo
1295 2552 1440 2605 intus
1468 2566 1655 2606 revera
1707 2550 1838 2604 vivit
1867 2557 1921 2605 et
1948 2550 2123 2620 pasci-

538 2647 646 2696 tur.
677 2640 718 2692 A
746 2639 1009 2709 Loquitur
1029 2640 1173 2695 enim
1202 2641 1291 2696 hic
1310 2640 1549 2696 Ecclesia
1578 2641 1733 2710 quasi
1770 2656 1910 2694 unus
1938 2640 2119 2695 homo.

541 2730 587 2785 Η
620 2730 710 2785 Vel
743 2732 909 2786 David
938 2732 1198 2802 loquitur,
1231 2734 1321 2802 qui
1351 2733 1612 2802 parvulus
1650 2733 1752 2787 fuit
1780 2734 1832 2787 in
1874 2733 2080 2787 malitia
2110 2751 2122 2786 :

540 2835 705 2876 senex
736 2822 788 2875 iu
823 2823 1132 2879 virtutibus.

540 2935 610 2988 27
687 2934 818 2990 Tota
847 2936 933 2990 die
960 2938 1235 2992 miseretur
1260 2949 1307 2993 et
1333 2939 1627 2994 commbdat
1654 2924 1672 2992 ﬁ:

692 3027 757 3082 Et
784 3046 955 3084 semen
984 3029 1125 3084 illius
1155 3032 1208 3084 in
1236 3030 1589 3086 benedictione
1615 3032 1732 3085 erit.

623 3140 664 3194 ll
693 3141 849 3197 Omni
882 3152 1123 3214 tempore
1154 3145 1446 3200 miseretur
1472 3162 1500 3200 a
1531 3146 1758 3201 Domino
1786 3153 1840 3199 et
1886 3148 2131 3201 commo-

548 3233 661 3298 dat,
690 3251 781 3305 qui
813 3237 934 3292 aliis
980 3239 1252 3293 ministrat
1304 3240 1603 3295 doctrinam
1637 3256 1809 3294 suam.
1841 3239 1907 3293 Et
1947 3254 2132 3294 semen

549 3320 682 3389 ejus,
716 3338 878 3394 opera
907 3341 1028 3395 qua:
1052 3328 1242 3397 gessit,
1281 3328 1365 3383 vel
1394 3329 1638 3383 doctrina
1669 3344 1831 3400 quam
1862 3329 2067 3395 docuit,
2102 3344 2133 3382 a

553 3415 781 3470 Domino
809 3417 1215 3473 benedicentur.

552 3532 624 3586 28
694 3531 910 3586 Declina
939 3551 970 3586 a
1002 3533 1141 3589 malo
1171 3543 1219 3589 et
1245 3535 1332 3604 [ac
1358 3536 1549 3591 bonum
1576 3553 1588 3590 :

698 3622 769 3676 Et
793 3623 1028 3679 inhabita
1056 3627 1110 3679 in
1146 3626 1395 3681 steculum
1425 3629 1682 3683 +swculi
1716 3630 1733 3699 ξ

630 3714 674 3768 Η
706 3715 926 3772 Declina
952 3731 982 3771 a
1011 3718 1175 3783 malo,
1209 3720 1259 3772 id
1284 3728 1390 3784 est,
1420 3735 1449 3773 a
1479 3720 1619 3774 malo
1643 3734 1825 3789 opere,
1858 3728 1915 3774 et
1940 3718 2025 3773 fac
2043 3717 2136 3775 bo-

558 3821 689 3859 num
713 3808 854 3874 quod
883 3808 1140 3877 prmeepit
1167 3809 1327 3864 Deus.
1358 3810 1601 3865 Inliabita
1633 3811 1686 3864 in
1740 3811 1945 3865 unitate
1992 3810 2136 3864 ﬁdei.

558 3895 600 3950 (Γ.
632 3896 896 3952 δςιιειιιιιιιι
924 3914 1052 3954 vero
1078 3900 1258 3954 smculi
1308 3901 1578 3972 signiﬁcat
1604 3909 1862 3955 aeternum
1893 3915 2116 3970 regnum

559 3990 703 4058 quod
736 3990 880 4045 nulla
908 3994 1248 4047 successione
1277 3993 1593 4047 mutabitur.

558 4080 631 4135 29
704 4080 841 4149 Quia
872 4082 1123 4138 Dominus
1148 4094 1291 4138 amat
1315 4085 1600 4155 judicium,
1629 4096 1678 4140 et
1704 4086 2143 4156 nonderelinquet

776 4186 982 4230 SﬂIlClOS
1011 4193 1132 4232 ειιοε
1154 4192 1189 4230 ζ’

709 4261 777 4317 In
812 4278 1062 4320 wternum
1090 4268 1557 4329 conservabuntur.

640 4373 684 4427 ll
716 4374 849 4441 Quia
884 4378 1141 4432 Dominus
1170 4387 1316 4432 autat
1339 4377 1629 4446 judicium,
1662 4379 2142 4447 scilicetjustum:

568 4468 872 4537 quojustos
905 4471 1205 4540 impiosque
1235 4473 1514 4527 discernit.
1552 4473 1619 4527 Et
1667 4489 1773 4528 non
1807 4473 2149 4543 derelinquet

2342 554 2408 607 Et
2433 555 2613 625 lingua
2639 553 2751 623 ejus
2774 551 3011 620 loquetur
3030 545 3316 618 judicium.

2271 649 2313 702 ll
2351 647 2422 702 Os
2440 624 2569 716 justi
2609 644 2957 699 meditabitur
2997 638 3342 709 sapientiam,
3395 633 3447 688 id
3494 640 3579 687 est
3624 624 3789 685 Clario

2199 750 2364 797 stum.
2391 736 2433 793 C
2456 738 2560 791 Per
2584 751 2660 791 ros
2688 734 2832 789 enim
2865 730 3222 801 cogitationes
3271 728 3528 781 debemus
3560 722 3650 776 hic
3691 734 3789 772 ac~

2200 836 2405 904 cipere,
2431 832 2555 901 quia
2586 831 2726 885 sicut
2752 842 2847 881 cor
2894 822 3246 880 meditabitur
3298 815 3615 888 sapientiam
3639 854 3653 877 ,
3706 812 3787 864 ita

2200 903 2384 997 lingua
2432 925 2683 993 loquetur
2711 936 2807 991 per
2834 927 3029 972 cuncta
3050 912 3318 989 justitiam
3373 917 3427 996 et
3473 903 3787 974 judicium:

2202 1019 2248 1074 Η
2281 1021 2379 1073 hoc
2418 1025 2596 1070 autem
2632 1014 2723 1067 ﬁet
2772 1029 2784 1064 :
2834 1024 2958 1064 cum
2987 1005 3167 1061 omnia
3201 1007 3534 1060 mensuratc,
3567 1003 3622 1048 et
3677 1003 3791 1045 ncn

2203 1106 2595 1169 fraudulenter,
2626 1116 2801 1169 neque
2821 1113 2942 1154 cum
2976 1098 3078 1159 ira,
3109 1094 3202 1148 sed
3233 1106 3354 1147 cum
3397 1089 3544 1158 justo
3583 1081 3797 1152 judicio

2205 1214 2326 1269 qua:
2355 1198 2419 1253 de
2448 1197 2555 1251 Deo
2593 1193 2757 1249 sentit
2791 1199 3042 1259 enarrat,
3069 1185 3211 1256 quod
3237 1182 3341 1238 erit
3368 1180 3420 1234 in
3451 1176 3627 1247 patria
3664 1173 3797 1226 bea-

2207 1297 2405 1342 lOI'UHI.

2207 1380 2278 1434 53
2352 1377 2459 1432 Lex
2490 1376 2586 1430 Dei
2616 1375 2728 1444 ejus
2752 1374 2803 1426 in
2828 1375 2982 1425 corde
3010 1368 3172 1438 ipsius
3198 1383 3211 1418 :

2360 1482 2415 1523 σιτ-
2452 1467 2517 1520 Et
2551 1466 2567 1534 ζ
2601 1481 2704 1519 non
2725 1460 3202 1533 supplantabuntur
3231 1468 3437 1524 gressus
3457 1463 3592 1519 ejus.

2280 1560 2321 1615 C
2359 1560 2467 1614 Lex
2504 1558 2592 1611 Dei
2617 1555 2752 1624 ejus.
2783 1554 2883 1608 hoc
2905 1552 3044 1606 enim
3070 1561 3364 1619 pronomen
3398 1561 3411 1597 :
3444 1538 3682 1613 gratiam
3714 1550 3801 1588 tn-

2213 1655 2361 1710 dicat
2415 1649 2626 1705 Domini
2678 1643 2994 1702 Salvatoris.
3058 1640 3186 1693 Nam
3240 1651 3361 1692 cum
3422 1632 3495 1686 sit
3552 1627 3805 1683 omnium

2215 1749 2358 1802 Deus
2391 1762 2403 1796 :
2438 1743 2601 1812 ipsius
2631 1748 2808 1793 tamen
2854 1733 3067 1807 proprie
3098 1731 3314 1792 dicitur,
3347 1739 3507 1795 quem
3566 1721 3809 1774 liberare

2144 1819 2183 1877 Β
2217 1810 2471 1908 dignatus
2490 1841 2593 1887 est.
2633 1831 2689 1885 In
2712 1829 2873 1885 corde
2901 1825 3089 1895 ipsius,
3118 1820 3430 1874 universum
3482 1810 3645 1908 beati
3683 1823 3811 1862 sen-

2219 1898 2338 1985 suin
2371 1924 2462 1979 tali
2500 1926 2642 1978 bono
2666 1921 2840 1991 signat
2866 1913 3186 1985 completum
3226 1921 3369 1970 esse,
3392 1903 3605 1959 scilicet
3633 1898 3691 1952 in
3744 1909 3811 1949 eo

2218 2020 2361 2091 quod
2390 2034 2486 2073 cor
2509 2021 2771 2071 consonat
2791 2011 3005 2081 linguae,
3047 2014 3105 2059 ut
3135 2004 3220 2058 lex
3246 2001 3338 2056 Dei
3382 2013 3489 2053 non
3523 1994 3704 2091 salu-ul
3730 1991 3811 2091 .in

2219 2080 2335 2175 ore,
2373 2108 2466 2163 sed
2501 2107 2662 2162 etiam
2691 2104 2759 2158 sit
2788 2103 2841 2156 in
2876 2080 3073 2161 corde,
3118 2103 3172 2149 et
3200 2091 3347 2149 omni
3401 2101 3585 2143 sensu.
3638 2080 3815 2150 Hujus

2221 2217 2439 2275 gressus
2461 2198 2809 2269 supplantare
2840 2191 3017 2248 nullus
3064 2184 3395 2275 prazvalebit.
3448 2176 3815 2275 Supplantare

2220 2272 2364 2349 enim
2396 2292 2621 2347 dicimus
2648 2286 2846 2358 plantis
2902 2284 3085 2337 foveas
3128 2274 3486 2350 praetendere,
3520 2283 3588 2323 ne
3639 2272 3818 2336 possit

2222 2387 2465 2444 incidens
2492 2384 2704 2437 ﬁrmum
2730 2378 2968 2449 reperire
2998 2371 3305 2443 vestigium,
3350 2368 3451 2422 hoc
3497 2362 3814 2418 nullatenus

2223 2484 2435 2534 constat
2459 2488 2579 2528 esse
2611 2469 2935 2531 faciendum,
2966 2464 3054 2518 ubi
3098 2473 3291 2517 secura
3321 2466 3374 2511 et
3421 2462 3631 2509 arterna
3692 2454 3817 2502 sunt

2224 2569 2427 2623 omnia.
2456 2566 2501 2620 A
2531 2563 2667 2630 Quia
2696 2560 2919 2615 verbum
2970 2554 3063 2610 Dei
3114 2553 3167 2607 in
3206 2550 3370 2605 corde
3396 2544 3637 2601 custodit
3685 2557 3718 2595 a
3745 2539 3819 2592 la-

2226 2661 2381 2732 queis
2404 2659 2574 2713 bonus
2598 2661 2802 2717 custos,
2827 2648 3073 2705 Christus
3099 2645 3153 2698 in
3181 2641 3362 2698 corde.

2229 2754 2297 2808 54
2372 2750 2683 2806 Considerat
2712 2753 2951 2815 peccator
2975 2742 3179 2811 justum
3206 2753 3225 2792 :

2376 2838 2443 2894 Et
2462 2838 2647 2910 quierit
2682 2832 2999 2902 mortiﬁcare
3029 2845 3167 2884 eum.

2306 2930 2711 2988 H‘Considerat
2740 2932 2996 2997 peccator
3033 2922 3272 2992 justum,
3306 2915 3620 2971 intuebatur
3673 2910 3819 2965 enim

2237 3025 2464 3097 populus
2490 3021 2796 3077 Iudaeorum
2822 3016 3029 3086 justum
3055 3012 3249 3066 Filium
3283 3008 3374 3063 Dei
3409 3026 3421 3062 :
3455 3014 3509 3062 et
3553 3002 3823 3058 stridebat

2240 3095 2294 3173 in
2312 3095 2470 3181 eum,
2496 3123 2550 3168 et
2576 3109 2825 3182 quassivit
2852 3107 3076 3176 perdere
3118 3117 3258 3162 eum,
3308 3099 3432 3170 quia
3469 3095 3654 3167 gravis
3706 3100 3823 3147 erant

2162 3195 2206 3257 C
2240 3208 2483 3266 doctrina
2510 3206 2628 3275 ejus
2659 3203 2725 3257 ad
2770 3198 3093 3254 audiendum
3126 3196 3228 3259 eis,
3283 3200 3336 3246 et
3382 3192 3498 3260 ipse
3552 3186 3725 3243 etiam
3760 3183 3824 3237 ad

2233 3284 2559 3357 videndum:
2601 3294 2693 3350 Sic
2728 3302 2781 3347 et
2814 3306 2957 3346 nunc
2988 3287 3240 3343 inimicus
3267 3283 3578 3339 considerat
3629 3291 3825 3332 unum-

2235 3404 2504 3463 quemque
2526 3395 2767 3442 nostrum
2797 3391 2854 3436 ut
2884 3380 3075 3451 perdat
3101 3418 3115 3443 ,
3146 3376 3241 3431 sed
3294 3375 3339 3429 si
3370 3371 3661 3442 vigilanter
3693 3365 3833 3421 resi-

2236 3490 2351 3538 stas
2381 3498 2392 3534 :
2429 3478 2611 3532 evenit
2638 3477 2781 3546 quod
2812 3472 3077 3541 sequitur.

2236 3574 2307 3630 55
2377 3570 2633 3625 Dominus
2659 3581 2721 3621 σί-
2755 3575 2929 3619 autem
2960 3564 2979 3635 ζ
3012 3577 3116 3614 ηοη
3137 3556 3454 3626 derelinquet
3483 3568 3600 3606 eum
3624 3552 3684 3604 in
3716 3564 3826 3602 nta-

2449 3678 2546 3717 nus
2568 3661 2682 3730 ejus
2712 3675 2727 3711 :

2418 3753 2530 3808 Nec
2551 3749 2820 3805 damnabit
2847 3762 2962 3801 eum
2987 3760 3104 3799 cum
3122 3740 3452 3813 judicabitur
3475 3751 3533 3793 +
3574 3736 3655 3788 illi
3692 3736 3713 3805 ζ

2311 3847 2358 3902 Η
2396 3846 2547 3902 Sicut
2572 3859 2677 3897 non
2711 3836 3220 3907 dereliquitjustum
3245 3830 3504 3886 Dominus
3551 3828 3604 3881 in
3665 3823 3836 3881 mani-

2244 3944 2343 3997 bus
2371 3937 2700 3999 Judaaorum,
2726 3931 2777 3985 id
2798 3938 2881 3984 cst
2910 3929 2961 3983 in
2985 3932 3253 3997 potestate
3281 3936 3493 3984 eorum,
3528 3918 3602 3972 ita
3641 3930 3835 3986 quem-

2243 4032 2372 4088 libet
2395 4029 2599 4098 justum
2628 4042 2735 4079 non
2766 4020 3104 4088 derelinquat
3125 4016 3176 4071 in
3193 4021 3465 4085 potestate
3485 4019 3833 4080 peccatorum

2246 4122 2538 4177 secundum
2597 4115 2853 4178 animam,
2908 4118 2964 4163 ut
3013 4109 3207 4163 anima:
3264 4112 3513 4168 noceant,
3560 4103 3613 4157 id
3644 4111 3737 4157 est
3784 4105 3839 4152 ut

2248 4211 2479 4268 malisin
2511 4207 2652 4262 malo
2677 4203 3002 4260 consentiat.
3034 4197 3143 4253 Nec
3185 4194 3463 4259 damnabit
3496 4207 3645 4254 eum,
3695 4190 3737 4246 C
3787 4187 3835 4241 id

2250 4301 2556 4371 estjustum
2578 4312 2701 4351 cum
2723 4293 2933 4363 judicat
2957 4289 3213 4359 impium:
3248 4286 3341 4342 sed
3363 4282 3702 4339 discretione
3731 4285 3855 4333 me-'

2248 4397 2499 4458 ritorum,
2525 4390 2726 4461 justum
2758 4384 3033 4456 suscipiet,
3068 4380 3289 4451 impium
3319 4375 3503 4432 debita
3527 4389 3693 4445 paena
3730 4383 3833 4425 tor-

2253 4490 2459 4560 quebit.

571 4573 826 4615 sanctos:
860 4563 950 4631 qui
984 4563 1036 4615 in
1061 4577 1184 4616 eum
1213 4570 1323 4618 tota
1351 4579 1445 4634 spe
1483 4565 1779 4633 conﬁdunt,
1808 4567 1897 4635 qui
1929 4581 2149 4621 conser-
2180 4555 2228 4613 D
2255 4555 2324 4638 δῖε
2400 4581 2657 4645 Exspecta
2706 4573 2986 4628 Dominum
3042 4578 3089 4621 ει
3133 4572 3336 4621 custom
3385 4577 3522 4616 mam
3572 4575 3690 4628 ej,“
3730 4571 3748 4607 ε
3790 4562 3834 4606 ει

571 4654 842 4708 vabuutur
869 4656 921 4709 in
949 4665 1231 4722 aeternum,
1265 4656 1365 4712 hnc
1394 4665 1472 4712 est
1498 4660 1551 4712 in
1577 4669 1831 4728 perpetua
1860 4661 1987 4714 vita.

571 4744 641 4798 30
716 4759 777 4801 -t—
806 4745 1000 4816 Iujusti
1027 4749 1310 4818 punientur
1339 4747 1357 4818 ζ
1435 4755 1438 4759 ’

720 4834 787 4888 Et
809 4853 979 4892 semen
1012 4838 1290 4909 impiorum
1320 4834 1527 4908 peribit.

2469 4666 2719 4723 exaltabit
2744 4675 2793 4717 te
2822 4676 2883 4717 -ε-
2915 4672 2970 4714 ut
3004 4663 3023 4731 ζ
3054 4656 3356 4713 haereditate
3400 4652 3580 4721 capias
3603 4660 3834 4704 terram:

2403 4765 2534 4821 Cum
2561 4761 2808 4832 perierint
2837 4765 3129 4826 peccatores
3160 4747 3379 4805 videbis.

2331 4858 2373 4912 ll
2407 4827 2667 4923 Exspecta
2735 4843 3053 4906 Dominum,
3082 4840 3245 4894 idest
3286 4835 3554 4905 patienter
3601 4846 3701 4900 age
3730 4827 3835 4923 sive

650 4928 692 4982 ll
724 4927 909 4997 lnjusti
934 4933 1226 5001 punientur
1248 4933 1302 4987 in
1326 4934 1582 4988 vindicta.
1609 4933 2157 4998 Peribitscmcn,hoc
2262 4953 2315 5005 in
2362 4913 2634 5019 “asp-eris
2678 4954 2771 4995 seu
2810 4937 2864 4991 in
2895 4931 3158 4989 adversis,
3212 4928 3253 4983 C
3301 4926 3402 4992 Qui
3457 4924 3575 5019 viis
3598 4913 3831 5019 “Domini

574 5029 656 5073 est
694 5032 859 5088 opera
884 5035 1072 5076 eorum
1116 5039 1239 5078 cum
1288 5023 1420 5093 ipsis
1476 5024 1766 5093 punientur
1811 5023 1863 5076 in
1916 5031 2157 5075 tormen-

2274 5006 2525 5100 .ttslodis,
2555 5035 2659 5089 hoc
2689 5038 2772 5086 est
2797 5024 3163 5082 sacratissima
3190 5023 3481 5089 praecepta.
3514 5012 3559 5066 ll
3597 5012 3665 5066 Et
3696 5006 3835 5107 erat
