4000 5370
160 210 248 265 161
1352 210 1717 270 EXPOSITIO
1756 211 2204 271 PSALMORUM.

158 324 408 382 honorem
435 340 451 378 :
483 326 577 381 sed
600 325 781 395 potius
805 326 874 381 ad
900 326 1130 382 ruinam.
1161 326 1226 381 Et
1254 341 1321 382 ne
1346 336 1567 396 putares
1597 342 1720 381 eum
1753 334 1802 390 Α
1897 326 1939 380 C
1970 324 2041 380 Et
2060 326 2334 395 adiuvabit
2372 343 2487 396 eos,
2513 329 2565 385 id
2595 337 2679 385 est
2707 330 2892 387 ﬁdeles
2929 330 3159 387 famulos
3204 332 3260 388 in
3303 334 3412 391 hoc

156 430 355 473 tantum
383 435 541 488 supra
569 419 797 474 humiles
822 428 1086 484 erectmn,
1120 419 1345 485 addidit,
1370 427 1427 473 et
1453 419 1720 474 elevatum

154 513 284 567 sicut
302 511 497 565 cedrus
534 509 761 564 Libani:
802 509 957 578 cujus
1001 509 1275 579 profectus
1308 510 1360 563 iu
1410 509 1616 564 honore
1669 517 1726 563 et

153 602 345 658 divitiis
368 611 426 655 et
455 611 724 670 potestate
750 603 870 657 ideo
914 611 1120 656 tantum
1166 602 1463 668 extollitur,
1501 612 1561 656 ut
1607 602 1724 669 ejus

154 692 561 749 irremediabilis
587 692 739 747 ruina
780 704 1130 748 monstretur.
1174 692 1214 746 li
1256 691 1369 748 Hoc
1401 693 1468 748 de
1510 693 1724 748 diabolo

151 784 229 839 fas
278 792 359 838 est
414 783 663 855 intelligi,
712 800 948 839 necnon
988 793 1043 839 et
1088 783 1244 839 Juda.
1291 785 1429 839 Etsi
1470 785 1536 839 de
1585 784 1723 839 Juda

152 876 451 946 exponitur,
478 876 1038 946 sequensversiculus
1065 877 1144 932 sic
1165 878 1470 946 exponitur.

159 968 223 1025 58
292 967 360 1022 Et
386 968 611 1022 transiri
634 978 679 1022 et
702 985 816 1023 ecce
843 985 948 1022 non
974 978 1085 1022 erat
1112 985 1130 1023 :

282 1057 519 1124 Quasivi
539 1075 655 1113 eum
676 1068 722 1113 et
752 1076 856 1112 non
879 1069 954 1113 est
991 1060 1229 1113 inretitus
1257 1073 1317 1115 4-
1361 1058 1506 1113 locus
1528 1060 1644 1128 ejus
1678 1116 1693 1131 ,

212 1149 254 1205 Η
286 1150 349 1203 Et
379 1150 630 1214 transivi,
654 1151 799 1205 dicat
826 1151 927 1204 hoc
951 1150 1280 1219 apostolicus
1298 1160 1495 1205 coetus.
1527 1149 1714 1206 Trans-

153 1244 214 1299 ivi
264 1252 511 1313 tempore
549 1244 813 1312 passionis
846 1243 975 1298 Jesu
1008 1261 1021 1297 :
1057 1254 1111 1299 et
1132 1244 1223 1298 illo
1252 1256 1591 1314 resurgente,
1619 1258 1722 1299 non

151 1344 257 1390 erat
278 1334 470 1399 ludas,
494 1336 624 1404 quia
664 1336 798 1389 abiit
824 1344 880 1388 et
920 1334 1113 1403 laqueo
1139 1350 1198 1390 se
1237 1335 1535 1405 suspendit.
1568 1335 1726 1401 Qua:-

150 1428 239 1480 sivi
265 1436 319 1481 et
349 1441 459 1480 non
481 1436 567 1481 est
589 1427 855 1490 inventus,
906 1427 1115 1481 scilicet
1163 1428 1331 1495 ipsius
1374 1427 1523 1497 impii
1574 1427 1723 1481 locus

150 1517 488 1586 apostolicus,
525 1517 618 1587 qui
646 1527 791 1572 tanta
821 1518 1105 1574 velocitate
1128 1518 1429 1573 deﬁciebat.
1465 1517 1572 1573 Sed
1595 1518 1724 1574 dum

151 1607 209 1661 de
231 1606 365 1662 Juda
396 1609 711 1677 exponitur,
730 1624 826 1678 per
850 1609 1044 1664 cedros
1065 1611 1293 1679 apostoli
1308 1609 1680 1680 intelliguntur
1703 1626 1719 1677 ;

149 1708 198 1753 et
221 1699 434 1768 quando
457 1700 526 1754 de
546 1700 781 1765 diabolo,
822 1714 918 1771 per
967 1702 1163 1756 cedros
1203 1703 1378 1773 angeli
1411 1703 1717 1773 signantur.
1754 1684 1800 1743 Β

150 1791 270 1845 Dum
299 1808 432 1848 VCI‘O
452 1794 522 1847 de
544 1795 805 1849 divitibus
832 1796 1009 1864 impiis
1031 1795 1115 1848 vel
1141 1796 1452 1865 potentibus
1496 1788 1722 1865 exponi—

153 1892 227 1936 tur
257 1885 371 1954 (qui
404 1886 595 1940 relicto
629 1887 737 1941 Deo
765 1887 818 1941 in
854 1887 1060 1941 divitiis
1088 1889 1270 1941 mundi
1297 1889 1570 1942 conﬁdunt
1592 1929 1607 1954 ,
1630 1889 1720 1958 qui

150 1977 429 2043 quamlibet
460 1976 715 2044 ﬂoreant,
743 1980 1041 2047 quamlibet
1061 1981 1391 2035 extollantur
1420 1992 1476 2036 et
1502 1981 1720 2036 eleven-

152 2077 244 2129 tur,
275 2085 384 2123 non
417 2070 782 2135 invenientur,
812 2086 935 2126 cum
988 2072 1056 2127 ab
1084 2074 1185 2128 hoc
1224 2073 1423 2128 mundo
1456 2074 1723 2145 migrave-

151 2160 284 2230 rint),
339 2171 470 2215 tunc
514 2175 611 2230 per
664 2162 855 2217 cedros
908 2163 1034 2217 tuali
1088 2163 1462 2235 intelliguntur
1515 2166 1567 2220 iu
1619 2167 1720 2221 hoc

148 2251 330 2305 mundo
357 2251 578 2307 elevati.
631 2253 787 2307 Sicut
832 2255 975 2307 enim
1030 2256 1226 2311 cedrus
1267 2271 1430 2325 super
1477 2256 1721 2313 excelsos

149 2354 343 2399 montes
407 2354 634 2415 apparet
696 2346 964 2411 cxaltata,
1019 2357 1073 2402 et
1132 2349 1364 2419 impulsu
1434 2360 1717 2406 ventorum

148 2451 273 2506 saepe
300 2436 581 2506 dilabitur,
631 2439 708 2493 ita
751 2450 807 2495 et
857 2440 1076 2511 impius,
1126 2441 1278 2497 locus
1325 2442 1475 2512 impii
1528 2444 1721 2515 impie-

150 2535 221 2593 tas
242 2537 338 2583 est.

154 2618 213 2675 39
273 2620 491 2677 Custodi
512 2624 867 2679 innocentiam
893 2636 942 2680 et
963 2626 1077 2681 vide
1098 2628 1395 2699 (equitatem
1417 2646 1436 2684 :

272 2713 533 2778 Quoniam
558 2726 680 2769 sunt
707 2717 939 2787 reliquiae
965 2718 1164 2773 homini
1188 2721 1431 2789 paciﬁca.

207 2803 248 2860 Β
274 2806 494 2861 Custodi
520 2808 907 2872 innocentiam,
944 2810 989 2864 si
1025 2810 1229 2865 nullum
1268 2826 1467 2867 noceas
1505 2821 1561 2868 et
1590 2829 1714 2869 cum

148 2893 275 2949 nullo
305 2895 573 2966 litigiosus
612 2898 745 2963 eris,
783 2898 988 2954 videbis
1028 2900 1304 2956 Christum
1346 2902 1439 2972 qui
1487 2904 1716 2972 mquitas

148 2985 464 3059 intelligitur,
493 2989 638 3044 sicut
664 2990 753 3044 via
790 2999 843 3045 et
882 2992 1082 3046 veritas
1111 3000 1166 3046 et
1199 2993 1326 3048 vita.
1368 2993 1408 3049 C
1454 2993 1714 3065 Reliquias

147 3089 256 3133 sunt
288 3081 492 3136 homini
519 3082 771 3151 paciﬁco,
801 3084 1015 3152 quando
1042 3099 1168 3154 spes
1209 3085 1326 3155 ejus
1369 3086 1585 3141 Domini
1631 3104 1711 3143 re-

145 3172 503 3227 muneratione
528 3174 827 3244 peragitur,
861 3174 912 3228 id
941 3183 1026 3230 est
1062 3175 1315 3245 impletur
1346 3179 1490 3247 quod
1522 3194 1710 3249 spera-

146 3259 226 3314 vit.
258 3260 517 3332 Reliquiae
557 3265 722 3334 igitur
771 3273 916 3331 sunt,
961 3281 1083 3335 qua:
1124 3276 1246 3337 post
1280 3278 1507 3324 mortem
1550 3272 1715 3326 relin-

145 3364 378 3423 quuntur.
420 3358 467 3412 A
499 3356 777 3428 Relinquit
817 3374 945 3414 vero
965 3358 1145 3428 justus
1174 3368 1297 3429 post
1342 3362 1572 3418 mortem
1599 3381 1716 3420 tne—

144 3447 353 3503 moriam
375 3447 606 3518 justitite
631 3466 746 3505 sua:
773 3450 995 3515 bonam,
1024 3460 1080 3507 et
1125 3450 1268 3507 Deus
1308 3453 1411 3508 sibi
1458 3455 1715 3524 relinquit

141 3542 344 3607 prtemia
371 3550 599 3597 aeterna.
637 3541 679 3598 (ὲ
718 3542 985 3601 Paciﬁcas
1011 3559 1141 3600 vero
1166 3545 1381 3612 dicitur,
1432 3548 1527 3619 qui
1570 3549 1713 3613 inter

144 3631 497 3690 discordantes
522 3649 713 3702 pacem
740 3635 887 3692 facit.

142 3721 202 3778 ιθ
264 3725 463 3796 lnjusti
483 3737 662 3783 autem
692 3729 1013 3800 disperibunt
1044 3733 1202 3787 simul
1226 3749 1246 3788 .'

265 3819 523 3893 Reliquiae
559 3824 843 3892 impiorum
869 3824 1175 3880 interibunt.

200 3908 391 3966 CJusti
420 3923 630 3979 autem,
658 3923 765 3968 etc.
791 3912 924 3969 Nam
956 3916 1091 3970 sicut
1116 3917 1247 3985 justi
1291 3926 1413 3987 post
1456 3920 1597 3977 hanc
1631 3922 1709 3976 vi-

145 4008 239 4056 tam
267 4004 629 4074 gratulantur,
662 4005 738 4060 ita
768 4004 952 4074 injusti
979 4007 1125 4062 ﬁnita
1164 4009 1265 4063 ista
1290 4010 1406 4065 luce
1433 4012 1704 4080 peribunt.

144 4092 405 4166 Reliquiae,
436 4106 497 4153 ut
525 4097 735 4154 dictum
772 4108 876 4165 est,
925 4100 1236 4169 signiﬁcant
1272 4103 1589 4158 memoriam
1618 4103 1711 4172 ju-

145 4198 351 4259 Storum,
376 4207 538 4264 quam
581 4195 637 4249 in
667 4195 771 4249 hoc
816 4196 1016 4251 mundo
1057 4206 1176 4265 post
1218 4197 1425 4253 obitum
1474 4200 1707 4255 derelin-

144 4294 313 4351 quunt,
360 4283 461 4339 hoc
514 4285 719 4341 mereri
774 4285 922 4358 impii
962 4288 1269 4344 nullatenus
1300 4301 1544 4359 possunt,
1571 4308 1709 4362 quo-

146 4373 295 4440 niam,
326 4377 747 4447 superveniente
780 4378 1025 4447 interitu,
1057 4381 1190 4438 falsa
1240 4382 1359 4438 laus
1402 4393 1458 4439 et
1503 4384 1708 4458 fragilis
1739 4409 1785 4468 ι)

148 4466 244 4521 vita
269 4468 590 4526 dissolvitur.
623 4471 673 4525 A
704 4469 966 4542 Reliquia:
1010 4488 1226 4545 quoque
1281 4489 1491 4543 eorum,
1536 4477 1590 4534 id
1625 4486 1707 4534 est

151 4561 337 4612 terrena
364 4559 663 4615 interibunt
688 4558 894 4614 omnia.

150 4644 205 4701 ιι
270 4648 421 4705 Salus
442 4661 620 4708 autem
636 4652 908 4721 justorum
929 4670 962 4707 α
985 4650 1207 4709 Domino
1232 4670 1251 4710 :

275 4755 333 4797 -t-
355 4740 419 4795 Et
450 4746 466 4814 ξ
498 4750 770 4813 protector
788 4758 966 4795 eorum
998 4743 1307 4814 ia_tempore
1330 4745 1704 4805 tribulationis.

211 4827 424 4886 BSalus
463 4843 644 4890 autem
666 4848 702 4885 a
733 4829 958 4886 Domino
983 4833 1152 4901 venit,
1195 4835 1325 4905 quia
1369 4837 1483 4907 ipse
1511 4848 1594 4894 est
1622 4856 1707 4896 sa-

154 4919 225 4977 lus
251 4924 501 4980 nostra.C
529 4934 751 4994 tempus
797 4923 1013 4991 quidem
1060 4926 1430 4983 tribulationis
1476 4938 1560 4985 est
1603 4933 1706 4987 du-

155 5009 276 5078 plex,
312 5028 426 5069 nam
454 5013 540 5070 hic
561 5010 847 5068 tribulatio
876 5014 1180 5082 temporalis
1220 5024 1328 5080 est,
1359 5018 1453 5072 sed
1484 5019 1535 5073 in
1562 5020 1707 5091 judi-

156 5101 229 5155 cio
249 5115 471 5160 extremo
504 5115 586 5164 est
613 5114 854 5168 aeterna;
900 5102 990 5158 illa
1020 5104 1181 5175 igitur
1233 5106 1380 5161 mala
1426 5118 1529 5177 est,
1579 5113 1705 5184 quia

156 5201 329 5275 eterna
357 5213 467 5268 quae
497 5199 551 5254 in
576 5199 669 5255 die
687 5195 883 5267 judicii
918 5196 1093 5263 impiis
1121 5198 1295 5256 venit.
1325 5197 1381 5251 In
1428 5201 1532 5258 hoc
1573 5220 1706 5276 ergo

159 5293 369 5358 tempore
391 5291 772 5355 tribulationis,
820 5296 1095 5358 protector
1139 5301 1231 5349 est
1272 5289 1542 5367 Christus,
1576 5300 1705 5370 quia

1826 416 2028 471 mundo
2057 417 2295 485 adjuvat,
2320 421 2541 490 quando
2567 422 2843 478 contraria
2867 423 3248 480 colluctatione
3278 425 3405 480 fati-

1828 515 2054 573 gantur;
2080 506 2293 573 liberat,
2326 509 2450 563 dum
2493 510 2653 567 ﬁdem
2682 512 2898 568 illorum
2940 530 3048 569 non
3082 514 3214 570 sinit
3241 530 3411 584 prava

1826 598 2080 653 suasione
2130 601 2385 669 perverti.
2437 600 2601 656 Eruet
2665 604 2870 674 utique,
2932 606 3058 662 dum
3118 608 3171 662 in
3225 608 3410 662 tuuudi

1825 685 1984 740 istius
2017 690 2403 745 contrarietate
2429 703 2610 746 servat
2650 694 2862 751 illzcsos.
2916 694 3181 763 Quoniam
3222 713 3408 770 spera-

1823 790 2022 835 verunt
2052 782 2105 836 in
2136 799 2281 850 eum,
2316 784 2368 839 id
2397 796 2481 840 est
2508 800 2657 854 spem
2693 804 2846 843 suam
2878 790 2930 844 in
2955 791 3164 847 Domini
3206 792 3408 861 pietate

1823 884 2139 942 posuerunt.

2271 982 2473 1024 ORATIO
2507 985 2573 1024 EX
2615 984 2762 1025 PSAL.
2802 986 2987 1026 ικλνι.

1894 1052 2177 1110 Beatitudo
2223 1058 2464 1111 omnium
2510 1075 2616 1113 non
2663 1060 2869 1115 incerta
2908 1062 3202 1130 jnstorum,
3262 1065 3407 1122 Deus

1825 1142 1938 1213 (qui
1963 1154 2182 1200 sanctos
2224 1155 2344 1201 tuos
2380 1164 2486 1203 non
2536 1149 2863 1219 derelinquis
2895 1152 2947 1204 in
2989 1153 3149 1219 fame,
3204 1144 3304 1211 nec
3350 1156 3405 1211 in

1826 1234 2002 1288 stadio
2050 1235 2453 1292 tribulationum
2501 1240 2744 1308 superari
2776 1243 3086 1312 permittis),
3122 1260 3409 1314 precamur

1824 1332 1883 1376 ut
1909 1339 1972 1376 ea
2005 1339 2101 1379 nos
2131 1327 2342 1380 umnias
2384 1327 2626 1390 dextera,
2670 1345 2832 1398 quam
2881 1331 2985 1387 illis
3028 1348 3095 1388 ne
3132 1348 3408 1402 corruant,

1824 1416 2083 1473 velociter
2129 1421 2360 1489 porrigis
2414 1431 2792 1490 prieparatam.
2843 1423 2945 1480 Per
2980 1426 3266 1482 Dominum
3313 1444 3411 1485 no-

1824 1522 1997 1566 strum
2022 1509 2205 1567 Jesutn
2231 1511 2526 1575 Christum,
2561 1523 2666 1570 etc.

2297 1602 2615 1659 PSALMUS
2654 1603 2915 1661 XXXVII.

2221 1710 2584 1750 ARGUMENTU!
2627 1712 2772 1750 PSAL.
2810 1712 3018 1752 XXXV".

1892 1783 1933 1839 C
1964 1784 2080 1839 Vox
2117 1785 2431 1854 pmnitentis
2466 1785 2897 1840 misericordiam
2945 1787 3161 1858 benigni
3208 1787 3410 1857 judicio

1823 1875 2184 1945 deprecantis,
2233 1877 2324 1946 qui
2375 1892 2433 1931 se
2481 1892 2710 1946 corpore
2761 1880 3060 1933 sauciatam
3106 1890 3163 1935 et
3202 1881 3408 1948 animo,

1822 1971 2124 2026 amicorum
2150 1970 2571 2040 exprobratione
2600 1971 2734 2025 dicit
2753 1980 2895 2025 esset
2917 1970 3221 2027 confusum.

1823 2059 1933 2115 TT.
1991 2061 2238 2115 Psalmus
2312 2061 2480 2115 David
2553 2060 2610 2115 in
2669 2063 3216 2117 eammemorationem
3256 2064 3409 2119 +ds

2042 2154 2277 2209 Sabbato
2310 2155 2325 2223 ξ

1891 2244 1931 2299 C
1965 2244 2201 2299 Dicendo
2232 2245 2285 2298 in
2333 2249 2869 2309 commemoratione,
2915 2248 3020 2302 hoc
3068 2248 3255 2304 titulus
3304 2250 3408 2305 iste

1820 2336 2152 2404 pronuntiat,
2182 2344 2240 2390 ut
2265 2336 2387 2403 quia
2412 2346 2695 2405 peccatum
2720 2337 2957 2407 eﬁ'ugere
2981 2356 3087 2393 non
3106 2341 3404 2407 valeamus,

1820 2439 1970 2484 certe
2013 2429 2185 2498 ipsum
2232 2429 2486 2483 delictum
2534 2430 2588 2483 in
2636 2432 3147 2486 commemoratione
3192 2448 3409 2503 semper

1819 2521 2022 2577 habere
2050 2522 2363 2587 debeamus,
2398 2530 2458 2576 ut
2483 2537 2581 2576 nos
2610 2539 2640 2577 a
2672 2521 2867 2577 futuris
2898 2523 3068 2594 culpis
3113 2524 3223 2579 Deo
3251 2523 3406 2592 adju-

1819 2620 1982 2665 vante
2028 2620 2411 2679 temperemus.
2455 2607 2498 2664 ﬂ
2537 2609 2832 2665 Sabbalum
2883 2613 3086 2682 requies
3137 2612 3407 2681 interpre-

1819 2711 1986 2766 tatur,
2014 2702 2065 2756 id
2093 2713 2176 2756 est
2202 2703 2419 2772 quando
2450 2703 2754 2772 requiescet
2779 2699 3020 2759 Ecclesia
3048 2704 3103 2759 in
3129 2705 3405 2774 paradiso,

1818 2808 1978 2863 quem
2010 2792 2246 2862 perdidit
2268 2793 2463 2847 Adam.
2593 2800 2595 2802 ’

1854 2887 1879 2941 1
1957 2886 2197 2950 Domine,
2223 2902 2286 2940 nc
2307 2886 2361 2939 in
2394 2885 2573 2955 furore
2595 2895 2685 2940 tuo
2708 2902 2901 2956 arguas
2927 2901 3043 2941 me:

1968 2976 2152 3049 Neque
2173 2978 2227 3031 in
2249 2979 2332 3032 ira
2359 2988 2451 3032 tua
2479 2979 2732 3047 corripias
2758 2994 2859 3032 me.

1743 3039 1791 3104 θ
1891 3070 1936 3127 Η
1960 3039 2130 3129 Totus
2168 3072 2273 3126 iste
2302 3069 2542 3140 psalmus
2567 3039 2632 3124 ei:
2666 3084 2895 3140 persona
2943 3069 3258 3139 paenitentis
3298 3079 3406 3135 est,

1816 3161 1911 3217 sed
1941 3170 1997 3217 et
2020 3159 2085 3215 ad
2107 3160 2384 3215 Christum
2414 3160 2603 3215 referri
2643 3168 2843 3229 potest,
2872 3160 3014 3215 sicut
3045 3169 3102 3213 et
3127 3160 3405 3231 sexagesi-

1815 3266 1938 3306 mus
1971 3259 2218 3306 octavus.
2264 3249 2474 3315 Furor,
2524 3248 2760 3305 vindicta
2832 3249 3226 3305 irrationabilis
3278 3265 3407 3305 cum

1814 3343 1954 3399 tellis
1975 3342 2354 3398 amaritudine.
2380 3342 2462 3397 lra
2485 3358 2612 3399 vero
2637 3350 2844 3397 tantum
2875 3344 3170 3398 commotio
3190 3343 3408 3398 anima}.

1812 3432 1939 3489 ldeo
1968 3432 2072 3489 iste
2110 3433 2384 3503 pmnitens
2412 3433 2503 3503 qui
2542 3447 2601 3487 se
2636 3440 2978 3503 peccatorem
3025 3433 3149 3497 scit,
3199 3448 3305 3487 non
3349 3434 3406 3489 in

1812 3523 1915 3589 ira,
1942 3524 2037 3579 sed
2083 3539 2181 3593 per
2207 3523 2657 3589 misericordiam,
2702 3539 2805 3579 nec
2841 3524 2897 3579 in
2934 3522 3139 3590 furore,
3171 3524 3266 3578 sed
3307 3539 3407 3594 per

1812 3613 2130 3683 patientiam
2158 3628 2217 3668 se
2244 3613 2397 3682 argui
2424 3612 2680 3683 postulat.

1846 3705 1882 3759 2
1943 3704 2207 3771 Quoniam
2230 3706 2434 3777 sagith
2455 3716 2560 3761 tua:
2581 3707 2763 3776 inﬁxa:
2782 3717 2908 3763 sunt
2932 3710 3061 3763 mihi
3088 3726 3106 3765 :

1952 3794 2022 3849 Et
2044 3797 2373 3861 conﬁrmasti
2398 3814 2553 3869 super
2581 3815 2663 3853 me
2697 3816 2913 3853 manum
2941 3810 3110 3855 tuam.

1882 3889 1925 3943 Η
1956 3889 2197 3961 Sagittae,
2240 3893 2401 3947 verba
2431 3892 2693 3947 doctrinae
2730 3903 2876 3957 sunt,
2911 3908 3030 3961 qua:
3071 3901 3131 3947 ut
3160 3890 3403 3960 jaeulum

1810 3982 2100 4037 verberant
2147 3997 2243 4036 cor
2287 3983 2640 4052 paenitentis,
2691 3992 2753 4038 ut
2814 3992 2939 4053 agat
2999 3984 3400 4053 paenitentiam.

1809 4074 2177 4139 Conﬁrmasti,
2215 4085 2347 4142 etc.,
2385 4084 2444 4128 ut
2485 4084 2738 4144 tanquam
2770 4076 2946 4131 bonus
2974 4077 3251 4149 magister,
3278 4092 3401 4132 ver-

1811 4167 2032 4222 boribus
2060 4167 2383 4237 castigatum
2412 4166 2668 4221 redderes
2693 4167 3062 4225 emendatum.

1845 4281 1880 4336 5
1956 4277 2078 4334 Νοη
2105 4288 2179 4333 est
2208 4281 2407 4333 sanitas
2434 4281 2488 4332 in
2511 4295 2669 4334 carize
2689 4296 2803 4332 mea
2829 4298 2860 4334 α
2892 4280 3029 4350 facie
3047 4282 3142 4335 irm
3166 4291 3269 4335 tua:
3293 4295 3312 4334 :

1953 4372 2078 4426 Non
2120 4379 2193 4425 est
2240 4387 2348 4442 pax
2397 4370 2598 4425 ossibus
2647 4372 2774 4426 meis
2817 4388 2849 4426 a
2895 4372 3032 4441 facie
3070 4382 3401 4443 peccatorum

2023 4478 2275 4517 meorum.

1887 4556 1930 4614 il
1965 4556 2079 4611 Non
2109 4567 2194 4612 est
2217 4556 2427 4612 sanitas
2454 4571 2483 4609 a
2513 4554 2649 4613 facie
2675 4555 2770 4611 ira:
2794 4556 2845 4609 in
2871 4569 3036 4611 carne
3060 4569 3210 4617 mea,
3244 4554 3299 4631 id
3324 4562 3407 4609 est

1811 4652 1918 4707 vidi
1948 4650 2138 4705 faciem
2170 4650 2265 4705 ira:
2292 4661 2397 4705 tua:
2428 4664 2443 4703 :
2473 4660 2529 4704 et
2555 4666 2660 4705 non
2689 4650 2858 4718 ipsam
2886 4648 3046 4713 iram,
3071 4647 3173 4702 hoc
3193 4655 3301 4710 est,
3329 4647 3409 4700 itt-

1812 4744 1993 4801 tellexi
2018 4759 2114 4813 per
2142 4741 2452 4814 Scripturas
2475 4753 2714 4806 sanctas,
2738 4749 2940 4810 quanta
2967 4738 3262 4796 minabaris
3285 4752 3408 4806 pec-

1810 4835 2105 4899 catoribus,
2134 4840 2189 4887 et
2217 4832 2466 4895 extimui,
2500 4844 2692 4905 petens
2721 4848 2789 4886 tte
2830 4830 2947 4899 ipsa
2995 4831 3074 4884 ira
3119 4842 3303 4895 super,
3326 4838 3411 4878 me

1810 4927 2180 4984 descenderet.
2204 4922 2325 4982 Non
2344 4931 2432 4987 est
2454 4939 2561 4993 pax
2588 4922 2802 4979 ossibus
2825 4921 2984 4986 meis,
3014 4917 3064 4973 id
3088 4925 3175 4971 est
3202 4913 3409 4967 nullam

1810 5018 2046 5089 quietem
2076 5016 2277 5074 indulsi
2306 5015 2392 5073 vel
2416 5019 2647 5081 ossibus,
2665 5014 2749 5071 vel
2774 5014 3039 5068 membris
3063 5009 3227 5069 meis,
3254 5014 3411 5059 aute-

1815 5124 1976 5179 ρυελιη
2013 5108 2328 5179 ρωυίιθιιᾶο
2354 5117 2596 5164 mentem
2625 5116 2937 5178 purgarem.
3144 5128 3149 5133 -
3196 5117 3205 5122 ι
3408 5116 3414 5131 ι

1846 5226 1880 5280 4
1955 5223 2218 5292 Quoniam
2243 5221 2551 5295 iniquitates
2579 5236 2706 5278 uisae
2728 5227 3079 5287 supergressa:
3110 5214 3228 5263 sunt
3256 5213 3412 5275 ea,“

2025 5309 2195 5347 meum
2222 5309 2243 5348 ἰ
