4000 5370
519 340 623 396 165

1419 333 1474 388 S.
1513 328 1862 387 BRUNONlS
1902 327 2444 385 HERBIPOLENSIS
2484 323 2789 383 EPISCOPI

3709 322 3808 380 165

517 450 874 520 oppresserit,
908 447 996 502 illa
1039 445 1285 518 protinus
1330 443 1473 498 victa
1516 441 1837 498 succumbit.
1873 439 1918 493 ll
1955 439 2109 494 Sicut
2139 444 2183 502 Α
2211 453 2354 494 nunc
2384 438 2516 494 dicit
2541 454 2660 509 quae
2685 436 2820 495 foris
2860 437 3064 509 patitur
3089 436 3160 493 ab
3202 437 3288 493 his
3317 437 3461 494 inter
3483 450 3625 508 quos
3655 436 3812 492 babi-

518 557 660 596 onus
690 555 875 612 grave,
907 539 1032 610 quia
1058 554 1164 593 non
1188 544 1273 592 est
1298 536 1415 592 leve
1441 550 1578 590 onus
1601 533 1840 604 peccati,
1873 545 1966 587 seu
1997 546 2112 586 om.

517 631 680 684 nibus
710 628 872 684 debet
893 643 1013 683 esse
1037 640 1224 698 grave,
1257 625 1382 696 quia
1415 625 1669 680 omnibus
1711 637 1878 694 grave
1921 621 2112 692 judicii
2141 644 2148 652 -

524 735 666 775 onus
692 720 935 790 imponit.

553 812 587 865 5
661 810 987 866 Putruerunt
1018 821 1065 865 et
1093 818 1356 879 corrupta:
1381 817 1500 863 sunt
1528 807 1796 862 cicatrices
1821 820 1986 860 meat:

663 904 708 955 Α
737 903 873 972 facie
903 900 1218 968 insipientia:
1245 915 1394 952 mete.

592 995 637 1049 ll
659 994 1114 1066 Cumputrescunt
1141 992 1273 1047 mihi
1303 1000 1360 1046 et
1390 990 1560 1046 fetent
1592 989 1816 1045 vulnera
1859 997 2113 1063 peccato-

518 1104 663 1152 rmn,
696 1103 978 1158 quousque
1005 1089 1056 1140 in
1080 1085 1514 1157 peccatisjaoeo,
1546 1093 1603 1138 et
1636 1099 1778 1138 nunc
1798 1081 2116 1138 desideran-

521 1187 606 1233 ter
634 1192 817 1247 qumro
843 1177 1109 1231 medicum
1143 1190 1240 1246 per
1277 1173 1669 1245 pmnitentiam.
1705 1173 1746 1228 C
1772 1172 2007 1228 Cicatrix
2033 1179 2112 1227 est

517 1270 682 1334 dicta,
716 1269 858 1338 quod
887 1271 940 1322 in
972 1283 1032 1322 se
1070 1267 1266 1322 vulnus
1293 1266 1526 1321 celatum
1566 1266 1852 1328 ostendat,
1905 1264 2114 1336 signiﬁ-

518 1375 652 1416 cans
692 1361 901 1416 occulta
955 1369 1200 1430 peccata.
1254 1357 1298 1412 ll
1345 1357 1477 1425 Qua:
1525 1357 1791 1428 contingit
1839 1355 2114 1411 hominem

518 1464 744 1525 propter
770 1470 921 1509 suam
956 1452 1323 1522 insipientiam
1354 1451 1552 1507 celare.

553 1546 588 1600 6
662 1544 827 1599 Miser
847 1545 1019 1614 factus
1041 1560 1156 1597 sum
1178 1553 1224 1597 et
1252 1553 1497 1598 curvatus
1517 1560 1634 1596 sum
1658 1558 1819 1613 usque
1839 1543 1892 1595 in
1913 1539 2071 1610 ﬁnem
2093 1556 2113 1595 :

665 1637 796 1691 ’l'ota
821 1639 906 1691 die
935 1636 1274 1690 contristatus
1300 1636 1651 1705 ingrediebar.

591 1728 634 1782 ll
668 1728 829 1783 Miser
857 1729 1032 1782 lactus
1061 1743 1202 1792 sum,
1229 1742 1400 1796 usque
1425 1727 1550 1781 dum
1575 1725 1882 1782 conﬁtendo
1913 1740 2110 1795 purga-

2221 539 2318 586 tat.
2345 530 2386 586 C
2409 532 2582 586 Amici
2619 540 2746 587 sunt
2787 530 3034 585 extranei
3074 531 3363 601 sanguine,
3399 530 3496 586 sed
3539 528 3811 584 cbaritate

2216 621 2510 690 conjuncti.
2553 621 2777 676 Amicus
2811 622 2956 676 enim
2981 620 3159 676 dictus
3198 621 3356 689 quasi
3396 620 3566 674 animi
3603 635 3812 689 sequia,

2216 714 2270 770 id
2301 724 2388 769 est
2413 714 2624 769 similis.
2657 713 2896 768 Proximi
2926 723 3053 768 sunt
3079 722 3255 766 autem
3286 713 3380 781 qui
3409 711 3568 767 nobis
3613 726 3812 781 paren-

2219 807 2322 863 tela
2346 808 2646 863 sociantur.
2671 807 2715 861 ll
2737 806 2922 861 Potest
2948 807 3156 860 amicus
3177 816 3229 859 et
3258 804 3540 875 prosimus
3563 805 3630 858 de
3649 803 3817 858 disci-

2217 902 2354 972 pulis
2387 901 2582 971 accipi,
2613 901 2705 970 qui
2753 900 2805 954 in
2850 900 3098 970 passione
3129 898 3332 954 Christi
3371 897 3568 963 territi,
3602 897 3658 951 in
3696 905 3818 950 tan—

2218 1007 2331 1052 tum
2365 1013 2394 1049 a
2427 997 2657 1049 Domino
2685 1002 3049 1060 recesserunt,
3101 1002 3161 1047 ut
3202 993 3317 1063 ipse
3347 991 3542 1046 Petrus
3565 996 3813 1060 negaret.

2216 1089 2504 1160 Exponant
2533 1089 2622 1143 alii
2650 1089 2904 1158 deinceps
2951 1088 3016 1142 de
3059 1087 3395 1158 pas-nitente.
3447 1100 3551 1155 ego
3600 1084 3670 1137 ab
3726 1081 3819 1136 illo

2217 1195 2378 1250 passu
2408 1194 2577 1250 usque
2599 1180 2665 1234 ad
2691 1181 2849 1234 ﬁnem
2883 1196 2895 1232 :
2927 1177 3083 1233 video
3108 1176 3398 1232 Dominum
3421 1188 3603 1229 meum
3623 1170 3818 1228 Jesum

2220 1287 2249 1326 a
2272 1271 2473 1327 Judasis
2496 1271 2846 1326 circumdari.

2219 1365 2287 1420 12
2354 1362 2423 1418 Et
2449 1364 2540 1435 qui
2555 1363 2714 1432 juxta
2743 1379 2823 1417 me
2856 1371 3004 1416 erant
3027 1377 3059 1413 a
3090 1360 3242 1430 longe
3268 1367 3523 1414 steterunt
3544 1371 3564 1410 :

2363 1455 2427 1510 Et
2468 1458 2569 1510 vim
2603 1455 2864 1525 faciebant
2901 1456 2990 1526 qui
3032 1453 3333 1524 quaerebant
3361 1453 3598 1506 animant
3623 1464 3822 1504 meum.

2292 1548 2335 1602 ll
2389 1546 2668 1602 Steterunt
2698 1547 2765 1600 de
2789 1544 2948 1616 longe
2976 1542 3220 1613 discipuli
3249 1541 3489 1606 Christi,
3521 1541 3588 1596 de
3619 1539 3824 1610 quibus

2217 1637 2547 1709 evangelista
2571 1637 2679 1691 ait:
2702 1636 2928 1691 Stabant
2953 1634 3063 1688 noti
3086 1631 3202 1701 ejus
3222 1648 3250 1686 a
3279 1632 3434 1702 longe
3457 1629 3610 1702 (Luc.
3633 1627 3822 1699 ut").

2221 1731 2329 1787 Sed
2362 1732 2467 1784 vim
2497 1727 2764 1784 iaciebant
2792 1725 2981 1781 Judaei.
3037 1726 3079 1780 C
3109 1723 3201 1780 Vel
3231 1722 3480 1778 diabolus
3505 1736 3629 1776 cum
3660 1719 3828 1774 mini-

516 1835 629 1884 rer,
660 1819 786 1889 quia
810 1819 927 1873 sine
956 1817 1274 1872 confusione
1297 1827 1352 1872 et
1388 1818 1644 1871 maestitia
1684 1833 1788 1871 non
1831 1815 2112 1870 dimittun-
2143 1815 2189 1876 Β
2217 1820 2370 1885 suis,
2400 1819 2492 1891 qui
2529 1828 2735 1889 quanio
2773 1832 2896 1872 eum
2927 1815 3181 1870 videbam
3206 1813 3257 1867 in
3288 1812 3380 1866 Dei
3425 1826 3612 1864 amore
3641 1809 3824 1879 ρει-εί-

517 1922 608 1965 tur
638 1919 885 1980 peccata.
916 1909 1302 1973 Contristatns,
1334 1908 1383 1962 id
1415 1917 1497 1962 est
1521 1908 1800 1978 indignum
1825 1920 1910 1960 me
1934 1905 2116 1959 existi-

519 2020 694 2069 mans,
723 2005 803 2058 vel
829 2005 895 2058 ad
923 2003 1118 2058 coelum
1147 2002 1335 2057 oculos
1364 2001 1568 2065 levare,
1594 2001 1686 2054 sed
1722 2007 1910 2070 pertus
1939 2011 2118 2052 memn

518 2096 852 2167 percutiens,
871 2096 1115 2161 aiebam;
1149 2094 1313 2156 Deus,
1339 2081 1604 2164 propitius
1625 2101 1746 2147 esto
1767 2090 1899 2144 mihi
1927 2103 2117 2160 pecca-

519 2189 626 2244 tori
663 2187 817 2259 (Luc.
850 2188 1026 2257 xvm).

552 2281 586 2333 7
661 2279 926 2345 Quoniam
955 2279 1117 2332 lumbi
1140 2279 1238 2332 mei
1266 2275 1459 2345 impleti
1488 2284 1609 2329 sunt
1637 2272 2012 2346 “lusionibus:

663 2358 729 2412 Et
755 2375 858 2412 non
881 2369 956 2412 est
983 2358 1184 2412 sanitas
1214 2359 1270 2411 in
1296 2372 1456 2409 carne
1487 2370 1624 2408 mea.

589 2449 635 2504 ll
670 2449 1018 2506 lllnsionibus
1050 2449 1155 2503 illis
1185 2446 1473 2503 conﬁtetur
1495 2461 1552 2500 se
1583 2443 1852 2515 paenitens
1882 2457 2002 2498 esse
2035 2456 2118 2495 re-

517 2544 721 2614 pletum
753 2553 915 2614 atque
948 2543 1300 2606 inﬁrmatam,
1326 2540 1524 2610 quibus
1547 2537 1794 2593 diabolus
1821 2537 2114 2591 humamnn

519 2653 689 2708 genus
717 2635 961 2705 quotidie
1008 2634 1160 2688 illicit
1191 2643 1245 2687 et
1289 2632 1524 2695 suadet,
1569 2638 1632 2684 ut
1669 2628 1967 2698 delinquat.
2013 2625 2118 2680 Per

525 2728 741 2782 lumbos
770 2725 1101 2780 voluntatem
1133 2723 1382 2793 corporis
1411 2721 1658 2792 designat
1690 2719 1997 2774 titillanletl
2016 2757 2028 2777 .
2063 2717 2115 2772 id

520 2830 607 2876 est
628 2819 811 2874 carnis
843 2819 1164 2888 appetitum.

557 2911 589 2965 8
659 2910 892 2980 Aﬂlictus
917 2925 1036 2961 sum
1065 2918 1109 2960 et
1141 2906 1452 2960 humiliatus
1481 2922 1598 2960 sum
1624 2905 1810 2959 nimis:

665 2999 952 3070 Rngiebam
977 3016 1008 3052 a
1033 2999 1228 3069 gemitu
1256 2997 1430 3051 cordis
1459 2998 1579 3050 mei.

593 3092 640 3147 ll
667 3092 910 3146 Aﬁlictus
939 3108 1057 3146 sum
1094 3102 1151 3145 et
1182 3089 1498 3145 humiliatus
1523 3090 1589 3144 ad
1629 3090 2003 3160 pmnitentiam
2033 3090 2115 3143 ni-

2223 1921 2412 1968 stere:
2458 1919 2608 1966 tanto
2653 1910 2702 1964 ei
2753 1917 2980 1962 mortem
3019 1906 3214 1960 anima:
3250 1904 3564 1959 nitebantur
3592 1900 3824 1956 inferre.

2221 2021 2288 2078 15
2363 2021 2428 2076 Et
2473 2023 2562 2092 qui
2604 2018 2934 2088 inquirebant
2973 2016 3115 2071 mala
3154 2015 3282 2070 milii
3320 2012 3483 2069 locuti
3517 2021 3639 2067 sunt
3677 2011 3831 2065 vani-

2445 2125 2576 2168 tates
2606 2127 2625 2165 ἔ

2366 2210 2430 2263 Et
2456 2209 2602 2263 dolos
2630 2218 2736 2262 tota
2764 2207 2850 2261 die
2881 2204 3286 2261 meditabantur.

2292 2303 2338 2358 ll
2375 2301 2569 2357 Multos
2599 2300 2813 2370 quidem
2849 2298 2998 2353 dolos
3025 2295 3270 2351 meditati
3313 2301 3460 2358 sunt,
3495 2307 3620 2348 cum
3655 2291 3830 2346 inter.

2221 2402 2476 2465 rogarent
2520 2391 2564 2445 si
2626 2387 2958 2458 deprehensa
3019 2386 3211 2439 tnulie‘r
3265 2382 3493 2452 lapidari
3550 2380 3833 2435 debuisset

2221 2483 2410 2556 (Joan.
2437 2482 2578 2552 vni),
2612 2490 2667 2536 et
2691 2481 2736 2534 si
2765 2480 2954 2534 liceret
2977 2479 3105 2532 dare
3130 2491 3352 2531 censum
3375 2474 3574 2530 Caesari
3603 2472 3834 2543 (Matth.

2223 2574 2389 2643 xm),
2423 2581 2478 2627 et
2525 2571 2720 2626 similia
2771 2569 3029 2632 facerent,
3083 2567 3175 2622 sed
3227 2577 3355 2620 tunc
3407 2573 3593 2635 aperte
3646 2561 3832 2617 dolum

2219 2659 2483 2728 inierunt,
2523 2677 2644 2717 cum
2698 2660 2861 2715 falsos
2907 2669 3072 2714 testes
3117 2656 3409 2712 adducunt.
3461 2655 3655 2710 Locuti
3706 2662 3836 2708 sunt

2218 2772 2359 2811 vana
2389 2774 2404 2812 :
2432 2756 2489 2810 ln
2525 2754 2824 2811 Beelzebub
2868 2751 3014 2821 ejicit
3059 2750 3322 2805 daemonia
3378 2747 3530 2819 (Luc.
3585 2746 3689 2816 xi).

2220 2850 2287 2906 11
2360 2849 2474 2920 Ego
2501 2858 2674 2901 autent
2706 2857 2956 2916 tanquam
2982 2843 3175 2898 surdus
3212 2858 3314 2896 non
3350 2839 3637 2893 audiebam
3667 2853 3686 2890 :

2362 2942 2431 2997 Et
2459 2943 2592 2996 sicut
2620 2951 2793 2994 mutus
2821 2955 2924 2992 non
2953 2936 3190 3006 aperiens
3219 2951 3274 2988 os
3305 2948 3481 2987 suum.

2291 3033 2334 3089 ll
2360 3033 2585 3102 Semper
2613 3029 2766 3100 quasi
2793 3027 2990 3082 surdus
3011 3025 3229 3080 sustu’lit
3260 3022 3508 3078 Christus
3535 3017 3840 3089 exprobra-

2220 3125 2420 3180 tionem
2442 3123 2772 3184 Judatorum,
2794 3130 2845 3175 et
2873 3130 3127 3189 tanquam
3155 3123 3354 3178 mutus,
3383 3109 3796 3168 (licentePilato
3819 3121 3834 3157 ἒ

522 3187 627 3284 ’P‘ls
652 3227 680 3284 ’_
717 3185 994 3284 mg“:me
1021 3224 1036 3250 ’
1093 3193 1283 3255 petens
1311 3185 1713 3284 ,Γθωίῗῗίίῖηωη
1756 3199 1912 3284 "cu":
1946 3182 2114 3284 “"3"”
2144 3185 2190 3249 Ο
2226 3216 2353 3271 Mihi
2384 3231 2490 3270 non
2519 3182 2852 3284 respondes?
2883 3182 3066 3282 (Joan.
3098 3207 3236 3277 xu.)
3266 3205 3308 3261 C
3340 3204 3483 3259 Nihil
3509 3212 3695 3275 potest
3717 3217 3841 3257 esse

522 3279 682 3334 Aliud
709 3286 792 3332 est
833 3278 1068 3348 gemitus
1111 3277 1356 3347 corporis
1384 3317 1399 3342 ,
1448 3277 1594 3332 aliud
1640 3277 1840 3332 cordis.
1873 3275 2122 3331 Gemitus

524 3372 794 3443 corporis,
825 3381 1046 3442 propter
1072 3385 1159 3426 res
1182 3379 1448 3426 terrenas.
1477 3370 1721 3426 Gemitus
1750 3369 1954 3433 cordis,
1991 3381 2120 3437 pro-

524 3476 648 3536 pter
667 3481 762 3519 sua
787 3473 1006 3535 peccata
1031 3473 1086 3518 et
1111 3464 1364 3517 aliorum.
1384 3462 1424 3516 C
1451 3463 1650 3531 liugire
1673 3469 1874 3524 autem,
1903 3459 2124 3530 proprie

526 3555 830 3611 helluarum
863 3564 970 3620 est,
1002 3554 1218 3610 leonum
1263 3553 1490 3607 scilicet.
1522 3552 1563 3604 A
1604 3549 1700 3605 Vel
1731 3549 1959 3605 alllictus
2004 3563 2125 3604 sum

526 3655 582 3702 et
603 3647 919 3702 humiliatus
940 3645 1122 3700 nimiis
1149 3643 1384 3700 miseriis
1407 3653 1461 3698 et
1481 3642 1885 3698 calamitatibus
1905 3649 2127 3711 propter

527 3747 832 3806 peccatum,
861 3738 983 3793 ideo
1016 3737 1188 3808 rugio.

560 3829 596 3886 9
666 3831 734 3897 χ(
761 3829 983 3882 Domine
1016 3829 1032 3899 ζ
1064 3837 1186 3881 ante
1207 3835 1254 3881 te
1275 3843 1426 3881 autne
1443 3826 1764 3880 desiderium
1787 3839 1957 3878 meum
1989 3839 2002 3852 ο

674 3909 740 3962 Et
767 3908 990 3977 gemitus
1021 3924 1167 3962 meus
1197 3924 1229 3960 a
1255 3916 1302 3960 te
1327 3923 1431 3960 non
1456 3915 1530 3961 est
1563 3905 1922 3958 absconditus.

599 3998 646 4052 C
674 3996 805 4051 'l‘ale
851 3994 953 4050 fuit
996 3995 1326 4051 desiderium
1373 3992 1490 4062 ejus
1514 4035 1526 4058 ,
1568 4002 1627 4048 ut
1664 4003 1791 4048 ante
1814 3993 1982 4047 Deum
2011 4007 2133 4047 esse

527 4096 852 4151 mereretur,
881 4085 1140 4140 Dominus
1181 4085 1318 4139 enim
1359 4083 1612 4155 quidquid
1644 4099 1748 4137 non
1797 4093 2131 4153 aspernatur.

525 4180 892 4249 amplectitur;
919 4178 1006 4234 ille
1026 4178 1171 4234 enim
1197 4177 1431 4248 gemitus
1454 4191 1558 4230 non
1582 4175 1931 4229 absconditur
1951 4191 1979 4229 a
2001 4176 2130 4230 Deo:

526 4272 623 4342 qui
648 4271 769 4341 pius
811 4279 924 4334 est,
957 4279 1012 4326 et
1057 4285 1155 4340 pro
1196 4271 1391 4325 anima:
1432 4266 1754 4322 liberatione
1783 4266 2130 4336 persolvitur.

532 4359 718 4413 Dictus
761 4367 842 4414 est
872 4367 1052 4414 autem
1101 4359 1336 4428 gemitus
1374 4357 1527 4427 quasi
1577 4357 1883 4427 geminatus
1927 4357 2128 4423 luctus,

527 4449 660 4520 quia
691 4448 752 4504 ﬁt
778 4464 876 4520 pro
903 4450 1259 4519 exprimendo
1290 4463 1486 4518 magno
1516 4449 1721 4503 dolore.

532 4540 602 4596 10
675 4539 781 4594 Cor
814 4556 983 4593 nteant
1006 4540 1380 4593 conturbatum
1411 4548 1484 4592 est
1511 4551 1530 4589 :
1554 4538 1824 4607 dereliquit
1862 4554 1943 4591 me
1965 4536 2128 4590 virtus
2160 4537 2208 4597 D

748 4627 861 4664 mea
885 4627 905 4664 ἔ

676 4689 746 4744 Et
775 4690 948 4743 lumen
982 4689 1254 4743 oculorum
1294 4705 1560 4753 mearum,
1600 4698 1647 4741 et
1691 4688 1862 4758 ipsum
1903 4703 2007 4740 non
2055 4696 2130 4740 est

748 4776 974 4814 mecum.

607 4851 649 4907 C
679 4849 832 4905 Nunc
862 4851 1012 4906 venit
1035 4851 1102 4905 ad
1133 4850 1487 4921 gravissimos
1530 4849 1743 4905 dolores
1791 4849 1956 4903 animi
1982 4889 1997 4914 ,
2038 4848 2130 4903 de-

532 4943 714 5000 cursis
764 4941 1042 5012 corporeis
1088 4942 1365 4996 mrumnis.
1411 4941 1538 4996 ideo
1582 4939 1963 4995 conturbatum
2011 4955 2132 4996 esse

532 5054 695 5090 suum
723 5051 820 5090 eor
847 5036 998 5090 dicit.
1026 5037 1154 5090 unia
1178 5038 1352 5090 virtus
1371 5053 1495 5090 eum
1521 5037 1793 5090 deseruit:
1824 5037 1954 5090 dicit
1975 5053 2123 5090 eruo.

2225 3309 2439 3380 fortius,
2473 3305 2608 3360 nihil
2635 3304 2884 3374 egregius
2909 3315 3071 3370 quam
3100 3299 3289 3352 audire
3320 3296 3501 3360 noxia,
3527 3303 3582 3350 et
3606 3308 3719 3349 non
3755 3306 3839 3347 re.

2226 3397 2492 3469 sponderc
2519 3395 2813 3452 contraria.

2229 3491 2296 3547 15
2369 3489 2435 3544 Et
2463 3491 2634 3559 factus
2663 3503 2778 3542 sum
2802 3486 2936 3540 sicut
2960 3483 3115 3537 homo
3146 3497 3252 3536 non
3278 3480 3518 3534 audiens.

2370 3581 2438 3637 Et
2475 3599 2578 3636 non
2606 3581 2798 3635 habens
2827 3581 2880 3633 in
2911 3593 3000 3632 ore
3025 3592 3120 3632 suo
3153 3574 3576 3644 redargutiones.

2301 3674 2346 3729 ll
2387 3674 2482 3728 Sic
2519 3672 2690 3726 tacuit
2731 3668 2978 3724 Christus
3025 3671 3313 3720 accusatus
3357 3677 3386 3717 a
3428 3660 3635 3716 Judzeis
3680 3660 3840 3731 quasi

2231 3779 2338 3819 non
2372 3762 2594 3816 haberet
2622 3758 2749 3830 quid
2784 3773 2880 3828 pro
2913 3771 2971 3812 se
3013 3754 3344 3825 respondere
3370 3752 3618 3817 deberet,
3649 3765 3841 3806 exem-

2232 3857 2379 3927 plqu
2411 3853 2654 3908 tribuens
2683 3851 2908 3914 homini,
2943 3859 3002 3903 nt
3031 3846 3235 3918 ﬂagella
3270 3860 3367 3916 pro
3416 3845 3526 3898 Deo
3558 3843 3840 3913 patienter

2236 3956 2451 4020 portare
2487 3944 2695 4005 debeat,
2751 3941 2872 3997 ideo
2902 3954 3006 3995 non
3030 3936 3307 4008 redarguit
3337 3951 3395 3992 se
3425 3935 3629 4006 injuste
3662 3933 3841 3989 incre-

2235 4048 2448 4109 pontes.

2238 4129 2305 4185 16
2380 4128 2642 4195 Quoniam
2671 4127 2725 4181 in
2755 4135 2823 4190 te,
2857 4123 3096 4185 Domine,
3123 4121 3326 4191 speravi
3351 4135 3369 4171 :

2381 4220 2460 4274 Tu
2485 4219 2732 4274 exaudies
2760 4233 2862 4282 me,
2894 4215 3113 4269 Domine
3136 4212 3274 4266 Deus
3296 4227 3464 4266 meus.

2311 4314 2352 4372 C
2399 4315 2524 4370 Ideo
2551 4309 2864 4384 petitionem
2892 4321 3045 4360 suam
3079 4302 3471 4360 exaudiendam
3513 4300 3668 4365 dicit,
3715 4298 3842 4369 quia

2238 4421 2298 4463 se
2327 4407 2378 4461 in
2408 4405 2574 4459 Deum
2599 4412 2846 4470 sperasse
2875 4394 3118 4460 conﬁdit,
3145 4395 3270 4449 talis
3293 4399 3610 4448 sanctorum
3641 4389 3841 4444 volun.

2241 4509 2346 4562 tas,
2376 4496 2482 4552 tale
2519 4495 2624 4549 ﬁxa
2655 4500 2835 4546 mente
2875 4487 3186 4553 consilium,
3232 4494 3291 4540 ut
3335 4499 3447 4539 non
3485 4480 3843 4537 emolimeuto

2234 4590 2414 4658 aliquo
2441 4584 2725 4658 praesentis
2755 4579 3034 4652 temporis,
3055 4577 3150 4633 sed
3179 4583 3388 4632 tantum
3416 4573 3720 4630 dilectione
3750 4572 3842 4627 Dei

2235 4681 2543 4752 capiantur.

2233 4775 2298 4830 17
2377 4773 2512 4841 Quia
2555 4769 2667 4823 dixi
2701 4783 2720 4823 :
2763 4762 3056 4836 Nequando
3077 4757 3500 4830 supergaudeant
3531 4770 3596 4812 -ι-
3628 4757 3766 4811 milii
3801 4757 3819 4826 ζ

2445 4859 2647 4916 inimici
2690 4857 2787 4910 mei
2819 4868 2837 4906 :

2377 4953 2444 5008 Et
2476 4953 2600 5006 dum
2633 4953 3019 5003 commoventur
3045 4942 3197 5013 pedes
3228 4941 3331 4994 mei
3355 4954 3514 5008 super
3533 4953 3619 4992 me
3648 4952 3848 5007 magna

2443 5045 2604 5090 Inruti
2633 5049 2752 5090 sunt
