4000 5370
566 313 661 370 167

602 430 637 485 6
714 428 781 483 Et
798 444 1070 484 numerum
1090 428 1294 481 dierum
1320 442 1570 480 meorum.
1601 424 1731 491 Quis
1752 424 1866 478 est?

717 518 782 575 Ut
812 521 975 574 sciam
1001 519 1129 589 quid
1159 518 1289 571 desit
1321 517 1465 570 mihi.

632 606 677 665 C
731 609 932 663 Deinde
965 607 1235 661 desiderat
1268 605 1535 674 Propheta
1564 606 1708 662 scire
1734 623 2016 663 numerum
2039 608 2144 663 die-

564 713 707 762 rum,
740 698 792 751 id
827 706 909 752 est
935 706 993 750 ut
1020 697 1324 751 evidentius
1348 705 1654 765 appareret,
1688 698 1732 751 si
1769 697 1973 752 Christi
2016 713 2147 751 con-

561 797 805 856 spectum
836 787 1113 855 corporeis
1136 785 1309 841 oculis
1339 795 1640 840 mereretur
1675 787 1939 855 aspicere.
1980 787 2146 841 Addi-

560 878 663 941 dit,
695 886 755 929 ut
791 877 960 931 sciam
1000 876 1129 945 quid
1158 875 1300 929 desit
1350 875 1500 929 mihi.
1556 875 1763 930 Revera
1811 876 1997 931 deesse
2039 877 2144 930 sibi

552 966 833 1033 judicabat
860 967 927 1022 ad
957 967 1145 1030 vitam,
1191 966 1237 1019 si
1295 963 1412 1032 ejus
1462 980 1568 1020 non
1630 967 1920 1021 meruisset
1963 966 2147 1022 videre

557 1056 921 1126 praesentiam.
960 1056 1006 1110 ll
1035 1056 1187 1121 Quod
1216 1064 1395 1109 autem
1425 1070 1533 1110 non
1562 1057 1630 1112 de
1664 1056 1777 1111 suis
1803 1055 1996 1113 diebus
2030 1058 2143 1112 haec

557 1144 844 1215 loquatur,
867 1146 1147 1215 sequentia
1176 1145 1396 1199 docent.

594 1239 626 1293 7
700 1239 836 1293 Ecce
856 1238 1231 1292 mensurabiles
1253 1238 1474 1307 posuisti
1504 1238 1614 1293 dies
1641 1255 1779 1294 meos
1809 1253 1827 1291 :

699 1328 766 1382 Et
790 1329 1083 1382 substantia
1109 1345 1223 1382 mea
1253 1338 1505 1399 tanquam
1531 1328 1753 1382 nihilum
1783 1340 1905 1382 ante
1930 1337 1999 1382 te.

628 1419 676 1475 11
712 1421 1019 1475 Secundum
1044 1431 1280 1474 veterem
1308 1421 1578 1474 bnuinem
1610 1438 1623 1472 :
1650 1436 1823 1489 usque
1854 1435 1996 1474 nunc
2028 1418 2143 1473 fuc-

556 1522 684 1566 runt
709 1513 825 1568 dies
850 1512 1265 1577 mensurabiles,
1309 1512 1412 1566 hoc
1461 1520 1547 1565 est
1591 1513 1691 1567 sub
1738 1511 1870 1580 jugo
1914 1512 2139 1581 pecc:l.i.

555 1603 708 1659 Nunc
731 1620 871 1660 novo
899 1604 1167 1660 desiderio
1214 1620 1376 1657 uiuam
1420 1613 1683 1658 aeternum
1729 1604 2145 1658 immensurabi-

552 1693 661 1749 lem
691 1696 833 1749 diem
865 1705 1081 1766 appeto,
1120 1710 1279 1764 quem
1319 1694 1593 1749 Abraham
1644 1695 1775 1748 vidit
1822 1704 1877 1749 et
1924 1695 2142 1765 gavisus

1471 308 1524 364 S.
1566 307 1915 363 BRUNONIS
1951 306 2501 364 HERBIPOLENSIS
2539 307 2843 365 EPISCOPI

2171 432 2220 491 Α
2247 440 2368 479 esse
2391 435 2743 489 memoratur,
2773 425 2865 479 ubi
2907 424 3041 478 nihil
3084 431 3169 479 est
3211 423 3313 478 nisi
3354 421 3676 492 perfectum.
3706 423 3754 476 Α
3787 423 3831 478 C

3725 309 3825 366 168

2249 516 2390 570 Dicit
2428 531 2558 570 vero
2596 516 2955 570 substantiam
3000 530 3107 570 non
3138 517 3206 570 ab
3248 515 3422 568 Adam
3459 522 3829 576 contractam.

2246 614 2341 658 aut
2368 604 2744 674 temporalium
2776 619 2977 670 rerum,
3004 605 3098 660 sed
3124 604 3283 659 bonae
3319 603 3667 659 conscientia:
3698 618 3830 673 pos-

2247 694 2573 759 sessionem;
2618 694 2707 749 illa
2734 696 2874 764 apud
2908 694 3081 749 Deum
3108 704 3210 759 est,
3238 695 3381 763 apud
3419 694 3670 751 homines
3717 708 3830 755 non

2244 792 2350 849 est,
2377 783 2502 853 quia
2532 784 2601 838 ab
2628 785 2708 839 eis
2728 799 2836 838 non
2866 784 3094 838 videtur.

2245 875 2314 928 12
2385 874 2464 927 Ab
2493 875 2730 929 omnibus
2756 875 3119 946 iniquitatibus
3152 880 3280 931 meis
3307 892 3433 932 erue
3457 891 3577 932 me:

2389 962 2738 1033 Opprobrium
2767 964 3030 1033 insipienti
3058 964 3249 1019 dedisti
3271 982 3372 1020 me.

2317 1055 2362 1109 ll
2373 1055 2582 1111 Petitse
2594 1069 2788 1110 eruere
2801 1056 2870 1111 ab
2883 1056 3258 1126 iniquitatibus
3267 1057 3580 1126 praeteritis,
3598 1072 3831 1128 prasen-

2246 1149 2391 1205 tibus
2410 1160 2465 1205 et
2492 1150 2709 1204 futuris.
2737 1149 2779 1205 C
2810 1149 3042 1205 Sanctus
3059 1151 3203 1205 enim
3233 1151 3317 1205 vir
3336 1150 3690 1220 opprobrium
3711 1161 3832 1206 erat

2243 1241 2443 1303 stultis,
2472 1240 2597 1309 quia
2621 1242 2721 1295 sibi
2754 1241 3068 1296 dissimilem
3097 1240 3441 1311 respuebant.
3494 1242 3619 1297 Sola
3683 1243 3831 1295 enim

2243 1344 2307 1384 ea
2333 1331 2579 1386 scelerati
2602 1331 2824 1386 laudant
2840 1348 2960 1401 qua:
2983 1332 3234 1386 videntur
3263 1333 3466 1388 habere
3491 1334 3828 1389 communia.

2242 1420 2289 1474 A
2324 1420 2459 1488 Quia
2485 1423 2689 1485 omnia,
2710 1437 2831 1491 qua:
2859 1423 2949 1477 bic
2979 1422 3224 1478 homines
3250 1423 3492 1492 cupiunt,
3514 1423 3640 1478 dico
3666 1438 3827 1487 vana,

2242 1522 2298 1568 et
2336 1514 2587 1583 ignorare
2609 1528 2805 1569 avaros
2834 1514 2920 1569 cui
2949 1523 3280 1584 congregent
3329 1522 3386 1568 et
3429 1513 3827 1575 thesaurizant,

2244 1606 2498 1661 derideor
2533 1607 2603 1662 ab
2649 1607 2749 1671 eis,
2781 1616 2838 1661 et
2883 1606 3020 1661 lacis
3056 1622 3143 1661 me
3171 1606 3521 1675 opprobrium
3554 1605 3832 1675 insipienti

2244 1711 2429 1751 avaro.
2460 1696 2526 1751 Et
2548 1712 2858 1769 quanquam
2888 1712 2973 1751 me
2999 1697 3078 1752 sic
3100 1696 3333 1752 delirare
3361 1697 3587 1761 diceret,
3645 1706 3830 1750 tamen

557 1794 642 1840 est
679 1772 862 1856 (Joan.
893 1788 1034 1857 vui),
1058 1788 1111 1841 in
1139 1802 1248 1857 quo
1275 1787 1402 1842 alibi
1432 1789 1715 1842 hortamur
1742 1787 1934 1851 hetari,
1962 1789 2012 1841 in
2036 1802 2143 1856 quo
2175 1783 2219 1840 Β
2246 1790 2510 1846 obmutui.

559 1876 704 1931 Deus
726 1878 982 1934 Dominus
1011 1877 1188 1932 illuxit
1231 1878 1389 1933 nobis
1439 1876 1823 1947 (Psal.cxvu).
1869 1876 1911 1932 C
1950 1877 2141 1932 Merito

556 1969 911 2024 substantiam
959 1985 1115 2024 suam
1165 1969 1295 2025 dicit
1339 1968 1470 2023 nihil
1507 1985 1627 2024 esse
1658 1977 1783 2023 ante
1809 1968 1996 2031 Deum,
2021 1985 2142 2040 qua:

554 2060 727 2113 Adam
759 2069 1020 2130 peccante
1062 2060 1319 2115 damnata
1347 2068 1468 2125 est,
1494 2059 1583 2114 cui
1614 2060 1717 2113 nisi
1757 2059 1955 2129 aliquid
2008 2059 2141 2113 divi-

557 2152 700 2206 nitas
731 2152 1039 2218 contulerit,
1078 2152 1146 2207 de
1191 2151 1408 2222 propria
1464 2150 1765 2206 substantia
1823 2166 1926 2205 non
1977 2150 2141 2205 balet

553 2244 696 2314 quod
729 2253 1037 2313 praesumat.
1064 2245 1111 2298 Α
1150 2244 1291 2298 Dicit
1310 2258 1439 2297 vero
1467 2253 1594 2297 ante
1626 2243 1770 2307 le,id
1799 2251 1883 2298 est
1910 2243 1962 2296 in
1988 2259 2136 2297 com-

550 2337 834 2406 paratione
859 2336 926 2390 ad
950 2345 1099 2389 tuam
1122 2334 1600 2399 substantiam,vel
1626 2344 1749 2389 ante
1775 2335 2138 2404 cognitionem

555 2439 727 2492 tuam,
767 2437 823 2482 et
864 2429 917 2482 in
971 2428 1277 2497 cognitione
1320 2436 1377 2482 et
1423 2428 1820 2482 illuminatione
1861 2437 1969 2481 tua.
1998 2428 2138 2480 Ante

549 2519 797 2574 homines
834 2520 978 2575 enim
1002 2519 1206 2589 aliquid
1233 2519 1462 2585 videtur,
1491 2521 1586 2575 sed
1614 2529 1741 2575 ante
1770 2528 1819 2575 te
1838 2560 1852 2585 ,
1880 2529 2135 2588 tanquam

550 2608 685 2663 nihil
713 2611 768 2663 in
798 2611 1206 2679 comparatione
1231 2611 1578 2666 :cternitatis.

694 2699 1066 2756 Verumtamen
1096 2703 1337 2756 universa
1364 2706 1567 2757 vanitas
1597 2715 1617 2753 :

699 2788 883 2842 Omnis
905 2791 1059 2844 homo
1088 2791 1282 2845 vivens.
1673 2788 2006 2858 Diapsalma.

622 2880 911 2936 CVanitas
957 2881 1103 2935 enim
1163 2882 1333 2952 (sicut
1373 2895 1514 2949 saepe
1558 2878 1816 2949 diximus)
1863 2878 2129 2933 mutabili-

549 2980 715 3026 tatem
744 2971 1036 3043 signiﬁcat,
1062 2987 1222 3042 quam
1252 2974 1430 3028 omnis
1461 2974 1621 3026 homo
1647 2980 1843 3042 prazter
1863 2970 2135 3025 Christum

547 3063 799 3126 sustinet,
824 3063 915 3133 qui
948 3064 1048 3119 hac
1088 3080 1250 3119 carne
1296 3065 1522 3120 vestitus
1566 3073 1668 3118 est.
1717 3061 1960 3132 lntellige
2008 3077 2136 3115 vero

2242 1880 2310 1933 l5
2383 1879 2635 2021 Ob‘mtfui
2763 1896 2815 1936 et
2845 1883 2868 1950 ζ
2900 1897 3003 1935 non
3031 1882 3214 1953 aperui
3237 1898 3296 1935 os
3322 1896 3491 1935 meum
3526 1894 3541 1932 :
3574 1877 3830 1949 quoniam

2474 1967 2508 2003 u
2554 1967 2702 2005 ectst
2747 1966 2766 2004 :

2474 1967 2508 2003 u
2534 1966 2702 2005 ιεειδιι
2747 1966 2766 2004 ἔ

2382 2044 2577 2097 Amore
2602 2060 2633 2096 a
2661 2059 2741 2097 me
2760 2042 2945 2113 plagas
2968 2053 3107 2099 tuas.
3583 2113 3587 2117 ἴ

2310 2136 2352 2191 C
2403 2134 2701 2202 Obmutui,
2758 2136 2966 2191 scilicet
3013 2136 3067 2189 in
3118 2134 3322 2189 salubri
3371 2131 3630 2199 silentio,
3678 2131 3827 2201 quod

2241 2225 2482 2282 cmlestis
2518 2225 2743 2296 largitas
2774 2226 3059 2281 concessit.
3095 2223 3362 2290 Quoniam
3391 2232 3447 2276 tu
3477 2222 3683 2287 fecisti,
3712 2223 3830 2291 ipse

2237 2319 2425 2388 utique
2463 2317 2612 2383 fecit,
2660 2318 2752 2387 qui
2783 2318 3055 2387 patientia:
3101 2318 3239 2371 dona
3285 2315 3451 2369 dedit.
3482 2312 3667 2383 Plaga:
3697 2321 3828 2367 sunt

2237 2411 2606 2480 correptiones
2631 2450 2645 2472 ,
2693 2410 2889 2479 quibus
2933 2425 3030 2479 pro
3061 2409 3262 2464 nostris
3298 2406 3537 2478 peccatis
3563 2407 3831 2461 verbera-

2241 2518 2386 2567 mur,
2415 2504 2560 2574 ipsas
2588 2502 2860 2558 desiderat
2892 2511 3111 2557 sanctus
3143 2499 3224 2553 vir
3255 2514 3286 2554 a
3313 2512 3372 2554 se
3397 2496 3666 2563 amoveri,
3705 2510 3828 2566 qua:

2238 2593 2411 2664 culpis
2448 2593 2782 2648 debebantur
2806 2591 3130 2647 commissis.

2242 2685 2306 2738 ll-
2379 2686 2424 2738 Α
2470 2685 2779 2755 fortitudine
2811 2700 2997 2738 manus
3027 2695 3132 2738 tua:
3160 2699 3253 2753 ego
3282 2682 3486 2753 deieci:

2384 2773 2445 2828 In
2476 2773 2917 2843 increpationibus
2937 2782 3148 2843 propter
3166 2772 3496 2843 iniquitatem
3516 2771 3826 2842 corripuisti

2446 2870 2727 2923 hominem.

2306 2962 2347 3017 C
2397 2961 2578 3016 Fortis
2608 2963 2751 3018 enim
2784 2978 2977 3018 manus
3024 2962 3264 3033 graviter
3306 2961 3543 3035 ﬂagellat
3567 3004 3582 3028 ,
3635 2972 3695 3018 et
3732 2978 3824 3020 ne-

2239 3067 2389 3107 cesse
2432 3061 2552 3106 erat
2596 3052 2871 3119 quemlibet
2926 3052 3074 3107 illum
3109 3053 3344 3108 deﬁcere
3370 3093 3386 3118 ,
3435 3067 3597 3122 quem
3629 3068 3828 3108 manus

558 3168 667 3208 non
721 3154 1074 3208 mutationem
1136 3154 1411 3224 corporis,
1468 3169 1629 3223 quam
1679 3152 1843 3206 etiam
1889 3151 2137 3206 Christus

2244 3140 2452 3195 excelsa
2484 3143 2812 3210 percuteret.
2854 3141 2900 3196 Η
2944 3141 3293 3197 lncnmbente
3312 3141 3477 3197 etiam
3502 3157 3667 3196 manu
3699 3143 3826 3196 vin-

552 3241 827 3304 sustinuit,
852 3242 945 3296 sed
978 3244 1174 3297 mentis
1199 3242 1627 3297 instabilitatem.

582 3332 617 3387 9
699 3329 1068 3386 Verumtamen
1099 3334 1154 3386 in
1174 3333 1400 3402 imagine
1429 3331 1711 3402 pertransit
1739 3330 1927 3383 homo:

697 3422 803 3478 Sed
834 3434 882 3477 et
906 3424 1105 3493 [rustra
1145 3424 1509 3477 conturbatur.

621 3512 665 3569 C
682 3511 1069 3585 verumtamen
1100 3513 1152 3567 in
1186 3512 1417 3583 imagine
1434 3510 1728 3582 pertransit
1749 3509 1931 3564 homo.
1949 3507 2132 3574 Imago

549 3604 646 3661 Dei
672 3614 758 3660 est
785 3604 874 3660 illa
904 3602 1162 3668 conditio,
1210 3618 1369 3672 quam
1417 3602 1578 3657 homo
1625 3601 1880 3670 suscepit,
1914 3598 2132 3668 quando

553 3696 757 3750 dictum
772 3704 884 3749 est:
906 3693 1193 3749 Faciamus
1214 3693 1483 3748 hominem
1498 3694 1565 3748 ad
1587 3693 1873 3762 imaginem
1889 3698 2130 3744 n0stra:n

552 3784 707 3856 (Cen.
737 3784 799 3856 ι).
833 3785 899 3838 Et
933 3785 1070 3839 bene
1104 3784 1241 3838 dixit
1290 3801 1303 3838 :
1357 3783 1559 3837 frustra
1598 3783 1976 3843 conturbatur,
2005 3778 2130 3848 quia

557 3877 850 3948 puritatem
883 3876 1078 3929 mentis
1105 3876 1355 3945 perdunt,
1382 3876 1473 3944 qui
1499 3874 1782 3928 desideriis
1826 3870 2136 3939 temporali-

549 3968 653 4024 bus
674 3976 1031 4038 occupantur,
1056 3968 1156 4022 hoc
1188 3976 1269 4021 est
1298 3966 1444 4021 enim
1468 3964 1783 4021 conturbari
1822 3980 1852 4017 a
1899 3964 2133 4033 puritate

555 4059 755 4115 mentis
782 4060 835 4113 in
871 4058 1080 4114 actibus
1105 4058 1288 4113 saeculi
1316 4059 1538 4125 deduci;
1563 4066 1617 4112 et
1637 4058 1739 4113 hoc
1759 4056 1981 4119 frustra,
2006 4054 2131 4124 quia

549 4151 670 4207 sine
695 4150 956 4216 utilitate,
982 4151 1090 4205 imo
1116 4166 1238 4206 cum
1270 4153 1466 4205 damno
1503 4151 1705 4208 anima.

551 4242 620 4295 10
696 4240 947 4296 Thesauri
954 4254 1034 4296 sat
1063 4259 1079 4297 :

694 4330 761 4383 Et
799 4332 1002 4401 ignorat
1034 4333 1118 4385 cui
1141 4333 1471 4403 congregabit
1498 4348 1560 4385 ea

622 4421 668 4475 Η
712 4420 866 4491 Saepe
891 4422 1035 4476 enim
1060 4422 1303 4492 plerique
1331 4424 1693 4478 thesaurizanl
1718 4433 1770 4478 et
1800 4431 2131 4494 congregant

2238 3231 2415 3293 dictae,
2443 3232 2612 3285 virtus
2637 3231 2818 3286 delicti
2852 3231 3054 3295 deﬁcit,
3085 3241 3141 3285 ut
3172 3231 3371 3287 Paulus
3400 3232 3477 3285 ait
3499 3230 3825 3301 apostolus:

2235 3320 2368 3377 Cum
2400 3322 2650 3377 inﬁrmor
2675 3331 2804 3378 tunc
2841 3333 3032 3392 potens
3060 3338 3178 3378 sum
3207 3322 3290 3394 (11
3323 3322 3444 3378 Cor.
3478 3324 3600 3394 ιιι).
3635 3325 3823 3379 luere-

2234 3422 2397 3483 patur
2430 3415 2607 3469 OllllllS
2647 3415 2808 3470 homo
2855 3425 3078 3485 propter
3105 3416 3467 3485 iniquitatem,
3498 3431 3666 3486 quem
3700 3431 3826 3487 per-

2235 3504 2363 3559 dere
2394 3519 2500 3558 non
2529 3504 2645 3559 vult
2672 3506 2850 3560 divina
2878 3507 3152 3577 majestas.

2235 3594 2304 3649 15
2376 3594 2444 3648 Et
2471 3597 2733 3650 tabescere
2758 3597 2927 3666 fecisti
2960 3598 3093 3651 sicut
3128 3614 3378 3652 araneam
3404 3598 3640 3652 animant
3664 3615 3781 3669 ejus
3803 3615 3823 3653 :

2385 3684 2755 3742 Verumtamen
2778 3705 2907 3743 vane
2935 3704 2997 3745 -ι-
3024 3690 3369 3744 conturbatur
3400 3690 3417 3761 ζ
3450 3693 3624 3746 omnis
3639 3693 3819 3746 homo.

2446 3779 2774 3849 Diapsalma.

2307 3868 2352 3923 II
2408 3870 2661 3926 Tabescit
2685 3874 2862 3926 anima
2883 3914 2897 3938 ,
2930 3890 3053 3928 cum
3100 3889 3234 3930 caro
3274 3875 3501 3932 luxuriis
3526 3885 3585 3933 et
3612 3892 3819 3933 concu-

2233 3962 2515 4033 piscentiis
2546 3963 2868 4020 refrenatur.
2912 3967 3008 4023 Est
3041 3969 3185 4023 enim
3216 3970 3512 4037 tabescere,
3558 3971 3822 4041 obstupe-

2234 4070 2387 4110 scere
2418 4056 2483 4109 de
2514 4058 2877 4112 anterioribus
2905 4060 3134 4115 delictis.
3164 4061 3256 4117 Ille
3290 4078 3422 4118 vero
3451 4064 3542 4133 qui
3570 4079 3637 4119 ea
3684 4066 3815 4135 agit,

2234 4161 2352 4214 qua:
2376 4148 2660 4202 mundana:
2686 4150 2939 4204 vanitatis
2963 4161 3107 4217 sunt,
3133 4153 3270 4208 telas
3295 4154 3425 4209 texit
3451 4170 3690 4221 araneae,
3718 4157 3819 4211 hoc

2234 4244 2315 4290 est
2342 4238 2428 4293 die
2462 4248 2728 4307 noctuque
2756 4240 2807 4293 in
2843 4256 3006 4309 opere
3034 4258 3173 4297 vano
3203 4254 3397 4310 vacat,
3434 4254 3490 4300 et
3522 4260 3632 4300 non
3665 4247 3817 4301 utilia

2237 4328 2330 4381 sed
2359 4329 2693 4383 dissolubilia
2727 4339 2782 4385 el
2823 4334 3194 4401 corruptibilia
3223 4345 3500 4405 operatur.
3531 4335 3639 4391 Sed
3688 4339 3816 4407 quia

2234 4416 2505 4488 Propheta
2532 4422 2767 4475 animam
2793 4439 2890 4477 ceu
2932 4431 3183 4479 araneam
3218 4426 3495 4482 tabescere
3527 4428 3683 4491 dicit,
3717 4434 3818 4484 hoc

555 4516 888 4584 multa,th
923 4525 1016 4568 aut
1064 4516 1268 4569 desidia
1314 4518 1543 4571 liliorum
1594 4521 1799 4587 perdit,
1837 4530 1927 4573 aut
1970 4520 2132 4576 ﬁscus

2244 4517 2320 4561 est
2350 4509 2771 4579 intelligendum,
2804 4523 2861 4566 ut
2894 4516 2962 4566 ad
3007 4524 3209 4569 tantam
3241 4516 3597 4573 subtilitatem
3629 4520 3818 4575 afﬂicti

551 4613 800 4673 occupat,
826 4611 921 4656 aut
945 4603 1209 4673 diriptunt
1238 4606 1418 4659 alieni.
1446 4605 1644 4662 Beatus
1683 4619 1863 4663 autem
1909 4620 1995 4665 est
2042 4611 2132 4664 ille

551 4699 643 4767 qui
692 4699 761 4752 ibi
812 4698 1142 4751 thesaurizat
1191 4700 1278 4754 ubi
1307 4700 1497 4757 audire
1543 4704 2130 4772 mereatur:Quandiu

552 4789 756 4844 fecistis
795 4790 887 4844 uni
928 4804 994 4844 ex
1045 4790 1285 4845 minimis
1326 4790 1465 4857 istis,
1500 4795 1629 4848 mihi
1665 4794 1871 4850 fecistis
1913 4795 2130 4865 (Matth.

551 4880 724 4950 xxv).
796 4880 894 4935 Ubi
964 4879 1113 4935 fures
1176 4896 1284 4935 non
1345 4881 1645 4947 furantur,-
1702 4901 1803 4941 nec
1867 4885 2131 4942 effodiunt

555 4970 573 5040 (
598 4969 785 5025 Matth.
830 4988 877 5025 γι
896 4971 940 5041 ).

554 5062 616 5115 il
694 5062 762 5138 Et
806 5079 944 5117 nunc
982 5080 1100 5135 qua:
1140 5074 1215 5119 est
1264 5070 1579 5139 exspectatio
1625 5088 1762 5137 mea,
1807 5087 1975 5125 nonne
2021 5070 2131 5123 Do-

765 5155 937 5209 minus
954 5155 978 5208 2’

697 5242 764 5298 Et
786 5247 1078 5303 substantia
1104 5266 1216 5304 mea
1244 5251 1385 5320 apud
1408 5262 1455 5305 te
1481 5262 1574 5308 est.

623 5335 665 5370 ρ
807 5354 949 5370 Illllln
973 5355 1090 5370 num
1118 5352 1193 5370 Δρ.
1230 5346 1559 5370 Λ-η“ΛΛ.ΑΙζΛ
1594 5345 1752 5370 ..ρ-Α...)
1793 5358 1970 5370 κει-ι-ιιΑ
2018 5342 2093 5370 ΠΛ

2236 4599 2414 4652 anima
2463 4601 2661 4669 vigiliis
2685 4612 2738 4655 et
2765 4602 3232 4660 obsecrationibus
3284 4624 3380 4676 per
3423 4608 3815 4664 abstinentiam

2235 4689 2570 4757 decoquatur
2595 4731 2610 4754 ,
2650 4699 2709 4744 ut
2758 4692 2928 4745 instar
2974 4692 3186 4747 litorum
3220 4694 3435 4750 illorum
3486 4697 3817 4764 deducatur,

2234 4778 2444 4834 scilicet
2471 4788 2529 4834 ut
2556 4781 2690 4835 nihil
2712 4796 2955 4836 crassqu
2984 4784 3247 4839 durumve
3274 4787 3479 4856 peccati
3510 4790 3815 4844 contineat.

2235 4867 2341 4934 Qui
2371 4871 2425 4923 in
2456 4872 2774 4926 vanitatibus
2797 4873 2937 4939 vivit,
2962 4890 3099 4929 vana
3125 4885 3211 4931 est
3235 4876 3285 4930 ei
3307 4886 3363 4932 et
3384 4894 3490 4932 non
3517 4880 3671 4936 utilis
3704 4882 3820 4937 haec

2232 4960 2504 5014 mundana
2535 4963 2898 5016 conturbatio.
2931 4962 3035 5017 Sed
3062 4973 3118 5019 et
3144 4967 3236 5035 qui
3266 4967 3318 5020 in
3353 4967 3462 5021 Deo
3492 4969 3652 5034 vivit,
3673 4987 3816 5026 vana

2230 5061 2314 5105 cst
2340 5053 2390 5108 ei
2421 5063 2477 5107 et
2508 5069 2617 5107 non
2648 5054 2795 5107 utilis
2818 5055 2931 5107 lucc
2962 5058 3231 5111 mundana
3262 5059 3633 5118 conturbatio.

2231 5163 2300 5219 16
2372 5164 2584 5219 Exaudi
2632 5178 2918 5221 orationem
2946 5185 3137 5236 meant,
3163 5171 3383 5227 Domine
3410 5186 3458 5228 et
3487 5177 3814 5246 deprecatio-

2441 5272 2554 5310 nem
2585 5274 2750 5310 meam
2782 5274 2800 5311 ἔ
