4000 5370
171 296 271 352 169

1332 288 1692 349 ΕῙΡΟΞΙΤιῧ
1728 283 2173 345 ρελωιοιιωι.

3309 302 3411 363 170

167 420 290 467 vota
335 420 526 466 nostra
572 407 886 480 pandentes.
918 406 1240 479 Deprecatio
1280 413 1366 461 est
1411 412 1664 474 treqnens
1691 411 1746 456 ct
1774 405 1819 462 Α
1846 414 1982 453 rem.
2013 399 2080 455 Et
2109 399 2174 455 de
2196 398 2307 455 luto
2331 399 2481 456 tecis.
2508 399 2550 457 C
2579 400 2713 458 Nam
2743 401 2884 460 sicut
2903 404 3048 462 lutus
3078 405 3180 465 laci
3213 408 3417 473 fetidus

164 502 386 557 assidua
431 501 795 572 supplicatio,
823 513 945 570 qua:
976 499 1045 554 ab
1079 498 1187 554 imo
1213 497 1448 579 pectoris
1477 496 1748 568 profertur
1845 497 1929 559 est
1977 497 2143 579 atque
2187 490 2390 579 gravis,
2433 491 2505 545 ita
2543 499 2599 547 et
2651 493 2928 551 hominum
2979 497 3175 555 ueltcta
3221 500 3414 560 limosa

165 610 391 651 arcano.
423 594 649 650 Addidit
674 593 957 665 lacrymas,
981 607 1100 662 qum
1122 578 1369 647 violenlre
1394 598 1519 645 sunt
1537 602 1750 658 semper
1842 586 1971 634 sunt
1999 587 2054 634 et
2091 578 2353 634 fetoribus
2392 580 2733 637 horrescunt.
2762 582 2804 638 H
2834 583 2986 642 Unde
3011 587 3078 643 de
3103 588 3217 646 luto
3261 592 3416 661 lecis,

169 685 225 740 in
254 684 548 756 precibus,
587 693 643 738 et
687 686 754 739 ad
800 682 1141 739 clementiam
1178 679 1556 736 medicinalem
1583 679 1751 734 addu-

162 783 299 831 cunt
320 775 569 829 animum
590 776 920 829 nnserantls.

239 866 282 922 C
332 866 416 921 Ne
444 867 610 922 sileas
638 868 813 929 dixit,
869 866 925 921 id
965 874 1048 922 est
1077 865 1289 921 audiam
1344 872 1396 920 te
1439 864 1748 919 dicente'n:

170 960 409 1016 Dimissa
440 971 576 1015 sunt
616 959 713 1015 tibi
760 969 1004 1030 peccata.
1041 958 1227 1014 lncola
1260 973 1392 1013 vero
1426 958 1622 1013 dicitur
1660 956 1750 1025 qui

173 1063 375 1107 terram
400 1051 540 1107 colit
560 1055 796 1106 ahenam
831 1051 898 1105 ad
931 1058 1163 1122 tempus,
1200 1051 1340 1106 sicut
1364 1063 1552 1104 omnes
1580 1046 1752 1104 sancti

1847 668 1899 724 id
1924 677 2007 725 est
2036 670 2268 726 terrenis
2302 671 2604 728 desideriis.
2638 672 2753 741 Vel,
2784 674 2951 742 lacus,
2978 679 3302 749 profundum
3334 686 3419 740 in-

1847 760 2158 825 tldelitatis;
2190 761 2354 826 Intus,
2383 762 2649 818 desideria
2679 767 2939 821 carnalia.

1879 853 1915 909 3
1989 853 2057 908 Et
2088 856 2271 909 statuit
2300 872 2459 925 supra
2483 867 2683 928 petram
2711 860 2864 930 pedes
2914 878 3053 917 meos
3080 878 3098 916 :

1993 944 2057 998 Et
2081 945 2272 999 direxit
2302 962 2508 1017 gressus
2535 964 2693 1003 meos.

1920 1036 1967 1093 Η
2007 1037 2210 1094 Statuit
2244 1054 2407 1111 supra
2450 1051 2682 1111 petram,
2714 1043 2765 1098 id
2813 1054 2895 1100 est
2932 1063 3095 1118 super
3119 1051 3417 1109 Christum.

176 1144 224 1197 in
258 1142 365 1196 isto
396 1141 597 1196 sarculo
623 1141 919 1196 constituti.
963 1140 1009 1195 ll
1061 1141 1198 1209 Quia
1230 1148 1286 1196 et
1313 1139 1411 1205 illi,
1442 1139 1568 1193 dum
1596 1140 1756 1191 erant
1850 1130 2023 1186 Pedes
2050 1146 2222 1199 meos,
2263 1147 2453 1189 sensus
2491 1151 2657 1192 meos.
2692 1136 2757 1192 Et
2785 1139 2984 1194 direxit
3007 1157 3226 1212 gressus
3250 1162 3422 1212 meos,

175 1232 227 1286 in
257 1247 516 1304 corpore,
564 1232 1051 1302 peregrinabantur
1078 1248 1108 1285 a
1153 1231 1384 1286 Domino
1412 1228 1496 1303 (11
1522 1227 1647 1284 Cor.
1675 1226 1750 1296 v).

1854 1222 1907 1277 id
1963 1230 2047 1277 est
2093 1239 2287 1281 sensus
2322 1225 2586 1283 bonorum
2638 1243 2862 1300 operum
2907 1232 3091 1304 dirigit
3125 1235 3421 1304 Ecclesiae.

172 1324 215 1380 C
266 1323 475 1381 Omnes
501 1326 648 1380 enim
697 1340 728 1379 a
768 1324 947 1378 divina
991 1325 1211 1380 civitate
1239 1340 1339 1379 uos
1366 1331 1646 1395 peccatum
1675 1321 1757 1375 fe-
1854 1312 1981 1383 quia
2013 1316 2387 1387 unusquisque
2424 1333 2521 1387 per
2546 1333 2604 1376 se
2636 1329 2912 1379 tortuosus
2936 1334 3040 1390 est,
3085 1327 3188 1383 nisi
3218 1327 3424 1401 diriga-

176 1416 249 1471 cit
275 1424 611 1480 extraneos,
649 1425 703 1470 et
743 1415 797 1469 in
848 1416 951 1469 ista
1002 1415 1221 1484 regione
1268 1413 1442 1469 tenuit
1489 1412 1753 1482 captivos.

176 1507 366 1563 Omnis
396 1506 562 1561 etiam
586 1505 675 1575 qui
703 1505 963 1574 recipitur
984 1504 1036 1558 in
1063 1514 1319 1559 mternam
1348 1503 1752 1565 beatitudinem,

172 1600 503 1669 peregrinus
537 1600 735 1654 dicitur
760 1640 777 1665 ,
824 1599 948 1668 quia
996 1598 1186 1670 incipit
1211 1612 1333 1654 esse
1357 1597 1445 1653 ubi
1478 1612 1582 1652 non
1616 1603 1752 1652 erat.

178 1687 510 1759 Peregrinus
549 1688 654 1743 dici
683 1704 767 1754 ur,
817 1688 970 1757 quasi
1014 1703 1243 1759 pergens
1289 1686 1522 1757 longius.
1559 1685 1603 1739 Α
1637 1683 1753 1747 Vel,

1857 1412 1944 1458 tur
1981 1419 2011 1458 a
2053 1403 2289 1463 Christo.
2331 1408 2540 1464 Direxit
2584 1410 2749 1482 igitur
2776 1429 2993 1485 gressus
3038 1432 3206 1485 meos,
3248 1436 3316 1476 ne
3357 1423 3427 1478 ad

1854 1509 1978 1549 eum
2017 1497 2263 1563 veniens,
2309 1509 2429 1569 post
2484 1510 2692 1573 tergum
2737 1506 3063 1577 respicerem
3104 1512 3172 1567 ad
3214 1522 3430 1571 terrena

1858 1602 1976 1657 qua:
2024 1587 2390 1659 reliquissem.
2450 1590 2568 1660 Vel,
2626 1596 2819 1667 pedes,
2869 1596 3126 1667 affectus;
3177 1617 3427 1673 gressus.

1857 1692 2022 1747 opera
2053 1689 2197 1734 sunt.

175 1780 501 1853 peregrinus
548 1779 749 1835 dicitur
802 1779 893 1835 hic
945 1779 1134 1834 vivens
1154 1818 1173 1844 ,
1228 1778 1355 1849 quia
1402 1778 1565 1833 etiam
1614 1773 1753 1845 apud
1787 1763 1830 1825 Β
1891 1766 1926 1822 4
2002 1767 2068 1823 Et
2101 1771 2311 1827 immisit
2342 1773 2396 1829 in
2420 1790 2476 1829 os
2506 1791 2675 1832 meum
2704 1779 2966 1834 canticum
2993 1797 3181 1836 novum
3208 1799 3227 1838 :

184 1872 347 1927 Deum
373 1880 461 1927 est
486 1871 541 1925 in
573 1870 677 1926 tide
705 1879 763 1927 et
795 1870 1079 1925 charitate.
1126 1868 1168 1925 C
1218 1869 1381 1924 Addit
1418 1881 1607 1923 omnes
1632 1907 1649 1933 ,
1695 1881 1763 1921 ne

183 1964 304 2033 quis
332 1965 404 2018 ab
428 1964 532 2018 hac
563 1962 870 2017 conditione
894 1969 1175 2031 putaretur
1198 1967 1454 2029 exceptus

187 2052 250 2106 18
320 2052 548 2109 Remitte
573 2052 699 2105 mihi
724 2060 779 2103 ut
819 2048 1112 2120 refrigeret,
1133 2048 1437 2119 priusquam
1466 2060 1647 2100 tueant
1666 2060 1688 2097 :

319 2143 397 2198 Et
424 2142 650 2213 amplius
680 2159 783 2196 non
811 2158 919 2196 ero.

254 2235 298 2290 C
349 2234 543 2289 Merito
573 2247 705 2303 ergo
748 2247 807 2287 se
853 2230 1159 2302 refrigerari
1193 2230 1257 2285 de
1287 2226 1577 2284 securitate
1614 2224 1765 2298 regni

188 2326 428 2381 cmlestis
453 2325 672 2396 petebat
694 2342 707 2377 :
728 2324 817 2392 qui
844 2323 977 2378 tanti
1002 2322 1254 2378 desiderii
1278 2320 1457 2377 calere
1480 2318 1762 2390 ﬂagrabat.

190 2416 353 2473 Addit
376 2416 690 2487 priusquam
716 2430 857 2482 eam,
880 2415 932 2470 id
967 2424 1052 2470 est
1082 2423 1370 2484 antequam
1393 2414 1458 2468 de
1501 2412 1605 2469 ista
1652 2409 1770 2465 luce

194 2508 490 2564 discedam.
516 2506 762 2577 Amplius
796 2523 900 2561 non
926 2521 1021 2562 ero
1041 2546 1058 2573 ,
1103 2505 1309 2562 scilicet
1341 2506 1393 2560 in
1421 2506 1521 2559 hoc
1547 2502 1769 2570 mundo,

192 2600 277 2655 vel
308 2616 418 2656 non
438 2615 543 2655 Vero
574 2608 694 2671 post
722 2607 984 2664 mortem,
1023 2597 1067 2653 si
1098 2597 1187 2653 hic
1212 2596 1431 2652 desinas
1459 2595 1768 2660 subvenire,

196 2693 319 2763 quia
355 2707 463 2746 non
495 2701 757 2756 estesse,
802 2689 855 2744 in
900 2689 1117 2745 aeternis
1155 2685 1535 2745 afﬂictionibus
1561 2700 1774 2757 perma-

196 2799 344 2841 nere.
372 2783 571 2838 Merito
597 2797 729 2854 ergo
758 2780 968 2836 diccbat
995 2796 1054 2835 se
1082 2794 1187 2834 non
1221 2792 1342 2835 esse
1371 2819 1386 2843 ,
1433 2778 1478 2835 si
1529 2791 1587 2833 se
1618 2776 1774 2832 intel-

196 2876 419 2932 lexisset
456 2892 564 2930 non
594 2875 798 2930 habere
824 2889 947 2930 cum
991 2873 1176 2929 electis
1206 2873 1527 2945 portionem,
1554 2874 1595 2925 Α
1645 2871 1774 2943 quia

198 2969 267 3023 illi
297 2968 399 3024 soli
453 2976 584 3022 sunt
610 2967 699 3037 qui
744 2965 1164 3022 immutabiliter
1210 2965 1263 3019 in
1302 2965 1413 3020 Deo
1448 2964 1594 3019 beati
1626 2973 1772 3021 sunt.

194 3057 293 3126 Qui
313 3059 483 3127 igitur
505 3058 556 3111 in
584 3057 798 3113 inferno
821 3065 965 3122 sunt,
991 3056 1043 3111 in
1068 3046 1636 3125 comparatione'illius
1656 3067 1777 3110 esse

1931 1933 1938 1940 ι
2006 1859 2229 1917 Carmen
2250 1862 2359 1919 Deo
2383 1874 2580 1921 nostra.

1935 1948 1984 2005 Η
2018 1951 2083 2005 Ει
2107 1952 2331 2007 immisit
2357 1954 2409 2009 in
2439 1971 2501 2011 os
2528 1972 2707 2013 meum
2730 1961 3004 2016 canticum
3038 1978 3255 2022 novum.
3284 1965 3397 2021 Lau
3416 1998 3430 2010 -

1868 2041 1989 2096 dem
2022 2043 2211 2113 utique
2239 2059 2416 2113 suam,
2459 2047 2581 2116 quia
2610 2064 2782 2107 novus
2808 2051 2973 2107 homo
3009 2054 3156 2108 venit
3198 2055 3252 2110 in
3282 2072 3438 2111 mun-

1867 2129 2017 2196 dum,
2042 2141 2096 2188 et
2122 2150 2315 2190 novam
2358 2136 2528 2209 legem
2558 2139 2705 2195 dedit
2742 2142 2964 2198 mundo.
3003 2144 3257 2214 Carmen,
3299 2147 3339 2202 C
3385 2150 3437 2207 id

1869 2232 1952 2278 est
1974 2223 2186 2280 laudem
2213 2228 2515 2285 carminum
2546 2230 2663 2303 lege
2687 2237 3063 2305 compositam.
3093 2240 3202 2303 Deo
3228 2250 3436 2308 nostra,

1870 2313 1916 2370 ll
1946 2325 2003 2371 ut
2022 2316 2134 2385 jam
2159 2334 2262 2373 non
2292 2336 2455 2377 sonos
2482 2332 2665 2393 turpes
2692 2335 2748 2381 et
2784 2328 3079 2386 theatrales
3124 2335 3436 2399 concinam,

1871 2408 1967 2464 sed
2016 2410 2067 2464 in
2108 2409 2201 2465 Dei
2245 2412 2476 2469 viventis
2517 2416 2733 2491 hymnis
2777 2434 2873 2490 per
2907 2422 3252 2478 harmoniam
3306 2423 3440 2482 Novi

1873 2502 2204 2559 Testamenti
2241 2504 2497 2561 delecter.

1907 2593 1943 2649 5
2024 2593 2280 2651 Videbunt
2319 2596 2472 2652 multi
2497 2606 2548 2653 et
2573 2600 2820 2656 timebam
2842 2614 2863 2654 :

2018 2685 2085 2740 Et
2111 2689 2392 2756 sperabunt
2428 2690 2484 2744 in
2512 2689 2753 2747 Domino.

1945 2776 1992 2831 Η
2032 2777 2308 2835 Videbunt
2351 2778 2504 2836 multi
2536 2785 2912 2840 annuntiatnm
2940 2788 3175 2859 venisse,
3199 2799 3255 2846 et
3282 2793 3450 2849 multa
3506 2850 3511 2853 _

1877 2870 2147 2927 mirabilia
2192 2870 2410 2939 fecisse,
2459 2883 2516 2930 et
2541 2877 2826 2942 timebunt,
2876 2882 3003 2950 quia
3046 2897 3106 2938 se
3144 2883 3453 2958 intelligunt

1876 2970 2209 3031 peccatores.
2241 2962 2308 3019 Et
2332 2967 2647 3035 sperabunt,
2675 2976 2734 3022 ut
2768 2970 2848 3024 eis
2871 2972 3097 3040 pristina
3133 2974 3328 3032 delicta
3362 2993 3450 3034 reo

1878 3051 2183 3110 mittantur.

196 3124 300 3206 non
336 3124 504 3216 sunt,
535 3152 659 3220 quia
684 3150 738 3206 in
769 3159 976 3206 :eterna
1005 3149 1354 3221 corruptione
1381 3156 1438 3204 et
1461 3147 1646 3204 dolore
1666 3162 1776 3203 non
1803 3124 1851 3189 C
1912 3142 1946 3199 6
2017 3142 2215 3200 Beatus
2244 3146 2322 3201 vir
2344 3147 2497 3219 cujus
2526 3160 2601 3205 est
2634 3167 2817 3208 nomen
2847 3152 3056 3209 Domini
3085 3173 3200 3226 spes
3223 3160 3340 3229 ejus
3362 3201 3376 3215 .

194 3242 433 3299 ﬁniendo
463 3252 609 3299 sunt.

632 3349 833 3390 οιιλτιο
860 3351 927 3389 ΒΧ
957 3350 1100 3390 νεα..
1141 3349 1373 3391 XXXVIII.

267 3424 520 3492 Custodi,
551 3424 801 3492 Domine,
832 3424 973 3480 viam
1007 3432 1246 3480 nostram
1267 3466 1282 3491 ,
1310 3438 1377 3479 ne
1405 3423 1785 3493 delinquamus

201 3516 254 3571 in
302 3514 489 3587 lingua
520 3555 536 3582 ,
588 3524 647 3570 ut
693 3515 750 3570 in
804 3513 1248 3569 meditationibus
1306 3512 1509 3569 nostris
1556 3510 1785 3582 spiritali

184 3600 439 3676 ignicqu
494 3607 849 3674 ardescente,
901 3621 966 3663 ea
1012 3606 1437 3662 thesaurizemus
1476 3604 1531 3659 in
1566 3602 1783 3669 sreculo,

201 3711 320 3767 qua:
351 3707 402 3752 te
432 3698 707 3753 tribuente
756 3698 1036 3769 capiamus
1063 3697 1115 3751 in
1157 3696 1317 3753 ctelo.
1346 3693 1450 3751 Per
1493 3694 1783 3749 Dominum

200 3801 447 3847 nostrum
481 3787 686 3856 Jcsutn,
718 3799 822 3846 etc.

688 3878 1016 3936 PSALMUS
1060 3878 1303 3937 XXXIX.

612 3987 982 4028 ABGUUENTUI
1015 3988 1160 4027 PSAL.
1193 3986 1380 4026 XXXIX.

272 4065 315 4123 C
369 4064 491 4121 Vos
522 4064 782 4120 Ecclesiae
811 4065 1018 4135 gratias
1044 4064 1276 4137 agentis,
1308 4061 1433 4134 quia
1465 4061 1530 4118 de
1555 4072 1789 4114 nurrore

208 4159 393 4214 mundi
421 4158 652 4213 liberata
682 4166 788 4223 est,
811 4158 1033 4228 ipseque
1061 4156 1320 4212 Dominus
1340 4162 1586 4210 sanctam
1615 4152 1791 4206 incar-

208 4252 485 4306 nationem
516 4261 573 4306 et
603 4250 877 4321 justitiam
918 4265 1029 4305 suae
1056 4248 1456 4320 prmdicationis
1493 4256 1790 4316 exponens,

210 4340 392 4399 Patris
418 4342 681 4395 auxilium
716 4341 1059 4411 deprecatur.

346 4431 390 4486 Τ
395 4429 463 4489 Τ.
496 4429 563 4485 In
586 4430 750 4500 ﬁnem
781 4429 1012 4501 psalmus
1040 4429 1233 4485 David.

352 4522 396 4576 C
432 4522 587 4593 Step6
615 4522 854 4576 diximus
892 4537 987 4592 per
1014 4521 1196 4585 linem,
1225 4529 1279 4576 et
1319 4519 1487 4575 Javid
1514 4517 1789 4575 Christum

214 4614 503 4671 Dominum
534 4614 856 4686 signiﬁcari,
881 4615 968 4670 cui
994 4614 1233 4684 psalmus
1261 4614 1364 4669 iste
1393 4612 1658 4687 aptandus
1686 4619 1791 4666 est.

250 4704 279 4760 1
346 4703 674 4773 Exspectans
707 4703 996 4773 exspectavi
1024 4702 1306 4757 Dominum
1330 4717 1351 4756 :

355 4794 427 4849 Et
452 4795 675 4849 intendit
706 4795 856 4849 mihi.

283 4884 331 4940 Η
372 4886 732 4957 Exspectans,
763 4901 863 4940 vox
910 4885 1186 4941 Ecctesiaa.
1219 4884 1361 4939 Dicit
1389 4898 1448 4940 se
1483 4892 1799 4957 exspectare

225 4979 507 5035 Dominum
532 4980 585 5033 in
607 4978 1065 5050 promiSsionibus
1087 4977 1491 5047 prophetarum,
1516 4976 1639 5048 quia
1666 4990 1803 5046 prm-

228 5071 434 5100 νῖληιηιι
480 5072 753 5100 0.....‘Lnln
795 5084 890 5100 nn.-
940 5070 1203 5100 αηῖπίοηηὶ

1822 4486 1873 4549 D

1254 5078 1496 5100 nnnnlssnn
1525 5070 1799 5100 ΓΙι-ἶιιιιιιιη

2021 3231 2090 3287 Ει
2125 3250 2228 3289 non
2261 3237 2479 3306 respexit
2525 3238 2579 3292 in
2624 3241 2876 3296 vanitates
2917 3252 2963 3298 et
3004 3246 3238 3302 insanias
3263 3248 3451 3318 falsis.

1951 3322 2000 3378 Η
2036 3323 2239 3380 Beatus
2266 3327 2368 3394 vir,
2399 3327 2526 3385 felix
2551 3330 2644 3387 illa
2686 3334 2864 3388 anima
2892 3352 3013 3406 quae
3046 3339 3210 3395 habet
3242 3339 3453 3398 firmam

1883 3414 2065 3483 ﬁdem,
2113 3427 2168 3474 et
2195 3434 2344 3491 spem
2394 3422 2654 3477 directam
2700 3424 2753 3479 in
2792 3426 3027 3487 Christo.
3062 3430 3105 3485 C
3148 3431 3285 3502 Spes
3313 3434 3458 3489 enim

1884 3511 2030 3567 dicta
2067 3520 2175 3578 est,
2212 3514 2367 3584 quasi
2403 3515 2612 3571 stabilis
2646 3534 2757 3588 pes.
2799 3519 2891 3575 Ille
2918 3521 3063 3577 enim
3110 3523 3278 3579 habet
3309 3541 3458 3594 spent

1884 3602 2121 3658 nominis
2168 3604 2263 3659 Dei
2315 3603 2676 3678 ﬁt-ntam,-qui
2721 3609 2892 3666 solum
2943 3609 3230 3668 Dominum
3272 3615 3462 3670 avidus

1884 3694 2241 3763 concupisc't,
2291 3712 2396 3751 non
2427 3699 2767 3769 temporalia.
2810 3701 3032 3758 Vanitas
3060 3712 3144 3760 est
3189 3696 3219 3760 a
3265 3714 3458 3761 sancta

1884 3785 2147 3857 religione
2194 3787 2371 3843 subita
2423 3789 2684 3847 varietate
2731 3802 2960 3850 mutare.
3007 3794 3236 3853 Insania:
3308 3795 3458 3851 falsa:

1886 3888 2034 3944 sunt,
2085 3880 2233 3935 saxis
2279 3880 2439 3937 deum
2486 3882 2783 3951 formasse;
2833 3887 2989 3943 dicta:
3035 3888 3277 3951 insaniae,
3332 3889 3461 3959 quia

1889 3979 2127 4026 utentem
2170 3970 2399 4039 fallunt;
2433 3972 2478 4028 Η
2514 3986 2569 4029 et
2608 3976 2789 4030 omnia
2835 3992 2931 4045 pro
2969 3978 3167 4047 quibus
3212 3979 3462 4035 homines

1889 4061 2166 4117 insaniunt
2189 4072 2248 4118 ut
2274 4074 2517 4133 peccent.
2554 4065 2683 4131 Qua:
2708 4066 2953 4121 nominat
2977 4066 3267 4136 Apostolus
3294 4081 3457 4136 opera

1889 4154 2074 4208 carnis
2097 4152 2242 4224 (Cal.
2273 4157 2362 4223 v);
2398 4154 2623 4210 insanire
2654 4154 2804 4210 falsa:
2829 4164 2975 4222 sunt,
3006 4156 3131 4226 quia
3152 4156 3365 4213 fallunt.

1925 4243 1959 4297 7
2032 4242 2204 4297 Multa
2248 4244 2439 4314 fecisti,
2467 4255 2523 4298 tu
2554 4245 2775 4300 Domine
2811 4246 2980 4313 Deus,
3012 4247 3275 4307 mirabi'ia
3325 4258 3416 4304 tua
3446 4265 3464 4304 :

2031 4334 2101 4388 Et
2124 4336 2523 4406 cogitationibus
2558 4337 2682 4402 tuis,
2708 4352 2811 4391 non
2833 4347 2908 4392 est
2935 4340 3022 4409 qui
3044 4337 3231 4395 similis
3251 4339 3319 4393 sit
3349 4339 3462 4393 tibi.

1930 4425 1964 4482 8
2034 4426 2355 4481 Annuntiari
2379 4437 2428 4481 et
2464 4426 2669 4483 locutus
2700 4441 2857 4481 sum:

2045 4514 2380 4586 Multiplicati
2417 4527 2537 4569 sunt
2570 4533 2727 4587 super
2750 4532 3044 4572 numerum.

1968 4606 2014 4661 Il
2054 4606 2214 4661 Multa
2245 4604 2442 4672 fecisti,
2467 4618 2654 4671 narrat
2679 4607 2948 4677 Propheta
2970 4608 3155 4667 divina
3192 4607 3476 4671 miracula,

1897 4697 1950 4753 id
1973 4707 2055 4753 est
2076 4698 2356 4753 ostendisti
2380 4698 2627 4768 patribus
2647 4698 2849 4753 nostris
2873 4698 3140 4754 mirabilia
3170 4706 3259 4752 ttta
3282 4699 3475 4752 multa.

1900 4787 2019 4844 Non
2055 4797 2141 4844 est
2175 4788 2266 4857 qui
2314 4788 2509 4843 similis
2552 4790 2622 4846 sit
2657 4789 2777 4843 tibi:
2815 4787 2856 4844 C
2904 4788 3161 4860 Nunquid
3199 4789 3311 4844 tale
3359 4795 3481 4847 est.

1903 4881 2089 4953 ignitis
2124 4880 2335 4938 facibus
2377 4882 2432 4936 in
2471 4882 2684 4937 theatro
2712 4881 2922 4945 ludere,
2965 4882 3123 4953 quale
3156 4880 3257 4935 fuit
3296 4880 3351 4934 in
3392 4891 3482 4929 ca-

1906 4973 2054 5028 mino
2120 4972 2258 5043 ignis
2318 4972 2492 5026 trihus
2546 4972 2755 5044 pueris
2796 4972 3110 5030 ambulasse
3161 4968 3322 5040 (Dan.
3359 4962 3488 5031 in)?

1913 5062 1942 5100 Δ
1985 5062 2254 5100 Drncninin
2285 5064 2337 5100 in
2365 5060 2495 5100 fnnn
2534 5062 2898 5100 nnalmlnnlnna
2925 5064 3081 5100 nilne;
3112 5059 3243 5100 mira
3280 5054 3492 5100 facien-
