4000 5370
1000 256 1051 269 αα..

516 303 612 361 ΠΙ

1426 301 1483 356 S.
1521 302 1866 360 BRUNONIS
1904 302 2437 363 HERBIPOLENSIS
2470 307 2776 366 EPISCOPI

3649 315 3748 372 ΗΞ

512 416 557 473 C
584 417 817 473 Locutus
845 428 962 471 sum
981 454 995 479 ,
1042 412 1249 468 scilicet
1271 426 1390 467 cum
1425 413 1568 468 inter
1590 429 1692 468 nos
1721 424 2075 471 conversatus
2106 423 2151 482 Α
2180 418 2198 491 (
2225 418 2351 475 Luc.
2380 436 2437 495 n.
2461 422 2479 491 )
2509 420 2554 476 ll
2580 423 2792 478 Veritas
2817 430 2870 478 et
2900 421 3153 480 saiutaris
3175 425 3420 483 Christus
3445 437 3561 494 est,
3589 445 3747 501 quem

514 508 923 581 evangelizavit.
964 504 1297 576 Multiplicati
1326 513 1455 559 sunt
1490 520 1654 576 super
1691 521 1995 574 numerum,
2026 506 2078 562 Η

513 602 680 662 ιυάωί
735 603 789 657 in
840 599 1043 656 malitia
1091 614 1186 654 sua
1231 598 1361 654 foris
1406 615 1688 654 numerum
1736 612 1902 667 sunt,
1952 602 2077 672 quia

514 713 620 753 non
648 703 775 752 sunt
795 693 941 764 digni
966 691 1242 747 numerari
1264 692 1317 745 in
1339 706 1564 745 numero
1582 690 1875 762 justorum.
1903 692 1945 748 ll
1971 692 2016 747 A
2039 693 2080 748 C

516 786 608 842 Vel
648 793 982 857 peccatores,
1031 783 1340 852 quicunque
1368 780 1685 845 damnandi,
1728 781 1892 836 etiam
1922 780 2081 859 Chri-

509 876 671 932 stiani
703 873 835 930 dicti
870 881 1002 928 sunt
1047 884 1211 942 super
1252 885 1537 924 numerum
1586 870 1992 936 salvandorum,
2027 871 2081 928 id

419 978 429 985 ’
505 976 590 1020 νει
621 974 795 1021 οΧῑΓίὶ.

537 1058 571 1111 9
652 1053 983 1123 Sacriﬁcium
1011 1061 1060 1106 et
1086 1050 1400 1106 oblationem
1428 1050 1641 1106 noluisti
1669 1065 1686 1105 :

650 1150 815 1201 ‘Aures
844 1157 1019 1200 autem
1048 1144 1311 1214 perfecisti
1348 1145 1495 1198 mihi.

579 1239 626 1293 ﬂ
662 1238 803 1291 Dicit
844 1234 1085 1289 noluisse
1130 1233 1346 1289 Patrem
1394 1234 1720 1289 sacriﬁcium
1748 1277 1762 1301 ,
1811 1236 1936 1307 quia
1993 1253 2081 1292 ve-

509 1325 952 1382 niente-Domino
988 1324 1273 1379 cessabant
1301 1323 1567 1378 sacriﬁcia
1594 1324 1924 1381 Judteorum.
1968 1326 2079 1380 Au-

511 1435 600 1473 res
638 1427 824 1472 autem
870 1415 1144 1486 perfecisti
1194 1416 1345 1481 mihi,
1380 1416 1431 1470 id
1482 1426 1564 1473 est
1607 1417 1673 1472 ad
1721 1419 2077 1473 obediendum

511 1509 677 1563 Patri.
707 1506 769 1563 C.
801 1505 900 1561 Vel
930 1514 1170 1561 sanctam
1196 1506 1617 1563 incarnationem
1643 1506 1760 1576 ejus
1789 1507 2076 1578 signiﬁcat,

510 1598 564 1652 in
594 1610 700 1667 qua
742 1595 891 1651 Patri
918 1594 1173 1650 obediens
1204 1593 1305 1650 l‘uit
1328 1610 1498 1667 usque
1539 1596 1608 1651 ad
1650 1605 1904 1660 mortem,
1935 1606 1990 1651 et
2023 1598 2077 1651 in

508 1705 612 1759 qua
640 1687 967 1744 sacriﬁcium
996 1695 1050 1741 et
1075 1686 1404 1743 oblationem
1429 1696 1485 1742 et
1515 1687 1888 1743 holocauStum
1929 1687 2077 1744 Patri

508 1791 787 1850 acceptum
813 1794 913 1850 pro
946 1777 1182 1849 peccatis
1211 1778 1451 1833 omnium
1486 1778 1700 1834 obtulit.

511 1873 578 1925 10
651 1869 1033 1924 Holocaustum
1064 1877 1110 1922 et
1138 1883 1232 1938 pro
1257 1879 1465 1938 peccato
1495 1884 1596 1922 non
1621 1869 1898 1939 postulasti
1920 1885 1940 1924 :

651 1960 795 2015 Tunc
825 1958 937 2014 dixi
964 1972 983 2012 :
1015 1957 1152 2012 Ecce
1180 1957 1323 2012 venio

558 2053 624 2107 ~H
664 2052 1044 2107 llolocaustum
1077 2060 1255 2105 autem
1285 2065 1382 2120 pro
1412 2059 1636 2120 peccato
1674 2067 1779 2106 non
1827 2050 1918 2106 tibi
1962 2050 2078 2122 pla.

506 2144 649 2209 cuit,
685 2143 785 2197 nisi
814 2141 1190 2210 meinetipsum
1222 2156 1320 2210 pro
1350 2141 1517 2196 totius
1546 2141 1731 2197 mundi
1757 2141 1955 2197 delicto
1985 2142 2078 2198 tibi

507 2235 831 2291 sacriﬁcium
856 2234 1159 2290 exhiberes.
1188 2233 1339 2289 Tunc
1362 2233 1469 2289 dixi
1492 2234 1661 2290 :Ecce
1682 2233 1859 2302 venio,
1885 2234 1936 2289 id
1963 2243 2077 2303 est,

505 2342 775 2384 assumant
810 2325 1120 2381 carnem-iu
1160 2340 1265 2395 qua
1294 2325 1492 2395 patiar.

505 2424 566 2478 ll
643 2420 712 2476 In
747 2421 912 2492 capite
946 2418 1349 2489 libri'scriptum
1370 2427 1455 2473 est
1494 2418 1559 2473 de
1596 2434 1678 2473 me
1714 2428 1769 2475 ut
1807 2418 2032 2489 [acerem

728 2510 1043 2565 uoluntatem
1068 2518 1233 2564 tuam.

644 2601 787 2656 Deus
817 2616 983 2666 meus,
1015 2597 1152 2655 volui
1180 2608 1228 2654 et
1259 2597 1421 2669 legem
1450 2607 1607 2654 tuam
1620 2598 1677 2653 in
1704 2597 1871 2652 medio
1903 2597 2076 2652 cordis

716 2692 835 2746 mei.

555 2782 622 2838 il
656 2784 702 2838 Α
739 2781 780 2838 C
815 2782 871 2837 ln
915 2782 1094 2852 capite
1141 2782 1266 2837 libri
1315 2781 1576 2852 scriptum
1622 2787 1705 2836 est
1749 2778 1815 2835 de
1860 2792 1977 2845 me,
2019 2777 2074 2833 in

500 2875 642 2931 libro
688 2875 793 2930 isto
836 2872 1195 2929 Psalmorum.
1247 2873 1304 2928 In
1353 2871 1529 2942 capite
1573 2871 1638 2926 de
1680 2887 1734 2924 se
1782 2869 1913 2925 dicit
1956 2882 2076 2924 esse

505 2972 958 3042 scripttnnycum
997 2968 1236 3025 dicitur:
1275 2966 1475 3021 Beatus
1511 2964 1594 3019 vir
1625 2963 1716 3034 qui
1754 2978 1859 3018 non
1898 2961 2070 3029 abiit,

502 3076 607 3121 etc.
645 3064 687 3117 ll
719 3062 814 3118 Vel
846 3062 898 3116 in
926 3059 1215 3132 Evangelio
1243 3077 1256 3112 :
1287 3057 1343 3112 In
1374 3055 1636 3127 principio
1665 3046 2065 3110 erat'Verbum.

2177 510 2472 580 praedicant
2517 514 2712 568 sancti.
2755 513 2796 570 C
2840 515 2895 570 In
2926 517 3345 586 congregatione
3374 534 3588 591 quoque
3619 521 3749 576 deuo

2179 602 2393 657 sissima
2451 605 2736 660 veritatem
2798 606 2935 662 dixit
2984 607 3273 679 Christus,
3328 613 3545 679 quando
3596 611 3749 669 Isaia:

2179 692 2373 749 librum
2399 697 2670 767 accipiens
2687 706 2741 751 et
2764 697 2979 769 legens,
3003 699 3139 754 dixit
3163 717 3180 756 :
3213 699 3384 758 Hodie
3419 702 3640 773 impleta
3671 713 3753 758 est

2178 789 2293 845 haec
2321 788 2598 860 Scriptura
2626 789 2791 861 (Luc.
2828 791 2934 861 Iv).

2180 883 2246 939 15
2320 881 2396 937 Tu
2422 898 2483 939 -ε-
2513 893 2683 938 autem
2736 883 2754 953 ζ
2804 880 3056 949 Domine,
3091 899 3153 938 ne
3188 882 3338 954 longe
3382 883 3550 954 facias
3600 886 3751 938 mise-

2389 978 2615 1029 rationes
2645 986 2761 1028 tuas
2787 993 2817 1029 a
2844 990 2924 1029 me
2950 991 2970 1030 :

2320 1063 2689 1119 Misericordia
2727 1073 2818 1117 tua
2855 1073 2901 1118 et
2938 1065 3127 1118 veritas
3162 1073 3254 1118 tua
3280 1080 3481 1134 semper
3510 1080 3752 1133 suscepe-

2387 1164 2507 1208 runt
2536 1170 2635 1208 me.
3450 1202 3455 1206 .

2246 1243 2287 1300 C
2338 1243 2583 1299 Narratis
2628 1245 2828 1300 sanctis
2877 1245 3164 1314 operibus,
3218 1246 3284 1300 ad
3328 1246 3599 1316 passionis
3640 1261 3750 1301 sua:

2185 1338 2415 1409 gloriam
2468 1338 2635 1403 redit,
2692 1339 2780 1392 ubi
2835 1339 3030 1393 merito
3087 1339 3301 1394 Patrem
3351 1349 3633 1409 precatur,
3683 1353 3748 1393 ne

2178 1430 2334 1501 longe
2363 1431 2430 1487 ab
2459 1446 2523 1486 eo
2565 1429 2726 1485 faciat
2764 1431 3148 1485 misericordias
3188 1448 3334 1488 suas.
3379 1430 3748 1485 Misericordia

2175 1523 2311 1575 enim
2358 1519 2494 1586 fuit,
2546 1529 2603 1575 ut
2654 1521 2944 1575 humanam
2987 1530 3232 1577 naturam
3275 1522 3404 1576 vitio
3440 1522 3746 1585 sauciatam

2175 1608 2639 1678 praevaricationis
2670 1624 2765 1663 sua
2794 1609 3160 1664 incarnatione
3202 1609 3454 1664 salvaret.
3508 1610 3745 1672 Veritas,

2177 1707 2232 1751 ut
2296 1698 2707 1754 resurrectionis
2759 1697 3024 1753 beneﬁcio
3079 1698 3294 1752 sederet
3342 1698 3409 1752 ad
3462 1697 3745 1752 dexteram

2107 1779 2152 1839 Β
2180 1787 2375 1845 Patris.
2408 1788 2775 1860 Susceperunt
2805 1804 2919 1854 me,
2946 1789 3155 1845 scilicet
3184 1788 3248 1844 ad
3271 1789 3709 1862 gloriﬁcandum.

2181 1897 2250 1953 16
2324 1895 2583 1964 Quoniam
2614 1898 3059 1952 circumdederunt
3086 1914 3166 1953 me
3199 1898 3337 1953 mala
3377 1914 3603 1969 quorum
3642 1915 3746 1953 non

2386 1980 2459 2023 εει
2489 1984 2733 2022 numerus
2759 1982 2777 2020 ἔ

2319 2057 2826 2131 Compreliendcrunt
2868 2076 2949 2114 me
2986 2059 3282 2131 iniquitates
3322 2076 3485 2126 metu,
3535 2069 3586 2115 et
3642 2076 3744 2114 non
3782 2094 3788 2099 ο

2386 2150 2532 2220 potui
2562 2158 2619 2202 ut
2651 2148 2897 2203 riderent.

2240 2239 2288 2296 ‘C
2316 2239 2455 2294 Dicit
2485 2239 2549 2294 de
2579 2238 2836 2294 membris
2865 2238 3009 2303 suis,
3038 2254 3265 2309 quorum
3291 2239 3407 2309 ipse
3431 2248 3596 2310 caput
3622 2248 3705 2295 est
3726 2279 3746 2304 ,

2176 2348 2235 2389 se
2263 2331 2682 2388 ciremndedisse
2713 2329 2882 2394 mala,
2926 2339 2984 2385 ut
3025 2345 3085 2386 se
3126 2332 3233 2400 pati
3277 2332 3648 2400 proﬁteretur,
3693 2330 3751 2385 id

2176 2422 2319 2492 quod
2349 2423 2504 2475 turba
2533 2419 2767 2476 ﬁdelium
2801 2420 3137 2486 sustinebat,
3163 2436 3262 2475 nec
3287 2435 3406 2477 esse
3426 2436 3747 2486 numerum,

2176 2510 2385 2565 Scilicet
2411 2510 2550 2579 apud
2577 2508 2842 2564 homines.
2866 2509 3028 2563 Addit
3057 2510 3517 2581 comprehendere
3547 2524 3607 2564 se
3639 2509 3745 2564 iui-

2175 2597 2714 2669 quitates,Dominus
2736 2597 2880 2652 enim
2910 2596 3159 2652 Salvator
3176 2613 3276 2653 nec
3301 2597 3437 2652 mala
3470 2607 3748 2669 perpetra-

2175 2690 2281 2756 vit,
2314 2705 2414 2745 nec
2443 2689 2818 2759 iniquitatibus
2848 2691 3050 2760 patuit,
3079 2690 3171 2745 sed
3199 2689 3299 2745 hoc
3328 2706 3359 2745 a
3388 2700 3542 2759 parte
3584 2705 3749 2744 mem-

2173 2781 2394 2837 brorum
2432 2781 2600 2846 dixit,
2652 2796 2681 2835 a
2714 2780 2910 2850 quibus
2957 2782 3079 2836 talia
3129 2782 3481 2836 sustinentur.
3521 2779 3749 2837 Pietatis

2174 2872 2317 2927 enim
2344 2876 2514 2928 nostri
2545 2873 2740 2942 capitis
2766 2871 2952 2929 fuitut
2980 2874 3071 2943 qui
3100 2873 3165 2928 de
3193 2889 3250 2928 se
3292 2873 3455 2928 multa
3497 2873 3746 2939 dixerat,

2174 2964 2515 3021 de‘ﬁdélihus
2540 2964 2802 3021 l'acereret
2842 2965 3190 3021 mentionem.
3229 2964 3272 3019 ll
3302 2964 3746 3036 Comprehende-

2174 3065 2301 3112 runt
2332 3057 2624 3112 humanum
2670 3072 2839 3137 genus
2879 3056 3223 3126 iniquitates,
3268 3056 3319 3111 id
3358 3064 3434 3110 est
3481 3055 3748 3125 originale.

505 3153 602 3209 Vol
634 3153 688 3207 in
719 3151 898 3222 capite
926 3149 1048 3205 libri
1079 3126 1288 3209 Veteris
1314 3126 1675 3210 Testamenti,
1706 3144 1795 3199 ubi
1830 3143 2068 3203 dicitur:
2098 3126 2144 3194 C
2184 3158 2499 3221 peccatum1
2530 3164 2597 3206 ex
2633 3126 2740 3219 qilo
2770 3148 3115 3219 pullularunt
3160 3148 3497 3217 iniquitates.
3533 3147 3603 3202 Et
3639 3164 3746 3204 non

508 3245 554 3299 Α
595 3241 951 3313 lii-principio
971 3280 987 3308 ,
1020 3239 1195 3316 idest
1224 3237 1360 3293 Filio
1389 3236 1594 3293 creavit
1622 3235 1793 3301 Deus,
1826 3243 1934 3290 etc.
1966 3233 2074 3290 Vo-

504 3330 994 3387 luntatem'-Patris
1041 3329 1171 3385 fecit
1215 3328 1429 3399 quando
1477 3326 1755 3383 descendit
1799 3326 1867 3382 de
1909 3325 2069 3380 coelo.

498 3422 654 3478 Volui
682 3432 740 3477 ut
766 3421 1000 3493 provita
1024 3419 1264 3476 omnium
1291 3428 1518 3474 mortem
1544 3418 1864 3473 sustineam.
1889 3416 1930 3473 C
1956 3416 2070 3471 Lex

503 3513 685 3569 divina
734 3514 787 3568 in
837 3512 1017 3569 medio
1063 3509 1456 3581 cordis'ipsius
1501 3508 1632 3579 fuit,
1684 3509 1811 3565 dum
1856 3509 1912 3564 in
1950 3507 2068 3579 lege

498 3605 714 3660 Domini
746 3602 1108 3659 meditabatur
1133 3601 1221 3658 die
1257 3616 1323 3657 ac
1352 3608 1531 3656 nocte.

499 3696 568 3754 12
638 3695 959 3751 Annuntiavi
988 3694 1254 3765 justitiam
1290 3702 1436 3747 tuam
1487 3692 1544 3746 in
1580 3689 1797 3745 ecclesia
1842 3704 2070 3761 magna:

644 3785 782 3841 Ecce
810 3784 950 3839 labia
981 3800 1095 3839 mea
1120 3800 1224 3838 non
1250 3780 1525 3853 prohibebo
1550 3779 1792 3846 Domine,
1821 3786 1877 3832 tu
1904 3778 2070 3833 scisti.

566 3878 613 3935 Ε
647 3876 791 3937 Bene
817 3879 1081 3935 nuntiavit
1102 3877 1397 3949 justitiam,
1426 3874 1611 3930 dicens
1637 3892 1650 3928 :
1679 3871 1792 3927 Non
1818 3872 1897 3927 sic
1922 3870 2076 3943 impii

498 3990 603 4033 non
644 3974 742 4029 sic.
785 3972 843 4027 lu
885 3971 1115 4027 ecclesia
1160 3983 1389 4039 magna,
1432 3966 1486 4023 id
1525 3974 1610 4022 est
1646 3965 1702 4022 in
1734 3973 1845 4020 toto
1873 3962 2073 4019 mundo

497 4065 710 4124 diffusa.
758 4062 875 4120 Non
920 4061 1195 4134 prohibuit
1238 4060 1378 4114 labia
1420 4072 1548 4122 sua,
1590 4056 1682 4126 qui
1723 4071 1829 4110 non
1868 4054 2074 4110 destitit

499 4156 846 4228 praedicando
874 4154 1165 4210 admonere
1193 4149 1449 4222 populum
1480 4146 1845 4217 perﬁdorum:
1881 4145 1934 4199 in
1965 4160 2073 4214 qua
2154 4185 2163 4197 .

502 4254 660 4319 parte
701 4252 890 4299 testem
923 4242 1153 4297 *Patrem
1195 4232 1608 4307 invocat,xquia
1648 4234 1791 4290 nulla
1835 4233 2071 4304 pericula

497 4338 701 4394 timuit.
730 4335 973 4392 H=Labia
1005 4347 1217 4403 quoque
1257 4328 1493 4393 Christi,
1536 4325 1709 4381 sancti
1752 4335 1918 4391 sunt;
1964 4339 2071 4379 non

495 4429 752 4502 prohibet
780 4428 898 4483 illos
928 4424 1241 4497 prazdicare,
1273 4421 1411 4476 sicut
1439 4426 1660 4474 sanctus
1689 4416 1886 4474 Paulus
1914 4416 2066 4481 dicit,

495 4521 723 4576 verbum
753 4519 847 4573 Dei
876 4533 982 4573 non
1010 4522 1092 4571 est
1117 4513 1388 4583 alligatum
1420 4510 1439 4578 (
1463 4508 1526 4563 Il
1561 4506 1697 4561 Tim.
1730 4523 1769 4562 ιι
1792 4507 1833 4578 ).

433 4625 460 4663 ’τ
499 4613 566 4668 l3
601 4638 604 4642 ι
638 4600 912 4667 Justitiam
941 4616 1085 4661 tuam
1113 4619 1213 4658 non
1245 4599 1492 4656 abscondi
1517 4599 1574 4653 in
1598 4597 1754 4653 corde
1783 4612 1896 4651 meo
1920 4612 1940 4651 :

651 4700 931 4757 Veritatem
957 4707 1102 4751 tuam
1127 4702 1173 4748 et
1202 4691 1434 4746 salutare
1461 4699 1609 4744 tuum
1636 4688 1769 4743 dixi.

569 4793 612 4850 C
649 4790 788 4848 Justi
831 4788 1081 4845 voluntas
1102 4824 1118 4850 ,
1157 4791 1240 4839 est
1274 4797 1395 4838 eum
1422 4788 1602 4852 potest
1625 4778 1926 4851 prodesse;
1957 4790 2066 4831 non

499 4883 835 4943 abscondere
858 4880 1139 4935 veritatem
1158 4916 1173 4941 ,
1204 4874 1345 4945 quod
1368 4873 1627 4929 Dominus
1650 4870 1897 4927 Salvator
1918 4870 2065 4935 fecit,

414 5030 431 5047 δ.
497 4976 757 5049 quoniam
808 4971 994 5027 turbas
1042 4967 1383 5037 increpabat,
1432 4965 1697 5036 arguebat
1738 4961 2065 5017 incredulos.

499 5068 545 5122 il
574 5066 870 5122 Veritatem
898 5071 1044 5117 tuam
1070 5058 1200 5123 dixi,
1233 5057 1359 5127 quia
1388 5070 1557 5111 verax
1583 5068 1663 5109 es.
1693 5053 1759 5108 Et
1793 5051 2065 5114 salutare,

2171 3240 2348 3312 potuit
2370 3251 2430 3294 ut
2467 3241 2703 3295 viderem
2725 3279 2741 3304 ,
2767 3239 2893 3310 quia
2924 3238 3012 3292 lux
3038 3238 3290 3294 veritatis
3320 3238 3417 3293 fuit
3446 3239 3744 3295 abstracta.

2177 3330 2237 3385 l7
2313 3328 2679 3399 Multiplicata:
2700 3338 2819 3382 sum
2846 3345 3000 3397 super
3029 3328 3246 3399 capillos
3266 3330 3460 3400 calatis
3482 3331 3639 3384 mei;

2312 3420 2378 3475 Et
2410 3437 2501 3475 cor
2526 3436 2694 3475 meum
2722 3419 2994 3490 dereliquit
3027 3437 3127 3475 me.

2240 3509 2280 3567 C
2318 3510 2664 3581 Multiplicata
2690 3510 2918 3581 est'ipsa
2947 3511 3201 3580 iniquitas
3224 3526 3384 3581 super
3412 3511 3661 3581 capillos,
3692 3512 3743 3567 id

2170 3610 2252 3658 est
2274 3617 2435 3672 super
2451 3618 2618 3674 genus
2634 3601 2948 3656 humanum.
2973 3600 3015 3657 C
3025 3602 3129 3656 Cor
3144 3618 3241 3657 nos
3254 3618 3381 3657 vero
3396 3602 3742 3674 derelinquit,

2172 3696 2385 3765 quando
2418 3694 2656 3764 peccatis
2701 3697 2861 3749 homo
2888 3708 3030 3765 aeger
3068 3694 3344 3765 profutura
3382 3711 3483 3750 non
3513 3698 3741 3767 appetit.

2173 3786 2216 3841 11
2242 3785 2336 3841 Vel
2366 3785 2580 3855 quando
2626 3786 2786 3840 homo
2832 3795 3041 3856 peccat,
3091 3801 3187 3840 car
3233 3801 3525 3841 suumnon
3552 3780 3740 3854 habet,

2175 3888 2234 3932 ut
2261 3874 2382 3932 cum
2409 3877 2577 3932 David
2608 3877 2744 3932 dixit
2789 3896 2802 3933 :
2833 3878 3052 3933 'luvenit
3080 3866 3269 3933 servus
3304 3888 3424 3933 tuus
3462 3894 3557 3934 cor
3585 3895 3742 3935 suum

2173 3965 2254 4038 (Il
2278 3964 2402 4037 Reg.
2433 3965 2554 4038 vn.)

2174 4056 2239 4112 i8
2308 4054 2639 4126 Complaceat
2669 4055 2784 4121 tibi,
2816 4056 3055 4122 Domine,
3082 4067 3136 4111 ut
3152 4074 3318 4112 eruas
3348 4071 3459 4113 me:

2319 4150 2559 4214 Domine,
2592 4150 2661 4203 ad
2689 4150 3045 4220 adjuvandum
3080 4167 3160 4204 me
3191 4151 3401 4220 respice.

2240 4243 2280 4300 C
2310 4242 2676 4312 Complaceat,
2720 4241 2772 4295 id
2812 4250 2918 4306 est,
2950 4242 3181 4294 comiter
3202 4241 3428 4310 placeat,
3452 4242 3740 4297 concordia

2170 4337 2261 4392 hic
2282 4334 2564 4391 Trinitatis
2585 4334 2903 4389 ostenditur.
2928 4331 3059 4388 Nam
3082 4334 3222 4403 quod
3245 4335 3418 4403 placet
3440 4335 3612 4400 Patri,
3640 4336 3742 4390 hoc

2170 4425 2328 4490 Filio,
2362 4426 2463 4481 hoc
2490 4432 2547 4480 et
2574 4422 2796 4494 Spiritui
2828 4432 3033 4479 sancto.
3065 4424 3245 4489 Addit,
3268 4422 3383 4489 tibi,
3418 4432 3475 4478 ut
3498 4434 3740 4480 sanctam

2175 4514 2490 4571 Trinitatem
2526 4528 2694 4568 unum
2720 4513 2886 4567 Deum
2928 4528 3049 4569 esse
3088 4528 3462 4584 cognosceres.
3493 4513 3742 4580 Domine,

2173 4608 2241 4667 ad
2265 4605 2626 4676 adiuvandum
2656 4622 2741 4662 me
2767 4605 2993 4676 respice,
3029 4614 3089 4662 ut
3124 4605 3482 4678 intelligamus
3521 4622 3746 4678 conspe-

2174 4711 2319 4758 ctum
2346 4700 2463 4770 ejus
2488 4709 2733 4756 nostrum
2775 4700 3083 4770 praesidium
3129 4715 3277 4767 esse;
3321 4700 3477 4755 aliter
3498 4702 3644 4754 enim
3676 4700 3743 4754 li-

2173 4792 2351 4849 berari
2403 4807 2507 4847 non
2543 4805 2826 4862 possumus
2872 4791 2973 4845 nisi
3016 4805 3114 4846 nos
3138 4788 3405 4846 Divinitas
3449 4790 3744 4846 clementer

2172 4884 2442 4955 respiciat.

2173 4975 2241 5034 i9
2312 4976 2717 5049 Confundanlur
2742 4983 2789 5030 et
2826 4983 3155 5029 revereantur
3181 4973 3339 5028 simul
3363 4987 3381 5026 :

2313 5067 2417 5132 Qui
2444 5074 2683 5137 qurerunt
2713 5065 2943 5118 animam
2970 5079 3135 5117 meam
3169 5073 3224 5116 ut
3256 5061 3499 5132 auferant
3523 5078 3669 5116 eam.

2246 5156 2350 5168 an
