4000 5370
180 379 265 436 1ἷ3

176 486 235 545 20
298 488 668 545 Convertuntur
695 498 973 544 retrorsum
1001 494 1045 541 ct
1080 495 1437 540 ret'ereantur:

299 581 396 647 Qui
426 581 601 635 uolunt
630 581 758 634 mihi
784 579 946 634 ntala.

233 673 271 728 C
299 672 406 728 Vox
451 673 648 728 Christi
704 684 1020 736 retrorsum,
1051 670 1140 726 hic
1181 670 1233 724 in
1264 671 1458 724 bonam
1510 676 1718 738 partem

173 765 304 829 dicit,
329 771 384 817 ιιι
436 762 661 816 redeant
689 760 743 814 in
775 761 996 822 bonum,
1027 758 1117 827 qui
1148 757 1346 810 malum
1377 772 1593 810 cursum
1621 755 1718 810 ha-

171 853 398 908 buerunt.
443 849 547 917 Qui
590 850 826 919 cogitant
868 845 1004 900 mala
1052 846 1204 900 mihi.
1247 845 1287 901 C
1320 844 1596 915 Signiﬁcat
1624 843 1720 899 Ju-

172 942 383 995 daorum
429 937 704 1008 improbas
740 935 1062 999 voluntates,
1102 949 1223 1003 qua:
1249 933 1402 987 malae
1433 949 1534 987 non
1568 940 1723 988 erant

172 1029 398 1090 Domino,
424 1028 518 1082 sed
547 1027 660 1081 suis
682 1025 1006 1080 auctoribus.
1045 1023 1330 1093 Cogitatio,
1365 1023 1508 1076 dicta
1541 1038 1570 1075 a
1600 1039 1722 1074 coa-

170 1117 362 1187 gitandu
406 1132 500 1170 seu
545 1121 795 1186 cogendo.
848 1113 893 1167 11
935 1113 1050 1167 Νοη
1083 1112 1254 1167 solum
1303 1111 1393 1181 qui
1424 1111 1609 1165 dicunt
1641 1095 1724 1164 ve1

172 1207 385 1272 iaciunt,
416 1207 508 1262 sed
539 1207 702 1261 etiam
734 1205 822 1274 qui
852 1204 1038 1259 volunt
1086 1203 1218 1257 mihi
1267 1201 1441 1256 mala:
1495 1201 1726 1257 humiles

169 1309 442 1367 sequantur
470 1314 578 1362 me,
606 1314 696 1368 qui
726 1297 956 1366 superbe
987 1295 1270 1364 prteibant.

169 1389 220 1443 21
291 1387 337 1441 Γ
339 1400 485 1442 erant
509 1389 778 1457 confestim
804 1387 1155 1455 confusionem
1183 1402 1358 1440 suam.

290 1478 392 1542 Qui
411 1477 591 1531 dicunt
612 1477 742 1531 milii
758 1493 777 1531 :
804 1474 966 1546 Euge,
989 1493 1138 1542 euge.

223 1569 261 1625 Ε
286 1569 484 1624 Ferant
513 1571 673 1634 dixit,
705 1570 856 1640 quasi
896 1570 1109 1640 pondus
1148 1571 1512 1637 immensum;
1545 1571 1727 1626 confe-

169 1661 296 1723 stim,
323 1670 378 1714 ut
412 1674 640 1730 peccare
671 1659 952 1730 emperint,
982 1674 1050 1714 ne
1095 1657 1304 1730 longius
1332 1660 1728 1729 progrediendo

168 1753 378 1821 peccatis
392 1751 748 1822 periculosius
763 1760 1072 1822 graventur.
1088 1750 1466 1805 Confusionem
1482 1768 1656 1816 suam,
1675 1752 1725 1806 id

1345 365 1702 426 EXI‘OSITIO
1742 364 2180 422 rsswonun.
2218 341 2220 344 ’

3282 373 3380 427 Πι

2360 479 2675 535 ΡΞΑΙΛίυδ
2713 479 2824 534 XL.

2273 587 2629 628 ARGUMENTUI
2669 589 2812 627 PSAL.
2856 588 2940 626 XL.

1889 661 1929 715 (Ζ
1957 661 2071 716 Vox
2109 661 2391 732 Propheta:
2414 665 2632 718 beatum
2683 665 3024 734 praedicantis
3052 653 3389 738 eletuosynm

1820 749 2161 821 largitorem;
2189 759 2242 804 ct
2271 753 2336 805 de
2366 753 2611 821 passione
2651 768 2711 805 ac
2741 755 3134 809 resurrectione
3159 755 3392 812 Christi.

2170 838 2278 892 TT.
2309 838 2374 892 In
2398 841 2550 908 ﬁnem
2574 841 2804 910 psalmus
2847 840 3029 896 David.

1893 927 1934 983 C
1959 927 2168 983 Titulus
2197 927 2420 996 istejam
2458 930 2771 984 notissimus
2805 939 2906 995 cst,
2939 932 3032 986 sed
3080 933 3395 1004 magniﬁcat

1823 1019 1966 1074 hunc
2025 1019 2325 1088 psalmum,
2384 1022 2526 1089 quod
2562 1021 2616 1074 in
2673 1023 3100 1092 quadragenario
3163 1042 3394 1079 numera

1825 1111 2068 1164 noscitur
2111 1110 2442 1177 collocatus;
2493 1112 2582 1181 qui
2637 1112 2872 1168 calculus
2922 1115 3284 1171 emundationi
3336 1128 3390 1170 et

1824 1201 2185 1272 puriﬁcationi
2217 1201 2530 1271 frequenter
2551 1213 2785 1273 aptatur.

1859 1295 1882 1347 1
1927 1293 2124 1348 Beatus
2149 1296 2237 1364 qui
2259 1295 3016 1366 intelligitsuperegenunt-t-et
3031 1316 3304 1368 pauperem
3341 1302 3357 1369 ζ

1931 1384 1995 1437 In
2017 1385 2100 1436 die
2123 1384 2258 1437 mala
2287 1385 2520 1438 liberabit
2542 1403 2654 1454 eum
2700 1386 2970 1441 Dominus.

1896 1474 1937 1528 Λ
1962 1473 2001 1528 C
2030 1473 2225 1528 Beatus
2245 1475 2334 1544 qui
2362 1475 2626 1545 intelligit,
2651 1475 2702 1530 id
2725 1487 2804 1532 est
2827 1487 2883 1530 ut
2902 1479 3062 1532 etiam
3080 1495 3181 1532 non
3205 1490 3391 1549 peten-

1829 1567 1970 1620 tibus
2019 1567 2346 1634 pauperibus
2385 1565 2643 1621 oﬁ'eratur
2699 1568 3058 1638 eleemosyna.
3109 1570 3241 1624 Nam
3298 1575 3387 1642 qui

1827 1653 2029 1722 petenti
2094 1654 2302 1718 tribuit,
2349 1654 2546 1708 bonum
2595 1671 2731 1726 opus
2779 1655 2965 1722 eﬁicil;
3019 1659 3110 1728 qui
3161 1675 3285 1714 vero
3309 1671 3390 1714 ta-

1827 1753 2034 1800 contem
2067 1759 2355 1815 pauperem
2386 1743 2657 1814 intelligit,
2683 1745 3067 1800 beatitudinem
3097 1746 3212 1801 sine
3237 1750 3394 1804 dubi-

168 1849 236 1894 est
261 1842 636 1912 cogitationem
682 1858 923 1911 pravam,
966 1843 1194 1897 veritate
1240 1843 1566 1898 convictam.
1617 1843 1717 1911 Qui
1747 1833 1794 1894 Β
1825 1837 2027 1892 talione
2079 1834 2368 1904 conquirit.
2405 1834 2574 1901 Quem
2619 1835 2876 1890 Dominus
2923 1836 3171 1892 liberabit
3215 1841 3265 1892 in
3305 1841 3394 1895 die

173 1933 336 1986 dicunt
362 1934 518 1987 mihi:
554 1933 722 2005 Euge,
752 1935 840 1988 hic
869 1933 1032 1988 falsos
1060 1934 1238 2003 arguit
1272 1933 1599 2001 laudatores,
1631 1935 1723 2004 qui

171 2023 409 2078 adulando
439 2025 560 2094 plus
587 2025 830 2078 nituntur
861 2025 1111 2094 decipere
1135 2040 1298 2094 quam
1329 2025 1538 2094 possint
1571 2025 1722 2078 vitu-

170 2116 515 2183 perationibus
560 2115 825 2170 sauciare.
861 2113 907 2169 ll
937 2116 1082 2169 Duos
1109 2115 1306 2185 quippe
1337 2119 1520 2172 hostes
1562 2115 1724 2171 habet

171 2203 412 2270 Ecclesia,
470 2205 804 2260 adulationes
851 2214 906 2260 et
949 2205 1459 2275 blasphemationes.
1513 2205 1558 2259 Α
1608 2205 1723 2260 Duo

165 2297 293 2348 enim
321 2312 520 2365 genera
545 2297 783 2351 hostium
808 2296 1042 2351 maxime
1071 2297 1309 2351 cavenda
1341 2305 1484 2361 sunt,
1515 2296 1722 2352 scilicet

165 2389 244 2454 qui
268 2388 401 2442 bona
432 2389 622 2443 dicunt
649 2389 793 2443 malo
822 2389 1024 2453 animo,
1052 2388 1118 2442 de
1144 2390 1339 2458 quibus
1361 2388 1497 2442 dixit
1525 2403 1720 2458 supra:

168 2483 242 2551 qui
270 2483 449 2538 volunt
480 2485 612 2539 mihi
650 2483 818 2549 mala;
860 2493 915 2538 et
957 2483 1050 2554 qui
1099 2482 1238 2538 mala
1285 2484 1488 2549 dicunt,
1538 2482 1725 2538 dolose

169 2570 440 2639 laudando,
476 2574 539 2627 de
573 2574 768 2642 quibus
803 2574 892 2628 hic

168 2661 227 2714 2?.
287 2665 564 2720 Easultent
611 2675 660 2720 et
705 2666 946 2720 lwtentur
991 2682 1146 2730 super
1190 2674 1238 2720 te
1278 2681 1452 2720 omnes
1487 2680 1723 2737 quarenv

355 2768 432 2811 188
457 2767 502 2811 ιε
523 2774 542 2812 .'

283 2842 350 2896 Et
399 2845 579 2899 dicant
627 2861 829 2916 semper
866 2864 884 2903 :
927 2845 1292 2917 Magniﬁcetur
1338 2843 1594 2899 Dominus
1634 2845 1724 2901 aui

348 2932 578 3001 diligunt
615 2934 852 2989 salutare
880 2945 1048 2988 tuum.

226 3017 262 3073 Ε
285 3019 567 3075 Exsultth
588 3062 602 3085 ,
633 3021 841 3077 scilicet
875 3021 1026 3090 justi,
1075 3033 1130 3077 et
1175 3022 1425 3077 laetentur
1447 3022 1499 3077 in
1529 3021 1724 3092 gaudio

168 3118 366 3164 :rtcrno.
408 3111 590 3180 Super
620 3120 694 3177 te,
749 3113 792 3166 ll
826 3112 876 3167 id
902 3122 984 3168 est
1017 3113 1070 3168 in
1098 3113 1336 3169 Christo.
1378 3114 1418 3170 C
1448 3113 1552 3179 Qui
1599 3114 1723 3168 dili-

1824 1928 1985 1992 malo,
2024 1927 2076 1982 id
2113 1935 2196 1980 est
2235 1926 2286 1980 in
2327 1926 2413 1980 die
2448 1925 2658 1995 judicli,
2699 1927 2790 1997 qui
2828 1927 3003 1981 malus
3041 1929 3155 1984 dies
3195 1931 3393 1984 dicitur

1823 2018 2003 2081 malis,
2033 2017 2158 2088 quia
2184 2017 2565 2088 peceatorihus
2611 2025 2740 2072 tunc
2784 2018 2960 2073 debita
2999 2033 3153 2088 pruna
3186 2025 3392 2091 persol-

1823 2108 1991 2164 ritur.

1853 2201 1910 2255 2.
1985 2199 2243 2254 Dominus
2292 2209 2550 2255 conservet
2594 2217 2709 2254 eum
2755 2210 2804 2254 et
2849 2201 3060 2270 viviﬁcet
3115 2219 3231 2256 eum
3280 2221 3298 2258 :
3346 2216 3392 2259 et

2038 2290 2241 2343 beatum
2267 2289 2429 2359 faciat
2459 2306 2575 2344 enm
2606 2291 2658 2344 in
2688 2301 2826 2344 terra
2850 2306 2870 2345 :

1966 2379 2034 2434 Et
2059 2397 2160 2434 non
2181 2381 2356 2433 tradat
2386 2397 2502 2433 eum
2525 2382 2580 2434 in
2615 2381 2842 2434 animam
2879 2383 3208 2438 inimicorum
3251 2385 3388 2454 ejus.

1890 2472 1937 2527 C
1975 2471 2294 2538 Conservet,
2350 2470 2508 2534 dixit,
2565 2471 2617 2524 id
2679 2479 2764 2526 est
2824 2471 2966 2526 inter
3017 2474 3157 2527 mala
3211 2475 3392 2529 διερειιί

1824 2563 2003 2634 perire
2052 2577 2159 2616 non
2205 2561 2353 2626 sinit,
2393 2562 2486 2615 sed
2535 2562 2602 2615 ad
2652 2577 2802 2616 suam
2857 2563 3085 2632 gratiam
3127 2565 3392 2633 perducit.

1830 2655 1943 2711 Vivi
1970 2656 2184 2727 prOprie
2213 2655 2486 2715 dicuntur,
2517 2653 2606 2723 qui
2641 2669 2698 2708 se
2735 2671 2760 2706 a
2793 2653 3101 2710 Christiana
3138 2657 3241 2712 ﬁde
3285 2674 3393 2713 non

1824 2749 2088 2804 dividunt.
2117 2748 2183 2804 Et
2203 2747 2422 2803 beatum
2454 2748 2638 2813 faciet,
2668 2749 2851 2819 utique
2881 2749 2935 2804 in
2970 2753 3392 2818 resurrectione,

1825 2855 1947 2896 cum
2007 2855 2127 2895 eum
2196 2841 2248 2895 in
2317 2833 2537 2896 dextera
2602 2841 2906 2908 collocabit,
2957 2851 3010 2897 et
3062 2844 3113 2898 in
3163 2845 3393 2912 patriam

1824 2933 2105 2988 beatorum
2149 2932 2406 2986 admittit.
2450 2931 2492 2986 11
2536 2932 2600 2986 Et
2638 2949 2743 2989 non
2799 2935 2975 2989 tradat
3007 2953 3057 2990 ιο
3093 2953 3283 2993 manus
3311 2940 3398 2994 vel

1826 3023 2086 3086 animam,
2119 3023 2172 3078 id
2203 3033 2303 3087 est,
2330 3022 2384 3077 in
2409 3033 2702 3094 potestates
2732 3026 2953 3092 diaboli,
2975 3029 3063 3096 qni
3087 3031 3394 3085 credulitati

1825 3124 2030 3168 nostrae
2057 3127 2270 3184 semper
2318 3113 2568 3170 inimicus
2609 3117 2814 3172 existit.
2841 3118 2884 3171 A
2921 3117 2965 3172 11
3013 3119 3106 3174 Vel
3132 3121 3187 3174 in
3228 3131 3396 3185 terra,

167 3215 296 3269 gunt,
337 3203 393 3256 id
445 3213 521 3258 est
567 3205 651 3272 qui
697 3220 779 3258 me
823 3204 1048 3275 spiritali
1094 3205 1351 3259 charitate
1398 3208 1723 3276 perquirunt.
1754 3191 1798 3253 C
1830 3203 1882 3257 id
1915 3215 1998 3260 est
2022 3205 2283 3270 ecclesia,
2308 3205 2392 3260 vel
2419 3208 2583 3260 etiam
2617 3207 2702 3262 hic
2725 3209 2992 3266 viventem
3027 3212 3077 3265 in
3105 3227 3219 3282 spe.

168 3293 205 3346 H
230 3293 599 3365 Magniﬁcetur
639 3296 897 3350 Dominus
944 3297 994 3350 in
1028 3296 1301 3361 membris,
1353 3298 1727 3368 magniﬁcetnr

167 3387 375 3455 papulas
403 3397 719 3442 sanctorum
750 3398 803 3443 et
829 3389 1161 3458 gloriﬁcatur
1189 3389 1241 3443 in
1270 3389 1349 3443 eis
1378 3389 1538 3443 Deus.
1573 3389 1728 3445 Unde

170 3474 572 3532 dixitzvideant
603 3493 766 3548 opera
794 3488 976 3533 vestra
1016 3480 1179 3542 bona,
1217 3488 1268 3534 et
1292 3479 1596 3550 gloriﬁcent
1620 3477 1725 3532 Pa-

170 3573 289 3621 trem
320 3569 369 3623 in
400 3570 560 3625 caelis
587 3569 802 3640 (Matth.
829 3570 905 3641 ν).
953 3571 994 3624 Α
1023 3570 1111 3625 lsti
1145 3571 1304 3642 igitur
1331 3570 1422 3642 qui
1453 3568 1727 3626 Christum

169 3657 393 3729 diligunt
427 3661 670 3715 salutare
714 3668 980 3727 nostrum,
1031 3677 1244 3732 semper
1293 3663 1520 3718 dicant:
1572 3677 1725 3733 euge,

168 3763 307 3819 euge,
354 3768 466 3807 non
512 3761 573 3806 ut
620 3752 766 3817 mali,
816 3767 901 3808 me
947 3752 1236 3820 laudando,
1282 3754 1375 3809 sed
1428 3763 1480 3809 te
1512 3752 1728 3807 Patrem

170 3841 556 3910 magniﬁcando
593 3842 646 3896 in
680 3858 787 3898 me.

168 3930 231 3983 9.3
295 3933 406 4003 Ego
443 3945 621 3987 autent
651 3933 917 3988 mendicus
945 3951 1058 3989 sum
1090 3944 1136 3990 et
1159 3945 1355 4007 pauper

297 4023 554 4077 Dominus
580 4024 838 4078 sollicitus
864 4035 937 4079 est
966 4027 1085 4080 mei.

231 4112 272 4166 ll
298 4114 510 4185 Egenns
563 4116 781 4179 dicitur,
820 4115 908 4183 qui
939 4116 1137 4185 aliquid
1164 4117 1321 4172 habet
1352 4127 1405 4172 et
1435 4117 1614 4189 aliquo
1646 4117 1728 4172 in-

175 4201 334 4272 digct;
372 4221 578 4274 pauper
617 4205 709 4273 qui
760 4205 891 4259 nihil
939 4205 1130 4272 habet;
1185 4207 1370 4276 inops,
1405 4207 1454 4262 id
1497 4217 1580 4262 est
1617 4209 1732 4263 sine

173 4308 338 4361 opere.
379 4296 422 4350 C
449 4295 667 4366 Pauper
708 4295 882 4352 dictus
910 4297 1164 4354 Dominus
1209 4298 1274 4351 de
1315 4307 1532 4364 nostro;
1583 4299 1733 4354 dives

173 4383 230 4438 de
264 4401 388 4450 suo,
425 4387 516 4455 qui
559 4388 680 4440 ideo
727 4385 1074 4456 indigentiam
1126 4387 1476 4441 humanitatis
1518 4402 1730 4442 assum-

175 4476 285 4543 psit,
310 4486 370 4530 ut
399 4478 746 4533 abundantia:
783 4493 892 4532 sua:
931 4493 1028 4532 nos
1058 4479 1246 4547 faceret
1273 4495 1390 4534 esse
1423 4480 1729 4550 participes.

1860 3296 1894 3350 ὅ
1966 3295 2227 3350 Dominus
2273 3311 2419 3356 opem
2465 3297 2596 3350 {erat
2651 3298 2732 3352 illi
2770 3317 2928 3370 super
2969 3301 3156 3357 lectum
3200 3305 3396 3360 doloris

2034 3387 2148 3456 ejus
2177 3425 2191 3439 .

1967 3474 2276 3532 Universum
2319 3487 2542 3536 stratum
2591 3480 2706 3552 ejus
2748 3486 2962 3540 eersasti
3001 3488 3055 3542 in
3095 3488 3401 3558 infirmitate

2034 3584 2170 3636 ejus.

1899 3655 1964 3711 Η.
2007 3659 2174 3727 Opem
2213 3659 2357 3717 lerat
2390 3661 2486 3728 illi,
2534 3665 2637 3719 hoc
2679 3675 2761 3721 est
2813 3668 3134 3738 adjutorium
3183 3682 3404 3742 praestet

1828 3745 1928 3810 illi,
1952 3745 2007 3802 in
2030 3745 2168 3804 lecto
2190 3750 2410 3818 doloris,
2431 3752 2482 3807 id
2506 3763 2589 3808 est
2613 3755 2663 3808 in
2687 3755 2998 3812 inﬁrmitate
3011 3761 3207 3826 carnis,
3225 3764 3315 3833 qui
3345 3765 3400 3818 in

1830 3836 2183 3893 delectatione
2229 3855 2326 3894 sua
2371 3842 2527 3911 quasi
2573 3846 2806 3913 quodam
2861 3847 3055 3903 lectulo
3103 3853 3396 3908 sanciatur.

1833 3927 2076 3983 Stratum
2121 3929 2280 3999 ejus,
2331 3947 2528 4004 corpus
2585 3935 2673 3990 hic
2719 3953 2817 4005 pro
2873 3945 3046 3991 stratu
3115 3941 3401 4009 accipitur.

1831 4021 1871 4077 C
1899 4021 2049 4089 Quod
2094 4023 2182 4078 hic
2228 4025 2457 4079 diversis
2482 4025 2884 4082 calamitatibus
2913 4031 3163 4095 vcrsasti,
3195 4031 3406 4100 inquie-

1834 4114 1957 4167 tasti
1996 4122 2051 4168 et
2086 4114 2340 4178 alllixisti,
2405 4124 2466 4170 ut
2515 4125 2732 4171 aeterna:
2768 4119 3114 4176 beatitudinis
3160 4123 3402 4193 requiem

1833 4216 2218 4276 consequatur,
2250 4208 2391 4263 sicut
2416 4209 2616 4264 factum
2643 4220 2730 4266 est
2757 4212 2808 4265 in
2839 4210 2960 4266 .lob.

1869 4295 1904 4348 4
1978 4295 2090 4366 Ego
2120 4296 2232 4350 dixi
2252 4313 2270 4349 :
2298 4297 2538 4365 Domine,
2565 4303 2805 4355 miserere
2833 4304 2934 4356 mei
2959 4315 2979 4353 :

1975 4387 2118 4444 Sana
2149 4390 2381 4444 animant
2406 4409 2594 4458 meam,
2617 4395 2739 4463 quia
2773 4396 2977 4464 peccavi
3005 4397 3120 4451 tibi.

1906 4478 1947 4534 C
1981 4479 2257 4534 Exclamat
2280 4480 2547 4552 Propheta
2587 4485 2673 4552 pie
2712 4485 2975 4555 trepidus,
3011 4494 3069 4540 ut
3097 4487 3209 4557 ipse
3240 4491 3407 4546 mise-

175 4566 210 4617 Α
235 4566 334 4620 Sed
363 4569 486 4623 vide
510 4583 808 4639 pauperum
858 4569 1300 4634 consolationem,
1335 4569 1591 4625 Dominus
1621 4569 1732 4624 sol-
1760 4558 1810 4618 ἰ)
1842 4571 2128 4626 ricordiatn
2192 4571 2400 4626 Domini
2463 4585 2851 4644 consequatur.
2916 4577 3058 4631 Sana
3127 4580 3362 4633 animam
3392 4620 3408 4644 ,

175 4653 338 4711 licitus
363 4667 449 4712 est
475 4674 571 4727 pro
600 4659 714 4724 eis;
749 4659 924 4713 securi
955 4669 1096 4715 sunt.
1835 4675 1994 4716 omne
2041 4662 2183 4717 enim
2224 4671 2508 4731 peccatum
2562 4666 2782 4722 morbus
2819 4675 2904 4720 est
2939 4667 3268 4733 animarum,
3311 4685 3418 4739 quo

173 4744 234 4800 21
300 4750 526 4820 Adjutor
549 4769 692 4806 mens
719 4761 770 4805 et
797 4762 1054 4821 protector
1079 4770 1220 4808 meus
1251 4759 1306 4805 tu
1334 4769 1387 4807 es
1836 4763 2118 4809 crescente
2207 4755 2353 4810 salus
2437 4757 2715 4817 interioris
2800 4759 3033 4812 hominis
3103 4759 3420 4828 dissipatur.

302 4843 444 4898 Deus
479 4862 620 4899 meus
644 4861 708 4899 ne
737 4845 1047 4900 tardaveris.
1837 4843 1884 4898 Η
1918 4846 2011 4901 Vel
2050 4846 2139 4900 hic
2179 4846 2452 4917 Propheta
2480 4852 2743 4913 immutat
2773 4848 3037 4911 ordinem,
3075 4857 3131 4902 et
3167 4851 3426 4918 deinceps

237 4930 274 4986 C
297 4932 522 5000 Adjntor
556 4945 609 4989 et
635 4939 915 5004 protector
940 4950 1059 4988 cum
1088 4934 1237 5000 dicit,
1271 4930 1500 4991 osten'dit
1531 4939 1735 5010 patien-
1839 4938 1891 4992 in
1918 4954 2147 5008 persona
2175 4939 2378 4996 Christi
2413 4941 2701 5021 loquitur,
2739 4939 2827 5008 qui
2865 4940 3096 4992 animam
3135 4941 3313 5007 populi
3346 4938 3431 4994 sui

178 5021 290 5073 tiam
319 5024 652 5079 diversarum
695 5025 1024 5094 passionum.
1075 5027 1230 5083 Unde
1274 5035 1328 5079 et
1369 5027 1476 5094 ipse
1500 5030 1734 5100 psalmus
1840 5032 2020 5085 sanari
2050 5048 2078 5085 a
2104 5042 2330 5100 petente
2362 5038 2549 5102 petit,

179 5107 288 5146 fanit
337 5112 545 5146 :ls:):sscn
610 5114 703 5146 an:
738 5121 787 5146 οἳ
817 5115 998 5146 ant'nn's
1043 5115 1143 5146 nun
1189 5113 1555 5146 annali-4';luu.
1602 5135 1700 5146 ι.--η
1880 5119 1908 5146 ἓξ
1995 5120 2198 5146 Ιμὲ...ἓ-2
2228 5123 2327 5146 ...-2
2376 5123 2424 5146 ΑΖ
2443 5141 2469 5146 .-
2654 5134 2665 5146 ι
2694 5118 2822 5146 mn...
2845 5116 2963 5146 mih:
2992 5129 3003 5141 ι

419 5113 545 5146 ιῖησνι
610 5114 703 5146 an:
738 5121 787 5146 οἳ
817 5115 998 5146 ant'nn's
1043 5115 1143 5146 nun
1189 5113 1555 5146 annali-4';luu.
1602 5135 1700 5146 ι.--η
