4000 5370
561 231 664 286 1⁸75

1507 226 1562 280 S.
1607 223 1950 281 BRUNONIS
1989 222 2526 306 IIERBIPOLENSIS
2565 222 2867 279 EPISCOPI

3699 225 3796 281 £76

559 345 698 408 ejus,
744 340 837 396 sed
897 339 1029 409 ipsis
1061 339 1242 408 utique
1293 337 1385 407 qui
1429 338 1477 391 ei
1536 338 1758 392 credere
1812 337 2113 392 noluerunt.
2155 342 2200 401 Λ
2229 338 2330 402 eis,
2377 337 2582 394 scilicet
2629 339 2670 392 Α
2721 338 2939 394 ludatis.
2987 338 3139 406 Quod
3187 340 3386 394 factum
3435 353 3576 394 nunc
3627 340 3800 394 cerni-

593 436 627 488 6
702 435 767 486 At
811 432 856 486 si
888 429 1278 500 ingrediebatur
1319 439 1370 481 ut
1417 428 1611 482 videret
1652 444 1786 482 rana
1827 427 2131 498 loquebatur

770 541 860 579 eor
891 525 1001 593 ejus
1027 538 1044 576 :

697 615 1043 686 ’Congregavit
1071 614 1400 685 iniquitatem
1423 613 1540 666 sibi.

621 706 670 762 C
712 706 950 775 Tempus
1013 705 1144 760 illud
1213 704 1505 758 Dominica:
1559 702 1824 773 passionis
1881 701 2126 772 exponit,

549 797 772 868 quando
800 795 968 851 Iudas
999 810 1106 850 non
1153 795 1219 848 ad
1269 794 1635 847 venerandum
1681 791 1987 855 Dominum,
2033 792 2126 846 sed

551 890 616 942 ad
649 886 984 956 prodendum
1036 883 1252 938 dolosus
1301 881 1560 936 intrabat.
1611 880 1756 933 Vana
1810 879 2130 948 loquebatur

551 976 786 1047 populus
831 973 1161 1039 Judzeorum,
1206 972 1419 1042 quando
1459 971 1524 1025 de
1560 969 1704 1024 illius
1734 978 1906 1022 morte
1931 967 2126 1022 crude-

552 1071 674 1124 liter
725 1066 996 1123 tractavit.
1035 1064 1078 1119 ll
1111 1061 1465 1133 Congregavit
1497 1075 1592 1115 cor
1630 1058 1745 1125 ejus
1788 1059 2126 1126 iniquitatem

551 1162 704 1229 (dum
750 1173 932 1212 rerum
967 1155 1252 1211 Dominum
1285 1152 1548 1208 scelerata
1589 1152 1784 1207 cohors
1813 1150 2128 1220 cruciligere

553 1249 810 1320 decrevit)
863 1248 983 1314 sibi,
1041 1245 1267 1303 dicendo
1308 1265 1321 1299 :
1374 1245 1604 1316 Sanguis
1651 1243 1767 1315 ejus
1813 1258 1976 1312 super
2028 1257 2127 1298 nos

555 1340 773 1412 (Matth.
800 1345 994 1411 xxvii).

584 1453 615 1506 7
692 1451 1075 1522 Egrediebatur
1097 1448 1242 1519 [oras
1275 1462 1291 1500 :

693 1541 762 1595 Et
793 1541 1107 1612 loquebatur
1134 1540 1188 1593 in
1217 1540 1464 1609 idipsum.

588 1633 622 1686 8
698 1632 984 1688 Adversum
1007 1647 1087 1684 me
1111 1630 1454 1684 susurrabant
1499 1644 1675 1683 omnes
1705 1627 1904 1682 inimici
1943 1628 2088 1681 mei:

696 1724 980 1778 Adversum
1002 1739 1082 1776 me
1105 1721 1400 1791 cogitabant
1432 1718 1572 1774 ntala
1605 1719 1751 1774 mihi.

607 1817 665 1871 εί]
696 1818 925 1887 Egressa
963 1825 1046 1870 est
1086 1815 1253 1879 loras,
1293 1815 1360 1868 ab
1399 1828 1600 1868 arcano
1629 1820 1777 1867 recto
1825 1811 1944 1866 ﬁdei
1979 1809 2126 1882 plebs

546 1909 798 1973 "Iudaica,
830 1923 949 1976 quae
983 1907 1125 1960 intus
1153 1915 1299 1959 stare
1339 1920 1443 1958 non
1484 1912 1717 1974 poterat,
1755 1902 1883 1972 quia
1951 1901 2121 1954 incre-

557 2002 785 2056 dulitate
811 1998 932 2053 ﬁdei
963 2013 992 2051 ξι
1021 1997 1270 2052 ﬁdelibus
1305 1995 1668 2064 discrepabat.
1700 1991 2043 2062 Loquebatur
2071 1990 2124 2044 itt

554 2092 809 2161 idipsum,
854 2087 1064 2143 scilicet
1113 2085 1392 2150 vanitatis,
1427 2083 1479 2138 id
1511 2096 1593 2138 est
1623 2081 1938 2136 inﬁdelitate
1963 2095 2124 2150 quam

554 2180 815 2235 introibat
835 2194 864 2231 a
893 2175 1138 2232 veritatis
1154 2174 1534 2230 sinuexeundo
1552 2190 1566 2238 ;
1585 2172 1904 2242 loquebatur
1919 2186 2052 2224 vana
2070 2178 2126 2224 et

553 2270 688 2325 falsa
711 2311 726 2337 ,
763 2281 816 2324 et
852 2269 924 2323 ita
965 2267 1287 2337 loquebatur
1322 2265 1374 2320 in
1416 2265 1647 2336 idipsum
1675 2264 1816 2334 quod
1849 2264 2124 2332 ingressus

552 2362 687 2426 fuit;
718 2360 928 2415 scilicet
955 2357 1135 2413 dolum
1184 2365 1240 2411 et
1279 2355 1509 2426 falsum,
1534 2371 1664 2427 qua?
1690 2352 2121 2425 ingreSsusJ'uit.

552 2454 722 2508 Malus
751 2453 1049 2523 ingressus,
1080 2449 1256 2505 malus
1286 2464 1555 2519 egressus.

599 2547 662 2602 -C
698 2545 1012 2601 Susurratio
1035 2551 1118 2598 est
1147 2543 1260 2597 oris
1296 2541 1648 2612 parvissimus
1683 2554 1868 2606 sonus,
1899 2539 2123 2606 sineque

551 2638 731 2707 aliqua
754 2635 902 2690 vocis
929 2632 1274 2689 distinctione
1300 2631 1555 2686 confusus
1585 2645 1786 2696 sermo,
1817 2639 2022 2686 tractus
2055 2629 2122 2683 ab

535 2727 763 2796 .apibus,
813 2737 1040 2794 quarunt
1097 2737 1202 2777 vox
1265 2719 1476 2790 prolata
1533 2735 1789 2774 susurrus
1831 2731 1943 2784 est;
1978 2719 2122 2788 quod

553 2821 693 2873 inter
723 2817 842 2872 illos
893 2813 1072 2870 evenit
1113 2813 1205 2884 qui
1247 2826 1342 2866 ore
1382 2810 1609 2866 invicem
1641 2811 1694 2865 itt
1721 2810 1940 2864 auribus
1971 2825 2121 2863 mur-

531 2911 858 2964 .murabant.
901 2906 1102 2963 Omnes
1130 2905 1356 2969 inimici,
1393 2904 1444 2958 id
1475 2913 1559 2959 est
1595 2904 1889 2973 supradicti
1927 2901 2117 2968 Judai,

533 3001 642 3072 qui
667 3013 880 3070 semper
908 2997 1215 3068 cegitabant
1241 3005 1427 3051 contra
1465 2995 1749 3050 Dominum
1781 2993 1941 3048 mala.

585 3114 618 3167 9
702 3111 923 3166 Verbum
953 3111 1187 3180 iniquum
1211 3109 1590 3163 constituerunt
1611 3107 1886 3161 adversum
1917 3121 2000 3160 me
2027 3120 2046 3158 :

693 3204 946 3273 Nunquid
969 3202 1062 3273 qui
1088 3201 1276 3255 dormit
1313 3215 1413 3254 non
1444 3199 1653 3269 adjiciet
1681 3209 1736 3251 ut
1768 3207 2002 3268 resurgat
2025 3198 2050 3252 ?

682 3292 922 3349 Verbum
949 3293 1213 3363 iniquum,
1244 3292 1458 3361 quando
1484 3291 1789 3345 clamabant
1817 3289 1990 3346 Pilato
2020 3308 2030 3342 :
2063 3287 2122 3344 Si

542 3387 694 3441 hunc
733 3386 982 3452 dimittis,
1031 3400 1136 3440 non
1178 3399 1236 3438 es
1265 3384 1472 3438 anticus
1499 3381 1730 3437 Caesaris
1761 3380 1944 3451 (Joan.
1982 3381 2116 3452 xix).

551 3478 984 3544 COItSlilllel‘llltl,
1015 3477 1066 3531 id
1097 3485 1179 3530 est
1221 3475 1572 3530 dillinierunt.
1620 3474 1664 3528 ll
1695 3473 1946 3528 Dicentes
1991 3491 2002 3526 :
2041 3472 2120 3526 Τιι

555 3567 736 3637 accipe
771 3583 891 3621 cum
923 3576 978 3622 et
1001 3566 1276 3638 crtteilige.
1306 3565 1556 3635 Nunquid
1588 3566 1677 3635 qui
1709 3564 1925 3631 dormit,
1957 3565 1997 3620 C
2027 3580 2124 3620 au-

553 3659 701 3714 diant
729 3657 920 3724 Jtttlmi,
947 3658 1170 3712 audiant
1198 3667 1254 3712 et
1295 3657 1536 3712 lta'tctici
1584 3655 1730 3712 illum
1768 3657 1858 3726 qui
1903 3657 2119 3722 dormit,

553 3751 725 3819 ipsum
756 3749 856 3804 sibi
899 3748 1130 3817 adjicere
1161 3749 1406 3818 protinus
1437 3756 1494 3802 ιιι
1517 3757 1785 3820 resurgat,
1814 3748 2076 3803 dicentem
2104 3766 2118 3803 :

551 3843 879 3897 Potestatem
908 3841 1080 3895 habeo
1103 3840 1333 3910 ponendi
1363 3840 1594 3894 animam
1620 3843 1820 3904 meam,
1843 3848 1895 3893 et
1925 3839 2120 3894 iterum

553 3935 797 3994 sumendi
861 3950 981 3989 eam
1054 3932 1236 4004 (Joau.
1305 3933 1382 4000 Χ).
1440 3932 1706 3988 Putabant
1757 3932 1898 3985 enim
1950 3929 2119 3985 Juda‘i

553 4031 716 4101 quod,
749 4029 792 4084 si
824 4043 947 4083 eum
979 4027 1308 4090 occiderent,
1339 4039 1444 4080 non
1475 4032 1797 4094 resurgeret.

553 4145 621 4200 10
693 4145 900 4199 Etenim
921 4146 1073 4198 homo
1111 4143 1252 4214 paris
1279 4157 1404 4196 mete
1450 4140 1504 4192 in
1546 4154 1646 4208 quo
1671 4136 1872 4208 speravi
1899 4135 2124 4191 auiede-

766 4239 852 4292 bat
880 4253 1036 4307 panes
1065 4252 1200 4288 meos
1227 4249 1244 4288 :

697 4326 1052 4398 Maguiﬁcavit
1076 4341 1229 4395 super
1250 4340 1330 4378 me
1349 4322 1842 4392 supplantationem.

624 4421 666 4477 C
704 4397 987 4474 Hominem
1028 4418 1198 4488 pacis,
1234 4414 1363 4470 dicit
1389 4413 1606 4474 Judam,
1633 4409 1722 4478 qui
1768 4407 1838 4461 illi
1877 4404 2117 4460 osculum
2147 4397 2196 4454 D

551 4515 703 4584 pacis
727 4509 892 4574 dedit,
921 4508 1135 4578 quando
1163 4521 1284 4562 eum
1317 4503 1554 4559 tradidit.
1585 4501 1641 4554 lu
1674 4513 1780 4568 quo
1818 4496 2121 4566 sperabam,

554 4603 605 4656 id
637 4609 720 4654 est
757 4599 809 4653 in
841 4612 948 4668 quo
975 4611 1194 4667 sperare
1227 4594 1477 4664 putabar,
1509 4604 1666 4659 quem
1699 4597 1987 4654 antequam
2033 4599 2124 4637 na.

553 4701 799 4747 sceretur
840 4689 1254 4760 cognoscebam.
1289 4681 1674 4754 Maguiticavit,
1707 4678 1940 4748 quando,
1977 4676 2127 4747 igno-

555 4783 800 4837 rantibus
821 4780 942 4850 quis
970 4787 1116 4835 esset
1142 4776 1240 4840 eis,
1271 4789 1393 4828 cum
1425 4772 1539 4841 ipse
1569 4767 1908 4822 monstravit.

556 4898 614 4951 Η
699 4911 763 4951 -t—
797 4893 874 4948 Tu
895 4903 1088 4956 autem,
1113 4889 1349 4953 Domine,
1373 4886 1613 4940 miserere
1641 4883 1740 4937 mei
1770 4881 1790 4952 ζ

700 4984 768 5038 Et
808 4983 1057 5036 resuscita
1087 4994 1166 5032 me
1189 4988 1234 5030 et
1263 4976 1542 5030 retribuam
1569 4974 1635 5026 ei.

627 5078 668 5129 C
702 5075 780 5127 'l‘u
826 5080 1028 5134 autem,
1074 5067 1316 5132 Domine,
1355 5064 1662 5120 humanitas
1708 5072 1859 5134 rogat
1906 5061 1978 5117 ibi
2020 5061 2125 5116 hoc

560 5164 701 5233 quod
723 5162 848 5215 alibi
873 5159 1130 5213 divinitas
1154 5155 1459 5224 pollicetur,
1491 5153 1674 5207 dicens
1708 5170 1720 5205 :
1753 5152 1956 5207 Solvite
1985 5159 2124 5206 lem-

561 5254 707 5323 pluttt
748 5252 870 5313 hoc,
921 5255 974 5301 et
1014 5247 1067 5299 itt
1105 5245 1282 5298 triduo
1328 5243 1600 5299 suscitabo
1646 5243 1772 5296 illud
1805 5242 1988 5314 (Joan.
2037 5240 2125 5309 ιι).

563 5341 840 5370 Ιιηρηοηῖιη
873 5353 956 5370 una
1003 5335 1048 5370 ΙΙ
1076 5335 1272 5370 cnilinnl
1303 5350 1328 5370 ιι
1353 5345 1525 5370 Innrln
1572 5334 1729 5370 D-Hnr
1776 5335 1970 5370 Fili-nn
2018 5333 2124 5370 Ra-

2232 443 2385 492 mus;
2419 428 2579 482 habet
2611 429 2752 483 enint
2793 445 2897 484 ttna
2929 429 3128 494 littera,
3159 431 3242 497 ei;
3288 430 3389 486 alia
3417 431 3519 485 eis.

2229 517 2298 570 12
2369 517 2437 572 In
2467 519 2562 572 hoc
2599 520 2814 589 cognovi
2841 522 3087 590 quoniam
3116 521 3325 575 voluisti
3357 538 3437 575 me
3466 534 3486 572 :

2373 608 2634 674 Quoniam
2665 626 2765 663 non
2791 611 3036 679 gaudebit
3059 612 3301 666 inimicus
3325 630 3466 666 meus
3489 629 3647 682 super
3669 631 3766 668 me.

2297 697 2338 753 C
2367 698 2422 752 In
2453 700 2553 752 hoc
2580 699 2828 768 cognovi,
2878 699 3218 754 dilectionem
3265 701 3442 755 Patris
3469 703 3712 756 ostendit
3752 719 3806 756 se

2229 788 2282 842 in
2336 789 2437 842 hoc
2486 787 2819 857 cognovisse,
2875 788 3002 857 quia
3054 789 3286 860 gloriosa
3342 800 3425 844 est
3473 795 3807 845 resurrectio

2228 886 2498 932 secutura.
2535 877 2800 944 Quoniam
2833 877 3048 932 voluisti
3082 894 3187 942 me,
3217 880 3472 934 subaudis
3504 880 3799 950 gloriﬁcari

2227 981 2282 1027 et
2329 971 2594 1046 exaltari._
2617 971 2881 1038 Quoniam
2932 987 3037 1026 non
3070 973 3326 1043 gaudebit
3376 974 3650 1041 inimicus,
3703 975 3804 1028 hoc

2227 1073 2344 1119 erat
2400 1063 2542 1134 quod
2599 1064 2773 1128 dixit,
2822 1064 3076 1135 quoniam
3131 1065 3349 1120 voluisti
3401 1081 3530 1130 me,
3591 1066 3803 1121 scilicet

2228 1153 2480 1222 quoniam
2525 1153 2779 1210 inimicus
2814 1170 2978 1226 super
3005 1171 3126 1211 cum
3155 1157 3388 1226 gaudere
3431 1173 3534 1212 non
3567 1146 3651 1214 est
3680 1175 3801 1230 per-

2227 1249 2444 1302 missus.

2227 1336 2295 1392 15
2368 1337 2456 1391 Me
2480 1346 2651 1392 autem
2677 1346 2885 1408 propter
2904 1348 3249 1392 innocentiam
3273 1341 3540 1408 suscepisti
3561 1355 3584 1397 :

2367 1427 2437 1481 Et
2459 1429 2784 1497 conﬁrmasti
2818 1445 2898 1482 me
2925 1431 2978 1483 in
3002 1441 3274 1500 conspectu
3303 1442 3392 1484 tuo
3437 1433 3488 1485 iu
3515 1441 3794 1486 (sternunt.

2297 1519 2343 1575 ll
2375 1519 2605 1576 Maxima
2640 1522 2947 1578 innocentia
2977 1532 3079 1588 est,
3118 1539 3237 1578 cum
3263 1524 3442 1594 justus
3483 1541 3580 1594 pro
3617 1527 3798 1596 impiis

2229 1611 2483 1667 moritur.
2515 1611 2554 1666 C
2580 1611 2644 1666 Et
2677 1611 2819 1666 nulla
2853 1628 2910 1668 se
2939 1616 3282 1670 contentione
3311 1614 3567 1670 defendit.
3599 1615 3640 1669 ll
3674 1616 3798 1669 Pro-

2154 1679 2199 1740 Β
2227 1712 2345 1773 pter
2388 1717 2549 1772 quam
2584 1702 2945 1758 innocentiam
2989 1705 3194 1759 devicta
3244 1715 3414 1760 morte
3461 1723 3490 1760 a
3539 1705 3703 1760 Patre
3745 1708 3794 1760 in

2227 1791 2537 1848 caelestibus
2566 1802 2850 1863 susceptus
2871 1803 2951 1849 est
2977 1802 3031 1848 et
3059 1795 3410 1850 continuatus
3439 1805 3522 1851 est
3547 1796 3598 1850 in
3631 1807 3791 1851 :cter-

2226 1899 2372 1937 num.
2401 1883 2441 1938 tl
2474 1882 2638 1952 Cujus
2681 1893 2920 1954 potestas
2955 1885 3091 1940 cmlo
3131 1896 3394 1957 terraeque
3426 1888 3676 1957 imperat,
3709 1889 3794 1943 cui

2223 1986 2385 2027 omne
2418 1988 2555 2043 genu
2602 1972 2839 2029 ﬂectitur
2863 1975 3187 2044 caelestium,
3221 1979 3585 2046 terrestrium,
3623 1990 3678 2033 et
3717 1980 3796 2034 in-

2226 2061 2502 2116 feruerunt
2535 2061 2755 2133 (Philip.
2792 2065 2874 2122 ιι).

2226 2151 2292 2206 M
2363 2152 2677 2208 Beneatctus
2707 2153 2961 2210 Dominus
2991 2155 3130 2211 Deus
3152 2155 3318 2212 Israe.

2361 2245 2406 2298 Α
2447 2244 2638 2300 swculo
2669 2256 2717 2300 et
2747 2248 2800 2301 in
2827 2248 3077 2302 sa’culum
3101 2265 3120 2304 :
3141 2250 3234 2319 ﬁat
3261 2251 3354 2318 [iat
3383 2267 3404 2306 :

2291 2336 2332 2392 C
2379 2337 2638 2393 Dominus
2683 2349 2861 2394 autem
2911 2340 3228 2397 benedictus
3275 2352 3380 2407 est,
3412 2350 3467 2398 et
3509 2343 3554 2399 si
3607 2359 3796 2400 omnes

2213 2436 2422 2494 tacent,
2463 2428 2586 2500 quia
2629 2428 2717 2484 ille
2757 2443 2916 2482 omne
2949 2430 3145 2484 bonunt
3174 2447 3280 2486 non
3324 2441 3577 2502 tanquam
3607 2444 3796 2488 extra-

2221 2535 2380 2574 neum
2409 2519 2649 2588 suscipit,
2682 2521 2773 2574 sed
2799 2521 2866 2575 ab
2892 2521 3007 2596 ipso
3029 2521 3321 2591 egreditur.
3347 2523 3392 2577 Α
3415 2523 3631 2586 saeculo,
3654 2540 3792 2594 pra:-

2221 2623 2430 2669 sentcm
2460 2615 2718 2667 mundum
2748 2615 2956 2681 signat;
2988 2624 3043 2670 et
3067 2630 3236 2684 usque
3269 2615 3320 2669 in
3347 2617 3604 2670 smeulum
3641 2617 3790 2672 futu-

2214 2722 2341 2760 rum
2373 2705 2487 2758 vult
2517 2704 2764 2774 intelligi,
2797 2704 3010 2774 ubijam
3037 2707 3217 2761 omnia
3242 2717 3441 2762 telerna
3466 2709 3790 2762 consistunt.

2222 2795 2268 2851 ll
2309 2795 2470 2850 Addit
2504 2813 2517 2848 :
2565 2793 2688 2849 Fiat
2726 2793 2837 2864 ﬁat,
2884 2797 2985 2851 hoc
3007 2805 3095 2852 est
3133 2798 3276 2868 quod
3318 2799 3524 2854 llcbrati
3557 2800 3746 2854 dicunt
3779 2819 3790 2853 :

2221 2884 2412 2948 Amen,
2445 2898 2625 2938 amen.

2703 2991 2900 3034 οιιιιετιο
2931 2995 3002 3033 εκ
3041 2996 3185 3035 Ρελι.
3225 2997 3313 3037 η.

2060 3057 2086 3083 ⁸
2143 3036 2192 3098 C
2297 3070 2614 3123 Nostrorum
2665 3071 3034 3139 peccaminum
3076 3072 3222 3127 mitis
3270 3071 3527 3137 indultor,
3577 3075 3672 3144 qui
3719 3074 3795 3129 di-

2215 3168 2452 3228 gnanter
2497 3157 2737 3212 insinuas
2765 3156 2999 3228 effugere
3029 3159 3169 3212 diem
3217 3161 3439 3226 malum,
3486 3163 3530 3216 si
3580 3165 3793 3220 miseri-

2221 3250 2406 3306 cordia
2445 3249 2808 3319 subscquatur
2848 3265 3098 3320 egenum,
3130 3250 3210 3305 fer
3237 3267 3412 3321 opem,
3435 3268 3794 3321 .qutcsumns,

2223 3339 2496 3394 doloribus
2527 3341 2749 3408 nostris,
2789 3349 2845 3394 ut
2888 3341 3012 3396 dum
3050 3341 3284 3396 carnalia
3317 3342 3510 3397 deiicta
3557 3344 3796 3398 clemen-

2224 3439 2306 3484 ter
2374 3431 2578 3500 arguis,
2641 3431 2962 3485 medicinam
3023 3431 3216 3487 anima:
3279 3433 3652 3502 placabiliter‘
3692 3437 3796 3490 lar-

2223 3524 2408 3594 gioris.
2458 3523 2564 3579 Per
2615 3525 2905 3580 Dominum
2956 3533 3200 3580 nostrum
3244 3523 3426 3581 Iesum
3471 3527 3794 3595 Christum,

2223 3625 2332 3672 ω’
2758 3686 3076 3745 ιδεειιλιιυε
3128 3689 3258 3744 xu.

2663 3796 3025 3836 ARGUIIENTUM
3064 3797 3208 3836 PSM...
3250 3797 3359 3836 XLI.

2293 3891 2338 3946 ll
2367 3892 2476 3948 Vox
2523 3891 2759 3946 ﬁdelium
2787 3891 3070 3946 Dominum
3113 3890 3558 3955 desiderantium,
3598 3891 3640 3945 C
3683 3891 3795 3945 ani-

2223 3996 2432 4052 maeque
2458 3998 2566 4037 sua:
2595 3983 2910 4046 dicentium,
2941 3996 3010 4036 ne
3053 3982 3162 4038 Deo
3193 3981 3434 4052 adjutore
3475 3981 3529 4036 itt
3564 3983 3670 4039 ltoc
3699 3998 3795 4038 sa:-

2222 4075 2345 4132 culo
2373 4077 2638 4130 turbetur.

2365 4167 2476 4222 TT.
2513 4165 2577 4220 In
2603 4166 2756 4235 ﬁnem
2783 4166 3072 4220 iu'ellcctus
3095 4167 3220 4234 ﬁliis
3247 4163 3398 4220 Core.
3445 4225 3458 4236 _

2292 4259 2333 4314 C
2383 4260 2533 4314 Filiis
2577 4259 2732 4314 Core.
2785 4259 2922 4314 Core
2971 4259 3236 4313 llebraice
3293 4259 3493 4314 dicitur
3538 4257 3794 4312 calvaria.

2223 4347 2470 4402 Calvaria
2497 4363 2624 4402 vero
2647 4348 2794 4402 locus
2824 4357 2906 4402 est
2931 4349 3022 4402 ttbi
3056 4348 3313 4402 Dominus
3356 4347 3658 4403 crucifixus
3692 4357 3793 4403 est.

2222 4437 2560 4506 Quapropter
2583 4437 2672 4491 [ἰιῆ
2707 4437 2842 4492 Core
2869 4440 3062 4493 merito
3089 4439 3342 4494 dicuntur
3373 4437 3460 4508 qui
3493 4437 3793 4508 gloriosum

2223 4527 2520 4595 tropharum
2557 4527 2790 4586 caelestis
2835 4529 3001 4595 regis,
3037 4529 3087 4581 id
3120 4539 3205 4582 est
3232 4527 3568 4595 signaculum
3619 4530 3802 4583 crucis

2221 4616 2496 4684 suscipere
2543 4628 2876 4671 meruerunt.
2911 4617 2978 4671 Et
3023 4617 3145 4672 ideo
3190 4617 3429 4686 psalmus
3469 4616 3558 4671 hic
3589 4618 3801 4672 homini

2222 4708 2476 4762 convenit
2513 4708 2844 4773 Christiano,
2892 4708 2984 4778 qui
3027 4724 3211 4762 amore
3251 4707 3462 4762 Domini
3493 4717 3547 4762 et
3580 4709 3802 4763 ﬂamma

2236 4796 2525 4852 Dominica:
2575 4799 2856 4853 charitatis
2908 4800 3242 4861 accenditur,
3296 4798 3364 4853 de
3425 4814 3530 4869 qua
3592 4813 3652 4854 re
3716 4800 3804 4858 bir-

2233 4888 2438 4956 primus
2481 4888 2715 4957 psalmus
2758 4897 2860 4954 est,
2907 4905 3067 4957 quem
3097 4889 3460 4960 octogesimus
3501 4890 3702 4945 tertius
3751 4898 3794 4946 et

2232 4977 2560 5032 centesimus
2589 4977 2896 5032 tricesimus
2930 4979 3122 5032 tertius
3152 4978 3514 5047 subsequitur.

2267 5069 2293 5121 1
2372 5066 2824 5134 Quemadmodum
2849 5069 3107 5124 desiderat
3129 5087 3306 5124 cervus
3348 5070 3417 5123 ad
3442 5069 3614 5138 fontes
3637 5087 3776 5140 aqua

2441 5174 2553 5210 rum
2577 5173 2596 5212 ἔ

2370 5246 2456 5300 Ita
2484 5248 2742 5301 desiderat
2768 5251 2945 5302 anima
2968 5267 3082 5304 mea
3110 5251 3180 5304 ad
3205 5261 3272 5315 te,
3310 5250 3466 5304 Deus.

2300 5337 2339 5370 l‘
2377 5337 2833 5370 nnnlnnt‘mn.‘nnn
2859 5339 3124 5370 Αηοῖιιηιηιι
3154 5356 3342 5370 ’.Δίνην-ιιι
3392 5355 3496 5370 ..Λ-ι
3531 5341 3803 5370 ἕνην-Λ-ἶιη
