4000 5370
214 418 315 478 ΓΠ

1394 406 1759 465 EXPOSITIO
1796 404 2240 462 PSALMORUM.

3348 401 3451 462 {-78

208 527 372 592 verit,
402 531 663 581 aestuante
709 536 920 577 veneno
968 519 1034 575 ad
1081 517 1282 575 fontem
1330 519 1570 573 festinat.
1600 516 1641 573 C
1667 515 1779 572 Hoc
1807 523 1858 580 Α
1918 510 1952 568 6
2026 513 2203 580 Quare
2231 513 2395 569 tristis
2420 530 2473 569 es
2501 513 2677 570 anima
2705 514 2858 569 mea?

209 635 306 674 uos
333 618 610 680 admonet,
652 623 711 669 ut
739 612 955 685 quando
1003 626 1205 667 venena
1247 609 1527 664 haurimus
1571 606 1780 677 antiqui

207 709 495 780 serpentis,
513 706 581 761 ad
603 705 804 761 fontem
827 705 1018 760 divina:
1039 702 1420 759 misericordiae
1446 700 1778 756 festinemus.

209 801 352 857 Fons
378 799 522 854 enim
552 811 767 868 semper
795 794 1032 867 irriguus
1073 805 1157 850 est
1182 792 1461 859 Christus;
1491 793 1634 847 unde
1673 807 1781 847 non

208 889 344 945 dixit
387 888 455 941 ad
503 884 726 950 ﬂuenta,
754 884 878 954 quia
925 883 1119 939 siccari
1169 893 1419 952 pos-amt;
1451 880 1573 936 fons
1602 894 1780 936 autem

206 994 420 1049 semper
465 977 606 1032 ﬂuit.
656 975 700 1031 ll
754 976 924 1031 Homo
970 990 1100 1046 ergo
1149 974 1423 1039 Ecclesia,
1456 974 1546 1043 qui
1584 973 1674 1028 diu
1726 973 1781 1027 in

204 1079 323 1126 actu
355 1083 633 1125 vcnenoso
660 1068 907 1138 degebat,
939 1081 1061 1121 cum
1090 1064 1229 1119 hunc
1256 1063 1429 1136 gratia
1464 1062 1557 1117 Dei
1590 1062 1779 1118 videns

205 1162 592 1233 derelinquere
619 1160 785 1228 cupit,
817 1158 1034 1224 clamat,
1070 1157 1540 1228 quemadmodum,
1573 1163 1703 1221 ctc.,
1727 1162 1788 1210 ut

203 1253 540 1327 paenitentia.
559 1252 792 1319 ablutus,
819 1250 1044 1322 gloriam
1075 1249 1171 1304 Dei
1199 1248 1409 1304 videat-

235 1364 274 1421 2
343 1366 531 1423 Sitivit
548 1367 724 1421 anima
747 1381 936 1422 mea-t—
957 1366 1028 1420 ad
1058 1364 1076 1435 ζ
1112 1366 1536 1436 Deumeortern
1553 1384 1566 1420 :
1584 1366 1789 1422 uiuum:

348 1458 584 1524 Quando
610 1459 811 1512 veniam
839 1466 886 1512 et
917 1460 1174 1527 apparebo
1193 1468 1313 1512 ante
1333 1457 1521 1527 facient
1545 1457 1685 1513 Dei!

273 1548 319 1605 il
348 1549 539 1605 Sitivit
565 1550 741 1603 anima
790 1564 930 1613 mea,
962 1564 1066 1603 non
1113 1548 1180 1603 ad
1223 1556 1433 1603 mortua
1473 1548 1785 1614 simulacra,

206 1641 300 1697 sed
350 1641 423 1696 ad
469 1640 618 1696 illum
670 1640 761 1711 qui
817 1640 994 1695 dixit:
1027 1638 1159 1694 Vivo
1207 1654 1307 1711 ego
1350 1639 1481 1696 dicit
1526 1639 1797 1695 Dominus

206 1729 427 1802 (Each.
454 1729 676 1800 χχχιιι).
708 1729 768 1785 C.
795 1728 1023 1797 Quando
1051 1732 1284 1794 veniam,
1316 1729 1440 1800 quia
1463 1738 1590 1787 tunc
1616 1729 1793 1787 mani-

207 1822 382 1880 festus
409 1822 714 1895 apparebit,
740 1823 957 1892 quando
999 1839 1100 1878 nos
1131 1823 1184 1878 in
1206 1820 1414 1891 judicio
1441 1822 1787 1877 sue‘tniseri-

207 1912 787 1984 cnrditeriuspexerit.
821 1912 865 1968 ll
910 1913 1006 1969 Vel
1035 1913 1250 1981 quando
1288 1913 1524 1976 veniam,
1569 1910 1786 1982 quando

207 2020 238 2059 e
267 2007 313 2060 it
336 2014 566 2076 tempus.
588 2016 649 2059 ut
668 2020 793 2060 cum
820 2004 1021 2058 sanctis
1041 2003 1093 2057 in
1110 2003 1359 2057 claritate
1388 2011 1476 2056 tua
1501 2011 1553 2056 te
1577 2001 1788 2057 videam

209 2096 393 2166 (Joan.
431 2095 537 2168 ιιι),
559 2104 614 2151 et
639 2095 712 2149 ita
748 2103 875 2150 ante
903 2103 1252 2165 conspectum
1285 2093 1583 2149 divinitatis
1627 2108 1792 2163 appa-

209 2188 362 2252 rebo,
396 2194 447 2243 te
476 2188 667 2242 videns
703 2185 861 2241 sicuti
890 2185 1127 2254 es,quia
1157 2183 1398 2240 Ecclesia
1429 2182 1543 2238 vult
1571 2181 1793 2239 dissolvi

211 2292 242 2330 a
268 2285 520 2346 corpore.
546 2286 750 2332 etesse
772 2290 893 2330 cum
920 2276 1133 2331 Christo
1157 2272 1380 2346 (Philip.
1408 2273 1473 2346 ι).

243 2388 280 2442 3
354 2383 593 2440 Fuerunt
617 2385 757 2440 mihi
779 2385 1027 2455 lacrgmte
1054 2400 1182 2440 ιιιεω
1202 2400 1362 2455 panes
1385 2383 1472 2438 die
1496 2399 1563 2438 ac
1600 2391 1749 2437 nocte
1772 2395 1795 2435 :

357 2477 494 2531 Dum
519 2476 717 2531 dicitur
737 2475 865 2529 mihi
888 2475 1149 2547 quotidie:
1169 2473 1267 2529 Ubi
1287 2484 1362 2529 est
1389 2474 1529 2529 Deus
1556 2483 1678 2528 tuus
1700 2474 1730 2527 ζ

283 2569 333 2625 ιι
362 2568 644 2637 Quomodo
660 2576 845 2639 potest
863 2566 933 2622 de
956 2565 1213 2639 hcrymis
1238 2567 1395 2637 panis
1416 2564 1568 2620 ﬁeri!
1595 2572 1793 2636 potest,

215 2664 342 2733 quia
369 2663 515 2717 sicut
544 2676 739 2732 corpus
763 2660 994 2716 satiatur
1020 2674 1180 2731 pane,
1198 2660 1272 2715 ita
1298 2659 1478 2714 anima
1503 2672 1602 2729 per
1621 2656 1797 2729 Lory-

217 2770 354 2820 mas,
380 2752 509 2825 quia
531 2755 727 2811 eximie
751 2768 811 2810 se
836 2754 1036 2810 habere
1065 2763 1251 2824 sperat
1274 2752 1647 2809 remissionem
1671 2766 1799 2821 pec-

213 2848 489 2901 catorum.
519 2844 561 2901 C
605 2843 782 2912 Diem,
813 2844 1261 2915 prosperitatem;
1307 2852 1518 2899 noctem
1550 2856 1682 2897 vero
1705 2842 1798 2897 de-

220 2937 417 2995 bemus
442 2938 694 3008 accipere
715 2937 1017 2993 tristitiam.
1050 2935 1155 2993 Per
1189 2937 1304 2992 hate
1330 2936 1437 2992 duo
1467 2948 1629 2990 omne
1658 2942 1798 2988 tem-

218 3043 321 3099 pus
345 3027 507 3097 hujus
533 3028 658 3083 vitae
692 3027 983 3084 indicatur.
1030 3026 1167 3082 Dum
1195 3025 1326 3083 dicit
1362 3025 1492 3080 mihi
1533 3023 1795 3095 quotidie,

221 3122 323 3178 hoc
349 3121 496 3177 enim
540 3119 822 3176 dicebatur
859 3119 1075 3176 assidue
1117 3118 1514 3190 persecutionis
1559 3127 1799 3186 tempore

2022 602 2091 657 Et
2112 619 2273 674 quare
2298 603 2576 679 conturbas
2601 603 2721 659 me?

1951 716 1993 773 C
2019 716 2282 808 Loquitur
2308 716 2448 773 ﬁlius
2473 716 2632 808 flore,
2663 717 2717 774 id
2728 726 2828 808 .est
2856 717 3007 808 illius
3028 715 3229 783 crucis,
3261 716 3450 773 dicens

1881 804 1949 861 ad
1978 806 2221 875 animam
2243 821 2399 863 suam
2426 805 2636 876 :Quare
2661 804 2831 864 tristis
2856 822 2935 874 es,
2958 805 3010 863 id
3040 815 3145 873 est,
3167 820 3337 877 quare
3365 820 3451 860 me

1886 906 1975 955 tua
2023 896 2313 955 afﬂictione
2349 900 2677 956 conturbas!
2726 915 2946 957 necesse
2978 906 3067 955 est
3097 899 3261 962 enim,
3310 905 3370 952 ut
3398 905 3452 952 te

1884 989 2054 1044 tristis
2077 1004 2140 1045 ac
2178 998 2392 1057 mmsta,
2433 990 2723 1047 infirmitas
2749 991 2994 1065 corporis
3032 990 3139 1047 mei
3187 989 3451 1056 turbetur,

1883 1080 2059 1137 dicam
2095 1081 2190 1138 tibi
2220 1082 2457 1139 salutare
2484 1083 2779 1140 remedium
2808 1099 2818 1109 ·

1919 1217 1951 1268 7
2024 1214 2191 1284 Spera
2213 1216 2269 1270 in
2294 1215 2403 1270 Deo
2436 1214 2930 1287 ququiamXadhac
2960 1218 2985 1289 ζ
3010 1214 3297 1271 confitebor
3322 1211 3405 1267 illi
3438 1227 3455 1267 :

2027 1303 2276 1362 Salutare
2303 1304 2476 1361 uultus
2508 1307 2609 1361 mei
2631 1315 2679 1360 et
2703 1306 2841 1361 Deus
2866 1323 3033 1362 meus.

1917 1416 1952 1472 8
2024 1413 2107 1471 Ad
2134 1416 2384 1480 meipsum
2413 1414 2735 1469 anima'mea
2765 1415 3074 1468 conturbata
3095 1423 3169 1469 est
3195 1427 3215 1466 :

2027 1505 2311 1578 Pr0pterea
2354 1524 2552 1562 memor
2590 1525 2679 1562 ero
2723 1509 2801 1562 tui
2843 1508 2906 1563 de
2935 1517 3074 1563 terra
3128 1506 3383 1563 Iordanis
3414 1515 3461 1560 et

2034 1596 2340 1653 Hermenius
2364 1614 2395 1651 a
2426 1608 2599 1653 monte
2622 1600 2849 1653 modica.

1956 1688 1999 1744 C
2027 1688 2195 1759 Spera
2231 1690 2284 1743 in
2318 1683 2456 1755 Deo,
2500 1690 2629 1759 quia
2654 1705 2777 1761 spes
2819 1690 2935 1761 ejus
2960 1705 3142 1746 omn.a
3171 1696 3464 1744 commutat

1887 1794 1944 1833 tu
1975 1779 2186 1835 melius.
2234 1778 2310 1836 Ne
2352 1780 2492 1836 forte
2527 1790 2708 1835 autem
2750 1781 2895 1836 dicat
2941 1781 3120 1835 anima
3147 1778 3463 1847 :Qnomodo

1817 1855 1860 1917 Β
1890 1886 2109 1942 possum
2150 1886 2370 1943 sperare
2400 1872 2454 1927 in
2501 1888 2645 1938 eum,
2680 1874 2805 1928 dum
2840 1873 2969 1928 milii
3019 1888 3138 1928 mea
3181 1872 3466 1926 infirmitas

1887 1962 2142 2018 obsistit?
2189 1962 2329 2019 Dicit
2368 1963 2538 2018 Filius
2581 1962 2781 2027 crucis,
2815 1963 2867 2018 id
2908 1971 3013 2028 est,
3044 1962 3207 2017 homo
3245 1977 3463 2016 carnem

1890 2053 2217 2123 cruciﬁgens
2256 2068 2378 2109 cum
2426 2054 2572 2109 vitiis
2618 2062 2670 2109 et
2702 2053 3157 2124 concupiscentiis
3189 2051 3332 2125 (Gal.
3372 2053 3459 2122 v);

1891 2145 2266 2215 reSpomlendo
2306 2147 2499 2200 anima:
2538 2161 2668 2201 suae.
2711 2144 3021 2201 Conﬁtebor
3048 2146 3146 2209 illi,
3182 2146 3233 2200 id
3264 2153 3366 2209 est,
3397 2145 3465 2199 de

1891 2237 2129 2306 peccatis
2172 2237 2306 2293 meis
2345 2237 2715 2307 paenitentiam
2756 2252 2939 2307 geram
2969 2245 3026 2290 ut
3058 2237 3132 2290 tui
3182 2236 3475 2291 devotione

1894 2327 2141 2397 impediri
2171 2343 2277 2383 neu
2306 2329 2527 2396 possim.
2557 2327 2662 2383 Sed
2689 2325 3113 2383 cuiconliteris:
3148 2326 3223 2381 Illi
3252 2327 3346 2397 qui
3374 2337 3463 2381 cst

1894 2418 2130 2474 salutare
2159 2416 2335 2472 vultus
2365 2418 2490 2479 mei,
2516 2418 2617 2472 hoc
2645 2426 2725 2472 est
2755 2417 3023 2472 Christus.

1966 2507 2032 2561 Η.
2072 2506 2364 2562 Turbatam
2404 2507 2532 2561 dicit
2563 2507 2798 2562 animam
2830 2522 2981 2561 suam
3021 2506 3090 2561 ob
3129 2507 3463 2561 recordatio-

1900 2611 2021 2652 nem
2053 2597 2369 2653 delictorum
2397 2596 2659 2667 priorum.
2691 2598 2979 2666 I‘ropterca
3006 2581 3212 2655 utemdr
3242 2611 3337 2651 ero
3370 2597 3466 2651 tui.

1899 2687 1943 2743 ll
1984 2688 2190 2744 Memor
2227 2687 2328 2742 fuit
2365 2688 2559 2742 animae
2591 2702 2700 2742 sua:
2732 2686 2834 2742 iste
2865 2687 3135 2758 paenitens
3167 2687 3220 2741 iu
3246 2687 3467 2742 humili-

1899 2788 2012 2835 tate
2057 2778 2414 2850 pmnitentim,
2458 2788 2524 2833 eL
2561 2792 2667 2832 non
2721 2793 2779 2833 se
2825 2777 3001 2832 elevat
3053 2792 3305 2853 magnum
3362 2776 3475 2846 glo-

1900 2869 2119 2935 riando,
2175 2868 2270 2924 sed
2317 2868 2478 2924 ellicit
2522 2869 2804 2939 parvulum
2863 2869 3197 2939 pmnitcudo.
3237 2868 3277 2923 C
3334 2867 3477 2922 Dicit

1899 2961 2064 3015 etiam
2092 2961 2234 3016 unde
2271 2975 2477 3016 memor
2520 2962 2646 3026 erit,
2695 2963 2746 3015 id
2792 2969 2876 3016 est
2919 2962 2985 3016 de
3027 2972 3169 3016 terra
3197 2960 3471 3025 Jordanis,

1900 3052 2043 3123 quod
2088 3053 2477 3135 interpretatur
2518 3054 2805 3117 descensio,
2834 3053 2960 3124 quia
2989 3053 3059 3108 ibi
3089 3054 3347 3109 Dominus
3378 3054 3474 3109 de-

1904 3142 2195 3215 scendit‘in
2222 3144 2442 3207 fontem,
2471 3159 2631 3214 quem
2661 3143 2817 3201 nolis
2842 3145 3201 3210 consecravit,
3229 3155 3277 3201 et
3311 3146 3477 3214 signi-

226 3213 553 3269 Cbristianis
588 3230 603 3266 :
634 3211 749 3267 Non
801 3221 890 3268 est
942 3212 1035 3283 qui
1078 3226 1174 3267 vos
1218 3210 1486 3276 vindicet;
1540 3209 1795 3266 sustinete

1908 3209 2041 3287 aea
2082 3232 2408 3304 baptismum
2450 3209 2505 3289 in
2541 3249 2647 3305 quo
2676 3243 2895 3306 peccata
2932 3237 3156 3291 remissa
3187 3209 3332 3291 sunt.
3361 3209 3478 3291 lle-

222 3322 341 3376 qua
369 3306 639 3375 volumus,
668 3320 789 3376 qua:
802 3303 1077 3375 iubemus,
1097 3302 1345 3359 etvidete
1372 3317 1440 3356 an
1466 3301 1605 3357 Deus
1624 3308 1803 3355 vester

224 3414 318 3454 vos
346 3389 559 3454 liberet.

259 3487 291 3544 4
363 3488 495 3544 Ηατ
542 3489 848 3545 recordatus
889 3496 1093 3545 suntet
1135 3489 1305 3558 eﬂ'udi
1344 3488 1399 3542 in
1449 3503 1530 3542 me
1572 3485 1803 3540 animum

431 3594 687 3635 meum:

372 3672 638 3738 Quoniam
667 3670 905 3727 transibo
934 3672 992 3725 in
1017 3669 1192 3726 locum
1214 3667 1543 3725 tabernaculi
1568 3666 1804 3722 admira-

436 3760 555 3816 bilis
576 3777 738 3834 usque
762 3762 834 3816 ad
862 3762 1075 3817 domum
1104 3760 1221 3815 Dei.

293 3879 335 3928 ιι
363 3873 497 3928 Dum
527 3874 643 3930 haec
667 3889 791 3945 qua:
838 3873 1280 3945 improperabant
1328 3871 1480 3937 mihi,
1511 3870 1591 3926 vel
1638 3869 1803 3925 etiam

228 3978 343 4033 qua:
374 3962 504 4017 mihi
542 3962 947 4033 imputabantur
979 3962 1176 4019 delicta
1204 3960 1520 4033 cogitarem,
1567 3960 1802 4014 animam

229 4067 401 4108 meam
440 4054 494 4108 in
522 4053 795 4124 lacrymas
822 4053 999 4108 subita
1028 4051 1397 4109 inundatione
1410 4050 1641 4121 profudi.
1676 4050 1809 4104 Ani-

230 4159 312 4200 ma
341 4147 394 4201 in
425 4161 485 4202 se
512 4144 777 4211 funditur,
804 4145 1053 4230 qgotiens
1075 4152 1398 4215 compuncta
1428 4142 1685 4197 instinctu
1709 4141 1804 4196 Dei

230 4236 284 4291 in
311 4236 656 4307 semetipsum
694 4236 1007 4291 revertitur.
1039 4236 1297 4307 Sequitur
1325 4250 1426 4290 cur
1448 4249 1507 4289 se
1534 4233 1803 4299 funderet,

231 4328 482 4398 quoniam
530 4327 942 4398 ingrediebatur
977 4328 1051 4382 in.
1080 4327 1273 4383 locum.
1308 4323 1666 4389 tabernaculi,
1703 4325 1827 4380 hoc

229 4429 308 4475 est
334 4420 388 4475 in
416 4419 715 4476 Ecclesium
749 4428 1097 4490 praesentem,
1127 4418 1217 4473 ubi
1264 4416 1493 4486 amplius
1516 4416 1803 4487 gemebat;

231 4509 427 4566 dillerri
457 4511 634 4567 adhuc
660 4508 808 4565 illam
843 4509 1118 4572 caelestem
1161 4507 1516 4564 Hierusalem.
1549 4505 1593 4561 H
1616 4507 1674 4561 iu
1699 4520 1806 4577 qua

232 4612 355 4659 stmt
397 4603 551 4657 multi
598 4600 975 4666 admirabiles,
1003 4600 1487 4656 virtutibussacris
1523 4600 1808 4671 pollentes,

234 4696 318 4765 qui
352 4694 603 4750 aediﬁcati
636 4709 805 4763 supra
838 4692 1243 4749 fundamentum
1276 4692 1639 4762 apostolorum
1671 4701 1811 4747 tam-

232 4798 385 4854 quam
402 4800 507 4838 uua
523 4784 744 4848 domus,
759 4783 1048 4848 habeatur,
1064 4784 1118 4837 in
1141 4798 1302 4854 quam
1318 4782 1423 4838 iste
1441 4793 1622 4841 mente
1635 4785 1815 4855 ingre-

233 4875 399 4943 diens,
427 4875 617 4933 cll'udit
647 4875 914 4930 animam.
1028 4870 1033 4875 ’

267 5000 300 5057 5
370 4998 438 5054 In
464 5016 585 5055 voce
605 4996 978 5053 exsultationis
1005 5006 1054 5052 et
1075 4995 1414 5068 confessionis
1439 5008 1459 5049 .'

366 5094 545 5146 Sonus
569 5088 869 5146 cantantis.

1905 3339 2024 3380 mor
2071 3333 2159 3380 est
2210 3324 2376 3396 igitur
2423 3326 2658 3389 Domini,
2712 3328 2778 3382 de
2813 3326 3076 3382 beneﬁcio
3126 3327 3374 3397 baptismi
3421 3336 3477 3382 et

1905 3416 2306 3473 renuutiatioue
2350 3416 2581 3484 diaboli;
2612 3418 2754 3473 unde
2800 3418 2993 3472 addit:
3037 3427 3090 3473 et
3134 3417 3472 3473 Ilermonim.

1906 3509 2139 3565 llermon
2160 3525 2357 3580 parvus
2397 3519 2480 3566 est
2522 3525 2676 3566 mons
2697 3511 2850 3583 juxta
2883 3509 3193 3576 Jordanem,
3228 3521 3282 3567 et
3310 3510 3479 3566 inter-

1902 3613 2150 3674 pretatut'
2206 3608 2525 3670 anathema,
2572 3605 2715 3674 quod
2762 3603 2895 3658 dicit
2941 3604 3046 3659 hoc
3101 3601 3355 3667 diabolo,
3421 3613 3482 3662 ut

1904 3699 1975 3753 sit
2015 3697 2085 3752 ab
2126 3711 2191 3753 eo
2236 3698 2549 3763 anathema,
2580 3698 2796 3766 quando
2824 3696 2890 3750 ad
2921 3696 3084 3751 Deum
3116 3695 3326 3750 venerit
3349 3711 3479 3749 vera

1904 3790 2242 3858 poenitentia.
2287 3787 2332 3843 Α
2377 3797 2559 3844 monte
2588 3788 2843 3856 modico,.
2864 3789 2987 3858 quia
3020 3787 3160 3844 Deus
3191 3802 3293 3841 non
3320 3787 3482 3856 elegit

1905 3883 2200 3951 superbum
2238 3879 2333 3935 sed
2381 3879 2658 3934 humilem.
2701 3878 2743 3933 A
2793 3888 2974 3934 monte
3027 3879 3190 3948 igitur
3242 3878 3477 3939 modico.

1905 3971 2001 4040 qui
2028 3978 2113 4024 est
2143 3969 2479 4029 llertnonim.
2527 3983 2736 4023 memor
2771 3978 2855 4024 est
2896 3968 3129 4034 Domini,
3160 3968 3248 4037 qui
3283 3982 3340 4022 se
3374 3982 3478 4019 non

1905 4060 2114 4116 extollit

1940 4177 1973 4232 9
2046 4175 2276 4246 Myssus
2307 4187 2636 4243 aoyssumat—
2670 4172 2723 4227 in
2755 4171 3003 4241 :rocat.‘

2047 4263 2114 4318 In
2146 4279 2265 4321 voce
2294 4272 2679 4319 cataractarum
2697 4270 2928 4314 tuarum.

1978 4373 2021 4430 C
2056 4373 2300 4443 Abyssus
2334 4382 2390 4426 et
2425 4379 2714 4427 cataracta:
2738 4369 2927 4427 Graeca
2959 4378 3106 4427 sunt.
3132 4369 3177 4425 A
3198 4370 3241 4426 C
3269 4370 3484 4425 Duabus

1908 4465 2053 4522 enim
2081 4463 2292 4535 abyssis
2331 4464 2436 4518 duo
2466 4460 2810 4519 Testamenta
2858 4460 3253 4532 significantur,
3307 4460 3357 4514 id
3403 4466 3490 4514 est

1839 4575 1885 4634 ι)
1912 4558 2118 4614 Novum
2148 4567 2203 4612 et
2238 4558 2427 4616 Vetus.
2457 4569 2576 4626 quae
2602 4569 2662 4611 se
2689 4563 2874 4609 mutua
2910 4554 3260 4609 attestatione
3290 4549 3490 4606 contir-

1913 4657 2087 4714 mant,
2115 4648 2333 4718 quando
2363 4646 2528 4703 Vetus
2554 4645 2760 4702 Novum
2789 4643 3051 4714 praedicit.
3086 4642 3131 4696 ll
3175 4640 3246 4696 Ut
3271 4640 3345 4696 ibi
3367 4653 3491 4710 pro.

1914 4739 2134 4811 phetam
2168 4738 2323 4794 vobis
2359 4736 2643 4792 suscitabit
2673 4735 2934 4790 Dominus
2962 4733 3141 4805 (Deut.
3172 4731 3356 4802 xvtu).
3385 4728 3494 4784 No-

1915 4846 2041 4887 vum
2071 4844 2199 4885 vero
2230 4829 2399 4885 Vetus
2429 4834 2847 4891 commemorat,
2892 4832 2955 4879 ιιι
2978 4822 3197 4880 Paulus.
3228 4821 3493 4876 Bibebaut

1919 4932 2099 4979 autem
2123 4922 2188 4977 de
2209 4934 2392 4993 petra,
2421 4929 2568 4988 petra
2596 4929 2708 4973 erat
2724 4917 2961 4973 Christus
2991 4913 3042 4987 (ι
3067 4911 3190 4987 Cor.
3218 4921 3300 4979 Χ).
3329 4911 3370 4966 C
3400 4909 3494 4962 Ca-

1920 5023 2138 5071 taractae
2173 5015 2453 5085 prophetae
2494 5020 2551 5066 et
2587 5010 2817 5084 apostoli
2855 5016 3005 5073 sunt,
3028 5005 3153 5077 quia
3176 5003 3317 5059 sicut
3341 5012 3501 5068 aqua-

1914 5120 2034 5146 num
2084 5104 2379 5146 mnltitmln
2407 5115 2505 5146 nm-
2534 5110 2842 5146 enmraMas
2878 5097 3167 5146 evomitur.
3210 5092 3289 5146 ita
3315 5092 3380 5146 de
3406 5102 3502 5144 ore
