  <div class='ocr_page' id='page_1' title='image "/cluster/home/n/w/nwhite01/storage/ocr_20150623/142/hvd.32044015471808/095.png"; bbox 0 0 4000 5370; ppageno 0'>
   <div class='ocr_carea' id='block_1_1' title="bbox 503 130 611 190">
    <p class='ocr_par' dir='ltr' id='par_1_1' title="bbox 503 130 611 190">
     <span class='ocr_line' id='line_1_1' title="bbox 503 130 611 190; baseline 0.056 -6"><span class='ocrx_word' id='word_1_1' title='bbox 503 130 611 190; x_wconf 70' lang='grc' dir='ltr'><strong>1ἶ9</strong></span> 
     </span>
    </p>
   </div>
   <div class='ocr_carea' id='block_1_2' title="bbox 1417 132 2781 217">
    <p class='ocr_par' dir='ltr' id='par_1_2' title="bbox 1417 132 2781 217">
     <span class='ocr_line' id='line_1_2' title="bbox 1417 132 2781 217; baseline 0.002 -29"><span class='ocrx_word' id='word_1_2' title='bbox 1417 133 1473 188; x_wconf 88' lang='lat' dir='ltr'><strong>S.</strong></span> <span class='ocrx_word' id='word_1_3' title='bbox 1515 132 1861 192; x_wconf 76' lang='lat' dir='ltr'><strong>BRUNONIS</strong></span> <span class='ocrx_word' id='word_1_4' title='bbox 1899 135 2441 217; x_wconf 78' lang='lat' dir='ltr'><strong>HERBIPOLENSIS</strong></span> <span class='ocrx_word' id='word_1_5' title='bbox 2476 135 2781 194; x_wconf 81' lang='lat' dir='ltr'><strong>EPISCOPI</strong></span> 
     </span>
    </p>
   </div>
   <div class='ocr_carea' id='block_1_3' title="bbox 3634 134 3735 193">
    <p class='ocr_par' dir='ltr' id='par_1_3' title="bbox 3634 134 3735 193">
     <span class='ocr_line' id='line_1_3' title="bbox 3634 134 3735 193; baseline 0.02 -2"><span class='ocrx_word' id='word_1_6' title='bbox 3634 134 3735 193; x_wconf 76' lang='lat'><strong>180</strong></span> 
     </span>
    </p>
   </div>
   <div class='ocr_carea' id='block_1_4' title="bbox 502 228 3732 323">
    <p class='ocr_par' dir='ltr' id='par_1_4' title="bbox 502 228 3732 323">
     <span class='ocr_line' id='line_1_4' title="bbox 502 228 3732 323; baseline 0 -24"><span class='ocrx_word' id='word_1_7' title='bbox 502 244 563 299; x_wconf 69' lang='lat' dir='ltr'><strong>tl</strong></span> <span class='ocrx_word' id='word_1_8' title='bbox 644 242 708 298; x_wconf 85' lang='lat' dir='ltr'><strong>In</strong></span> <span class='ocrx_word' id='word_1_9' title='bbox 738 243 833 313; x_wconf 43' lang='lat' dir='ltr'><strong>die.</strong></span> <span class='ocrx_word' id='word_1_10' title='bbox 861 241 1123 296; x_wconf 64' lang='lat' dir='ltr'><strong>mandarit</strong></span> <span class='ocrx_word' id='word_1_11' title='bbox 1154 240 1408 299; x_wconf 85' lang='lat' dir='ltr'><strong>Dominus</strong></span> <span class='ocrx_word' id='word_1_12' title='bbox 1434 228 1844 317; x_wconf 75' lang='lat' dir='ltr'><strong>misericordiam</strong></span> <span class='ocrx_word' id='word_1_13' title='bbox 1869 259 2061 301; x_wconf 84' lang='lat' dir='ltr'><strong>suam:</strong></span> <span class='ocrx_word' id='word_1_14' title='bbox 2089 262 2138 323; x_wconf 70' lang='grc' dir='ltr'><strong>Α</strong></span> <span class='ocrx_word' id='word_1_15' title='bbox 2235 245 2279 300; x_wconf 85' lang='lat' dir='ltr'><strong>H</strong></span> <span class='ocrx_word' id='word_1_16' title='bbox 2320 245 2486 317; x_wconf 84' lang='lat' dir='ltr'><strong>Spera</strong></span> <span class='ocrx_word' id='word_1_17' title='bbox 2529 247 2585 302; x_wconf 80' lang='lat' dir='ltr'><strong>in</strong></span> <span class='ocrx_word' id='word_1_18' title='bbox 2622 248 2763 316; x_wconf 85' lang='lat' dir='ltr'><strong>Deo,</strong></span> <span class='ocrx_word' id='word_1_19' title='bbox 2795 247 3052 320; x_wconf 81' lang='lat' dir='ltr'><strong>quoniam</strong></span> <span class='ocrx_word' id='word_1_20' title='bbox 3079 245 3253 302; x_wconf 89' lang='lat' dir='ltr'><strong>adhuc</strong></span> <span class='ocrx_word' id='word_1_21' title='bbox 3293 244 3595 303; x_wconf 87' lang='lat' dir='ltr'><strong>conﬁtebor</strong></span> <span class='ocrx_word' id='word_1_22' title='bbox 3634 245 3732 301; x_wconf 96' lang='lat' dir='ltr'><strong>illi.</strong></span> 
     </span>
    </p>
   </div>
   <div class='ocr_carea' id='block_1_5' title="bbox 644 333 1335 403">
    <p class='ocr_par' dir='ltr' id='par_1_5' title="bbox 644 333 1335 403">
     <span class='ocr_line' id='line_1_5' title="bbox 644 333 1335 403; baseline 0 -17"><span class='ocrx_word' id='word_1_23' title='bbox 644 334 712 387; x_wconf 79' lang='lat' dir='ltr'><strong>Et</strong></span> <span class='ocrx_word' id='word_1_24' title='bbox 748 342 895 387; x_wconf 78' lang='lat' dir='ltr'><strong>nocte</strong></span> <span class='ocrx_word' id='word_1_25' title='bbox 922 335 1180 387; x_wconf 86' lang='lat' dir='ltr'><strong>canticum</strong></span> <span class='ocrx_word' id='word_1_26' title='bbox 1202 333 1335 403; x_wconf 86' lang='lat' dir='ltr'><strong>ejus.</strong></span> 
     </span>
    </p>
   </div>
   <div class='ocr_carea' id='block_1_6' title="bbox 502 418 1669 492">
    <p class='ocr_par' dir='ltr' id='par_1_6' title="bbox 502 418 1669 492">
     <span class='ocr_line' id='line_1_6' title="bbox 502 418 1669 492; baseline 0.003 -15"><span class='ocrx_word' id='word_1_27' title='bbox 502 424 570 477; x_wconf 74' lang='grc'>12</span> <span class='ocrx_word' id='word_1_28' title='bbox 640 423 794 492; x_wconf 81' lang='lat' dir='ltr'><strong>Apud</strong></span> <span class='ocrx_word' id='word_1_29' title='bbox 817 439 896 476; x_wconf 86' lang='lat' dir='ltr'><strong>me</strong></span> <span class='ocrx_word' id='word_1_30' title='bbox 919 423 1088 476; x_wconf 88' lang='lat' dir='ltr'><strong>oratio</strong></span> <span class='ocrx_word' id='word_1_31' title='bbox 1116 422 1226 477; x_wconf 87' lang='lat' dir='ltr'><strong>Deo</strong></span> <span class='ocrx_word' id='word_1_32' title='bbox 1255 424 1371 479; x_wconf 71' lang='lat' dir='ltr'><strong>vitm</strong></span> <span class='ocrx_word' id='word_1_33' title='bbox 1398 441 1526 480; x_wconf 74' lang='lat' dir='ltr'><strong>mea:</strong></span> <span class='ocrx_word' id='word_1_34' title='bbox 1549 442 1569 480; x_wconf 88' lang='lat'><strong><em>:</em></strong></span> <span class='ocrx_word' id='word_1_35' title='bbox 1664 418 1669 423; x_wconf 55' lang='grc'><em>”</em></span> 
     </span>
    </p>
   </div>
   <div class='ocr_carea' id='block_1_7' title="bbox 641 511 1559 584">
    <p class='ocr_par' dir='ltr' id='par_1_7' title="bbox 641 511 1559 584">
     <span class='ocr_line' id='line_1_7' title="bbox 641 511 1559 584; baseline 0.003 -17"><span class='ocrx_word' id='word_1_36' title='bbox 641 514 824 567; x_wconf 83' lang='lat' dir='ltr'><strong>Dicam</strong></span> <span class='ocrx_word' id='word_1_37' title='bbox 858 511 969 566; x_wconf 88' lang='lat' dir='ltr'><strong>Deo</strong></span> <span class='ocrx_word' id='word_1_38' title='bbox 1018 524 1288 584; x_wconf 64' lang='lat' dir='ltr'><strong>susceptor</strong></span> <span class='ocrx_word' id='word_1_39' title='bbox 1310 532 1454 570; x_wconf 86' lang='lat' dir='ltr'><strong>meus</strong></span> <span class='ocrx_word' id='word_1_40' title='bbox 1483 533 1559 570; x_wconf 84' lang='lat' dir='ltr'><strong>es.</strong></span> 
     </span>
    </p>
   </div>
   <div class='ocr_carea' id='block_1_8' title="bbox 568 601 2067 670">
    <p class='ocr_par' dir='ltr' id='par_1_8' title="bbox 568 601 2067 670">
     <span class='ocr_line' id='line_1_8' title="bbox 568 601 2067 670; baseline 0.005 -15"><span class='ocrx_word' id='word_1_41' title='bbox 568 601 615 656; x_wconf 86' lang='lat' dir='ltr'><strong>ll</strong></span> <span class='ocrx_word' id='word_1_42' title='bbox 647 602 706 657; x_wconf 84' lang='grc' dir='ltr'><strong>ιιι</strong></span> <span class='ocrx_word' id='word_1_43' title='bbox 737 602 825 657; x_wconf 86' lang='lat' dir='ltr'><strong>die</strong></span> <span class='ocrx_word' id='word_1_44' title='bbox 852 601 1126 657; x_wconf 86' lang='lat' dir='ltr'><strong>mandavit</strong></span> <span class='ocrx_word' id='word_1_45' title='bbox 1160 601 1436 670; x_wconf 78' lang='lat' dir='ltr'><strong>Dominus,</strong></span> <span class='ocrx_word' id='word_1_46' title='bbox 1484 606 1537 660; x_wconf 94' lang='lat' dir='ltr'><strong>id</strong></span> <span class='ocrx_word' id='word_1_47' title='bbox 1579 614 1661 661; x_wconf 90' lang='lat' dir='ltr'><strong>est</strong></span> <span class='ocrx_word' id='word_1_48' title='bbox 1692 607 1746 662; x_wconf 86' lang='lat' dir='ltr'><strong>in</strong></span> <span class='ocrx_word' id='word_1_49' title='bbox 1777 606 1898 665; x_wconf 91' lang='lat' dir='ltr'><strong>luce</strong></span> <span class='ocrx_word' id='word_1_50' title='bbox 1941 624 2067 664; x_wconf 89' lang='lat' dir='ltr'><strong>san-</strong></span> 
     </span>
    </p>
   </div>
   <div class='ocr_carea' id='block_1_9' title="bbox 497 692 2062 765">
    <p class='ocr_par' dir='ltr' id='par_1_9' title="bbox 497 692 2062 765">
     <span class='ocr_line' id='line_1_9' title="bbox 497 692 2062 765; baseline 0.004 -16"><span class='ocrx_word' id='word_1_51' title='bbox 497 703 705 749; x_wconf 89' lang='lat' dir='ltr'><strong>ctarum</strong></span> <span class='ocrx_word' id='word_1_52' title='bbox 731 692 1133 763; x_wconf 89' lang='lat' dir='ltr'><strong>Scripturarum</strong></span> <span class='ocrx_word' id='word_1_53' title='bbox 1156 696 1406 765; x_wconf 76' lang='lat' dir='ltr'><strong>promisit</strong></span> <span class='ocrx_word' id='word_1_54' title='bbox 1432 711 1585 753; x_wconf 85' lang='lat' dir='ltr'><strong>suam</strong></span> <span class='ocrx_word' id='word_1_55' title='bbox 1614 700 2062 756; x_wconf 83' lang='lat' dir='ltr'><strong>misericordiam.</strong></span> 
     </span>
    </p>
   </div>
   <div class='ocr_carea' id='block_1_10' title="bbox 495 785 2063 863">
    <p class='ocr_par' dir='ltr' id='par_1_10' title="bbox 495 785 2063 863">
     <span class='ocr_line' id='line_1_10' title="bbox 495 785 2063 863; baseline 0.004 -23"><span class='ocrx_word' id='word_1_56' title='bbox 495 785 566 840; x_wconf 81' lang='lat' dir='ltr'><strong>Et</strong></span> <span class='ocrx_word' id='word_1_57' title='bbox 599 792 759 841; x_wconf 89' lang='lat' dir='ltr'><strong>nocte</strong></span> <span class='ocrx_word' id='word_1_58' title='bbox 794 785 1089 853; x_wconf 75' lang='lat' dir='ltr'><strong>canticum,</strong></span> <span class='ocrx_word' id='word_1_59' title='bbox 1140 787 1194 842; x_wconf 92' lang='lat' dir='ltr'><strong>id</strong></span> <span class='ocrx_word' id='word_1_60' title='bbox 1237 797 1323 843; x_wconf 90' lang='lat' dir='ltr'><strong>est</strong></span> <span class='ocrx_word' id='word_1_61' title='bbox 1367 789 1422 845; x_wconf 90' lang='lat' dir='ltr'><strong>in</strong></span> <span class='ocrx_word' id='word_1_62' title='bbox 1470 791 1817 846; x_wconf 79' lang='lat' dir='ltr'><strong>tribulatione</strong></span> <span class='ocrx_word' id='word_1_63' title='bbox 1853 792 2063 863; x_wconf 83' lang='lat' dir='ltr'><strong>positis,</strong></span> 
     </span>
    </p>
   </div>
   <div class='ocr_carea' id='block_1_11' title="bbox 495 879 2066 950">
    <p class='ocr_par' dir='ltr' id='par_1_11' title="bbox 495 879 2066 950">
     <span class='ocr_line' id='line_1_11' title="bbox 495 879 2066 950; baseline 0.005 -18"><span class='ocrx_word' id='word_1_64' title='bbox 495 879 666 949; x_wconf 88' lang='lat' dir='ltr'><strong>ipsam</strong></span> <span class='ocrx_word' id='word_1_65' title='bbox 720 879 1146 936; x_wconf 77' lang='lat' dir='ltr'><strong>misericordiam</strong></span> <span class='ocrx_word' id='word_1_66' title='bbox 1189 883 1445 937; x_wconf 84' lang='lat' dir='ltr'><strong>ostendit.</strong></span> <span class='ocrx_word' id='word_1_67' title='bbox 1478 883 1522 937; x_wconf 85' lang='lat' dir='ltr'><strong>A</strong></span> <span class='ocrx_word' id='word_1_68' title='bbox 1559 884 1653 939; x_wconf 93' lang='lat' dir='ltr'><strong>Vel</strong></span> <span class='ocrx_word' id='word_1_69' title='bbox 1684 883 1866 950; x_wconf 89' lang='lat' dir='ltr'><strong>indie,</strong></span> <span class='ocrx_word' id='word_1_70' title='bbox 1900 885 1952 939; x_wconf 92' lang='lat' dir='ltr'><strong>id</strong></span> <span class='ocrx_word' id='word_1_71' title='bbox 1983 893 2066 940; x_wconf 90' lang='lat' dir='ltr'><strong>est</strong></span> 
     </span>
    </p>
   </div>
   <div class='ocr_carea' id='block_1_12' title="bbox 491 969 2066 1044">
    <p class='ocr_par' dir='ltr' id='par_1_12' title="bbox 491 969 2066 1044">
     <span class='ocr_line' id='line_1_12' title="bbox 491 969 2066 1044; baseline 0.003 -19"><span class='ocrx_word' id='word_1_72' title='bbox 491 969 767 1040; x_wconf 84' lang='lat' dir='ltr'><strong>prosperis</strong></span> <span class='ocrx_word' id='word_1_73' title='bbox 803 970 1061 1044; x_wconf 77' lang='lat' dir='ltr'><strong>praecepit</strong></span> <span class='ocrx_word' id='word_1_74' title='bbox 1104 970 1246 1030; x_wconf 84' lang='lat' dir='ltr'><strong>Deus</strong></span> <span class='ocrx_word' id='word_1_75' title='bbox 1268 973 1691 1029; x_wconf 88' lang='lat' dir='ltr'><strong>miscricordiam</strong></span> <span class='ocrx_word' id='word_1_76' title='bbox 1724 990 1878 1030; x_wconf 85' lang='lat' dir='ltr'><strong>suam</strong></span> <span class='ocrx_word' id='word_1_77' title='bbox 1910 975 2066 1031; x_wconf 88' lang='lat' dir='ltr'><strong>intel-</strong></span> 
     </span>
    </p>
   </div>
   <div class='ocr_carea' id='block_1_13' title="bbox 491 1047 2062 1136">
    <p class='ocr_par' dir='ltr' id='par_1_13' title="bbox 491 1047 2062 1136">
     <span class='ocr_line' id='line_1_13' title="bbox 491 1047 2062 1136; baseline 0.006 -25"><span class='ocrx_word' id='word_1_78' title='bbox 491 1060 656 1128; x_wconf 76' lang='lat' dir='ltr'><strong>ligere</strong></span> <span class='ocrx_word' id='word_1_79' title='bbox 682 1068 731 1114; x_wconf 88' lang='lat' dir='ltr'><strong>et</strong></span> <span class='ocrx_word' id='word_1_80' title='bbox 775 1059 899 1118; x_wconf 84' lang='lat' dir='ltr'><strong>aliis</strong></span> <span class='ocrx_word' id='word_1_81' title='bbox 929 1064 1136 1131; x_wconf 78' lang='lat' dir='ltr'><strong>facere,</strong></span> <span class='ocrx_word' id='word_1_82' title='bbox 1184 1072 1240 1119; x_wconf 91' lang='lat' dir='ltr'><strong>et</strong></span> <span class='ocrx_word' id='word_1_83' title='bbox 1282 1047 1442 1121; x_wconf 67' lang='lat' dir='ltr'><strong>nocle</strong></span> <span class='ocrx_word' id='word_1_84' title='bbox 1480 1065 1739 1136; x_wconf 61' lang='lat' dir='ltr'><strong>praecepit</strong></span> <span class='ocrx_word' id='word_1_85' title='bbox 1763 1067 2062 1132; x_wconf 86' lang='lat' dir='ltr'><strong>canticum,</strong></span> 
     </span>
    </p>
   </div>
   <div class='ocr_carea' id='block_1_14' title="bbox 493 1149 2059 1225">
    <p class='ocr_par' dir='ltr' id='par_1_14' title="bbox 493 1149 2059 1225">
     <span class='ocr_line' id='line_1_14' title="bbox 493 1149 2059 1225; baseline 0.006 -22"><span class='ocrx_word' id='word_1_86' title='bbox 493 1149 542 1204; x_wconf 79' lang='lat' dir='ltr'><strong>i-l</strong></span> <span class='ocrx_word' id='word_1_87' title='bbox 572 1161 657 1207; x_wconf 87' lang='lat' dir='ltr'><strong>est</strong></span> <span class='ocrx_word' id='word_1_88' title='bbox 687 1153 740 1207; x_wconf 91' lang='lat' dir='ltr'><strong>in</strong></span> <span class='ocrx_word' id='word_1_89' title='bbox 772 1154 1015 1208; x_wconf 87' lang='lat' dir='ltr'><strong>adversis</strong></span> <span class='ocrx_word' id='word_1_90' title='bbox 1046 1154 1479 1210; x_wconf 62' lang='lat' dir='ltr'><strong>exsultationem.</strong></span> <span class='ocrx_word' id='word_1_91' title='bbox 1529 1154 1677 1210; x_wconf 85' lang='lat' dir='ltr'><strong>Unde</strong></span> <span class='ocrx_word' id='word_1_92' title='bbox 1715 1155 2011 1225; x_wconf 77' lang='lat' dir='ltr'><strong>Apostolus</strong></span> <span class='ocrx_word' id='word_1_93' title='bbox 2044 1175 2059 1213; x_wconf 88' lang='lat'><strong>:</strong></span> 
     </span>
    </p>
   </div>
   <div class='ocr_carea' id='block_1_15' title="bbox 492 1238 2061 1315">
    <p class='ocr_par' dir='ltr' id='par_1_15' title="bbox 492 1238 2061 1315">
     <span class='ocr_line' id='line_1_15' title="bbox 492 1238 2061 1315; baseline 0.002 -19"><span class='ocrx_word' id='word_1_94' title='bbox 492 1243 547 1297; x_wconf 86' lang='lat' dir='ltr'><strong>In</strong></span> <span class='ocrx_word' id='word_1_95' title='bbox 585 1243 1023 1299; x_wconf 67' lang='lat' dir='ltr'><strong>tribulationibus</strong></span> <span class='ocrx_word' id='word_1_96' title='bbox 1074 1244 1369 1315; x_wconf 83' lang='lat' dir='ltr'><strong>gaudentes</strong></span> <span class='ocrx_word' id='word_1_97' title='bbox 1415 1244 1468 1314; x_wconf 85' lang='lat'><strong>(1</strong></span> <span class='ocrx_word' id='word_1_98' title='bbox 1503 1244 1655 1298; x_wconf 82' lang='lat' dir='ltr'><strong>Tltes.</strong></span> <span class='ocrx_word' id='word_1_99' title='bbox 1689 1244 1749 1314; x_wconf 88' lang='grc' dir='ltr'><strong>ι).</strong></span> <span class='ocrx_word' id='word_1_100' title='bbox 1807 1238 1851 1301; x_wconf 85' lang='lat' dir='ltr'><strong>C</strong></span> <span class='ocrx_word' id='word_1_101' title='bbox 1878 1245 1975 1300; x_wconf 83' lang='lat' dir='ltr'><strong>Vel</strong></span> <span class='ocrx_word' id='word_1_102' title='bbox 2009 1247 2061 1300; x_wconf 76' lang='lat' dir='ltr'><strong>in</strong></span> 
     </span>
    </p>
   </div>
   <div class='ocr_carea' id='block_1_16' title="bbox 490 1337 2062 1408">
    <p class='ocr_par' dir='ltr' id='par_1_16' title="bbox 490 1337 2062 1408">
     <span class='ocr_line' id='line_1_16' title="bbox 490 1337 2062 1408; baseline 0.007 -20"><span class='ocrx_word' id='word_1_103' title='bbox 490 1337 578 1392; x_wconf 80' lang='lat' dir='ltr'><strong>die</strong></span> <span class='ocrx_word' id='word_1_104' title='bbox 626 1338 1002 1408; x_wconf 80' lang='lat' dir='ltr'><strong>prosperitatis</strong></span> <span class='ocrx_word' id='word_1_105' title='bbox 1028 1338 1187 1394; x_wconf 88' lang='lat' dir='ltr'><strong>docet</strong></span> <span class='ocrx_word' id='word_1_106' title='bbox 1210 1353 1351 1404; x_wconf 88' lang='lat' dir='ltr'><strong>eam,</strong></span> <span class='ocrx_word' id='word_1_107' title='bbox 1381 1339 1475 1395; x_wconf 89' lang='lat' dir='ltr'><strong>sed</strong></span> <span class='ocrx_word' id='word_1_108' title='bbox 1503 1349 1662 1396; x_wconf 90' lang='lat' dir='ltr'><strong>nocte</strong></span> <span class='ocrx_word' id='word_1_109' title='bbox 1693 1341 2062 1399; x_wconf 81' lang='lat' dir='ltr'><strong>tribulationis</strong></span> 
     </span>
    </p>
   </div>
   <div class='ocr_carea' id='block_1_17' title="bbox 487 1426 1191 1482">
    <p class='ocr_par' dir='ltr' id='par_1_17' title="bbox 487 1426 1191 1482">
     <span class='ocr_line' id='line_1_17' title="bbox 487 1426 1191 1482; baseline 0.006 -5"><span class='ocrx_word' id='word_1_110' title='bbox 487 1441 608 1479; x_wconf 89' lang='lat' dir='ltr'><strong>cam</strong></span> <span class='ocrx_word' id='word_1_111' title='bbox 637 1426 947 1482; x_wconf 88' lang='lat' dir='ltr'><strong>manifestat</strong></span> <span class='ocrx_word' id='word_1_112' title='bbox 973 1427 1191 1482; x_wconf 85' lang='lat' dir='ltr'><strong>clarius.</strong></span> 
     </span>
    </p>
   </div>
   <div class='ocr_carea' id='block_1_18' title="bbox 560 1517 2059 1588">
    <p class='ocr_par' dir='ltr' id='par_1_18' title="bbox 560 1517 2059 1588">
     <span class='ocr_line' id='line_1_18' title="bbox 560 1517 2059 1588; baseline 0.005 -17"><span class='ocrx_word' id='word_1_113' title='bbox 560 1517 602 1571; x_wconf 87' lang='lat' dir='ltr'><strong>C</strong></span> <span class='ocrx_word' id='word_1_114' title='bbox 639 1518 794 1588; x_wconf 82' lang='lat' dir='ltr'><strong>Apud</strong></span> <span class='ocrx_word' id='word_1_115' title='bbox 822 1534 909 1575; x_wconf 89' lang='lat' dir='ltr'><strong>me</strong></span> <span class='ocrx_word' id='word_1_116' title='bbox 934 1519 1134 1586; x_wconf 88' lang='lat' dir='ltr'><strong>oratio,</strong></span> <span class='ocrx_word' id='word_1_117' title='bbox 1160 1535 1223 1575; x_wconf 89' lang='lat' dir='ltr'><strong>ac</strong></span> <span class='ocrx_word' id='word_1_118' title='bbox 1244 1519 1287 1575; x_wconf 92' lang='lat' dir='ltr'><strong>si</strong></span> <span class='ocrx_word' id='word_1_119' title='bbox 1312 1519 1540 1587; x_wconf 86' lang='lat' dir='ltr'><strong>diceret,</strong></span> <span class='ocrx_word' id='word_1_120' title='bbox 1571 1519 1710 1576; x_wconf 88' lang='lat' dir='ltr'><strong>intra</strong></span> <span class='ocrx_word' id='word_1_121' title='bbox 1740 1537 1826 1579; x_wconf 89' lang='lat' dir='ltr'><strong>me</strong></span> <span class='ocrx_word' id='word_1_122' title='bbox 1852 1526 2059 1580; x_wconf 82' lang='lat' dir='ltr'><strong>sacriﬁ-</strong></span> 
     </span>
    </p>
   </div>
   <div class='ocr_carea' id='block_1_19' title="bbox 2167 335 3736 409">
    <p class='ocr_par' dir='ltr' id='par_1_19' title="bbox 2167 335 3736 409">
     <span class='ocr_line' id='line_1_19' title="bbox 2167 335 3736 409; baseline 0.001 -18"><span class='ocrx_word' id='word_1_123' title='bbox 2167 335 2224 391; x_wconf 87' lang='lat' dir='ltr'><strong>ltt</strong></span> <span class='ocrx_word' id='word_1_124' title='bbox 2254 337 2369 408; x_wconf 89' lang='lat' dir='ltr'><strong>ipso</strong></span> <span class='ocrx_word' id='word_1_125' title='bbox 2412 346 2594 393; x_wconf 87' lang='lat' dir='ltr'><strong>nostra</strong></span> <span class='ocrx_word' id='word_1_126' title='bbox 2633 338 2704 394; x_wconf 90' lang='lat' dir='ltr'><strong>sit</strong></span> <span class='ocrx_word' id='word_1_127' title='bbox 2747 353 2872 408; x_wconf 88' lang='lat' dir='ltr'><strong>spes</strong></span> <span class='ocrx_word' id='word_1_128' title='bbox 2899 352 3115 409; x_wconf 85' lang='lat' dir='ltr'><strong>semper</strong></span> <span class='ocrx_word' id='word_1_129' title='bbox 3137 346 3366 401; x_wconf 90' lang='lat' dir='ltr'><strong>attenta,</strong></span> <span class='ocrx_word' id='word_1_130' title='bbox 3406 336 3521 406; x_wconf 80' lang='lat' dir='ltr'><strong>ipse</strong></span> <span class='ocrx_word' id='word_1_131' title='bbox 3547 350 3736 392; x_wconf 88' lang='lat' dir='ltr'><strong>omnes</strong></span> 
     </span>
    </p>
   </div>
   <div class='ocr_carea' id='block_1_20' title="bbox 2166 423 3735 499">
    <p class='ocr_par' dir='ltr' id='par_1_20' title="bbox 2166 423 3735 499">
     <span class='ocr_line' id='line_1_20' title="bbox 2166 423 3735 499; baseline -0.001 -20"><span class='ocrx_word' id='word_1_132' title='bbox 2166 423 2359 480; x_wconf 81' lang='lat' dir='ltr'><strong>ﬂuctus</strong></span> <span class='ocrx_word' id='word_1_133' title='bbox 2386 426 2615 499; x_wconf 82' lang='lat' dir='ltr'><strong>mitiget,</strong></span> <span class='ocrx_word' id='word_1_134' title='bbox 2654 426 2769 499; x_wconf 89' lang='lat' dir='ltr'><strong>ipse</strong></span> <span class='ocrx_word' id='word_1_135' title='bbox 2797 442 2896 483; x_wconf 92' lang='lat' dir='ltr'><strong>nos</strong></span> <span class='ocrx_word' id='word_1_136' title='bbox 2923 435 3208 483; x_wconf 82' lang='lat' dir='ltr'><strong>conservet</strong></span> <span class='ocrx_word' id='word_1_137' title='bbox 3244 427 3301 480; x_wconf 90' lang='lat' dir='ltr'><strong>in</strong></span> <span class='ocrx_word' id='word_1_138' title='bbox 3327 425 3735 490; x_wconf 89' lang='lat' dir='ltr'><strong>tentationibus,</strong></span> 
     </span>
    </p>
   </div>
   <div class='ocr_carea' id='block_1_21' title="bbox 2167 514 3740 587">
    <p class='ocr_par' dir='ltr' id='par_1_21' title="bbox 2167 514 3740 587">
     <span class='ocr_line' id='line_1_21' title="bbox 2167 514 3740 587; baseline 0 -19"><span class='ocrx_word' id='word_1_139' title='bbox 2167 515 2282 583; x_wconf 88' lang='lat' dir='ltr'><strong>ipse</strong></span> <span class='ocrx_word' id='word_1_140' title='bbox 2310 514 2454 587; x_wconf 81' lang='lat' dir='ltr'><strong>sitim</strong></span> <span class='ocrx_word' id='word_1_141' title='bbox 2487 524 2729 571; x_wconf 86' lang='lat' dir='ltr'><strong>nostram</strong></span> <span class='ocrx_word' id='word_1_142' title='bbox 2775 531 2871 571; x_wconf 90' lang='lat' dir='ltr'><strong>sua</strong></span> <span class='ocrx_word' id='word_1_143' title='bbox 2904 515 3358 585; x_wconf 83' lang='lat' dir='ltr'><strong>contemplatione</strong></span> <span class='ocrx_word' id='word_1_144' title='bbox 3389 514 3581 578; x_wconf 87' lang='lat' dir='ltr'><strong>saciet,</strong></span> <span class='ocrx_word' id='word_1_145' title='bbox 3613 527 3740 569; x_wconf 88' lang='lat' dir='ltr'><strong>nos-</strong></span> 
     </span>
    </p>
   </div>
   <div class='ocr_carea' id='block_1_22' title="bbox 2166 604 3134 674">
    <p class='ocr_par' dir='ltr' id='par_1_22' title="bbox 2166 604 3134 674">
     <span class='ocr_line' id='line_1_22' title="bbox 2166 604 3134 674; baseline 0.002 -16"><span class='ocrx_word' id='word_1_146' title='bbox 2166 618 2271 674; x_wconf 86' lang='lat' dir='ltr'><strong>que</strong></span> <span class='ocrx_word' id='word_1_147' title='bbox 2297 604 2476 660; x_wconf 87' lang='lat' dir='ltr'><strong>vultus</strong></span> <span class='ocrx_word' id='word_1_148' title='bbox 2508 605 2592 659; x_wconf 88' lang='lat' dir='ltr'><strong>sui</strong></span> <span class='ocrx_word' id='word_1_149' title='bbox 2631 605 2856 661; x_wconf 88' lang='lat' dir='ltr'><strong>salutari</strong></span> <span class='ocrx_word' id='word_1_150' title='bbox 2881 606 3134 661; x_wconf 85' lang='lat' dir='ltr'><strong>viviﬁcet.</strong></span> 
     </span>
    </p>
   </div>
   <div class='ocr_carea' id='block_1_23' title="bbox 2637 711 3274 752">
    <p class='ocr_par' dir='ltr' id='par_1_23' title="bbox 2637 711 3274 752">
     <span class='ocr_line' id='line_1_23' title="bbox 2637 711 3274 752; baseline 0.002 -1"><span class='ocrx_word' id='word_1_151' title='bbox 2637 711 2836 752; x_wconf 71' lang='grc' dir='ltr'><strong>οιιΑτιο</strong></span> <span class='ocrx_word' id='word_1_152' title='bbox 2869 712 2937 751; x_wconf 70' lang='lat' dir='ltr'><strong>EX</strong></span> <span class='ocrx_word' id='word_1_153' title='bbox 2975 713 3122 752; x_wconf 75' lang='grc' dir='ltr'><strong>ΡεΑι..</strong></span> <span class='ocrx_word' id='word_1_154' title='bbox 3160 712 3274 752; x_wconf 67' lang='grc' dir='ltr'><strong>ιιι.</strong></span> 
     </span>
    </p>
   </div>
   <div class='ocr_carea' id='block_1_24' title="bbox 2208 783 3747 857">
    <p class='ocr_par' dir='ltr' id='par_1_24' title="bbox 2208 783 3747 857">
     <span class='ocr_line' id='line_1_24' title="bbox 2208 783 3747 857; baseline -0.001 -16"><span class='ocrx_word' id='word_1_155' title='bbox 2208 785 2426 857; x_wconf 44' lang='grc' dir='ltr'><strong>,γυΙιιιε</strong></span> <span class='ocrx_word' id='word_1_156' title='bbox 2459 786 2633 841; x_wconf 86' lang='lat' dir='ltr'><strong>nostri</strong></span> <span class='ocrx_word' id='word_1_157' title='bbox 2679 787 2963 842; x_wconf 87' lang='lat' dir='ltr'><strong>miriﬁcum</strong></span> <span class='ocrx_word' id='word_1_158' title='bbox 3013 786 3285 853; x_wconf 88' lang='lat' dir='ltr'><strong>salutare,</strong></span> <span class='ocrx_word' id='word_1_159' title='bbox 3333 800 3494 856; x_wconf 91' lang='lat' dir='ltr'><strong>quem</strong></span> <span class='ocrx_word' id='word_1_160' title='bbox 3542 783 3747 840; x_wconf 64' lang='lat' dir='ltr'><strong>anima:</strong></span> 
     </span>
    </p>
   </div>
   <div class='ocr_carea' id='block_1_25' title="bbox 2164 875 3744 944">
    <p class='ocr_par' dir='ltr' id='par_1_25' title="bbox 2164 875 3744 944">
     <span class='ocr_line' id='line_1_25' title="bbox 2164 875 3744 944; baseline -0.001 -14"><span class='ocrx_word' id='word_1_161' title='bbox 2164 875 2399 932; x_wconf 88' lang='lat' dir='ltr'><strong>ﬁdelium</strong></span> <span class='ocrx_word' id='word_1_162' title='bbox 2425 877 2677 933; x_wconf 89' lang='lat' dir='ltr'><strong>ardenter</strong></span> <span class='ocrx_word' id='word_1_163' title='bbox 2696 878 2883 932; x_wconf 87' lang='lat' dir='ltr'><strong>sitiunt</strong></span> <span class='ocrx_word' id='word_1_164' title='bbox 2905 877 3259 944; x_wconf 89' lang='lat' dir='ltr'><strong>servulorum,</strong></span> <span class='ocrx_word' id='word_1_165' title='bbox 3293 877 3488 941; x_wconf 88' lang='lat' dir='ltr'><strong>tribue,</strong></span> <span class='ocrx_word' id='word_1_166' title='bbox 3517 886 3579 931; x_wconf 90' lang='lat' dir='ltr'><strong>ut</strong></span> <span class='ocrx_word' id='word_1_167' title='bbox 3610 875 3744 930; x_wconf 81' lang='lat' dir='ltr'><strong>dum</strong></span> 
     </span>
    </p>
   </div>
   <div class='ocr_carea' id='block_1_26' title="bbox 2166 966 3743 1040">
    <p class='ocr_par' dir='ltr' id='par_1_26' title="bbox 2166 966 3743 1040">
     <span class='ocr_line' id='line_1_26' title="bbox 2166 966 3743 1040; baseline -0.001 -19"><span class='ocrx_word' id='word_1_168' title='bbox 2166 974 2219 1022; x_wconf 90' lang='lat' dir='ltr'><strong>te</strong></span> <span class='ocrx_word' id='word_1_169' title='bbox 2267 966 2489 1036; x_wconf 90' lang='lat' dir='ltr'><strong>(visibili</strong></span> <span class='ocrx_word' id='word_1_170' title='bbox 2540 968 2899 1039; x_wconf 81' lang='lat' dir='ltr'><strong>lacrymarum</strong></span> <span class='ocrx_word' id='word_1_171' title='bbox 2946 968 3118 1033; x_wconf 86' lang='lat' dir='ltr'><strong>imbre</strong></span> <span class='ocrx_word' id='word_1_172' title='bbox 3162 967 3324 1040; x_wconf 86' lang='lat' dir='ltr'><strong>pasti)</strong></span> <span class='ocrx_word' id='word_1_173' title='bbox 3384 967 3743 1038; x_wconf 77' lang='lat' dir='ltr'><strong>requirimus,</strong></span> 
     </span>
    </p>
   </div>
   <div class='ocr_carea' id='block_1_27' title="bbox 2164 1056 3739 1129">
    <p class='ocr_par' dir='ltr' id='par_1_27' title="bbox 2164 1056 3739 1129">
     <span class='ocr_line' id='line_1_27' title="bbox 2164 1056 3739 1129; baseline 0.001 -18"><span class='ocrx_word' id='word_1_174' title='bbox 2164 1056 2506 1114; x_wconf 85' lang='lat' dir='ltr'><strong>invisibiliter</strong></span> <span class='ocrx_word' id='word_1_175' title='bbox 2548 1068 2597 1112; x_wconf 84' lang='lat' dir='ltr'><strong>te</strong></span> <span class='ocrx_word' id='word_1_176' title='bbox 2651 1060 2790 1113; x_wconf 90' lang='lat' dir='ltr'><strong>intra</strong></span> <span class='ocrx_word' id='word_1_177' title='bbox 2838 1059 3073 1129; x_wconf 87' lang='lat' dir='ltr'><strong>pectoris</strong></span> <span class='ocrx_word' id='word_1_178' title='bbox 3120 1059 3289 1115; x_wconf 89' lang='lat' dir='ltr'><strong>nostri</strong></span> <span class='ocrx_word' id='word_1_179' title='bbox 3331 1057 3739 1114; x_wconf 84' lang='lat' dir='ltr'><strong>tabernaculum</strong></span> 
     </span>
    </p>
   </div>
   <div class='ocr_carea' id='block_1_28' title="bbox 2162 1148 3742 1207">
    <p class='ocr_par' dir='ltr' id='par_1_28' title="bbox 2162 1148 3742 1207">
     <span class='ocr_line' id='line_1_28' title="bbox 2162 1148 3742 1207; baseline -0.001 -2"><span class='ocrx_word' id='word_1_180' title='bbox 2162 1148 2505 1205; x_wconf 87' lang='lat' dir='ltr'><strong>collocemus.</strong></span> <span class='ocrx_word' id='word_1_181' title='bbox 2530 1149 2634 1205; x_wconf 88' lang='lat' dir='ltr'><strong>Per</strong></span> <span class='ocrx_word' id='word_1_182' title='bbox 2672 1150 2959 1206; x_wconf 86' lang='lat' dir='ltr'><strong>Dominum</strong></span> <span class='ocrx_word' id='word_1_183' title='bbox 2991 1160 3231 1207; x_wconf 89' lang='lat' dir='ltr'><strong>nostrum</strong></span> <span class='ocrx_word' id='word_1_184' title='bbox 3253 1150 3437 1206; x_wconf 83' lang='lat' dir='ltr'><strong>Jesum</strong></span> <span class='ocrx_word' id='word_1_185' title='bbox 3460 1149 3742 1207; x_wconf 88' lang='lat' dir='ltr'><strong>Christum</strong></span> 
     </span>
    </p>
   </div>
   <div class='ocr_carea' id='block_1_29' title="bbox 2162 1238 2708 1306">
    <p class='ocr_par' dir='ltr' id='par_1_29' title="bbox 2162 1238 2708 1306">
     <span class='ocr_line' id='line_1_29' title="bbox 2162 1238 2708 1306; baseline 0.002 -13"><span class='ocrx_word' id='word_1_186' title='bbox 2162 1238 2356 1294; x_wconf 86' lang='lat' dir='ltr'><strong>Filium</strong></span> <span class='ocrx_word' id='word_1_187' title='bbox 2386 1250 2533 1295; x_wconf 89' lang='lat' dir='ltr'><strong>tuum</strong></span> <span class='ocrx_word' id='word_1_188' title='bbox 2552 1281 2566 1306; x_wconf 89' lang='lat'><strong>,</strong></span> <span class='ocrx_word' id='word_1_189' title='bbox 2597 1248 2708 1296; x_wconf 88' lang='lat' dir='ltr'><strong>etc.</strong></span> 
     </span>
    </p>
   </div>
   <div class='ocr_carea' id='block_1_30' title="bbox 2693 1310 3214 1367">
    <p class='ocr_par' dir='ltr' id='par_1_30' title="bbox 2693 1310 3214 1367">
     <span class='ocr_line' id='line_1_30' title="bbox 2693 1310 3214 1367; baseline 0.004 -3"><span class='ocrx_word' id='word_1_190' title='bbox 2693 1310 3009 1367; x_wconf 75' lang='lat' dir='ltr'><strong>PSALMUS</strong></span> <span class='ocrx_word' id='word_1_191' title='bbox 3047 1310 3214 1367; x_wconf 74' lang='lat' dir='ltr'><strong>XLII.</strong></span> 
     </span>
    </p>
   </div>
   <div class='ocr_carea' id='block_1_31' title="bbox 2595 1436 3309 1479">
    <p class='ocr_par' dir='ltr' id='par_1_31' title="bbox 2595 1436 3309 1479">
     <span class='ocr_line' id='line_1_31' title="bbox 2595 1436 3309 1479; baseline -0.003 -4"><span class='ocrx_word' id='word_1_192' title='bbox 2595 1436 2956 1478; x_wconf 67' lang='lat' dir='ltr'><strong>ARGUIENTUM</strong></span> <span class='ocrx_word' id='word_1_193' title='bbox 2994 1438 3138 1477; x_wconf 76' lang='lat' dir='ltr'><strong>PSAL.</strong></span> <span class='ocrx_word' id='word_1_194' title='bbox 3178 1438 3309 1479; x_wconf 74' lang='lat' dir='ltr'><strong>XLII.</strong></span> 
     </span>
    </p>
   </div>
   <div class='ocr_carea' id='block_1_32' title="bbox 2229 1509 3747 1570">
    <p class='ocr_par' dir='ltr' id='par_1_32' title="bbox 2229 1509 3747 1570">
     <span class='ocr_line' id='line_1_32' title="bbox 2229 1509 3747 1570; baseline 0.003 -5"><span class='ocrx_word' id='word_1_195' title='bbox 2229 1509 2271 1565; x_wconf 84' lang='lat' dir='ltr'><strong>C</strong></span> <span class='ocrx_word' id='word_1_196' title='bbox 2306 1510 2420 1566; x_wconf 83' lang='lat' dir='ltr'><strong>Vox</strong></span> <span class='ocrx_word' id='word_1_197' title='bbox 2451 1510 2707 1567; x_wconf 64' lang='lat' dir='ltr'><strong>Ecclesiae</strong></span> <span class='ocrx_word' id='word_1_198' title='bbox 2732 1514 2942 1569; x_wconf 86' lang='lat' dir='ltr'><strong>orantis</strong></span> <span class='ocrx_word' id='word_1_199' title='bbox 2965 1527 2979 1567; x_wconf 88' lang='lat'><strong>:</strong></span> <span class='ocrx_word' id='word_1_200' title='bbox 3006 1522 3063 1567; x_wconf 88' lang='lat' dir='ltr'><strong>ut</strong></span> <span class='ocrx_word' id='word_1_201' title='bbox 3095 1513 3148 1568; x_wconf 90' lang='lat' dir='ltr'><strong>in</strong></span> <span class='ocrx_word' id='word_1_202' title='bbox 3170 1513 3468 1569; x_wconf 87' lang='lat' dir='ltr'><strong>novissimo</strong></span> <span class='ocrx_word' id='word_1_203' title='bbox 3488 1514 3747 1570; x_wconf 79' lang='lat' dir='ltr'><strong>examine</strong></span> 
     </span>
    </p>
   </div>
   <div class='ocr_carea' id='block_1_33' title="bbox 488 1601 3739 1684">
    <p class='ocr_par' dir='ltr' id='par_1_33' title="bbox 488 1601 3739 1684">
     <span class='ocr_line' id='line_1_33' title="bbox 488 1601 3739 1684; baseline 0.003 -35"><span class='ocrx_word' id='word_1_204' title='bbox 488 1607 630 1661; x_wconf 65' lang='lat' dir='ltr'><strong>ciu...</strong></span> <span class='ocrx_word' id='word_1_205' title='bbox 679 1618 762 1663; x_wconf 58' lang='lat' dir='ltr'><strong>es;</strong></span> <span class='ocrx_word' id='word_1_206' title='bbox 805 1610 949 1678; x_wconf 75' lang='lat' dir='ltr'><strong>quod</strong></span> <span class='ocrx_word' id='word_1_207' title='bbox 989 1609 1209 1665; x_wconf 72' lang='grc' dir='ltr'><strong>οίῙει-ωη</strong></span> <span class='ocrx_word' id='word_1_208' title='bbox 1252 1611 1380 1674; x_wconf 62' lang='lat' dir='ltr'><strong>Deo,</strong></span> <span class='ocrx_word' id='word_1_209' title='bbox 1427 1612 1569 1681; x_wconf 70' lang='lat' dir='ltr'><strong>quod</strong></span> <span class='ocrx_word' id='word_1_210' title='bbox 1598 1621 1681 1669; x_wconf 67' lang='grc' dir='ltr'><strong>εει</strong></span> <span class='ocrx_word' id='word_1_211' title='bbox 1718 1614 1903 1684; x_wconf 54' lang='lat' dir='ltr'><strong>utique</strong></span> <span class='ocrx_word' id='word_1_212' title='bbox 1940 1632 2054 1671; x_wconf 65' lang='lat' dir='ltr'><strong>ora.</strong></span> <span class='ocrx_word' id='word_1_213' title='bbox 2092 1611 2135 1671; x_wconf 76' lang='grc' dir='ltr'><strong>η</strong></span> <span class='ocrx_word' id='word_1_214' title='bbox 2162 1601 2232 1656; x_wconf 90' lang='lat' dir='ltr'><strong>ab</strong></span> <span class='ocrx_word' id='word_1_215' title='bbox 2256 1602 2558 1659; x_wconf 86' lang='lat' dir='ltr'><strong>inﬁdelibus</strong></span> <span class='ocrx_word' id='word_1_216' title='bbox 2588 1603 2877 1669; x_wconf 89' lang='lat' dir='ltr'><strong>dividatur,</strong></span> <span class='ocrx_word' id='word_1_217' title='bbox 2903 1613 2959 1659; x_wconf 91' lang='lat' dir='ltr'><strong>et</strong></span> <span class='ocrx_word' id='word_1_218' title='bbox 2984 1606 3050 1660; x_wconf 88' lang='lat' dir='ltr'><strong>de</strong></span> <span class='ocrx_word' id='word_1_219' title='bbox 3073 1620 3171 1659; x_wconf 91' lang='lat' dir='ltr'><strong>suo</strong></span> <span class='ocrx_word' id='word_1_220' title='bbox 3201 1605 3423 1660; x_wconf 83' lang='lat' dir='ltr'><strong>introitu</strong></span> <span class='ocrx_word' id='word_1_221' title='bbox 3454 1605 3522 1660; x_wconf 90' lang='lat' dir='ltr'><strong>ad</strong></span> <span class='ocrx_word' id='word_1_222' title='bbox 3548 1604 3739 1661; x_wconf 81' lang='lat' dir='ltr'><strong>Deum.</strong></span> 
     </span>
    </p>
   </div>
   <div class='ocr_carea' id='block_1_34' title="bbox 492 1696 2060 1769">
    <p class='ocr_par' dir='ltr' id='par_1_34' title="bbox 492 1696 2060 1769">
     <span class='ocr_line' id='line_1_34' title="bbox 492 1696 2060 1769; baseline 0.008 -20"><span class='ocrx_word' id='word_1_223' title='bbox 492 1696 567 1750; x_wconf 88' lang='lat' dir='ltr'><strong>tio</strong></span> <span class='ocrx_word' id='word_1_224' title='bbox 594 1712 752 1767; x_wconf 88' lang='lat' dir='ltr'><strong>quam</strong></span> <span class='ocrx_word' id='word_1_225' title='bbox 784 1697 923 1752; x_wconf 90' lang='lat' dir='ltr'><strong>Deus</strong></span> <span class='ocrx_word' id='word_1_226' title='bbox 951 1714 1056 1752; x_wconf 88' lang='lat' dir='ltr'><strong>non</strong></span> <span class='ocrx_word' id='word_1_227' title='bbox 1088 1699 1311 1768; x_wconf 83' lang='lat' dir='ltr'><strong>sprevit.</strong></span> <span class='ocrx_word' id='word_1_228' title='bbox 1342 1698 1528 1754; x_wconf 88' lang='lat' dir='ltr'><strong>Dicam</strong></span> <span class='ocrx_word' id='word_1_229' title='bbox 1562 1701 1689 1768; x_wconf 89' lang='lat' dir='ltr'><strong>Deo,</strong></span> <span class='ocrx_word' id='word_1_230' title='bbox 1721 1713 1850 1769; x_wconf 85' lang='lat' dir='ltr'><strong>etc.,</strong></span> <span class='ocrx_word' id='word_1_231' title='bbox 1895 1706 1947 1760; x_wconf 92' lang='lat' dir='ltr'><strong>id</strong></span> <span class='ocrx_word' id='word_1_232' title='bbox 1977 1715 2060 1761; x_wconf 87' lang='lat' dir='ltr'><strong>est</strong></span> 
     </span>
    </p>
   </div>
   <div class='ocr_carea' id='block_1_35' title="bbox 487 1793 2057 1865">
    <p class='ocr_par' dir='ltr' id='par_1_35' title="bbox 487 1793 2057 1865">
     <span class='ocr_line' id='line_1_35' title="bbox 487 1793 2057 1865; baseline 0.008 -23"><span class='ocrx_word' id='word_1_233' title='bbox 487 1805 609 1843; x_wconf 79' lang='lat' dir='ltr'><strong>cum</strong></span> <span class='ocrx_word' id='word_1_234' title='bbox 648 1806 731 1845; x_wconf 50' lang='lat' dir='ltr'><strong>nie</strong></span> <span class='ocrx_word' id='word_1_235' title='bbox 757 1793 929 1862; x_wconf 83' lang='lat' dir='ltr'><strong>gratia</strong></span> <span class='ocrx_word' id='word_1_236' title='bbox 959 1793 1297 1862; x_wconf 82' lang='lat' dir='ltr'><strong>baptismatis</strong></span> <span class='ocrx_word' id='word_1_237' title='bbox 1319 1796 1643 1865; x_wconf 85' lang='lat' dir='ltr'><strong>susceperis,</strong></span> <span class='ocrx_word' id='word_1_238' title='bbox 1670 1798 1737 1851; x_wconf 90' lang='lat' dir='ltr'><strong>de</strong></span> <span class='ocrx_word' id='word_1_239' title='bbox 1765 1798 1870 1854; x_wconf 90' lang='lat' dir='ltr'><strong>tuis</strong></span> <span class='ocrx_word' id='word_1_240' title='bbox 1891 1799 2057 1855; x_wconf 89' lang='lat' dir='ltr'><strong>bene-</strong></span> 
     </span>
    </p>
   </div>
   <div class='ocr_carea' id='block_1_36' title="bbox 485 1878 1811 1954">
    <p class='ocr_par' dir='ltr' id='par_1_36' title="bbox 485 1878 1811 1954">
     <span class='ocr_line' id='line_1_36' title="bbox 485 1878 1811 1954; baseline 0.008 -22"><span class='ocrx_word' id='word_1_241' title='bbox 485 1878 624 1935; x_wconf 81' lang='lat' dir='ltr'><strong>ﬁciis</strong></span> <span class='ocrx_word' id='word_1_242' title='bbox 653 1880 980 1947; x_wconf 80' lang='lat' dir='ltr'><strong>tc&#39;laudans,</strong></span> <span class='ocrx_word' id='word_1_243' title='bbox 1010 1896 1225 1953; x_wconf 87' lang='lat' dir='ltr'><strong>semper</strong></span> <span class='ocrx_word' id='word_1_244' title='bbox 1251 1894 1626 1954; x_wconf 83' lang='lat' dir='ltr'><strong>suseeptorem</strong></span> <span class='ocrx_word' id='word_1_245' title='bbox 1656 1902 1811 1944; x_wconf 83' lang='lat' dir='ltr'><strong>voco.</strong></span> 
     </span>
    </p>
   </div>
   <div class='ocr_carea' id='block_1_37' title="bbox 486 1971 1268 2037">
    <p class='ocr_par' dir='ltr' id='par_1_37' title="bbox 486 1971 1268 2037">
     <span class='ocr_line' id='line_1_37' title="bbox 486 1971 1268 2037; baseline 0.006 -13"><span class='ocrx_word' id='word_1_246' title='bbox 486 1972 554 2026; x_wconf 79' lang='grc'><strong>13</strong></span> <span class='ocrx_word' id='word_1_247' title='bbox 628 1971 804 2037; x_wconf 88' lang='lat' dir='ltr'><strong>Quare</strong></span> <span class='ocrx_word' id='word_1_248' title='bbox 829 1972 1018 2027; x_wconf 85' lang='lat' dir='ltr'><strong>oblitus</strong></span> <span class='ocrx_word' id='word_1_249' title='bbox 1045 1990 1099 2028; x_wconf 83' lang='lat' dir='ltr'><strong>es</strong></span> <span class='ocrx_word' id='word_1_250' title='bbox 1128 1976 1268 2030; x_wconf 82' lang='lat' dir='ltr'><strong>mei?</strong></span> 
     </span>
    </p>
   </div>
   <div class='ocr_carea' id='block_1_38' title="bbox 627 2067 2059 2147">
    <p class='ocr_par' dir='ltr' id='par_1_38' title="bbox 627 2067 2059 2147">
     <span class='ocr_line' id='line_1_38' title="bbox 627 2067 2059 2147; baseline 0.009 -27"><span class='ocrx_word' id='word_1_251' title='bbox 627 2067 692 2122; x_wconf 81' lang='lat' dir='ltr'><strong>Et</strong></span> <span class='ocrx_word' id='word_1_252' title='bbox 723 2086 885 2140; x_wconf 84' lang='lat' dir='ltr'><strong>quare</strong></span> <span class='ocrx_word' id='word_1_253' title='bbox 916 2072 1249 2127; x_wconf 83' lang='lat' dir='ltr'><strong>cantristatus</strong></span> <span class='ocrx_word' id='word_1_254' title='bbox 1273 2073 1454 2129; x_wconf 81' lang='lat' dir='ltr'><strong>incedo</strong></span> <span class='ocrx_word' id='word_1_255' title='bbox 1485 2076 1612 2129; x_wconf 81' lang='lat' dir='ltr'><strong>dum</strong></span> <span class='ocrx_word' id='word_1_256' title='bbox 1638 2077 1816 2147; x_wconf 77' lang='lat' dir='ltr'><strong>aﬂligit</strong></span> <span class='ocrx_word' id='word_1_257' title='bbox 1847 2094 1927 2133; x_wconf 87' lang='lat' dir='ltr'><strong>me</strong></span> <span class='ocrx_word' id='word_1_258' title='bbox 1955 2079 2059 2135; x_wconf 83' lang='lat' dir='ltr'><strong>iui-</strong></span> 
     </span>
    </p>
   </div>
   <div class='ocr_carea' id='block_1_39' title="bbox 697 2162 907 2215">
    <p class='ocr_par' dir='ltr' id='par_1_39' title="bbox 697 2162 907 2215">
     <span class='ocr_line' id='line_1_39' title="bbox 697 2162 907 2215; baseline 0.014 -4"><span class='ocrx_word' id='word_1_259' title='bbox 697 2162 907 2215; x_wconf 77' lang='lat' dir='ltr'><strong>mirus?</strong></span> 
     </span>
    </p>
   </div>
   <div class='ocr_carea' id='block_1_40' title="bbox 552 2250 2057 2318">
    <p class='ocr_par' dir='ltr' id='par_1_40' title="bbox 552 2250 2057 2318">
     <span class='ocr_line' id='line_1_40' title="bbox 552 2250 2057 2318; baseline 0.007 -12"><span class='ocrx_word' id='word_1_260' title='bbox 552 2252 593 2306; x_wconf 91' lang='lat' dir='ltr'><strong>C</strong></span> <span class='ocrx_word' id='word_1_261' title='bbox 629 2250 808 2318; x_wconf 80' lang='lat' dir='ltr'><strong>Quare</strong></span> <span class='ocrx_word' id='word_1_262' title='bbox 852 2252 1052 2309; x_wconf 86' lang='lat' dir='ltr'><strong>oblitus</strong></span> <span class='ocrx_word' id='word_1_263' title='bbox 1098 2269 1157 2309; x_wconf 90' lang='lat' dir='ltr'><strong>es</strong></span> <span class='ocrx_word' id='word_1_264' title='bbox 1205 2255 1327 2318; x_wconf 89' lang='lat' dir='ltr'><strong>mei,</strong></span> <span class='ocrx_word' id='word_1_265' title='bbox 1386 2256 1517 2311; x_wconf 84' lang='lat' dir='ltr'><strong>dicit</strong></span> <span class='ocrx_word' id='word_1_266' title='bbox 1560 2256 1642 2312; x_wconf 82' lang='lat' dir='ltr'><strong>vir</strong></span> <span class='ocrx_word' id='word_1_267' title='bbox 1680 2259 2057 2317; x_wconf 83' lang='lat' dir='ltr'><strong>sanctissimus</strong></span> 
     </span>
    </p>
   </div>
   <div class='ocr_carea' id='block_1_41' title="bbox 484 2342 2057 2411">
    <p class='ocr_par' dir='ltr' id='par_1_41' title="bbox 484 2342 2057 2411">
     <span class='ocr_line' id='line_1_41' title="bbox 484 2342 2057 2411; baseline 0.006 -16"><span class='ocrx_word' id='word_1_268' title='bbox 484 2358 635 2397; x_wconf 86' lang='lat' dir='ltr'><strong>more</strong></span> <span class='ocrx_word' id='word_1_269' title='bbox 662 2342 916 2408; x_wconf 89' lang='lat' dir='ltr'><strong>humano,</strong></span> <span class='ocrx_word' id='word_1_270' title='bbox 952 2359 1015 2398; x_wconf 90' lang='lat' dir='ltr'><strong>ac</strong></span> <span class='ocrx_word' id='word_1_271' title='bbox 1042 2345 1091 2399; x_wconf 86' lang='lat' dir='ltr'><strong>si</strong></span> <span class='ocrx_word' id='word_1_272' title='bbox 1116 2344 1280 2411; x_wconf 79' lang='lat' dir='ltr'><strong>dicat,</strong></span> <span class='ocrx_word' id='word_1_273' title='bbox 1309 2361 1407 2401; x_wconf 76' lang='lat' dir='ltr'><strong>cur.</strong></span> <span class='ocrx_word' id='word_1_274' title='bbox 1439 2346 1622 2403; x_wconf 84' lang='lat' dir='ltr'><strong>tandiu</strong></span> <span class='ocrx_word' id='word_1_275' title='bbox 1653 2348 1837 2404; x_wconf 86' lang='lat' dir='ltr'><strong>dill&#39;ers</strong></span> <span class='ocrx_word' id='word_1_276' title='bbox 1872 2359 1930 2404; x_wconf 90' lang='lat' dir='ltr'><strong>ut</strong></span> <span class='ocrx_word' id='word_1_277' title='bbox 1969 2366 2057 2406; x_wconf 91' lang='lat' dir='ltr'><strong>me</strong></span> 
     </span>
    </p>
   </div>
   <div class='ocr_carea' id='block_1_42' title="bbox 482 2412 2057 2508">
    <p class='ocr_par' dir='ltr' id='par_1_42' title="bbox 482 2412 2057 2508">
     <span class='ocr_line' id='line_1_42' title="bbox 482 2412 2057 2508; baseline 0.008 -21"><span class='ocrx_word' id='word_1_278' title='bbox 482 2450 588 2488; x_wconf 81' lang='lat' dir='ltr'><strong>non</strong></span> <span class='ocrx_word' id='word_1_279' title='bbox 642 2435 869 2489; x_wconf 85' lang='lat' dir='ltr'><strong>inducas</strong></span> <span class='ocrx_word' id='word_1_280' title='bbox 910 2412 964 2489; x_wconf 71' lang='lat' dir='ltr'><strong>in</strong></span> <span class='ocrx_word' id='word_1_281' title='bbox 1010 2436 1155 2491; x_wconf 87' lang='lat' dir='ltr'><strong>illam</strong></span> <span class='ocrx_word' id='word_1_282' title='bbox 1195 2438 1446 2508; x_wconf 87' lang='lat' dir='ltr'><strong>patriam,</strong></span> <span class='ocrx_word' id='word_1_283' title='bbox 1498 2453 1661 2508; x_wconf 84' lang='lat' dir='ltr'><strong>quam</strong></span> <span class='ocrx_word' id='word_1_284' title='bbox 1702 2442 1909 2498; x_wconf 85' lang='lat' dir='ltr'><strong>sanctis</strong></span> <span class='ocrx_word' id='word_1_285' title='bbox 1949 2443 2057 2499; x_wconf 92' lang='lat' dir='ltr'><strong>tuis</strong></span> 
     </span>
    </p>
   </div>
   <div class='ocr_carea' id='block_1_43' title="bbox 483 2523 2055 2602">
    <p class='ocr_par' dir='ltr' id='par_1_43' title="bbox 483 2523 2055 2602">
     <span class='ocr_line' id='line_1_43' title="bbox 483 2523 2055 2602; baseline 0.007 -25"><span class='ocrx_word' id='word_1_286' title='bbox 483 2523 753 2592; x_wconf 85' lang='lat' dir='ltr'><strong>pollicitus</strong></span> <span class='ocrx_word' id='word_1_287' title='bbox 774 2541 851 2580; x_wconf 89' lang='lat' dir='ltr'><strong>es.</strong></span> <span class='ocrx_word' id='word_1_288' title='bbox 881 2525 1059 2590; x_wconf 82' lang='lat' dir='ltr'><strong>Quare</strong></span> <span class='ocrx_word' id='word_1_289' title='bbox 1085 2527 1436 2582; x_wconf 88' lang='lat' dir='ltr'><strong>contristatus</strong></span> <span class='ocrx_word' id='word_1_290' title='bbox 1462 2528 1676 2596; x_wconf 87' lang='lat' dir='ltr'><strong>incedo,</strong></span> <span class='ocrx_word' id='word_1_291' title='bbox 1711 2531 1897 2602; x_wconf 88' lang='lat' dir='ltr'><strong>utique</strong></span> <span class='ocrx_word' id='word_1_292' title='bbox 1934 2547 2055 2588; x_wconf 86' lang='lat' dir='ltr'><strong>con-</strong></span> 
     </span>
    </p>
   </div>
   <div class='ocr_carea' id='block_1_44' title="bbox 488 2615 2052 2692">
    <p class='ocr_par' dir='ltr' id='par_1_44' title="bbox 488 2615 2052 2692">
     <span class='ocr_line' id='line_1_44' title="bbox 488 2615 2052 2692; baseline 0.005 -24"><span class='ocrx_word' id='word_1_293' title='bbox 488 2616 790 2680; x_wconf 83' lang='lat' dir='ltr'><strong>tristatnur,</strong></span> <span class='ocrx_word' id='word_1_294' title='bbox 816 2616 1030 2685; x_wconf 86' lang='lat' dir='ltr'><strong>quando</strong></span> <span class='ocrx_word' id='word_1_295' title='bbox 1053 2615 1256 2692; x_wconf 83' lang='lat' dir='ltr'><strong>ﬂagella</strong></span> <span class='ocrx_word' id='word_1_296' title='bbox 1281 2618 1333 2673; x_wconf 90' lang='lat' dir='ltr'><strong>in</strong></span> <span class='ocrx_word' id='word_1_297' title='bbox 1359 2619 1462 2673; x_wconf 90' lang='lat' dir='ltr'><strong>hoc</strong></span> <span class='ocrx_word' id='word_1_298' title='bbox 1484 2622 1684 2676; x_wconf 87' lang='lat' dir='ltr'><strong>mundo</strong></span> <span class='ocrx_word' id='word_1_299' title='bbox 1706 2622 2052 2677; x_wconf 87' lang='lat' dir='ltr'><strong>sustinemus.</strong></span> 
     </span>
    </p>
   </div>
   <div class='ocr_carea' id='block_1_45' title="bbox 489 2704 2057 2778">
    <p class='ocr_par' dir='ltr' id='par_1_45' title="bbox 489 2704 2057 2778">
     <span class='ocr_line' id='line_1_45' title="bbox 489 2704 2057 2778; baseline 0.007 -21"><span class='ocrx_word' id='word_1_300' title='bbox 489 2706 626 2759; x_wconf 86' lang='lat' dir='ltr'><strong>Dum</strong></span> <span class='ocrx_word' id='word_1_301' title='bbox 651 2704 829 2775; x_wconf 84' lang='lat' dir='ltr'><strong>atlligit</strong></span> <span class='ocrx_word' id='word_1_302' title='bbox 857 2722 958 2763; x_wconf 84' lang='lat' dir='ltr'><strong>nos</strong></span> <span class='ocrx_word' id='word_1_303' title='bbox 983 2707 1253 2772; x_wconf 88' lang='lat' dir='ltr'><strong>iniuticus,</strong></span> <span class='ocrx_word' id='word_1_304' title='bbox 1288 2708 1342 2762; x_wconf 91' lang='lat' dir='ltr'><strong>id</strong></span> <span class='ocrx_word' id='word_1_305' title='bbox 1365 2718 1447 2765; x_wconf 90' lang='lat' dir='ltr'><strong>est</strong></span> <span class='ocrx_word' id='word_1_306' title='bbox 1474 2710 1739 2778; x_wconf 87' lang='lat' dir='ltr'><strong>diabolus,</strong></span> <span class='ocrx_word' id='word_1_307' title='bbox 1761 2727 1885 2768; x_wconf 87' lang='lat' dir='ltr'><strong>cum</strong></span> <span class='ocrx_word' id='word_1_308' title='bbox 1909 2712 2057 2768; x_wconf 80' lang='lat' dir='ltr'><strong>trau-</strong></span> 
     </span>
    </p>
   </div>
   <div class='ocr_carea' id='block_1_46' title="bbox 487 2795 2055 2875">
    <p class='ocr_par' dir='ltr' id='par_1_46' title="bbox 487 2795 2055 2875">
     <span class='ocr_line' id='line_1_46' title="bbox 487 2795 2055 2875; baseline 0.008 -27"><span class='ocrx_word' id='word_1_309' title='bbox 487 2795 723 2851; x_wconf 84' lang='lat' dir='ltr'><strong>dulcntis</strong></span> <span class='ocrx_word' id='word_1_310' title='bbox 774 2798 1217 2870; x_wconf 74' lang='lat' dir='ltr'><strong>subrepttonibus</strong></span> <span class='ocrx_word' id='word_1_311' title='bbox 1267 2801 1381 2857; x_wconf 89' lang='lat' dir='ltr'><strong>suis</strong></span> <span class='ocrx_word' id='word_1_312' title='bbox 1429 2817 1529 2857; x_wconf 91' lang='lat' dir='ltr'><strong>nos</strong></span> <span class='ocrx_word' id='word_1_313' title='bbox 1578 2812 1780 2868; x_wconf 88' lang='lat' dir='ltr'><strong>teutat,</strong></span> <span class='ocrx_word' id='word_1_314' title='bbox 1838 2804 2055 2875; x_wconf 85' lang='lat' dir='ltr'><strong>quando</strong></span> 
     </span>
    </p>
   </div>
   <div class='ocr_carea' id='block_1_47' title="bbox 487 2887 2050 2964">
    <p class='ocr_par' dir='ltr' id='par_1_47' title="bbox 487 2887 2050 2964">
     <span class='ocr_line' id='line_1_47' title="bbox 487 2887 2050 2964; baseline 0.009 -26"><span class='ocrx_word' id='word_1_315' title='bbox 487 2887 666 2942; x_wconf 85' lang='lat' dir='ltr'><strong>carnis</strong></span> <span class='ocrx_word' id='word_1_316' title='bbox 694 2888 817 2942; x_wconf 79' lang='lat' dir='ltr'><strong>vitia</strong></span> <span class='ocrx_word' id='word_1_317' title='bbox 848 2890 1016 2945; x_wconf 89' lang='lat' dir='ltr'><strong>invito</strong></span> <span class='ocrx_word' id='word_1_318' title='bbox 1041 2906 1104 2946; x_wconf 91' lang='lat' dir='ltr'><strong>ac</strong></span> <span class='ocrx_word' id='word_1_319' title='bbox 1132 2901 1464 2964; x_wconf 72' lang='lat' dir='ltr'><strong>repugnante</strong></span> <span class='ocrx_word' id='word_1_320' title='bbox 1490 2893 1673 2953; x_wconf 87' lang='lat' dir='ltr'><strong>animo</strong></span> <span class='ocrx_word' id='word_1_321' title='bbox 1697 2896 2050 2954; x_wconf 84' lang='lat' dir='ltr'><strong>sustinemus.</strong></span> 
     </span>
    </p>
   </div>
   <div class='ocr_carea' id='block_1_48' title="bbox 2231 1693 3306 1766">
    <p class='ocr_par' dir='ltr' id='par_1_48' title="bbox 2231 1693 3306 1766">
     <span class='ocr_line' id='line_1_48' title="bbox 2231 1693 3306 1766; baseline 0.001 -18"><span class='ocrx_word' id='word_1_322' title='bbox 2231 1693 2322 1748; x_wconf 83' lang='lat' dir='ltr'>TT</span> <span class='ocrx_word' id='word_1_323' title='bbox 2355 1707 2418 1749; x_wconf 63' lang='grc' dir='ltr'><strong>αι-</strong></span> <span class='ocrx_word' id='word_1_324' title='bbox 2458 1693 2526 1747; x_wconf 81' lang='lat' dir='ltr'><strong>In</strong></span> <span class='ocrx_word' id='word_1_325' title='bbox 2558 1695 2713 1763; x_wconf 79' lang='lat' dir='ltr'><strong>linem</strong></span> <span class='ocrx_word' id='word_1_326' title='bbox 2742 1693 2987 1749; x_wconf 80' lang='lat' dir='ltr'><strong>Psalutus</strong></span> <span class='ocrx_word' id='word_1_327' title='bbox 3016 1694 3188 1749; x_wconf 81' lang='lat' dir='ltr'><strong>David</strong></span> <span class='ocrx_word' id='word_1_328' title='bbox 3234 1694 3252 1766; x_wconf 72' lang='grc' dir='ltr'>ζ</span> <span class='ocrx_word' id='word_1_329' title='bbox 3291 1733 3306 1749; x_wconf 95' lang='grc'><strong>.</strong></span> 
     </span>
    </p>
   </div>
   <div class='ocr_carea' id='block_1_49' title="bbox 2228 1785 3737 1857">
    <p class='ocr_par' dir='ltr' id='par_1_49' title="bbox 2228 1785 3737 1857">
     <span class='ocr_line' id='line_1_49' title="bbox 2228 1785 3737 1857; baseline 0.001 -16"><span class='ocrx_word' id='word_1_330' title='bbox 2228 1785 2271 1841; x_wconf 92' lang='lat' dir='ltr'><strong>C</strong></span> <span class='ocrx_word' id='word_1_331' title='bbox 2294 1785 2713 1857; x_wconf 89' lang='lat' dir='ltr'><strong>Psalmus(sicut</strong></span> <span class='ocrx_word' id='word_1_332' title='bbox 2732 1801 2874 1856; x_wconf 84' lang='lat' dir='ltr'><strong>saepe</strong></span> <span class='ocrx_word' id='word_1_333' title='bbox 2893 1786 3093 1841; x_wconf 88' lang='lat' dir='ltr'><strong>dictum</strong></span> <span class='ocrx_word' id='word_1_334' title='bbox 3115 1786 3408 1857; x_wconf 80' lang='lat' dir='ltr'><strong>est)-signat</strong></span> <span class='ocrx_word' id='word_1_335' title='bbox 3431 1787 3603 1842; x_wconf 87' lang='lat' dir='ltr'><strong>melos</strong></span> <span class='ocrx_word' id='word_1_336' title='bbox 3624 1802 3737 1843; x_wconf 74' lang='lat' dir='ltr'><strong>cm-</strong></span> 
     </span>
    </p>
   </div>
   <div class='ocr_carea' id='block_1_50' title="bbox 2158 1876 3743 1941">
    <p class='ocr_par' dir='ltr' id='par_1_50' title="bbox 2158 1876 3743 1941">
     <span class='ocr_line' id='line_1_50' title="bbox 2158 1876 3743 1941; baseline -0.001 -8"><span class='ocrx_word' id='word_1_337' title='bbox 2158 1878 2373 1933; x_wconf 89' lang='lat' dir='ltr'><strong>lestium</strong></span> <span class='ocrx_word' id='word_1_338' title='bbox 2399 1878 2706 1932; x_wconf 86' lang='lat' dir='ltr'><strong>verborum.</strong></span> <span class='ocrx_word' id='word_1_339' title='bbox 2740 1877 2906 1932; x_wconf 86' lang='lat' dir='ltr'><strong>David</strong></span> <span class='ocrx_word' id='word_1_340' title='bbox 2938 1885 3117 1931; x_wconf 85' lang='lat' dir='ltr'><strong>autem</strong></span> <span class='ocrx_word' id='word_1_341' title='bbox 3149 1876 3527 1941; x_wconf 86' lang='lat' dir='ltr'><strong>fortissimum,</strong></span> <span class='ocrx_word' id='word_1_342' title='bbox 3551 1893 3620 1932; x_wconf 91' lang='lat' dir='ltr'><strong>ac</strong></span> <span class='ocrx_word' id='word_1_343' title='bbox 3648 1878 3743 1933; x_wconf 86' lang='lat' dir='ltr'><strong>de-</strong></span> 
     </span>
    </p>
   </div>
   <div class='ocr_carea' id='block_1_51' title="bbox 2158 1965 3739 2037">
    <p class='ocr_par' dir='ltr' id='par_1_51' title="bbox 2158 1965 3739 2037">
     <span class='ocr_line' id='line_1_51' title="bbox 2158 1965 3739 2037; baseline 0.001 -15"><span class='ocrx_word' id='word_1_344' title='bbox 2158 1965 2498 2022; x_wconf 86' lang='lat' dir='ltr'><strong>siderabilem</strong></span> <span class='ocrx_word' id='word_1_345' title='bbox 2532 1966 2688 2022; x_wconf 89' lang='lat' dir='ltr'><strong>nobis</strong></span> <span class='ocrx_word' id='word_1_346' title='bbox 2729 1966 2931 2022; x_wconf 83' lang='lat' dir='ltr'><strong>indicat</strong></span> <span class='ocrx_word' id='word_1_347' title='bbox 2974 1967 3333 2032; x_wconf 69' lang='lat' dir='ltr'><strong>Salvator-cm,</strong></span> <span class='ocrx_word' id='word_1_348' title='bbox 3363 1968 3430 2022; x_wconf 88' lang='lat' dir='ltr'><strong>ad</strong></span> <span class='ocrx_word' id='word_1_349' title='bbox 3468 1983 3635 2037; x_wconf 86' lang='lat' dir='ltr'><strong>quem</strong></span> <span class='ocrx_word' id='word_1_350' title='bbox 3672 1968 3739 2024; x_wconf 82' lang='lat' dir='ltr'><strong>de</strong></span> 
     </span>
    </p>
   </div>
   <div class='ocr_carea' id='block_1_52' title="bbox 2155 2057 3736 2131">
    <p class='ocr_par' dir='ltr' id='par_1_52' title="bbox 2155 2057 3736 2131">
     <span class='ocr_line' id='line_1_52' title="bbox 2155 2057 3736 2131; baseline 0.001 -18"><span class='ocrx_word' id='word_1_351' title='bbox 2155 2072 2386 2129; x_wconf 88' lang='lat' dir='ltr'><strong>persona</strong></span> <span class='ocrx_word' id='word_1_352' title='bbox 2416 2057 2711 2114; x_wconf 88' lang='lat' dir='ltr'><strong>ﬁdelissimi</strong></span> <span class='ocrx_word' id='word_1_353' title='bbox 2735 2058 3025 2115; x_wconf 87' lang='lat' dir='ltr'><strong>Christiani</strong></span> <span class='ocrx_word' id='word_1_354' title='bbox 3058 2059 3297 2130; x_wconf 90' lang='lat' dir='ltr'><strong>psalmus</strong></span> <span class='ocrx_word' id='word_1_355' title='bbox 3334 2060 3439 2115; x_wconf 86' lang='lat' dir='ltr'><strong>iste</strong></span> <span class='ocrx_word' id='word_1_356' title='bbox 3460 2060 3736 2131; x_wconf 83' lang='lat' dir='ltr'><strong>dirigitur,</strong></span> 
     </span>
    </p>
   </div>
   <div class='ocr_carea' id='block_1_53' title="bbox 2157 2151 3741 2223">
    <p class='ocr_par' dir='ltr' id='par_1_53' title="bbox 2157 2151 3741 2223">
     <span class='ocr_line' id='line_1_53' title="bbox 2157 2151 3741 2223; baseline 0 -15"><span class='ocrx_word' id='word_1_357' title='bbox 2157 2152 2289 2209; x_wconf 86' lang='lat' dir='ltr'><strong>dum</strong></span> <span class='ocrx_word' id='word_1_358' title='bbox 2325 2166 2479 2208; x_wconf 90' lang='lat' dir='ltr'><strong>mens</strong></span> <span class='ocrx_word' id='word_1_359' title='bbox 2521 2160 2578 2208; x_wconf 89' lang='lat' dir='ltr'><strong>et</strong></span> <span class='ocrx_word' id='word_1_360' title='bbox 2622 2152 2855 2208; x_wconf 87' lang='lat' dir='ltr'><strong>intentio</strong></span> <span class='ocrx_word' id='word_1_361' title='bbox 2888 2151 3004 2223; x_wconf 87' lang='lat' dir='ltr'><strong>ejus</strong></span> <span class='ocrx_word' id='word_1_362' title='bbox 3043 2153 3113 2209; x_wconf 89' lang='lat' dir='ltr'><strong>ad</strong></span> <span class='ocrx_word' id='word_1_363' title='bbox 3151 2153 3325 2223; x_wconf 86' lang='lat' dir='ltr'><strong>ipsum</strong></span> <span class='ocrx_word' id='word_1_364' title='bbox 3364 2153 3741 2209; x_wconf 88' lang='lat' dir='ltr'><strong>desideranter</strong></span> 
     </span>
    </p>
   </div>
   <div class='ocr_carea' id='block_1_54' title="bbox 2156 2251 2392 2314">
    <p class='ocr_par' dir='ltr' id='par_1_54' title="bbox 2156 2251 2392 2314">
     <span class='ocr_line' id='line_1_54' title="bbox 2156 2251 2392 2314; baseline 0.004 -18"><span class='ocrx_word' id='word_1_365' title='bbox 2156 2251 2392 2314; x_wconf 81' lang='lat' dir='ltr'><strong>aptatur.</strong></span> 
     </span>
    </p>
   </div>
   <div class='ocr_carea' id='block_1_55' title="bbox 2158 2334 3738 2401">
    <p class='ocr_par' dir='ltr' id='par_1_55' title="bbox 2158 2334 3738 2401">
     <span class='ocr_line' id='line_1_55' title="bbox 2158 2334 3738 2401; baseline -0.001 -11"><span class='ocrx_word' id='word_1_366' title='bbox 2158 2334 2185 2390; x_wconf 79' lang='grc'><strong>1</strong></span> <span class='ocrx_word' id='word_1_367' title='bbox 2262 2334 2458 2389; x_wconf 69' lang='lat' dir='ltr'><strong>Iudico</strong></span> <span class='ocrx_word' id='word_1_368' title='bbox 2489 2351 2589 2396; x_wconf 83' lang='lat' dir='ltr'><strong>me,</strong></span> <span class='ocrx_word' id='word_1_369' title='bbox 2617 2335 2776 2401; x_wconf 80' lang='lat' dir='ltr'><strong>Deus,</strong></span> <span class='ocrx_word' id='word_1_370' title='bbox 2792 2347 2840 2391; x_wconf 84' lang='lat' dir='ltr'><strong>et</strong></span> <span class='ocrx_word' id='word_1_371' title='bbox 2863 2338 3097 2391; x_wconf 72' lang='lat' dir='ltr'><strong>discerne</strong></span> <span class='ocrx_word' id='word_1_372' title='bbox 3116 2352 3326 2391; x_wconf 70' lang='lat' dir='ltr'><strong>causam</strong></span> <span class='ocrx_word' id='word_1_373' title='bbox 3350 2351 3546 2401; x_wconf 80' lang='lat' dir='ltr'><strong>meum,</strong></span> <span class='ocrx_word' id='word_1_374' title='bbox 3576 2334 3738 2401; x_wconf 81' lang='lat' dir='ltr'><strong>Deus,</strong></span> 
     </span>
    </p>
   </div>
   <div class='ocr_carea' id='block_1_56' title="bbox 2334 2424 2967 2495">
    <p class='ocr_par' dir='ltr' id='par_1_56' title="bbox 2334 2424 2967 2495">
     <span class='ocr_line' id='line_1_56' title="bbox 2334 2424 2967 2495; baseline 0.005 -17"><span class='ocrx_word' id='word_1_375' title='bbox 2334 2424 2398 2479; x_wconf 83' lang='lat' dir='ltr'><strong>de</strong></span> <span class='ocrx_word' id='word_1_376' title='bbox 2422 2435 2570 2495; x_wconf 82' lang='lat' dir='ltr'><strong>gente</strong></span> <span class='ocrx_word' id='word_1_377' title='bbox 2603 2443 2705 2480; x_wconf 88' lang='lat' dir='ltr'><strong>non</strong></span> <span class='ocrx_word' id='word_1_378' title='bbox 2733 2437 2916 2481; x_wconf 84' lang='lat' dir='ltr'><strong>sancta</strong></span> <span class='ocrx_word' id='word_1_379' title='bbox 2941 2441 2967 2481; x_wconf 83' lang='lat'><strong><em>:</em></strong></span> 
     </span>
    </p>
   </div>
   <div class='ocr_carea' id='block_1_57' title="bbox 2261 2515 3386 2587">
    <p class='ocr_par' dir='ltr' id='par_1_57' title="bbox 2261 2515 3386 2587">
     <span class='ocr_line' id='line_1_57' title="bbox 2261 2515 3386 2587; baseline 0.001 -18"><span class='ocrx_word' id='word_1_380' title='bbox 2261 2515 2339 2569; x_wconf 78' lang='lat' dir='ltr'><strong>Ab</strong></span> <span class='ocrx_word' id='word_1_381' title='bbox 2376 2516 2582 2571; x_wconf 78' lang='lat' dir='ltr'><strong>homine</strong></span> <span class='ocrx_word' id='word_1_382' title='bbox 2615 2516 2792 2587; x_wconf 83' lang='lat' dir='ltr'><strong>iniquo</strong></span> <span class='ocrx_word' id='word_1_383' title='bbox 2828 2526 2875 2572; x_wconf 83' lang='lat' dir='ltr'><strong>et</strong></span> <span class='ocrx_word' id='word_1_384' title='bbox 2914 2515 3094 2572; x_wconf 79' lang='lat' dir='ltr'><strong>doloso</strong></span> <span class='ocrx_word' id='word_1_385' title='bbox 3130 2532 3254 2571; x_wconf 82' lang='lat' dir='ltr'><strong>erue</strong></span> <span class='ocrx_word' id='word_1_386' title='bbox 3286 2532 3386 2571; x_wconf 84' lang='lat' dir='ltr'><strong>me.</strong></span> 
     </span>
    </p>
   </div>
   <div class='ocr_carea' id='block_1_58' title="bbox 2225 2606 3739 2678">
    <p class='ocr_par' dir='ltr' id='par_1_58' title="bbox 2225 2606 3739 2678">
     <span class='ocr_line' id='line_1_58' title="bbox 2225 2606 3739 2678; baseline 0.001 -16"><span class='ocrx_word' id='word_1_387' title='bbox 2225 2607 2268 2662; x_wconf 90' lang='lat' dir='ltr'><strong>C</strong></span> <span class='ocrx_word' id='word_1_388' title='bbox 2301 2606 2488 2663; x_wconf 69' lang='lat' dir='ltr'><strong>iudica</strong></span> <span class='ocrx_word' id='word_1_389' title='bbox 2520 2623 2629 2672; x_wconf 89' lang='lat' dir='ltr'><strong>me,</strong></span> <span class='ocrx_word' id='word_1_390' title='bbox 2656 2607 2818 2665; x_wconf 90' lang='lat' dir='ltr'><strong>Deus.</strong></span> <span class='ocrx_word' id='word_1_391' title='bbox 2843 2607 2958 2664; x_wconf 86' lang='lat' dir='ltr'><strong>Non</strong></span> <span class='ocrx_word' id='word_1_392' title='bbox 2982 2608 3127 2663; x_wconf 91' lang='lat' dir='ltr'><strong>enim</strong></span> <span class='ocrx_word' id='word_1_393' title='bbox 3155 2608 3291 2678; x_wconf 85' lang='lat' dir='ltr'><strong>petit</strong></span> <span class='ocrx_word' id='word_1_394' title='bbox 3315 2607 3591 2677; x_wconf 78' lang='lat' dir='ltr'><strong>Propheta</strong></span> <span class='ocrx_word' id='word_1_395' title='bbox 3610 2623 3739 2678; x_wconf 57' lang='lat' dir='ltr'><strong>pec»</strong></span> 
     </span>
    </p>
   </div>
   <div class='ocr_carea' id='block_1_59' title="bbox 2156 2698 3737 2768">
    <p class='ocr_par' dir='ltr' id='par_1_59' title="bbox 2156 2698 3737 2768">
     <span class='ocr_line' id='line_1_59' title="bbox 2156 2698 3737 2768; baseline -0.001 -14"><span class='ocrx_word' id='word_1_396' title='bbox 2156 2706 2275 2754; x_wconf 87' lang='lat' dir='ltr'><strong>cata</strong></span> <span class='ocrx_word' id='word_1_397' title='bbox 2306 2712 2404 2754; x_wconf 90' lang='lat' dir='ltr'><strong>sua</strong></span> <span class='ocrx_word' id='word_1_398' title='bbox 2439 2699 2666 2763; x_wconf 86' lang='lat' dir='ltr'><strong>discuti,</strong></span> <span class='ocrx_word' id='word_1_399' title='bbox 2699 2699 2794 2755; x_wconf 88' lang='lat' dir='ltr'><strong>sed</strong></span> <span class='ocrx_word' id='word_1_400' title='bbox 2839 2698 2907 2753; x_wconf 92' lang='lat' dir='ltr'><strong>ab</strong></span> <span class='ocrx_word' id='word_1_401' title='bbox 2949 2698 3255 2768; x_wconf 89' lang='lat' dir='ltr'><strong>iniquorum</strong></span> <span class='ocrx_word' id='word_1_402' title='bbox 3285 2698 3561 2753; x_wconf 83' lang='lat' dir='ltr'><strong>consortio</strong></span> <span class='ocrx_word' id='word_1_403' title='bbox 3596 2698 3737 2754; x_wconf 85' lang='lat' dir='ltr'><strong>lihe-</strong></span> 
     </span>
    </p>
   </div>
   <div class='ocr_carea' id='block_1_60' title="bbox 2155 2786 3734 2861">
    <p class='ocr_par' dir='ltr' id='par_1_60' title="bbox 2155 2786 3734 2861">
     <span class='ocr_line' id='line_1_60' title="bbox 2155 2786 3734 2861; baseline -0.001 -17"><span class='ocrx_word' id='word_1_404' title='bbox 2155 2789 2290 2844; x_wconf 90' lang='lat' dir='ltr'><strong>rari.</strong></span> <span class='ocrx_word' id='word_1_405' title='bbox 2339 2788 2498 2845; x_wconf 82' lang='lat' dir='ltr'><strong>Esset</strong></span> <span class='ocrx_word' id='word_1_406' title='bbox 2546 2789 2691 2844; x_wconf 89' lang='lat' dir='ltr'><strong>enim</strong></span> <span class='ocrx_word' id='word_1_407' title='bbox 2742 2787 3100 2861; x_wconf 78' lang='lat' dir='ltr'><strong>periculosum</strong></span> <span class='ocrx_word' id='word_1_408' title='bbox 3130 2787 3353 2844; x_wconf 78' lang='lat' dir='ltr'><strong>dicere:</strong></span> <span class='ocrx_word' id='word_1_409' title='bbox 3391 2786 3580 2855; x_wconf 85' lang='lat' dir='ltr'><strong>judica</strong></span> <span class='ocrx_word' id='word_1_410' title='bbox 3627 2803 3734 2852; x_wconf 79' lang='lat' dir='ltr'><strong>me,</strong></span> 
     </span>
    </p>
   </div>
   <div class='ocr_carea' id='block_1_61' title="bbox 2156 2878 3737 2944">
    <p class='ocr_par' dir='ltr' id='par_1_61' title="bbox 2156 2878 3737 2944">
     <span class='ocr_line' id='line_1_61' title="bbox 2156 2878 3737 2944; baseline -0.001 -8"><span class='ocrx_word' id='word_1_411' title='bbox 2156 2881 2259 2937; x_wconf 66' lang='lat' dir='ltr'><strong>nisi</strong></span> <span class='ocrx_word' id='word_1_412' title='bbox 2284 2881 2581 2937; x_wconf 85' lang='lat' dir='ltr'><strong>addidisset</strong></span> <span class='ocrx_word' id='word_1_413' title='bbox 2603 2895 2619 2936; x_wconf 89' lang='lat'><strong>:</strong></span> <span class='ocrx_word' id='word_1_414' title='bbox 2645 2880 2892 2938; x_wconf 80' lang='lat' dir='ltr'><strong>discerne</strong></span> <span class='ocrx_word' id='word_1_415' title='bbox 2909 2895 3127 2937; x_wconf 83' lang='lat' dir='ltr'><strong>causam</strong></span> <span class='ocrx_word' id='word_1_416' title='bbox 3150 2894 3355 2944; x_wconf 73' lang='lat' dir='ltr'><strong>meam,</strong></span> <span class='ocrx_word' id='word_1_417' title='bbox 3372 2878 3425 2934; x_wconf 91' lang='lat' dir='ltr'><strong>id</strong></span> <span class='ocrx_word' id='word_1_418' title='bbox 3450 2888 3535 2935; x_wconf 85' lang='lat' dir='ltr'><strong>est</strong></span> <span class='ocrx_word' id='word_1_419' title='bbox 3556 2880 3737 2935; x_wconf 86' lang='lat' dir='ltr'><strong>divide</strong></span> 
     </span>
    </p>
   </div>
   <div class='ocr_carea' id='block_1_62' title="bbox 484 2962 2054 3056">
    <p class='ocr_par' dir='ltr' id='par_1_62' title="bbox 484 2962 2052 3056">
     <span class='ocr_line' id='line_1_62' title="bbox 484 2962 2052 3056; baseline 0.007 -24"><span class='ocrx_word' id='word_1_420' title='bbox 484 2977 552 3032; x_wconf 75' lang='lat' dir='ltr'><strong>l-i</strong></span> <span class='ocrx_word' id='word_1_421' title='bbox 627 2979 765 3034; x_wconf 83' lang='lat' dir='ltr'><strong>Dum</strong></span> <span class='ocrx_word' id='word_1_422' title='bbox 821 2962 1225 3054; x_wconf 72' lang='lat' dir='ltr'><strong>confriuguutur</strong></span> <span class='ocrx_word' id='word_1_423' title='bbox 1268 2962 1387 3039; x_wconf 76' lang='lat' dir='ltr'><strong>ossa</strong></span> <span class='ocrx_word' id='word_1_424' title='bbox 1436 2989 2052 3056; x_wconf 79' lang='lat' dir='ltr'><strong>mea:e:cprobrareruut</strong></span> 
     </span>
    </p>
   </div>
   <div class='ocr_carea' id='block_1_63' title="bbox 2168 2962 3734 3056">
    <p class='ocr_par' dir='ltr' id='par_1_63' title="bbox 2168 2968 3734 3041">
     <span class='ocr_line' id='line_1_63' title="bbox 2168 2968 3734 3041; baseline -0.002 -14"><span class='ocrx_word' id='word_1_425' title='bbox 2168 2970 2560 3041; x_wconf 86' lang='lat' dir='ltr'><strong>permistionem</strong></span> <span class='ocrx_word' id='word_1_426' title='bbox 2588 2984 2758 3027; x_wconf 84' lang='lat' dir='ltr'><strong>meam</strong></span> <span class='ocrx_word' id='word_1_427' title='bbox 2781 2970 2856 3026; x_wconf 83' lang='lat' dir='ltr'><strong>ab</strong></span> <span class='ocrx_word' id='word_1_428' title='bbox 2878 2970 3074 3040; x_wconf 83' lang='lat' dir='ltr'><strong>impiis.</strong></span> <span class='ocrx_word' id='word_1_429' title='bbox 3111 2968 3186 3024; x_wconf 89' lang='lat' dir='ltr'><strong>De</strong></span> <span class='ocrx_word' id='word_1_430' title='bbox 3205 2978 3365 3038; x_wconf 71' lang='lat' dir='ltr'><strong>gente</strong></span> <span class='ocrx_word' id='word_1_431' title='bbox 3386 2984 3507 3024; x_wconf 74' lang='lat' dir='ltr'><strong>nou</strong></span> <span class='ocrx_word' id='word_1_432' title='bbox 3522 2978 3734 3034; x_wconf 74' lang='lat' dir='ltr'><strong>sancta,</strong></span> 
     </span>
    </p>
   </div>
   <div class='ocr_carea' id='block_1_64' title="bbox 632 3074 780 3128">
    <p class='ocr_par' dir='ltr' id='par_1_64' title="bbox 632 3074 780 3128">
     <span class='ocr_line' id='line_1_64' title="bbox 632 3074 780 3128; baseline 0.02 -3"><span class='ocrx_word' id='word_1_433' title='bbox 632 3074 780 3128; x_wconf 68' lang='lat' dir='ltr'><strong>mihi.</strong></span> 
     </span>
    </p>
   </div>
   <div class='ocr_carea' id='block_1_65' title="bbox 632 3162 1754 3243">
    <p class='ocr_par' dir='ltr' id='par_1_65' title="bbox 632 3162 1754 3243">
     <span class='ocr_line' id='line_1_65' title="bbox 632 3162 1754 3243; baseline 0.012 -29"><span class='ocrx_word' id='word_1_434' title='bbox 632 3163 736 3227; x_wconf 89' lang='lat' dir='ltr'><strong>Qui</strong></span> <span class='ocrx_word' id='word_1_435' title='bbox 761 3162 1012 3219; x_wconf 80' lang='lat' dir='ltr'><strong>tribulam</strong></span> <span class='ocrx_word' id='word_1_436' title='bbox 1036 3181 1117 3220; x_wconf 87' lang='lat' dir='ltr'><strong>me</strong></span> <span class='ocrx_word' id='word_1_437' title='bbox 1140 3168 1206 3235; x_wconf 54' lang='grc' dir='ltr'><strong>ῖς(</strong></span> <span class='ocrx_word' id='word_1_438' title='bbox 1234 3166 1432 3243; x_wconf 76' lang='lat' dir='ltr'><strong>inimici</strong></span> <span class='ocrx_word' id='word_1_439' title='bbox 1459 3169 1557 3223; x_wconf 90' lang='lat' dir='ltr'><strong>mei</strong></span> <span class='ocrx_word' id='word_1_440' title='bbox 1588 3168 1609 3240; x_wconf 66' lang='grc' dir='ltr'>ζ</span> <span class='ocrx_word' id='word_1_441' title='bbox 1750 3237 1754 3240; x_wconf 25' lang='lat'><strong>,</strong></span> 
     </span>
    </p>
   </div>
   <div class='ocr_carea' id='block_1_66' title="bbox 554 3252 2057 3329">
    <p class='ocr_par' dir='ltr' id='par_1_66' title="bbox 554 3252 2057 3329">
     <span class='ocr_line' id='line_1_66' title="bbox 554 3252 2057 3329; baseline 0.008 -22"><span class='ocrx_word' id='word_1_442' title='bbox 554 3252 596 3307; x_wconf 72' lang='grc' dir='ltr'>α</span> <span class='ocrx_word' id='word_1_443' title='bbox 633 3252 978 3325; x_wconf 79' lang='lat' dir='ltr'><strong>Franguntur</strong></span> <span class='ocrx_word' id='word_1_444' title='bbox 1005 3273 1148 3322; x_wconf 90' lang='lat' dir='ltr'><strong>ossa,</strong></span> <span class='ocrx_word' id='word_1_445' title='bbox 1187 3258 1312 3312; x_wconf 84' lang='lat' dir='ltr'><strong>dum</strong></span> <span class='ocrx_word' id='word_1_446' title='bbox 1344 3258 1515 3315; x_wconf 88' lang='lat' dir='ltr'><strong>virtus</strong></span> <span class='ocrx_word' id='word_1_447' title='bbox 1541 3260 1816 3329; x_wconf 83' lang='lat' dir='ltr'><strong>patientiae</strong></span> <span class='ocrx_word' id='word_1_448' title='bbox 1856 3271 2057 3319; x_wconf 66' lang='lat' dir='ltr'><strong>nostra:</strong></span> 
     </span>
    </p>
   </div>
   <div class='ocr_carea' id='block_1_67' title="bbox 486 3342 2057 3418">
    <p class='ocr_par' dir='ltr' id='par_1_67' title="bbox 486 3342 2057 3418">
     <span class='ocr_line' id='line_1_67' title="bbox 486 3342 2057 3418; baseline 0.008 -22"><span class='ocrx_word' id='word_1_449' title='bbox 486 3342 764 3416; x_wconf 87' lang='lat' dir='ltr'><strong>aﬁligitur,</strong></span> <span class='ocrx_word' id='word_1_450' title='bbox 794 3348 897 3402; x_wconf 88' lang='lat' dir='ltr'><strong>hoc</strong></span> <span class='ocrx_word' id='word_1_451' title='bbox 920 3347 1146 3403; x_wconf 88' lang='lat' dir='ltr'><strong>irrident</strong></span> <span class='ocrx_word' id='word_1_452' title='bbox 1170 3348 1414 3405; x_wconf 79' lang='lat' dir='ltr'><strong>videntes</strong></span> <span class='ocrx_word' id='word_1_453' title='bbox 1445 3348 1673 3418; x_wconf 90' lang='lat' dir='ltr'><strong>inimici,</strong></span> <span class='ocrx_word' id='word_1_454' title='bbox 1703 3363 1757 3407; x_wconf 90' lang='lat' dir='ltr'><strong>et</strong></span> <span class='ocrx_word' id='word_1_455' title='bbox 1780 3353 1929 3408; x_wconf 88' lang='lat' dir='ltr'><strong>velut</strong></span> <span class='ocrx_word' id='word_1_456' title='bbox 1954 3354 2057 3408; x_wconf 87' lang='lat' dir='ltr'><strong>ali-</strong></span> 
     </span>
    </p>
   </div>
   <div class='ocr_carea' id='block_1_68' title="bbox 484 3443 2057 3511">
    <p class='ocr_par' dir='ltr' id='par_1_68' title="bbox 484 3443 2057 3511">
     <span class='ocr_line' id='line_1_68' title="bbox 484 3443 2057 3511; baseline 0.009 -20"><span class='ocrx_word' id='word_1_457' title='bbox 484 3455 646 3507; x_wconf 84' lang='lat' dir='ltr'><strong>quem</strong></span> <span class='ocrx_word' id='word_1_458' title='bbox 694 3443 1014 3511; x_wconf 86' lang='lat' dir='ltr'><strong>probrosum</strong></span> <span class='ocrx_word' id='word_1_459' title='bbox 1061 3445 1463 3499; x_wconf 89' lang='lat' dir='ltr'><strong>abominantur.</strong></span> <span class='ocrx_word' id='word_1_460' title='bbox 1523 3444 1570 3499; x_wconf 84' lang='lat' dir='ltr'><strong>ll</strong></span> <span class='ocrx_word' id='word_1_461' title='bbox 1627 3447 1724 3504; x_wconf 90' lang='lat' dir='ltr'><strong>Vel</strong></span> <span class='ocrx_word' id='word_1_462' title='bbox 1777 3463 1898 3504; x_wconf 88' lang='lat' dir='ltr'><strong>ossa</strong></span> <span class='ocrx_word' id='word_1_463' title='bbox 1946 3449 2057 3504; x_wconf 88' lang='lat' dir='ltr'><strong>for-</strong></span> 
     </span>
    </p>
   </div>
   <div class='ocr_carea' id='block_1_69' title="bbox 486 3530 2055 3607">
    <p class='ocr_par' dir='ltr' id='par_1_69' title="bbox 486 3530 2055 3607">
     <span class='ocr_line' id='line_1_69' title="bbox 486 3530 2055 3607; baseline 0.008 -26"><span class='ocrx_word' id='word_1_464' title='bbox 486 3530 656 3586; x_wconf 88' lang='lat' dir='ltr'><strong>tiores</strong></span> <span class='ocrx_word' id='word_1_465' title='bbox 692 3533 748 3586; x_wconf 90' lang='lat' dir='ltr'><strong>in</strong></span> <span class='ocrx_word' id='word_1_466' title='bbox 789 3532 1029 3588; x_wconf 86' lang='lat' dir='ltr'><strong>Ecclesia</strong></span> <span class='ocrx_word' id='word_1_467' title='bbox 1067 3544 1208 3599; x_wconf 89' lang='lat' dir='ltr'><strong>sunt,</strong></span> <span class='ocrx_word' id='word_1_468' title='bbox 1243 3537 1358 3607; x_wconf 88' lang='lat' dir='ltr'><strong>qui,</strong></span> <span class='ocrx_word' id='word_1_469' title='bbox 1402 3539 1528 3594; x_wconf 88' lang='lat' dir='ltr'><strong>dum</strong></span> <span class='ocrx_word' id='word_1_470' title='bbox 1561 3540 1835 3595; x_wconf 87' lang='lat' dir='ltr'><strong>scandalis</strong></span> <span class='ocrx_word' id='word_1_471' title='bbox 1875 3549 1931 3596; x_wconf 90' lang='lat' dir='ltr'><strong>et</strong></span> <span class='ocrx_word' id='word_1_472' title='bbox 1973 3540 2055 3596; x_wconf 87' lang='lat' dir='ltr'><strong>di-</strong></span> 
     </span>
    </p>
   </div>
   <div class='ocr_carea' id='block_1_70' title="bbox 487 3622 2056 3699">
    <p class='ocr_par' dir='ltr' id='par_1_70' title="bbox 487 3622 2056 3699">
     <span class='ocr_line' id='line_1_70' title="bbox 487 3622 2056 3699; baseline 0.008 -27"><span class='ocrx_word' id='word_1_473' title='bbox 487 3622 659 3678; x_wconf 79' lang='lat' dir='ltr'><strong>versis</strong></span> <span class='ocrx_word' id='word_1_474' title='bbox 705 3624 980 3695; x_wconf 88' lang='lat' dir='ltr'><strong>suppliciis</strong></span> <span class='ocrx_word' id='word_1_475' title='bbox 1027 3637 1308 3696; x_wconf 85' lang='lat' dir='ltr'><strong>urgcntur,</strong></span> <span class='ocrx_word' id='word_1_476' title='bbox 1345 3629 1617 3699; x_wconf 89' lang='lat' dir='ltr'><strong>simplices</strong></span> <span class='ocrx_word' id='word_1_477' title='bbox 1655 3630 1901 3686; x_wconf 88' lang='lat' dir='ltr'><strong>videntes</strong></span> <span class='ocrx_word' id='word_1_478' title='bbox 1928 3645 2056 3685; x_wconf 88' lang='lat' dir='ltr'><strong>con-</strong></span> 
     </span>
    </p>
   </div>
   <div class='ocr_carea' id='block_1_71' title="bbox 495 3714 2057 3794">
    <p class='ocr_par' dir='ltr' id='par_1_71' title="bbox 495 3714 2057 3794">
     <span class='ocr_line' id='line_1_71' title="bbox 495 3714 2057 3794; baseline 0.01 -28"><span class='ocrx_word' id='word_1_479' title='bbox 495 3714 804 3771; x_wconf 88' lang='lat' dir='ltr'><strong>tristantur.</strong></span> <span class='ocrx_word' id='word_1_480' title='bbox 836 3720 879 3774; x_wconf 79' lang='grc' dir='ltr'><strong>Δ</strong></span> <span class='ocrx_word' id='word_1_481' title='bbox 920 3718 965 3773; x_wconf 84' lang='grc' dir='ltr'><strong>Η</strong></span> <span class='ocrx_word' id='word_1_482' title='bbox 1006 3718 1161 3777; x_wconf 89' lang='lat' dir='ltr'><strong>Unde</strong></span> <span class='ocrx_word' id='word_1_483' title='bbox 1210 3731 1268 3778; x_wconf 89' lang='lat' dir='ltr'><strong>et</strong></span> <span class='ocrx_word' id='word_1_484' title='bbox 1323 3722 1550 3794; x_wconf 66' lang='lat' dir='ltr'><strong>inimici;</strong></span> <span class='ocrx_word' id='word_1_485' title='bbox 1575 3725 1852 3792; x_wconf 65' lang='lat' dir='ltr'><strong>Ecclesiae,</strong></span> <span class='ocrx_word' id='word_1_486' title='bbox 1899 3726 2057 3781; x_wconf 90' lang='lat' dir='ltr'><strong>bonis</strong></span> 
     </span>
    </p>
   </div>
   <div class='ocr_carea' id='block_1_72' title="bbox 489 3805 2044 3887">
    <p class='ocr_par' dir='ltr' id='par_1_72' title="bbox 489 3805 2044 3887">
     <span class='ocr_line' id='line_1_72' title="bbox 489 3805 2044 3887; baseline 0.01 -30"><span class='ocrx_word' id='word_1_487' title='bbox 489 3805 813 3862; x_wconf 78' lang='lat' dir='ltr'><strong>Christianis</strong></span> <span class='ocrx_word' id='word_1_488' title='bbox 862 3810 1189 3880; x_wconf 74' lang='lat' dir='ltr'><strong>exprobrant</strong></span> <span class='ocrx_word' id='word_1_489' title='bbox 1229 3814 1280 3868; x_wconf 92' lang='lat' dir='ltr'><strong>in</strong></span> <span class='ocrx_word' id='word_1_490' title='bbox 1323 3816 1653 3887; x_wconf 85' lang='lat' dir='ltr'><strong>martyribus</strong></span> <span class='ocrx_word' id='word_1_491' title='bbox 1704 3817 1787 3871; x_wconf 82' lang='lat' dir='ltr'><strong>vel</strong></span> <span class='ocrx_word' id='word_1_492' title='bbox 1835 3816 2044 3874; x_wconf 79' lang='lat' dir='ltr'><strong>confes-</strong></span> 
     </span>
    </p>
   </div>
   <div class='ocr_carea' id='block_1_73' title="bbox 489 3894 2057 3978">
    <p class='ocr_par' dir='ltr' id='par_1_73' title="bbox 489 3894 2057 3978">
     <span class='ocr_line' id='line_1_73' title="bbox 489 3894 2057 3978; baseline 0.01 -32"><span class='ocrx_word' id='word_1_493' title='bbox 489 3894 729 3961; x_wconf 81' lang='lat' dir='ltr'><strong>scribus,</strong></span> <span class='ocrx_word' id='word_1_494' title='bbox 769 3896 893 3951; x_wconf 87' lang='lat' dir='ltr'><strong>dum</strong></span> <span class='ocrx_word' id='word_1_495' title='bbox 917 3912 949 3952; x_wconf 91' lang='lat' dir='ltr'><strong>a</strong></span> <span class='ocrx_word' id='word_1_496' title='bbox 988 3899 1094 3956; x_wconf 84' lang='lat' dir='ltr'><strong>Deo</strong></span> <span class='ocrx_word' id='word_1_497' title='bbox 1113 3901 1198 3957; x_wconf 87' lang='lat' dir='ltr'><strong>vel</strong></span> <span class='ocrx_word' id='word_1_498' title='bbox 1222 3903 1395 3960; x_wconf 91' lang='lat' dir='ltr'><strong>occidi</strong></span> <span class='ocrx_word' id='word_1_499' title='bbox 1436 3903 1519 3960; x_wconf 91' lang='lat' dir='ltr'><strong>vel</strong></span> <span class='ocrx_word' id='word_1_500' title='bbox 1551 3904 1794 3961; x_wconf 87' lang='lat' dir='ltr'><strong>tribulari</strong></span> <span class='ocrx_word' id='word_1_501' title='bbox 1834 3907 2057 3978; x_wconf 87' lang='lat' dir='ltr'><strong>permit-</strong></span> 
     </span>
    </p>
   </div>
   <div class='ocr_carea' id='block_1_74' title="bbox 480 3995 691 4041">
    <p class='ocr_par' dir='ltr' id='par_1_74' title="bbox 480 3995 691 4041">
     <span class='ocr_line' id='line_1_74' title="bbox 480 3995 691 4041; baseline 0.019 -4"><span class='ocrx_word' id='word_1_502' title='bbox 480 3995 691 4041; x_wconf 86' lang='lat' dir='ltr'><strong>tuntur.</strong></span> 
     </span>
    </p>
   </div>
   <div class='ocr_carea' id='block_1_75' title="bbox 488 4076 2054 4165">
    <p class='ocr_par' dir='ltr' id='par_1_75' title="bbox 488 4076 2054 4165">
     <span class='ocr_line' id='line_1_75' title="bbox 488 4076 2054 4165; baseline 0.008 -36"><span class='ocrx_word' id='word_1_503' title='bbox 488 4076 554 4130; x_wconf 77' lang='grc'>15</span> <span class='ocrx_word' id='word_1_504' title='bbox 624 4079 765 4133; x_wconf 88' lang='lat' dir='ltr'><strong>Dum</strong></span> <span class='ocrx_word' id='word_1_505' title='bbox 792 4081 972 4138; x_wconf 75' lang='lat' dir='ltr'><strong>dicunt</strong></span> <span class='ocrx_word' id='word_1_506' title='bbox 1001 4082 1129 4139; x_wconf 79' lang='lat' dir='ltr'><strong>mihi</strong></span> <span class='ocrx_word' id='word_1_507' title='bbox 1151 4101 1245 4156; x_wconf 82' lang='lat' dir='ltr'><strong>per</strong></span> <span class='ocrx_word' id='word_1_508' title='bbox 1267 4086 1500 4159; x_wconf 80' lang='lat' dir='ltr'><strong>singulos</strong></span> <span class='ocrx_word' id='word_1_509' title='bbox 1523 4088 1655 4165; x_wconf 81' lang='lat' dir='ltr'><strong>dies.</strong></span> <span class='ocrx_word' id='word_1_510' title='bbox 1683 4088 1786 4145; x_wconf 83' lang='lat' dir='ltr'><strong>Ubi</strong></span> <span class='ocrx_word' id='word_1_511' title='bbox 1813 4099 1886 4145; x_wconf 87' lang='lat' dir='ltr'><strong>est</strong></span> <span class='ocrx_word' id='word_1_512' title='bbox 1916 4089 2054 4145; x_wconf 85' lang='lat' dir='ltr'><strong>Deus</strong></span> 
     </span>
    </p>
   </div>
   <div class='ocr_carea' id='block_1_76' title="bbox 689 4172 859 4225">
    <p class='ocr_par' dir='ltr' id='par_1_76' title="bbox 689 4172 859 4225">
     <span class='ocr_line' id='line_1_76' title="bbox 689 4172 859 4225; baseline 0.024 -3"><span class='ocrx_word' id='word_1_513' title='bbox 689 4180 812 4225; x_wconf 80' lang='lat' dir='ltr'><strong>tuus</strong></span> <span class='ocrx_word' id='word_1_514' title='bbox 832 4172 859 4225; x_wconf 68' lang='lat'><strong><em>7</em></strong></span> 
     </span>
    </p>
   </div>
   <div class='ocr_carea' id='block_1_77' title="bbox 626 4259 2049 4343">
    <p class='ocr_par' dir='ltr' id='par_1_77' title="bbox 626 4259 2049 4343">
     <span class='ocr_line' id='line_1_77' title="bbox 626 4259 2049 4343; baseline 0.011 -31"><span class='ocrx_word' id='word_1_515' title='bbox 626 4259 804 4325; x_wconf 82' lang='lat' dir='ltr'><strong>Quare</strong></span> <span class='ocrx_word' id='word_1_516' title='bbox 842 4264 1006 4320; x_wconf 85' lang='lat' dir='ltr'><strong>tristis</strong></span> <span class='ocrx_word' id='word_1_517' title='bbox 1048 4282 1122 4334; x_wconf 90' lang='lat' dir='ltr'><strong>es,</strong></span> <span class='ocrx_word' id='word_1_518' title='bbox 1169 4269 1347 4324; x_wconf 87' lang='lat' dir='ltr'><strong>anima</strong></span> <span class='ocrx_word' id='word_1_519' title='bbox 1387 4286 1522 4339; x_wconf 88' lang='lat' dir='ltr'><strong>mea,</strong></span> <span class='ocrx_word' id='word_1_520' title='bbox 1552 4280 1598 4326; x_wconf 86' lang='lat' dir='ltr'><strong>et</strong></span> <span class='ocrx_word' id='word_1_521' title='bbox 1640 4288 1805 4343; x_wconf 86' lang='lat' dir='ltr'><strong>quare</strong></span> <span class='ocrx_word' id='word_1_522' title='bbox 1831 4280 2049 4327; x_wconf 75' lang='lat' dir='ltr'><strong>contur—</strong></span> 
     </span>
    </p>
   </div>
   <div class='ocr_carea' id='block_1_78' title="bbox 695 4349 943 4406">
    <p class='ocr_par' dir='ltr' id='par_1_78' title="bbox 695 4349 943 4406">
     <span class='ocr_line' id='line_1_78' title="bbox 695 4349 943 4406; baseline 0.02 -5"><span class='ocrx_word' id='word_1_523' title='bbox 695 4349 787 4405; x_wconf 85' lang='lat' dir='ltr'><strong>bas</strong></span> <span class='ocrx_word' id='word_1_524' title='bbox 816 4368 896 4405; x_wconf 87' lang='lat' dir='ltr'><strong>me</strong></span> <span class='ocrx_word' id='word_1_525' title='bbox 914 4352 943 4406; x_wconf 82' lang='lat'><strong>.’</strong></span> 
     </span>
    </p>
   </div>
   <div class='ocr_carea' id='block_1_79' title="bbox 554 4438 2049 4525">
    <p class='ocr_par' dir='ltr' id='par_1_79' title="bbox 554 4438 2049 4525">
     <span class='ocr_line' id='line_1_79' title="bbox 554 4438 2049 4525; baseline 0.007 -31"><span class='ocrx_word' id='word_1_526' title='bbox 554 4438 601 4494; x_wconf 81' lang='grc' dir='ltr'>Η</span> <span class='ocrx_word' id='word_1_527' title='bbox 640 4439 775 4495; x_wconf 90' lang='lat' dir='ltr'><strong>Dum</strong></span> <span class='ocrx_word' id='word_1_528' title='bbox 805 4443 1004 4499; x_wconf 86' lang='lat' dir='ltr'><strong>dicitur</strong></span> <span class='ocrx_word' id='word_1_529' title='bbox 1033 4447 1162 4502; x_wconf 79' lang='lat' dir='ltr'><strong>mihi</strong></span> <span class='ocrx_word' id='word_1_530' title='bbox 1191 4463 1288 4519; x_wconf 90' lang='lat' dir='ltr'><strong>per</strong></span> <span class='ocrx_word' id='word_1_531' title='bbox 1313 4449 1553 4522; x_wconf 76' lang='lat' dir='ltr'><strong>singulos</strong></span> <span class='ocrx_word' id='word_1_532' title='bbox 1575 4442 1874 4518; x_wconf 51' lang='lat' dir='ltr'><strong>diesTaE&#39;si</strong></span> <span class='ocrx_word' id='word_1_533' title='bbox 1903 4452 2049 4525; x_wconf 83' lang='lat' dir='ltr'><strong>dicat</strong></span> 
     </span>
    </p>
   </div>
   <div class='ocr_carea' id='block_1_80' title="bbox 483 4532 2046 4612">
    <p class='ocr_par' dir='ltr' id='par_1_80' title="bbox 483 4532 2046 4612">
     <span class='ocr_line' id='line_1_80' title="bbox 483 4532 2046 4612; baseline 0.009 -30"><span class='ocrx_word' id='word_1_534' title='bbox 483 4539 704 4586; x_wconf 86' lang='lat' dir='ltr'><strong>sanctus</strong></span> <span class='ocrx_word' id='word_1_535' title='bbox 743 4532 811 4587; x_wconf 88' lang='lat' dir='ltr'><strong>ad</strong></span> <span class='ocrx_word' id='word_1_536' title='bbox 850 4532 1147 4591; x_wconf 90' lang='lat' dir='ltr'><strong>Christum.</strong></span> <span class='ocrx_word' id='word_1_537' title='bbox 1176 4536 1307 4593; x_wconf 90' lang='lat' dir='ltr'><strong>Cum</strong></span> <span class='ocrx_word' id='word_1_538' title='bbox 1338 4555 1437 4611; x_wconf 84' lang='lat' dir='ltr'><strong>ego</strong></span> <span class='ocrx_word' id='word_1_539' title='bbox 1465 4549 1516 4596; x_wconf 91' lang='lat' dir='ltr'><strong>te</strong></span> <span class='ocrx_word' id='word_1_540' title='bbox 1541 4556 1646 4612; x_wconf 89' lang='lat' dir='ltr'><strong>per</strong></span> <span class='ocrx_word' id='word_1_541' title='bbox 1673 4543 2046 4610; x_wconf 63' lang='lat' dir='ltr'><strong>paenitentiam</strong></span> 
     </span>
    </p>
   </div>
   <div class='ocr_carea' id='block_1_81' title="bbox 479 4620 2046 4705">
    <p class='ocr_par' dir='ltr' id='par_1_81' title="bbox 479 4620 2046 4705">
     <span class='ocr_line' id='line_1_81' title="bbox 479 4620 2046 4705; baseline 0.011 -34"><span class='ocrx_word' id='word_1_542' title='bbox 479 4628 535 4673; x_wconf 89' lang='lat' dir='ltr'><strong>et</strong></span> <span class='ocrx_word' id='word_1_543' title='bbox 559 4620 900 4678; x_wconf 86' lang='lat' dir='ltr'><strong>amictionem</strong></span> <span class='ocrx_word' id='word_1_544' title='bbox 934 4628 1178 4696; x_wconf 89' lang='lat' dir='ltr'><strong>corporis</strong></span> <span class='ocrx_word' id='word_1_545' title='bbox 1208 4630 1528 4701; x_wconf 76' lang='lat' dir='ltr'><strong>animmque,</strong></span> <span class='ocrx_word' id='word_1_546' title='bbox 1557 4633 1793 4699; x_wconf 88' lang='lat' dir='ltr'><strong>Christe,</strong></span> <span class='ocrx_word' id='word_1_547' title='bbox 1829 4634 2046 4705; x_wconf 88' lang='lat' dir='ltr'><strong>placare</strong></span> 
     </span>
    </p>
   </div>
   <div class='ocr_carea' id='block_1_82' title="bbox 479 4714 2045 4791">
    <p class='ocr_par' dir='ltr' id='par_1_82' title="bbox 479 4714 2045 4791">
     <span class='ocr_line' id='line_1_82' title="bbox 479 4714 2045 4791; baseline 0.008 -24"><span class='ocrx_word' id='word_1_548' title='bbox 479 4714 868 4783; x_wconf 80' lang='lat' dir='ltr'><strong>desiderarem,</strong></span> <span class='ocrx_word' id='word_1_549' title='bbox 894 4719 1099 4775; x_wconf 87' lang='lat' dir='ltr'><strong>inimici</strong></span> <span class='ocrx_word' id='word_1_550' title='bbox 1128 4723 1229 4777; x_wconf 91' lang='lat' dir='ltr'><strong>mei</strong></span> <span class='ocrx_word' id='word_1_551' title='bbox 1259 4724 1409 4791; x_wconf 86' lang='lat' dir='ltr'><strong>quasi</strong></span> <span class='ocrx_word' id='word_1_552' title='bbox 1436 4723 1709 4781; x_wconf 84' lang='lat' dir='ltr'><strong>incassum</strong></span> <span class='ocrx_word' id='word_1_553' title='bbox 1737 4728 1837 4783; x_wconf 91' lang='lat' dir='ltr'><strong>hoc</strong></span> <span class='ocrx_word' id='word_1_554' title='bbox 1864 4725 2045 4782; x_wconf 88' lang='lat' dir='ltr'><strong>facere</strong></span> 
     </span>
    </p>
   </div>
   <div class='ocr_carea' id='block_1_83' title="bbox 475 4807 2048 4888">
    <p class='ocr_par' dir='ltr' id='par_1_83' title="bbox 475 4807 2048 4888">
     <span class='ocr_line' id='line_1_83' title="bbox 475 4807 2048 4888; baseline 0.008 -31"><span class='ocrx_word' id='word_1_555' title='bbox 475 4820 562 4860; x_wconf 86' lang='lat' dir='ltr'><strong>tne</strong></span> <span class='ocrx_word' id='word_1_556' title='bbox 584 4807 853 4874; x_wconf 88' lang='lat' dir='ltr'><strong>dicebant,</strong></span> <span class='ocrx_word' id='word_1_557' title='bbox 881 4811 1086 4869; x_wconf 89' lang='lat' dir='ltr'><strong>aientes</strong></span> <span class='ocrx_word' id='word_1_558' title='bbox 1107 4832 1119 4867; x_wconf 91' lang='lat'><strong>:</strong></span> <span class='ocrx_word' id='word_1_559' title='bbox 1144 4812 1245 4870; x_wconf 89' lang='lat' dir='ltr'><strong>Ubi</strong></span> <span class='ocrx_word' id='word_1_560' title='bbox 1273 4823 1355 4870; x_wconf 89' lang='lat' dir='ltr'><strong>est</strong></span> <span class='ocrx_word' id='word_1_561' title='bbox 1379 4817 1517 4872; x_wconf 90' lang='lat' dir='ltr'><strong>Deus</strong></span> <span class='ocrx_word' id='word_1_562' title='bbox 1542 4825 1664 4873; x_wconf 90' lang='lat' dir='ltr'><strong>tuus</strong></span> <span class='ocrx_word' id='word_1_563' title='bbox 1691 4816 1847 4888; x_wconf 80' lang='lat' dir='ltr'><strong>(lsai.</strong></span> <span class='ocrx_word' id='word_1_564' title='bbox 1874 4815 2048 4887; x_wconf 71' lang='lat' dir='ltr'><strong>Lstv)?</strong></span> 
     </span>
    </p>
   </div>
   <div class='ocr_carea' id='block_1_84' title="bbox 478 4899 2047 4977">
    <p class='ocr_par' dir='ltr' id='par_1_84' title="bbox 478 4899 2047 4977">
     <span class='ocr_line' id='line_1_84' title="bbox 478 4899 2047 4977; baseline 0.006 -27"><span class='ocrx_word' id='word_1_565' title='bbox 478 4899 783 4954; x_wconf 82' lang='lat' dir='ltr'><strong>nescientes</strong></span> <span class='ocrx_word' id='word_1_566' title='bbox 808 4901 892 4955; x_wconf 86' lang='lat' dir='ltr'><strong>illa</strong></span> <span class='ocrx_word' id='word_1_567' title='bbox 920 4913 1130 4958; x_wconf 78' lang='lat' dir='ltr'><strong>occulta</strong></span> <span class='ocrx_word' id='word_1_568' title='bbox 1153 4921 1270 4974; x_wconf 78' lang='lat' dir='ltr'><strong>quae</strong></span> <span class='ocrx_word' id='word_1_569' title='bbox 1294 4908 1620 4977; x_wconf 78' lang='lat' dir='ltr'><strong>praeparavit</strong></span> <span class='ocrx_word' id='word_1_570' title='bbox 1649 4908 1791 4963; x_wconf 86' lang='lat' dir='ltr'><strong>Deus</strong></span> <span class='ocrx_word' id='word_1_571' title='bbox 1820 4906 2047 4977; x_wconf 85' lang='lat' dir='ltr'><strong>diligen-</strong></span> 
     </span>
    </p>
   </div>
   <div class='ocr_carea' id='block_1_85' title="bbox 479 4987 2042 5068">
    <p class='ocr_par' dir='ltr' id='par_1_85' title="bbox 479 4987 2042 5068">
     <span class='ocr_line' id='line_1_85' title="bbox 479 4987 2042 5068; baseline 0.009 -30"><span class='ocrx_word' id='word_1_572' title='bbox 479 4987 619 5042; x_wconf 80' lang='lat' dir='ltr'><strong>tibus</strong></span> <span class='ocrx_word' id='word_1_573' title='bbox 664 5005 740 5045; x_wconf 91' lang='lat' dir='ltr'><strong>se.</strong></span> <span class='ocrx_word' id='word_1_574' title='bbox 773 4990 813 5046; x_wconf 90' lang='lat' dir='ltr'><strong>C</strong></span> <span class='ocrx_word' id='word_1_575' title='bbox 857 4992 948 5048; x_wconf 82' lang='lat' dir='ltr'><strong>Vel</strong></span> <span class='ocrx_word' id='word_1_576' title='bbox 987 4994 1314 5051; x_wconf 77' lang='lat' dir='ltr'><strong>hocdicunt</strong></span> <span class='ocrx_word' id='word_1_577' title='bbox 1362 4998 1414 5052; x_wconf 91' lang='lat' dir='ltr'><strong>in</strong></span> <span class='ocrx_word' id='word_1_578' title='bbox 1455 4998 1707 5068; x_wconf 87' lang='lat' dir='ltr'><strong>passione</strong></span> <span class='ocrx_word' id='word_1_579' title='bbox 1752 5005 2042 5067; x_wconf 81' lang='lat' dir='ltr'><strong>martyres,</strong></span> 
     </span>
    </p>
   </div>
   <div class='ocr_carea' id='block_1_86' title="bbox 475 5080 2046 5158">
    <p class='ocr_par' dir='ltr' id='par_1_86' title="bbox 475 5080 2046 5158">
     <span class='ocr_line' id='line_1_86' title="bbox 475 5080 2046 5158; baseline 0.01 -30"><span class='ocrx_word' id='word_1_580' title='bbox 475 5080 615 5143; x_wconf 84' lang='lat' dir='ltr'><strong>quod</strong></span> <span class='ocrx_word' id='word_1_581' title='bbox 642 5081 770 5150; x_wconf 89' lang='lat' dir='ltr'><strong>ipsis</strong></span> <span class='ocrx_word' id='word_1_582' title='bbox 789 5098 817 5136; x_wconf 92' lang='lat' dir='ltr'><strong>a</strong></span> <span class='ocrx_word' id='word_1_583' title='bbox 837 5088 1271 5152; x_wconf 83' lang='lat' dir='ltr'><strong>persecutoribus</strong></span> <span class='ocrx_word' id='word_1_584' title='bbox 1293 5090 1689 5158; x_wconf 87' lang='lat' dir='ltr'><strong>improperetur</strong></span> <span class='ocrx_word' id='word_1_585' title='bbox 1708 5090 1806 5145; x_wconf 80' lang='lat' dir='ltr'><strong>ubi</strong></span> <span class='ocrx_word' id='word_1_586' title='bbox 1818 5090 1888 5144; x_wconf 90' lang='lat' dir='ltr'><strong>sit</strong></span> <span class='ocrx_word' id='word_1_587' title='bbox 1904 5090 2046 5144; x_wconf 87' lang='lat' dir='ltr'><strong>Deus</strong></span> 
     </span>
    </p>
   </div>
   <div class='ocr_carea' id='block_1_87' title="bbox 473 5171 2041 5249">
    <p class='ocr_par' dir='ltr' id='par_1_87' title="bbox 473 5171 2041 5249">
     <span class='ocr_line' id='line_1_87' title="bbox 473 5171 2041 5249; baseline 0.009 -30"><span class='ocrx_word' id='word_1_588' title='bbox 473 5182 681 5222; x_wconf 87' lang='lat' dir='ltr'><strong>eorum.</strong></span> <span class='ocrx_word' id='word_1_589' title='bbox 712 5171 755 5225; x_wconf 92' lang='lat' dir='ltr'><strong>H</strong></span> <span class='ocrx_word' id='word_1_590' title='bbox 797 5173 974 5241; x_wconf 89' lang='lat' dir='ltr'><strong>Quare</strong></span> <span class='ocrx_word' id='word_1_591' title='bbox 1006 5179 1176 5234; x_wconf 85' lang='lat' dir='ltr'><strong>tristis</strong></span> <span class='ocrx_word' id='word_1_592' title='bbox 1221 5197 1303 5245; x_wconf 87' lang='lat' dir='ltr'><strong>es,</strong></span> <span class='ocrx_word' id='word_1_593' title='bbox 1348 5181 1475 5249; x_wconf 88' lang='lat' dir='ltr'><strong>quia</strong></span> <span class='ocrx_word' id='word_1_594' title='bbox 1502 5196 1681 5235; x_wconf 88' lang='lat' dir='ltr'><strong>meum</strong></span> <span class='ocrx_word' id='word_1_595' title='bbox 1715 5179 2041 5236; x_wconf 88' lang='lat' dir='ltr'><strong>desiderium</strong></span> 
     </span>
    </p>
   </div>
   <div class='ocr_carea' id='block_1_88' title="bbox 476 5257 2043 5370">
    <p class='ocr_par' dir='ltr' id='par_1_88' title="bbox 476 5257 2043 5370">
     <span class='ocr_line' id='line_1_88' title="bbox 476 5257 2043 5370; baseline 0.008 -60"><span class='ocrx_word' id='word_1_596' title='bbox 476 5257 844 5370; x_wconf 69' lang='lat' dir='ltr'><strong>prolongatur.</strong></span> <span class='ocrx_word' id='word_1_597' title='bbox 877 5266 1126 5337; x_wconf 80' lang='lat' dir='ltr'><strong>Repetita</strong></span> <span class='ocrx_word' id='word_1_598' title='bbox 1155 5270 1486 5326; x_wconf 87' lang='lat' dir='ltr'><strong>confortatio</strong></span> <span class='ocrx_word' id='word_1_599' title='bbox 1538 5278 1624 5325; x_wconf 89' lang='lat' dir='ltr'><strong>est</strong></span> <span class='ocrx_word' id='word_1_600' title='bbox 1651 5280 1841 5326; x_wconf 90' lang='lat' dir='ltr'><strong>contra</strong></span> <span class='ocrx_word' id='word_1_601' title='bbox 1874 5271 2043 5326; x_wconf 89' lang='lat' dir='ltr'><strong>tribu-</strong></span> 
     </span>
    </p>
   </div>
   <div class='ocr_carea' id='block_1_89' title="bbox 2155 3059 3736 3132">
    <p class='ocr_par' dir='ltr' id='par_1_89' title="bbox 2155 3059 3736 3132">
     <span class='ocr_line' id='line_1_89' title="bbox 2155 3059 3736 3132; baseline -0.003 -12"><span class='ocrx_word' id='word_1_602' title='bbox 2155 3063 2210 3120; x_wconf 91' lang='lat' dir='ltr'><strong>id</strong></span> <span class='ocrx_word' id='word_1_603' title='bbox 2236 3072 2322 3118; x_wconf 88' lang='lat' dir='ltr'><strong>est</strong></span> <span class='ocrx_word' id='word_1_604' title='bbox 2356 3061 2424 3118; x_wconf 92' lang='lat' dir='ltr'><strong>de</strong></span> <span class='ocrx_word' id='word_1_605' title='bbox 2451 3062 2740 3132; x_wconf 85' lang='lat' dir='ltr'><strong>perversis,</strong></span> <span class='ocrx_word' id='word_1_606' title='bbox 2770 3060 2851 3117; x_wconf 87' lang='lat' dir='ltr'><strong>vel</strong></span> <span class='ocrx_word' id='word_1_607' title='bbox 2881 3060 3020 3116; x_wconf 88' lang='lat' dir='ltr'><strong>male</strong></span> <span class='ocrx_word' id='word_1_608' title='bbox 3045 3059 3373 3115; x_wconf 83' lang='lat' dir='ltr'><strong>viventibus.</strong></span> <span class='ocrx_word' id='word_1_609' title='bbox 3402 3059 3628 3130; x_wconf 86' lang='lat' dir='ltr'><strong>Iniquus</strong></span> <span class='ocrx_word' id='word_1_610' title='bbox 3652 3071 3736 3117; x_wconf 88' lang='lat' dir='ltr'><strong>est</strong></span> 
     </span>
    </p>
   </div>
   <div class='ocr_carea' id='block_1_90' title="bbox 2155 3149 3733 3222">
    <p class='ocr_par' dir='ltr' id='par_1_90' title="bbox 2155 3149 3733 3222">
     <span class='ocr_line' id='line_1_90' title="bbox 2155 3149 3733 3222; baseline 0 -19"><span class='ocrx_word' id='word_1_611' title='bbox 2155 3152 2245 3222; x_wconf 89' lang='lat' dir='ltr'><strong>qui</strong></span> <span class='ocrx_word' id='word_1_612' title='bbox 2284 3150 2426 3206; x_wconf 90' lang='lat' dir='ltr'><strong>male</strong></span> <span class='ocrx_word' id='word_1_613' title='bbox 2456 3151 2584 3206; x_wconf 80' lang='lat' dir='ltr'><strong>facit</strong></span> <span class='ocrx_word' id='word_1_614' title='bbox 2626 3160 2829 3222; x_wconf 89' lang='lat' dir='ltr'><strong>aperte.</strong></span> <span class='ocrx_word' id='word_1_615' title='bbox 2862 3152 3089 3206; x_wconf 88' lang='lat' dir='ltr'><strong>Dolosus</strong></span> <span class='ocrx_word' id='word_1_616' title='bbox 3115 3158 3218 3216; x_wconf 90' lang='lat' dir='ltr'><strong>est,</strong></span> <span class='ocrx_word' id='word_1_617' title='bbox 3249 3149 3340 3219; x_wconf 89' lang='lat' dir='ltr'><strong>qui</strong></span> <span class='ocrx_word' id='word_1_618' title='bbox 3374 3151 3587 3205; x_wconf 88' lang='lat' dir='ltr'><strong>occulte</strong></span> <span class='ocrx_word' id='word_1_619' title='bbox 3616 3166 3733 3205; x_wconf 80' lang='lat' dir='ltr'><strong>ma-</strong></span> 
     </span>
    </p>
   </div>
   <div class='ocr_carea' id='block_1_91' title="bbox 2155 3242 3734 3301">
    <p class='ocr_par' dir='ltr' id='par_1_91' title="bbox 2155 3242 3734 3301">
     <span class='ocr_line' id='line_1_91' title="bbox 2155 3242 3734 3301; baseline 0.001 -2"><span class='ocrx_word' id='word_1_620' title='bbox 2155 3245 2408 3299; x_wconf 89' lang='lat' dir='ltr'><strong>chinatur</strong></span> <span class='ocrx_word' id='word_1_621' title='bbox 2430 3242 2648 3298; x_wconf 86' lang='lat' dir='ltr'><strong>malum.</strong></span> <span class='ocrx_word' id='word_1_622' title='bbox 2676 3243 2817 3298; x_wconf 82' lang='lat' dir='ltr'><strong>Erue</strong></span> <span class='ocrx_word' id='word_1_623' title='bbox 2843 3258 2927 3297; x_wconf 87' lang='lat' dir='ltr'><strong>me</strong></span> <span class='ocrx_word' id='word_1_624' title='bbox 2953 3257 3020 3297; x_wconf 88' lang='lat' dir='ltr'><strong>ne</strong></span> <span class='ocrx_word' id='word_1_625' title='bbox 3041 3243 3152 3297; x_wconf 86' lang='lat' dir='ltr'><strong>vita</strong></span> <span class='ocrx_word' id='word_1_626' title='bbox 3166 3257 3283 3297; x_wconf 76' lang='lat' dir='ltr'><strong>nica</strong></span> <span class='ocrx_word' id='word_1_627' title='bbox 3301 3242 3370 3297; x_wconf 92' lang='lat' dir='ltr'><strong>ab</strong></span> <span class='ocrx_word' id='word_1_628' title='bbox 3392 3242 3473 3298; x_wconf 91' lang='lat' dir='ltr'><strong>eis</strong></span> <span class='ocrx_word' id='word_1_629' title='bbox 3484 3257 3734 3301; x_wconf 83' lang='lat' dir='ltr'><strong>corrum-</strong></span> 
     </span>
    </p>
   </div>
   <div class='ocr_carea' id='block_1_92' title="bbox 2155 3333 3733 3407">
    <p class='ocr_par' dir='ltr' id='par_1_92' title="bbox 2155 3333 3733 3407">
     <span class='ocr_line' id='line_1_92' title="bbox 2155 3333 3733 3407; baseline -0.001 -17"><span class='ocrx_word' id='word_1_630' title='bbox 2155 3345 2334 3407; x_wconf 88' lang='lat' dir='ltr'><strong>patur.</strong></span> <span class='ocrx_word' id='word_1_631' title='bbox 2386 3335 2452 3390; x_wconf 85' lang='lat' dir='ltr'><strong>Et</strong></span> <span class='ocrx_word' id='word_1_632' title='bbox 2493 3343 2719 3405; x_wconf 88' lang='lat' dir='ltr'><strong>possunt</strong></span> <span class='ocrx_word' id='word_1_633' title='bbox 2765 3334 2879 3391; x_wconf 66' lang='lat' dir='ltr'><strong>haec</strong></span> <span class='ocrx_word' id='word_1_634' title='bbox 2921 3336 3101 3390; x_wconf 87' lang='lat' dir='ltr'><strong>omnia</strong></span> <span class='ocrx_word' id='word_1_635' title='bbox 3135 3335 3202 3389; x_wconf 87' lang='lat' dir='ltr'><strong>ad</strong></span> <span class='ocrx_word' id='word_1_636' title='bbox 3247 3335 3487 3390; x_wconf 87' lang='lat' dir='ltr'><strong>futurum</strong></span> <span class='ocrx_word' id='word_1_637' title='bbox 3532 3333 3733 3404; x_wconf 82' lang='lat' dir='ltr'><strong>exponi</strong></span> 
     </span>
    </p>
   </div>
   <div class='ocr_carea' id='block_1_93' title="bbox 2147 3426 3743 3498">
    <p class='ocr_par' dir='ltr' id='par_1_93' title="bbox 2147 3426 3743 3498">
     <span class='ocr_line' id='line_1_93' title="bbox 2147 3426 3743 3498; baseline -0.001 -17"><span class='ocrx_word' id='word_1_638' title='bbox 2147 3427 2430 3495; x_wconf 84' lang='lat' dir='ltr'><strong>judicium.</strong></span> <span class='ocrx_word' id='word_1_639' title='bbox 2470 3426 2518 3482; x_wconf 84' lang='grc' dir='ltr'><strong><em>Η</em></strong></span> <span class='ocrx_word' id='word_1_640' title='bbox 2556 3426 2723 3483; x_wconf 82' lang='lat' dir='ltr'><strong>Nemo</strong></span> <span class='ocrx_word' id='word_1_641' title='bbox 2768 3442 2896 3482; x_wconf 79' lang='lat' dir='ltr'><strong>vero</strong></span> <span class='ocrx_word' id='word_1_642' title='bbox 2948 3426 3120 3498; x_wconf 83' lang='lat' dir='ltr'><strong>magis</strong></span> <span class='ocrx_word' id='word_1_643' title='bbox 3168 3427 3384 3497; x_wconf 85' lang='lat' dir='ltr'><strong>iniquus</strong></span> <span class='ocrx_word' id='word_1_644' title='bbox 3431 3435 3595 3496; x_wconf 88' lang='lat' dir='ltr'><strong>atque</strong></span> <span class='ocrx_word' id='word_1_645' title='bbox 3640 3427 3743 3480; x_wconf 54' lang='lat' dir='ltr'><strong>do.</strong></span> 
     </span>
    </p>
   </div>
   <div class='ocr_carea' id='block_1_94' title="bbox 2156 3516 3736 3588">
    <p class='ocr_par' dir='ltr' id='par_1_94' title="bbox 2156 3516 3736 3588">
     <span class='ocr_line' id='line_1_94' title="bbox 2156 3516 3736 3588; baseline -0.001 -16"><span class='ocrx_word' id='word_1_646' title='bbox 2156 3518 2324 3582; x_wconf 91' lang='lat' dir='ltr'><strong>losus,</strong></span> <span class='ocrx_word' id='word_1_647' title='bbox 2361 3532 2523 3586; x_wconf 89' lang='lat' dir='ltr'><strong>quam</strong></span> <span class='ocrx_word' id='word_1_648' title='bbox 2550 3516 2637 3571; x_wconf 87' lang='lat' dir='ltr'><strong>ille</strong></span> <span class='ocrx_word' id='word_1_649' title='bbox 2662 3516 2759 3586; x_wconf 85' lang='lat' dir='ltr'><strong>qui</strong></span> <span class='ocrx_word' id='word_1_650' title='bbox 2780 3517 3081 3588; x_wconf 82' lang='lat' dir='ltr'><strong>iniquitatis</strong></span> <span class='ocrx_word' id='word_1_651' title='bbox 3108 3519 3356 3572; x_wconf 82' lang='lat' dir='ltr'><strong>inventor</strong></span> <span class='ocrx_word' id='word_1_652' title='bbox 3380 3526 3542 3588; x_wconf 87' lang='lat' dir='ltr'><strong>atque</strong></span> <span class='ocrx_word' id='word_1_653' title='bbox 3572 3532 3736 3571; x_wconf 69' lang='lat' dir='ltr'><strong>temu-</strong></span> 
     </span>
    </p>
   </div>
   <div class='ocr_carea' id='block_1_95' title="bbox 2154 3606 3253 3673">
    <p class='ocr_par' dir='ltr' id='par_1_95' title="bbox 2154 3606 3253 3673">
     <span class='ocr_line' id='line_1_95' title="bbox 2154 3606 3253 3673; baseline 0.001 -11"><span class='ocrx_word' id='word_1_654' title='bbox 2154 3606 2295 3663; x_wconf 88' lang='lat' dir='ltr'><strong>lator</strong></span> <span class='ocrx_word' id='word_1_655' title='bbox 2322 3618 2405 3662; x_wconf 90' lang='lat' dir='ltr'><strong>est</strong></span> <span class='ocrx_word' id='word_1_656' title='bbox 2440 3607 2766 3673; x_wconf 84' lang='lat' dir='ltr'><strong>sanctitatis,</strong></span> <span class='ocrx_word' id='word_1_657' title='bbox 2797 3609 2850 3663; x_wconf 92' lang='lat' dir='ltr'><strong>id</strong></span> <span class='ocrx_word' id='word_1_658' title='bbox 2878 3617 2962 3664; x_wconf 88' lang='lat' dir='ltr'><strong>est</strong></span> <span class='ocrx_word' id='word_1_659' title='bbox 2988 3608 3253 3664; x_wconf 88' lang='lat' dir='ltr'><strong>diabolus.</strong></span> 
     </span>
    </p>
   </div>
   <div class='ocr_carea' id='block_1_96' title="bbox 2153 3718 3236 3788">
    <p class='ocr_par' dir='ltr' id='par_1_96' title="bbox 2153 3718 3236 3788">
     <span class='ocr_line' id='line_1_96' title="bbox 2153 3718 3236 3788; baseline 0.001 -15"><span class='ocrx_word' id='word_1_660' title='bbox 2153 3718 2191 3773; x_wconf 78' lang='lat'><strong>2</strong></span> <span class='ocrx_word' id='word_1_661' title='bbox 2262 3718 2402 3785; x_wconf 82' lang='lat' dir='ltr'><strong>Quia</strong></span> <span class='ocrx_word' id='word_1_662' title='bbox 2432 3730 2489 3773; x_wconf 85' lang='lat' dir='ltr'><strong>tu</strong></span> <span class='ocrx_word' id='word_1_663' title='bbox 2514 3735 2577 3773; x_wconf 74' lang='lat' dir='ltr'><strong>es</strong></span> <span class='ocrx_word' id='word_1_664' title='bbox 2599 3718 2756 3786; x_wconf 88' lang='lat' dir='ltr'><strong>Deus,</strong></span> <span class='ocrx_word' id='word_1_665' title='bbox 2790 3718 3050 3788; x_wconf 77' lang='lat' dir='ltr'><strong>fortitudo</strong></span> <span class='ocrx_word' id='word_1_666' title='bbox 3079 3735 3191 3773; x_wconf 82' lang='lat' dir='ltr'><strong>mea</strong></span> <span class='ocrx_word' id='word_1_667' title='bbox 3215 3733 3236 3774; x_wconf 91' lang='lat'><strong><em>:</em></strong></span> 
     </span>
    </p>
   </div>
   <div class='ocr_carea' id='block_1_97' title="bbox 2261 3807 3734 3879">
    <p class='ocr_par' dir='ltr' id='par_1_97' title="bbox 2261 3807 3734 3879">
     <span class='ocr_line' id='line_1_97' title="bbox 2261 3807 3734 3879; baseline 0.003 -18"><span class='ocrx_word' id='word_1_668' title='bbox 2261 3807 2441 3874; x_wconf 84' lang='lat' dir='ltr'><strong>Quare</strong></span> <span class='ocrx_word' id='word_1_669' title='bbox 2484 3824 2564 3863; x_wconf 85' lang='lat' dir='ltr'><strong>me</strong></span> <span class='ocrx_word' id='word_1_670' title='bbox 2597 3808 2854 3877; x_wconf 83' lang='lat' dir='ltr'><strong>repulisti,</strong></span> <span class='ocrx_word' id='word_1_671' title='bbox 2898 3824 3060 3879; x_wconf 85' lang='lat' dir='ltr'><strong>quare</strong></span> <span class='ocrx_word' id='word_1_672' title='bbox 3103 3809 3267 3863; x_wconf 84' lang='lat' dir='ltr'><strong>tristis</strong></span> <span class='ocrx_word' id='word_1_673' title='bbox 3312 3808 3495 3863; x_wconf 79' lang='lat' dir='ltr'><strong>incedo</strong></span> <span class='ocrx_word' id='word_1_674' title='bbox 3541 3825 3561 3865; x_wconf 91' lang='lat'><strong><em>:</em></strong></span> <span class='ocrx_word' id='word_1_675' title='bbox 3605 3809 3734 3865; x_wconf 74' lang='lat' dir='ltr'><strong>dum</strong></span> 
     </span>
    </p>
   </div>
   <div class='ocr_carea' id='block_1_98' title="bbox 2312 3894 2937 3968">
    <p class='ocr_par' dir='ltr' id='par_1_98' title="bbox 2312 3894 2937 3968">
     <span class='ocr_line' id='line_1_98' title="bbox 2312 3894 2937 3968; baseline 0.005 -20"><span class='ocrx_word' id='word_1_676' title='bbox 2312 3894 2507 3968; x_wconf 73' lang='lat' dir='ltr'><strong>&#39;aﬁligit</strong></span> <span class='ocrx_word' id='word_1_677' title='bbox 2543 3913 2625 3952; x_wconf 87' lang='lat' dir='ltr'><strong>me</strong></span> <span class='ocrx_word' id='word_1_678' title='bbox 2657 3897 2937 3952; x_wconf 80' lang='lat' dir='ltr'><strong>inimicus?</strong></span> 
     </span>
    </p>
   </div>
   <div class='ocr_carea' id='block_1_99' title="bbox 2225 3987 3736 4060">
    <p class='ocr_par' dir='ltr' id='par_1_99' title="bbox 2225 3987 3736 4060">
     <span class='ocr_line' id='line_1_99' title="bbox 2225 3987 3736 4060; baseline 0.001 -17"><span class='ocrx_word' id='word_1_679' title='bbox 2225 3987 2272 4043; x_wconf 79' lang='lat' dir='ltr'><strong>li</strong></span> <span class='ocrx_word' id='word_1_680' title='bbox 2308 3987 2434 4046; x_wconf 89' lang='lat' dir='ltr'><strong>Scio</strong></span> <span class='ocrx_word' id='word_1_681' title='bbox 2468 4004 2555 4045; x_wconf 89' lang='lat' dir='ltr'><strong>me</strong></span> <span class='ocrx_word' id='word_1_682' title='bbox 2583 3988 2856 4044; x_wconf 84' lang='lat' dir='ltr'><strong>inﬁrmum</strong></span> <span class='ocrx_word' id='word_1_683' title='bbox 2884 3999 2939 4045; x_wconf 91' lang='lat' dir='ltr'><strong>et</strong></span> <span class='ocrx_word' id='word_1_684' title='bbox 2982 3988 3248 4060; x_wconf 88' lang='lat' dir='ltr'><strong>fragilem,</strong></span> <span class='ocrx_word' id='word_1_685' title='bbox 3291 4005 3391 4046; x_wconf 89' lang='lat' dir='ltr'><strong>nec</strong></span> <span class='ocrx_word' id='word_1_686' title='bbox 3429 3991 3608 4046; x_wconf 88' lang='lat' dir='ltr'><strong>sentio</strong></span> <span class='ocrx_word' id='word_1_687' title='bbox 3647 4003 3736 4045; x_wconf 85' lang='lat' dir='ltr'><strong>me</strong></span> 
     </span>
    </p>
   </div>
   <div class='ocr_carea' id='block_1_100' title="bbox 2155 4082 3736 4154">
    <p class='ocr_par' dir='ltr' id='par_1_100' title="bbox 2155 4082 3736 4154">
     <span class='ocr_line' id='line_1_100' title="bbox 2155 4082 3736 4154; baseline 0.001 -16"><span class='ocrx_word' id='word_1_688' title='bbox 2155 4083 2356 4140; x_wconf 88' lang='lat' dir='ltr'><strong>habere</strong></span> <span class='ocrx_word' id='word_1_689' title='bbox 2396 4084 2630 4153; x_wconf 87' lang='lat' dir='ltr'><strong>aliquam</strong></span> <span class='ocrx_word' id='word_1_690' title='bbox 2667 4082 3034 4141; x_wconf 79' lang='lat' dir='ltr'><strong>fortitudinem</strong></span> <span class='ocrx_word' id='word_1_691' title='bbox 3064 4099 3169 4154; x_wconf 90' lang='lat' dir='ltr'><strong>qua</strong></span> <span class='ocrx_word' id='word_1_692' title='bbox 3206 4098 3391 4148; x_wconf 87' lang='lat' dir='ltr'><strong>eruar,</strong></span> <span class='ocrx_word' id='word_1_693' title='bbox 3419 4084 3521 4139; x_wconf 90' lang='lat' dir='ltr'><strong>nisi</strong></span> <span class='ocrx_word' id='word_1_694' title='bbox 3557 4093 3612 4138; x_wconf 90' lang='lat' dir='ltr'><strong>tu</strong></span> <span class='ocrx_word' id='word_1_695' title='bbox 3648 4098 3736 4139; x_wconf 86' lang='lat' dir='ltr'><strong>me</strong></span> 
     </span>
    </p>
   </div>
   <div class='ocr_carea' id='block_1_101' title="bbox 2155 4174 3739 4246">
    <p class='ocr_par' dir='ltr' id='par_1_101' title="bbox 2155 4174 3739 4246">
     <span class='ocr_line' id='line_1_101' title="bbox 2155 4174 3739 4246; baseline 0.001 -18"><span class='ocrx_word' id='word_1_696' title='bbox 2155 4175 2470 4229; x_wconf 77' lang='lat' dir='ltr'><strong>salvaveris.</strong></span> <span class='ocrx_word' id='word_1_697' title='bbox 2490 4174 2641 4230; x_wconf 87' lang='lat' dir='ltr'><strong>Tune</strong></span> <span class='ocrx_word' id='word_1_698' title='bbox 2662 4190 2762 4231; x_wconf 91' lang='lat' dir='ltr'><strong>nos</strong></span> <span class='ocrx_word' id='word_1_699' title='bbox 2787 4174 2995 4246; x_wconf 87' lang='lat' dir='ltr'><strong>repellit</strong></span> <span class='ocrx_word' id='word_1_700' title='bbox 3018 4174 3289 4240; x_wconf 83' lang='lat' dir='ltr'><strong>Christus,</strong></span> <span class='ocrx_word' id='word_1_701' title='bbox 3315 4191 3438 4231; x_wconf 90' lang='lat' dir='ltr'><strong>cum</strong></span> <span class='ocrx_word' id='word_1_702' title='bbox 3467 4190 3739 4245; x_wconf 83' lang='lat' dir='ltr'><strong>peccave-</strong></span> 
     </span>
    </p>
   </div>
   <div class='ocr_carea' id='block_1_102' title="bbox 2157 4265 3736 4339">
    <p class='ocr_par' dir='ltr' id='par_1_102' title="bbox 2157 4265 3736 4339">
     <span class='ocr_line' id='line_1_102' title="bbox 2157 4265 3736 4339; baseline -0.001 -18"><span class='ocrx_word' id='word_1_703' title='bbox 2157 4267 2344 4321; x_wconf 91' lang='lat' dir='ltr'><strong>rimus.</strong></span> <span class='ocrx_word' id='word_1_704' title='bbox 2375 4265 2570 4323; x_wconf 82' lang='lat' dir='ltr'><strong>Tristis</strong></span> <span class='ocrx_word' id='word_1_705' title='bbox 2596 4267 2805 4332; x_wconf 79' lang='lat' dir='ltr'><strong>incedo,</strong></span> <span class='ocrx_word' id='word_1_706' title='bbox 2827 4277 3048 4339; x_wconf 87' lang='lat' dir='ltr'><strong>propter</strong></span> <span class='ocrx_word' id='word_1_707' title='bbox 3073 4277 3291 4339; x_wconf 79' lang='lat' dir='ltr'><strong>peccata</strong></span> <span class='ocrx_word' id='word_1_708' title='bbox 3326 4282 3469 4322; x_wconf 89' lang='lat' dir='ltr'><strong>mea.</strong></span> <span class='ocrx_word' id='word_1_709' title='bbox 3508 4267 3580 4321; x_wconf 87' lang='lat' dir='ltr'><strong>Et</strong></span> <span class='ocrx_word' id='word_1_710' title='bbox 3614 4267 3736 4321; x_wconf 85' lang='lat' dir='ltr'><strong>ideo</strong></span> 
     </span>
    </p>
   </div>
   <div class='ocr_carea' id='block_1_103' title="bbox 2156 4357 3733 4427">
    <p class='ocr_par' dir='ltr' id='par_1_103' title="bbox 2156 4357 3733 4427">
     <span class='ocr_line' id='line_1_103' title="bbox 2156 4357 3733 4427; baseline -0.001 -15"><span class='ocrx_word' id='word_1_711' title='bbox 2156 4357 2363 4427; x_wconf 85' lang='lat' dir='ltr'><strong>allligor</strong></span> <span class='ocrx_word' id='word_1_712' title='bbox 2401 4357 2453 4412; x_wconf 92' lang='lat' dir='ltr'><strong>in</strong></span> <span class='ocrx_word' id='word_1_713' title='bbox 2487 4357 2870 4414; x_wconf 80' lang='lat' dir='ltr'><strong>tentationibus</strong></span> <span class='ocrx_word' id='word_1_714' title='bbox 2911 4359 3079 4414; x_wconf 85' lang='lat' dir='ltr'><strong>variis</strong></span> <span class='ocrx_word' id='word_1_715' title='bbox 3124 4357 3194 4413; x_wconf 90' lang='lat' dir='ltr'><strong>ab</strong></span> <span class='ocrx_word' id='word_1_716' title='bbox 3232 4358 3454 4413; x_wconf 88' lang='lat' dir='ltr'><strong>inimico</strong></span> <span class='ocrx_word' id='word_1_717' title='bbox 3492 4357 3733 4419; x_wconf 82' lang='lat' dir='ltr'><strong>diabolo.</strong></span> 
     </span>
    </p>
   </div>
   <div class='ocr_carea' id='block_1_104' title="bbox 2154 4448 3736 4519">
    <p class='ocr_par' dir='ltr' id='par_1_104' title="bbox 2154 4448 3736 4519">
     <span class='ocr_line' id='line_1_104' title="bbox 2154 4448 3736 4519; baseline 0.002 -17"><span class='ocrx_word' id='word_1_718' title='bbox 2154 4451 2245 4518; x_wconf 91' lang='lat' dir='ltr'><strong>qui</strong></span> <span class='ocrx_word' id='word_1_719' title='bbox 2274 4449 2520 4519; x_wconf 84' lang='lat' dir='ltr'><strong>superius</strong></span> <span class='ocrx_word' id='word_1_720' title='bbox 2546 4448 2705 4504; x_wconf 87' lang='lat' dir='ltr'><strong>homo</strong></span> <span class='ocrx_word' id='word_1_721' title='bbox 2733 4449 2949 4519; x_wconf 84' lang='lat' dir='ltr'><strong>iniquus</strong></span> <span class='ocrx_word' id='word_1_722' title='bbox 2973 4451 3146 4506; x_wconf 90' lang='lat' dir='ltr'><strong>dictus</strong></span> <span class='ocrx_word' id='word_1_723' title='bbox 3171 4458 3275 4505; x_wconf 85' lang='lat' dir='ltr'><strong>est.</strong></span> <span class='ocrx_word' id='word_1_724' title='bbox 3310 4450 3462 4505; x_wconf 89' lang='lat' dir='ltr'><strong>Unde</strong></span> <span class='ocrx_word' id='word_1_725' title='bbox 3491 4450 3619 4519; x_wconf 89' lang='lat' dir='ltr'><strong>quia</strong></span> <span class='ocrx_word' id='word_1_726' title='bbox 3649 4465 3736 4505; x_wconf 89' lang='lat' dir='ltr'><strong>me</strong></span> 
     </span>
    </p>
   </div>
   <div class='ocr_carea' id='block_1_105' title="bbox 2154 4539 3736 4612">
    <p class='ocr_par' dir='ltr' id='par_1_105' title="bbox 2154 4539 3736 4612">
     <span class='ocr_line' id='line_1_105' title="bbox 2154 4539 3736 4612; baseline 0.001 -18"><span class='ocrx_word' id='word_1_727' title='bbox 2154 4540 2481 4595; x_wconf 89' lang='lat' dir='ltr'><strong>conturbant</strong></span> <span class='ocrx_word' id='word_1_728' title='bbox 2518 4539 2754 4596; x_wconf 68' lang='lat' dir='ltr'><strong>tenebrae</strong></span> <span class='ocrx_word' id='word_1_729' title='bbox 2798 4550 3169 4610; x_wconf 86' lang='lat' dir='ltr'><strong>peccatorum,</strong></span> <span class='ocrx_word' id='word_1_730' title='bbox 3207 4543 3275 4596; x_wconf 89' lang='lat' dir='ltr'><strong>ad</strong></span> <span class='ocrx_word' id='word_1_731' title='bbox 3315 4550 3367 4596; x_wconf 88' lang='lat' dir='ltr'><strong>te</strong></span> <span class='ocrx_word' id='word_1_732' title='bbox 3406 4542 3502 4612; x_wconf 89' lang='lat' dir='ltr'><strong>qui</strong></span> <span class='ocrx_word' id='word_1_733' title='bbox 3542 4541 3636 4595; x_wconf 77' lang='lat' dir='ltr'><strong>lux</strong></span> <span class='ocrx_word' id='word_1_734' title='bbox 3675 4556 3736 4596; x_wconf 87' lang='lat' dir='ltr'><strong>es</strong></span> 
     </span>
    </p>
   </div>
   <div class='ocr_carea' id='block_1_106' title="bbox 2154 4629 2881 4701">
    <p class='ocr_par' dir='ltr' id='par_1_106' title="bbox 2154 4629 2881 4701">
     <span class='ocr_line' id='line_1_106' title="bbox 2154 4629 2881 4701; baseline 0.003 -18"><span class='ocrx_word' id='word_1_735' title='bbox 2154 4629 2338 4685; x_wconf 90' lang='lat' dir='ltr'><strong>mundi</strong></span> <span class='ocrx_word' id='word_1_736' title='bbox 2362 4630 2611 4700; x_wconf 89' lang='lat' dir='ltr'><strong>confugio</strong></span> <span class='ocrx_word' id='word_1_737' title='bbox 2637 4631 2881 4701; x_wconf 81' lang='lat' dir='ltr'><strong>supplex.</strong></span> 
     </span>
    </p>
   </div>
   <div class='ocr_carea' id='block_1_107' title="bbox 2151 4719 3418 4778">
    <p class='ocr_par' dir='ltr' id='par_1_107' title="bbox 2151 4719 3418 4778">
     <span class='ocr_line' id='line_1_107' title="bbox 2151 4719 3418 4778; baseline 0.002 -4"><span class='ocrx_word' id='word_1_738' title='bbox 2151 4719 2185 4774; x_wconf 81' lang='grc'><strong>’5</strong></span> <span class='ocrx_word' id='word_1_739' title='bbox 2256 4721 2451 4776; x_wconf 84' lang='lat' dir='ltr'><strong>Emitte</strong></span> <span class='ocrx_word' id='word_1_740' title='bbox 2480 4721 2643 4776; x_wconf 80' lang='lat' dir='ltr'><strong>lucem</strong></span> <span class='ocrx_word' id='word_1_741' title='bbox 2678 4732 2894 4777; x_wconf 85' lang='lat' dir='ltr'><strong>tuamet</strong></span> <span class='ocrx_word' id='word_1_742' title='bbox 2931 4724 3197 4778; x_wconf 79' lang='lat' dir='ltr'><strong>ueritatem</strong></span> <span class='ocrx_word' id='word_1_743' title='bbox 3231 4732 3418 4777; x_wconf 83' lang='lat' dir='ltr'><strong>tuam:</strong></span> 
     </span>
    </p>
   </div>
   <div class='ocr_carea' id='block_1_108' title="bbox 2263 4811 3738 4883">
    <p class='ocr_par' dir='ltr' id='par_1_108' title="bbox 2263 4811 3738 4883">
     <span class='ocr_line' id='line_1_108' title="bbox 2263 4811 3738 4883; baseline 0.003 -17"><span class='ocrx_word' id='word_1_744' title='bbox 2263 4811 2384 4883; x_wconf 85' lang='lat' dir='ltr'><strong>Ipsa</strong></span> <span class='ocrx_word' id='word_1_745' title='bbox 2407 4829 2487 4866; x_wconf 89' lang='lat' dir='ltr'><strong>me</strong></span> <span class='ocrx_word' id='word_1_746' title='bbox 2505 4813 2829 4867; x_wconf 64' lang='lat' dir='ltr'><strong>deduxerunt</strong></span> <span class='ocrx_word' id='word_1_747' title='bbox 2852 4825 2899 4867; x_wconf 86' lang='lat' dir='ltr'><strong>et</strong></span> <span class='ocrx_word' id='word_1_748' title='bbox 2926 4815 3258 4868; x_wconf 68' lang='lat' dir='ltr'><strong>astrinxerant</strong></span> <span class='ocrx_word' id='word_1_749' title='bbox 3281 4814 3333 4867; x_wconf 90' lang='lat' dir='ltr'><strong>in</strong></span> <span class='ocrx_word' id='word_1_750' title='bbox 3357 4823 3588 4868; x_wconf 81' lang='lat' dir='ltr'><strong>montem</strong></span> <span class='ocrx_word' id='word_1_751' title='bbox 3611 4831 3738 4870; x_wconf 78' lang='lat' dir='ltr'><strong>san-</strong></span> 
     </span>
    </p>
   </div>
   <div class='ocr_carea' id='block_1_109' title="bbox 2331 4903 3306 4957">
    <p class='ocr_par' dir='ltr' id='par_1_109' title="bbox 2331 4903 3306 4957">
     <span class='ocr_line' id='line_1_109' title="bbox 2331 4903 3306 4957; baseline 0 -2"><span class='ocrx_word' id='word_1_752' title='bbox 2331 4912 2469 4955; x_wconf 84' lang='lat' dir='ltr'><strong>ctum</strong></span> <span class='ocrx_word' id='word_1_753' title='bbox 2501 4913 2646 4955; x_wconf 86' lang='lat' dir='ltr'><strong>tuum</strong></span> <span class='ocrx_word' id='word_1_754' title='bbox 2673 4913 2721 4957; x_wconf 88' lang='lat' dir='ltr'><strong>ct</strong></span> <span class='ocrx_word' id='word_1_755' title='bbox 2754 4903 2813 4955; x_wconf 85' lang='lat' dir='ltr'><strong>in</strong></span> <span class='ocrx_word' id='word_1_756' title='bbox 2830 4903 3164 4957; x_wconf 84' lang='lat' dir='ltr'><strong>tabernacula</strong></span> <span class='ocrx_word' id='word_1_757' title='bbox 3193 4913 3306 4956; x_wconf 88' lang='lat' dir='ltr'><strong>tua.</strong></span> 
     </span>
    </p>
   </div>
   <div class='ocr_carea' id='block_1_110' title="bbox 2222 4991 3737 5067">
    <p class='ocr_par' dir='ltr' id='par_1_110' title="bbox 2222 4991 3737 5067">
     <span class='ocr_line' id='line_1_110' title="bbox 2222 4991 3737 5067; baseline 0.005 -22"><span class='ocrx_word' id='word_1_758' title='bbox 2222 4991 2277 5051; x_wconf 74' lang='grc' dir='ltr'><strong>(Ζ,</strong></span> <span class='ocrx_word' id='word_1_759' title='bbox 2303 4993 2447 5048; x_wconf 89' lang='lat' dir='ltr'><strong>Petit</strong></span> <span class='ocrx_word' id='word_1_760' title='bbox 2492 4991 2757 5063; x_wconf 85' lang='lat' dir='ltr'><strong>Propheta</strong></span> <span class='ocrx_word' id='word_1_761' title='bbox 2797 5004 2856 5048; x_wconf 89' lang='lat' dir='ltr'><strong>ut</strong></span> <span class='ocrx_word' id='word_1_762' title='bbox 2891 4994 3051 5050; x_wconf 87' lang='lat' dir='ltr'><strong>Pater</strong></span> <span class='ocrx_word' id='word_1_763' title='bbox 3075 4993 3253 5049; x_wconf 85' lang='lat' dir='ltr'><strong>mittat</strong></span> <span class='ocrx_word' id='word_1_764' title='bbox 3276 4993 3477 5049; x_wconf 86' lang='lat' dir='ltr'><strong>Filium</strong></span> <span class='ocrx_word' id='word_1_765' title='bbox 3500 4994 3569 5050; x_wconf 89' lang='lat' dir='ltr'><strong>ad</strong></span> <span class='ocrx_word' id='word_1_766' title='bbox 3594 4996 3737 5067; x_wconf 86' lang='lat' dir='ltr'><strong>judi-</strong></span> 
     </span>
    </p>
   </div>
   <div class='ocr_carea' id='block_1_111' title="bbox 2152 5078 3733 5154">
    <p class='ocr_par' dir='ltr' id='par_1_111' title="bbox 2152 5078 3733 5154">
     <span class='ocr_line' id='line_1_111' title="bbox 2152 5078 3733 5154; baseline 0.005 -17"><span class='ocrx_word' id='word_1_767' title='bbox 2152 5085 2405 5152; x_wconf 87' lang='lat' dir='ltr'><strong>candum,</strong></span> <span class='ocrx_word' id='word_1_768' title='bbox 2432 5084 2523 5153; x_wconf 90' lang='lat' dir='ltr'><strong>qui</strong></span> <span class='ocrx_word' id='word_1_769' title='bbox 2565 5095 2649 5140; x_wconf 93' lang='lat' dir='ltr'><strong>est</strong></span> <span class='ocrx_word' id='word_1_770' title='bbox 2678 5086 2766 5139; x_wconf 80' lang='lat' dir='ltr'><strong>lux</strong></span> <span class='ocrx_word' id='word_1_771' title='bbox 2794 5093 2849 5139; x_wconf 89' lang='lat' dir='ltr'><strong>et</strong></span> <span class='ocrx_word' id='word_1_772' title='bbox 2879 5086 3099 5152; x_wconf 85' lang='lat' dir='ltr'><strong>veritas,</strong></span> <span class='ocrx_word' id='word_1_773' title='bbox 3125 5095 3182 5139; x_wconf 88' lang='lat' dir='ltr'><strong>ut</strong></span> <span class='ocrx_word' id='word_1_774' title='bbox 3218 5101 3339 5140; x_wconf 90' lang='lat' dir='ltr'><strong>cum</strong></span> <span class='ocrx_word' id='word_1_775' title='bbox 3380 5086 3469 5142; x_wconf 88' lang='lat' dir='ltr'><strong>ille</strong></span> <span class='ocrx_word' id='word_1_776' title='bbox 3498 5078 3733 5154; x_wconf 83' lang='lat' dir='ltr'><strong>venerit,</strong></span> 
     </span>
    </p>
   </div>
   <div class='ocr_carea' id='block_1_112' title="bbox 2150 5178 3736 5253">
    <p class='ocr_par' dir='ltr' id='par_1_112' title="bbox 2150 5178 3736 5253">
     <span class='ocr_line' id='line_1_112' title="bbox 2150 5178 3736 5253; baseline 0.006 -22"><span class='ocrx_word' id='word_1_777' title='bbox 2150 5178 2327 5233; x_wconf 86' lang='lat' dir='ltr'><strong>omnis</strong></span> <span class='ocrx_word' id='word_1_778' title='bbox 2356 5192 2555 5232; x_wconf 75' lang='lat' dir='ltr'><strong>mceror</strong></span> <span class='ocrx_word' id='word_1_779' title='bbox 2580 5179 2907 5233; x_wconf 88' lang='lat' dir='ltr'><strong>confusionis</strong></span> <span class='ocrx_word' id='word_1_780' title='bbox 2941 5181 3192 5236; x_wconf 81' lang='lat' dir='ltr'><strong>abscedat</strong></span> <span class='ocrx_word' id='word_1_781' title='bbox 3213 5194 3243 5234; x_wconf 87' lang='lat' dir='ltr'><strong>a</strong></span> <span class='ocrx_word' id='word_1_782' title='bbox 3273 5182 3477 5236; x_wconf 86' lang='lat' dir='ltr'><strong>sanctis</strong></span> <span class='ocrx_word' id='word_1_783' title='bbox 3506 5182 3652 5253; x_wconf 88' lang='lat' dir='ltr'><strong>ejus,</strong></span> <span class='ocrx_word' id='word_1_784' title='bbox 3682 5194 3736 5240; x_wconf 89' lang='lat' dir='ltr'><strong>et</strong></span> 
     </span>
    </p>
   </div>
   <div class='ocr_carea' id='block_1_113' title="bbox 2147 5269 3735 5345">
    <p class='ocr_par' dir='ltr' id='par_1_113' title="bbox 2147 5269 3735 5345">
     <span class='ocr_line' id='line_1_113' title="bbox 2147 5269 3735 5345; baseline 0.003 -21"><span class='ocrx_word' id='word_1_785' title='bbox 2147 5278 2360 5326; x_wconf 64' lang='lat' dir='ltr'><strong>aeterna:</strong></span> <span class='ocrx_word' id='word_1_786' title='bbox 2403 5269 2749 5324; x_wconf 86' lang='lat' dir='ltr'><strong>beatitudinis</strong></span> <span class='ocrx_word' id='word_1_787' title='bbox 2791 5269 3017 5339; x_wconf 87' lang='lat' dir='ltr'><strong>gloriam</strong></span> <span class='ocrx_word' id='word_1_788' title='bbox 3060 5280 3489 5340; x_wconf 86' lang='lat' dir='ltr'><strong>consequantur.</strong></span> <span class='ocrx_word' id='word_1_789' title='bbox 3538 5273 3583 5327; x_wconf 86' lang='lat' dir='ltr'><strong>ll</strong></span> <span class='ocrx_word' id='word_1_790' title='bbox 3617 5277 3735 5345; x_wconf 80' lang='lat' dir='ltr'><strong>Ipsa</strong></span> 
     </span>
    </p>
   </div>
  </div>
