4000 5370
500 236 601 293 185

1404 236 1461 294 S.
1505 235 1850 295 BRUNONlS
1886 229 2426 291 HERBIPOLENSIS
2460 236 2769 301 EPISCOII

3648 248 3753 308 185

494 368 649 410 incus
691 354 922 409 luunana
970 353 1222 423 conlidit;
1258 353 1311 410 in
1356 353 1589 426 gladium
1640 370 1767 410 vero
1796 353 1915 423 plus
1938 368 2075 425 prae-
2102 361 2146 416 Α
2182 354 2244 408 M
2324 355 2615 415 Vendidisti
2655 360 2903 432 populum
2944 369 3089 416 tuum
3130 364 3242 418 sine
3278 365 3443 435 pretio
3474 381 3494 421 :

494 447 696 510 sumit,
726 447 916 514 sagitta
946 447 1091 502 enim
1129 461 1272 517 stupe
1312 447 1583 502 incassum
1628 447 1893 513 mittitur;
1921 445 2072 502 ensis

495 552 627 595 vero
675 537 875 593 certius
910 548 1166 607 operatur
1216 538 1405 595 mortis
1431 538 1677 594 eﬂ‘ectum
1698 578 1713 603 ,
1747 538 1839 594 sed
1884 552 1982 593 nec
2016 536 2077 591 in-

496 641 563 681 eo
585 626 809 683 conlidit
840 626 1128 683 multitudo
1153 639 1494 695 sanctorum,
1524 627 1619 684 sed
1655 628 1708 682 in
1738 627 2071 698 protectioue

494 720 715 775 divinas
743 717 908 789 Cujus
953 721 1216 777 rationem
1262 721 1461 777 subdit.

528 812 563 867 9
634 811 863 868 Salvasti
906 814 1046 869 enim
1075 829 1167 868 nos
1206 812 1272 868 de
1303 811 1642 886 affligentibus
1683 827 1776 866 nos
1805 826 1829 869 :

635 905 707 960 Et
753 907 984 962 odientes
1033 923 1124 960 nos
1172 905 1471 975 confudisti.

560 998 602 1055 C
642 997 757 1054 Non
802 1007 888 1054 est
934 998 1153 1053 dubium
1205 999 1345 1068 apud
1394 1006 1639 1059 sanctos.
1680 1012 1738 1053 se
1766 995 1980 1053 liberari
2013 995 2067 1051 in

490 1090 730 1146 secundo
775 1089 1011 1145 adventu
1057 1088 1266 1144 Domini
1310 1106 1339 1143 a
1380 1088 1755 1158 persecutione
1783 1087 2069 1157 spirituum

491 1180 850 1253 pessimorum
872 1223 887 1248 ,
917 1181 1131 1253 quieos
1169 1182 1257 1237 hic
1287 1168 1670 1250 multiplicibus
1696 1180 1907 1235 insidiis
1936 1176 2071 1234 allli-

492 1275 710 1344 gebant.
758 1273 1169 1329 Coul‘undentur
1217 1273 1380 1329 etiam
1422 1271 1515 1342 qui
1565 1272 1752 1327 beatos
1798 1270 2066 1333 oderunt,

491 1365 828 1435 quandoilli
868 1372 1069 1419 :rterna
1120 1379 1275 1434 pana
1323 1365 1687 1428 damnantur,
1731 1361 1861 1432 justi
1905 1375 2070 1429 regna

491 1473 752 1513 motorum
795 1455 1079 1526 rccipiunt.
1126 1454 1174 1508 A
1199 1454 1239 1511 C
1270 1451 1498 1509 Salvzlsti
1545 1452 1719 1521 enim,
1768 1467 1867 1522 pro
1896 1451 2073 1509 salva-

493 1637 795 1707 Prophetto.
843 1639 884 1696 C
918 1640 1012 1697 Vel
1064 1638 1386 1696 conﬁdentia
1438 1636 1563 1692 ﬁlei
1613 1634 1793 1702 futura
1818 1649 1911 1702 pro
1934 1628 2079 1702 praz-'

494 1730 661 1783 teritis
705 1730 930 1795 dicunt,
962 1730 1217 1800 quoniam
1265 1728 1406 1799 apud
1451 1741 1549 1783 eos
1581 1741 1686 1781 nou
1717 1732 1802 1781 est
1854 1724 2078 1781 dubium
2108 1738 2150 1794 Β

497 1820 641 1884 quod
691 1819 939 1876 absolute
989 1828 1189 1876 norunt
1228 1834 1350 1874 esse
1395 1825 1700 1873 venturum.

497 1908 565 1964 10
638 1909 706 1964 1η
744 1910 855 1966 Deo
900 1911 1239 1965 laudabimur
1267 1919 1376 1963 tota
1420 1908 1506 1963 die
1542 1923 1563 1962 :

638 2001 704 2056 Et
736 2004 789 2058 in
819 2004 1024 2058 nomine
1053 2013 1142 2058 tuo
1177 2001 1539 2072 conﬁtebimur
1567 2001 1621 2055 in
1647 1998 1920 2056 swculum.
1959 1998 2089 2052 Din-

701 2094 927 2167 psalma.

564 2189 607 2245 C
646 2189 745 2257 Qui
798 2190 985 2245 dicunt
1034 2187 1412 2253 laudabimur;
1468 2184 1521 2240 in
1576 2184 1760 2240 futuro
1809 2197 1866 2238 se
1915 2179 2087 2252 proti-

498 2288 684 2334 tentur
709 2294 827 2335 esse
856 2277 1249 2348 przedicandos.
1279 2276 1413 2331 Tota
1436 2276 1561 2343 die,
1594 2283 1912 2345 perpetuum
1946 2279 2085 2326 tem-

501 2378 603 2435 pus
635 2368 904 2433 ostendit,
929 2366 1076 2437 quod
1113 2380 1220 2421 non
1266 2366 1431 2421 habet
1475 2375 1713 2420 noctem.
1745 2361 2089 2418 Conﬁtentur

502 2456 558 2510 in
598 2456 887 2521 sarculum,
936 2455 1029 2526 qui
1058 2454 1325 2526 praeconia
1360 2452 1572 2508 Domini
1601 2452 1691 2508 hic
1731 2449 1934 2522 iugiter
1964 2464 2090 2520 per-

500 2563 697 2603 sonare
746 2544 1103 2604 contendunt.
1146 2546 1191 2602 11
1226 2547 1283 2602 in
1333 2547 1445 2602 Deo
1471 2545 1641 2612 dicit,
1683 2545 1808 2615 quia
1859 2544 1973 2613 ipse
2003 2527 2090 2596 est

495 2637 617 2693 laus
666 2648 723 2694 et
752 2638 922 2707 gloria
968 2633 1186 2703 nostra,
1228 2645 1284 2693 et
1313 2636 1368 2691 iu
1411 2636 1629 2691 nomine
1659 2648 1757 2690 suo
1795 2631 2093 2689 Christiani

498 2730 756 2792 dicimur,
810 2730 950 2786 etin
991 2729 1081 2784 tali
1127 2728 1344 2784 nomine
1373 2726 1770 2785 confitebimur.

500 2821 558 2875 11
641 2819 800 2873 Nunc
835 2829 1009 2874 autem
1059 2818 1293 2890 rcpulisti
1338 2828 1384 2872 et
1433 2817 1719 2887 confudisti
1749 2832 1842 2870 nos
1873 2827 1896 2868 .'

637 2913 704 2967 Et
740 2930 845 2969 non
868 2913 1146 2985 egredieris
1174 2926 1235 2971 +
1260 2911 1400 2968 Deus
1433 2904 1536 2982 fin
1564 2909 1839 2967 virtutibus
1878 2909 2089 2965 nostris.

569 3003 611 3060 C
649 3004 887 3060 Diceudo
940 3004 1085 3059 enim
1137 3011 1438 3074 martyres,
1481 3016 1624 3057 nunc
1672 3008 1890 3066 autem,
1922 2998 2090 3070 signi-

504 3097 666 3154 ficant
710 3097 776 3152 de
817 3097 1021 3153 futuris
1054 3094 1384 3166 temporibus
1421 3110 1480 3151 se
1511 3103 1635 3149 ante
1677 3092 1877 3149 dixisse
1899 3131 1915 3157 ,
1957 3090 2087 3161 quia
2116 3086 2159 3148 C

501 3208 646 3248 nunc
695 3206 935 3263 praesens
981 3197 1065 3246 est
1112 3197 1342 3259 tempus.
1398 3186 1699 3258 llepulisti,
1749 3185 1801 3240 id
1833 3193 1917 3239 est
1950 3181 2088 3238 dila~

507 3285 709 3341 tionem
769 3284 928 3340 nobis
976 3282 1153 3339 fecisti
1230 3283 1296 3337 de
1365 3280 1455 3336 illa
1522 3279 1705 3334 futura
1753 3274 2090 3333 beatitudine

505 3390 667 3446 quam
726 3374 881 3429 nobis
932 3370 1253 3444 promisisti.
1303 3368 1641 3436 Conludisti,
1701 3367 1791 3424 illa
1855 3366 2089 3438 gloriosa

501 3465 820 3523 confusione
842 3507 860 3531 ,
891 3479 1051 3535 quam
1088 3472 1356 3536 martyres
1404 3459 1661 3527 subeunt,
1707 3474 1831 3516 cum
1861 3457 2093 3515 diversis

502 3562 715 3631 injuriis
762 3560 1101 3633 allliguntur,
1149 3556 1380 3613 fustibus
1413 3553 1801 3619 verberantur,
1850 3560 1907 3609 et
1945 3550 2092 3607 velut

501 3651 824 3708 criminibus
856 3650 1108 3717 obnoxii,
1132 3647 1294 3706 morti
1327 3647 1719 3717 mancipantur.
1749 3644 1904 3700 Nunc
1927 3643 2091 3699 etiam

502 3759 611 3799 non
651 3742 960 3815 egredietur
997 3741 1140 3798 Deus
1186 3741 1238 3796 in
1283 3739 1573 3796 virtutibus
1617 3747 1920 3810 martyrum
1965 3750 2089 3791 cum

503 3835 1079 3892 cos‘tribulationibus
1131 3832 1344 3897 subdit,
1385 3838 1439 3889 et
1474 3829 1705 3886 diversis
1751 3827 2092 3900 passionibus

504 3927 787 3997 subiacere
840 3926 1108 3983 concedit.
1606 3944 1609 3945 ν

505 4019 571 4077 12
643 4020 885 4076 Avertisti
916 4036 1025 4075 .nos
1076 4028 1360 4074 retrorsum
1407 4027 1522 4088 post
1556 4016 1793 4073 inimicos
1829 4024 2029 4070 nostros
2073 4028 2091 4069 :

648 4113 716 4168 Et
763 4115 852 4184 qui
884 4113 1103 4173 oderunt
1136 4128 1228 4166 nos
1271 4110 1584 4180 diripiebant
1621 4108 1743 4164 sibi.

575 4210 617 4265 C
655 4195 841 4262 Averti
889 4207 1087 4272 enim,
1121 4218 1204 4262 est
1244 4206 1456 4261 hostem
1496 4205 1684 4277 lugere
1724 4203 2018 4259 carnalem.
2048 4201 2093 4256 ll

502 4300 775 4355 Debemus
821 4298 967 4353 enim
1011 4298 1260 4354 inimicos
1304 4304 1520 4353 nostros
1568 4305 1692 4351 ante
1733 4311 1863 4360 nos,
1920 4294 1973 4350 id
2010 4286 2096 4348 est

501 4398 627 4446 ante
657 4389 846 4445 oculos
871 4389 1085 4445 nostros
1126 4388 1356 4449 habere,
1385 4395 1443 4441 ut
1465 4387 1701 4442 sciamus
1731 4384 1860 4462 quid
1901 4396 2096 4439 cavere

504 4481 819 4536 debeamus.
871 4479 1207 4551 Dir'piebant
1249 4478 1373 4534 sibi.
1415 4479 1456 4533 C
1504 4475 1618 4532 Hoc
1669 4455 1807 4532 solet
1853 4472 2099 4544 ell‘ugatis
2127 4455 2176 4515 ι)
2272 4506 2322 4562 H
2355 4508 2399 4563 Α

506 4574 726 4629 evenire
771 4582 832 4628 ut
883 4573 937 4628 in
973 4572 1329 4642 direptionem
1361 4569 1561 4625 cadant
1589 4566 1680 4637 qui
1712 4566 1954 4621 hostibus
1984 4564 2098 4619 suis

510 4663 733 4719 minime
778 4656 1107 4735 prmvaleant
1150 4660 1423 4715 resistere.
1474 4655 1519 4711 11
1551 4654 1883 4725 Diripiebant
1913 4665 2095 4722 perse-

505 4752 721 4811 cutores
761 4765 1060 4826 martyres.
1105 4766 1228 4807 cum
1273 4749 1443 4821 plagis
1472 4755 1525 4802 et
1566 4744 1783 4815 reliquis
1812 4741 2092 4798 tormentis

507 4862 603 4904 eos
633 4846 921 4901 vexabant.
967 4849 1014 4898 Α
1061 4842 1155 4897 Vel
1186 4856 1318 4905 nos,
1369 4839 1492 4908 quia
1539 4852 1726 4891 sumus
1758 4843 1906 4890 retro
1932 4831 2086 4902 quasi

506 4930 657 4994 victi.
704 4934 782 4991 llli
823 4944 1003 4989 autem
1033 4938 1409 5003 persecutores
1458 4934 1612 4992 ante,
1659 4925 1812 4996 quasi
1853 4923 2087 4979 victores

507 5043 608 5097 nos
652 5027 881 5083 irrident
911 5032 965 5078 et
1019 5030 1272 5091 torquent

513 5102 578 5175 13
651 5118 855 5175 Dedisti
895 5132 987 5170 nos
1033 5123 1283 5182 tanquam
1328 5127 1440 5165 oves
1484 5123 1763 5165 escarum:

552 5203 558 5209 ’
653 5199 739 5266 Εἰ
765 5212 820 5266 in
862 5208 1098 5280 gentibus
1137 5206 1425 5276 dispersisri
1466 5223 1580 5261 nos.

585 5302 629 5358 (Ξ
666 5302 805 5357 Esca
847 5287 991 5355 enim
1036 5297 1286 5368 luporum
1306 5303 1390 5350 est
1429 5310 1608 5351 ortum
1656 5300 1934 5351 mansueta
1962 5292 2095 5349 sim—

2312 447 2382 503 Et
2402 466 2504 503 non
2526 450 2626 519 fuit
2653 451 2930 506 multitudo
2950 454 3003 508 in
3026 456 3520 511 commutationibus
3546 473 3752 513 eorum.

2241 538 2287 593 11
2324 539 2504 610 Usque
2537 542 2642 597 huc
2680 542 2842 599 locuti
2883 554 3008 600 sunt
3051 555 3351 618 martyres,
3395 562 3539 601 nunc
3569 548 3639 603 de
3664 547 3761 603 ιυ-

2170 631 2405 686 dmorum
2454 632 2651 703 pepulo
2678 633 2889 700 dicunt,
2922 634 3118 705 quibus
3161 637 3362 691 dictum
3391 648 3474 692 est
3500 656 3514 691 :
3537 638 3596 693 lu
3629 654 3762 708 pee-

2171 722 2308 777 catis
2337 724 2529 779 vestris
2558 724 2759 779 venditi
2792 727 2892 780 esti
2926 725 3079 795 (lsai.
3115 725 3192 797 ι).
3239 728 3363 783 Ideo
3393 728 3513 783 sine
3540 728 3723 798 pretio
3742 769 3768 792 ,

2169 814 2295 883 quia
2331 829 2437 872 non
2484 826 2570 871 est
2608 815 2811 872 eﬂ'usus
2859 818 3078 889 sanguis
3120 819 3256 888 Agni
3303 830 3401 890 pro
3432 820 3532 876 eis.
3568 819 3622 873 Η.
3644 818 3766 875 Non

2170 905 2272 963 fuit
2321 906 2609 964 multitudo
2639 908 2690 963 in
2738 910 3246 966 commutationibus
3285 927 3494 966 comm.
3527 910 3569 967 C
3605 911 3773 966 Com-

2170 997 2397 1053 mutatio
2442 1006 2527 1054 est
2569 1000 2694 1055 data
2730 1000 2806 1055 rei
2849 999 3074 1070 «qualia
3105 1001 3385 1073 consequi.
3417 1001 3465 1056 ll
3507 1000 3618 1058 Sed
3675 1001 3775 1056 hic

2168 1087 2330 1143 vilior
2362 1095 2482 1144 erat
2528 1104 2737 1145 merces
2776 1105 2897 1160 quae
2933 1089 3034 1145 fuit
3069 1092 3284 1147 vendita
3309 1092 3451 1162 quod
3491 1091 3773 1162 precium.

2171 1180 2297 1236 ideo
2323 1195 2427 1235 non
2460 1190 2545 1236 est
2567 1175 2919 1236 commutatio
2966 1181 3128 1239 facta.
3164 1183 3298 1238 Nam
3349 1183 3629 1240 Dominus
3671 1196 3773 1252 po-

2170 1271 2356 1342 pulum
2387 1287 2546 1342 quem
2570 1288 2675 1328 non
2707 1289 2860 1340 auro,
2892 1275 2994 1330 sed
3013 1277 3351 1345 comparavit
3391 1276 3615 1348 proprio
3644 1291 3769 1329 sau-

2172 1364 2335 1434 guine
2364 1363 2415 1436 (1
2454 1364 2600 1420 Petr.
2634 1366 2698 1438 ι),
2728 1366 2782 1422 id
2807 1378 2890 1423 est
2918 1367 3215 1423 humanum
3245 1383 3420 1437 genus
3439 1370 3494 1424 in
3518 1367 3783 1440 peccatis

2166 1470 2356 1540 iacens
2405 1456 2672 1514 liberavit.

491 1542 576 1608 his
619 1547 754 1602 dixit
776 1589 790 1611 ,
822 1556 1040 1617 propter
1074 1545 1452 1602 cert'tudinem
1491 1544 1657 1599 futuri
1685 1544 1738 1598 in
1766 1543 2072 1614 cognitione
2174 1569 2241 1625 i5

2315 1567 2546 1625 Posuisti
2572 1588 2661 1626 nos
2695 1573 3028 1643 opprobrium
3058 1575 3238 1631 vicinis
3269 1576 3462 1629 nostris
3486 1589 3504 1629 :

2319 1658 2790 1717 Subsan-nationem
2810 1664 3101 1719 etdcrisum
3117 1665 3197 1721 Itis
3219 1665 3309 1737 qui
3331 1667 3524 1720 suntin
3548 1664 3783 1720 circuitu!

2396 1762 2604 1817 nostra,

2256 1850 2296 1898 ιλ
2336 1842 2469 1898 Cum
2501 1845 2630 1900 dicit
2656 1846 2903 1916 posuisti,
2932 1849 3169 1905 ostendit
3204 1848 3536 1905 tmmohilem
3566 1847 3789 1919 passio--

2185 1949 2342 2000 nem,
2392 1951 2498 2006 qua
2551 1939 2720 1993 sancti
2765 1954 2795 1993 a
2845 1940 3055 2005 vicinis,
3109 1940 3161 1995 id
3205 1949 3286 1996 est
3332 1938 3788 2011 persecutoribus

2186 2024 2484 2095 patiuntur.
2518 2025 2874 2099 Opprobrium
2915 2041 3103 2085 contra
3133 2030 3357 2101 probmn
3397 2029 3638 2100 positum
3671 2037 3779 2083 cst.

2187 2115 2322 2188 Nam
2351 2116 2495 2173 sicut
2516 2121 2696 2175 omnia
2723 2121 2890 2193 proba
2926 2122 3120 2178 decora
3159 2131 3306 2187 sunt,
3348 2121 3429 2176 sic
3462 2119 3787 2179 iudeceutia

2187 2211 2475 2281 opprobria
2498 2221 2641 2267 sunt.
2662 2213 2882 2270 Derisus
2901 2229 3030 2270 vero
3055 2230 3156 2269 vox
3188 2224 3271 2269 est
3297 2212 3522 2268 confusa
3550 2210 3776 2271 uetitis;

2189 2305 2593 2360 insultationem
2642 2320 2795 2361 suam
2840 2306 3163 2361 denuntians
3201 2303 3559 2360 immoderata
3589 2300 3792 2357 hilari-

2190 2402 2322 2449 tate.
2349 2393 2449 2462 Qui
2476 2404 2603 2451 sunt
2632 2395 2693 2451 in-
2716 2396 2945 2453 circuitu
2987 2405 3204 2465 nostro,
3245 2396 3490 2453 inﬁdeles
3530 2401 3589 2449 et
3615 2392 3784 2465 perli-

2190 2486 2289 2543 dos
2315 2488 2539 2556 exponit
2563 2487 2669 2543 illis
2698 2489 2903 2546 verbis.

2193 2577 2260 2633 16
2330 2575 2566 2633 Posuisti
2591 2596 2683 2634 nos
2721 2580 2777 2634 in
2812 2578 3209 2636 similitudinem
3232 2578 3468 2651 gentibus
3494 2594 3517 2634 :

2331 2669 2736 2726 Commotionem
2763 2672 2949 2741 capitis
2977 2672 3031 2726 in
3055 2670 3285 2742 populis.

2261 2782 2302 2838 C
2324 2783 2586 2856 Mariyres
2610 2785 2752 2841 enim
2781 2785 2940 2857 positi
2970 2785 3170 2841 suntin
3200 2782 3608 2840 similitudinem
3624 2780 3796 2837 Chri-

2133 2874 2157 2891 ⁸
2191 2877 2282 2944 sti,
2337 2879 2554 2948 quando
2604 2892 2697 2935 eos
2738 2887 2926 2950 gentes
2960 2880 3179 2949 paribus
3223 2877 3401 2949 poenis
3441 2875 3793 2945 amigehant.

2192 2967 2495 3026 Commotio
2528 2970 2729 3039 capitis
2749 2978 2806 3025 et
2830 2969 3158 3042 martyribus
3203 2968 3432 3040 contigit
3461 2967 3608 3038 (qua:
3635 2966 3795 3021 facta

2191 3068 2277 3113 est
2303 3057 2359 3114 in
2387 3058 2638 3128 passione
2662 3058 2907 3131 Domini)
2929 3075 3050 3115 cum
3098 3074 3194 3115 eos
3225 3057 3394 3129 iniqui
3432 3057 3791 3128 blasphemaa
3878 3118 3881 3119 ν

2193 3149 2325 3205 bant
2354 3147 2401 3204 11
2427 3165 2549 3205 cum
2577 3150 2849 3217 irrisione,
2899 3150 2980 3207 vel
3026 3151 3224 3221 capitis
3250 3149 3643 3205 commotione.
3677 3145 3789 3203 Sed

2192 3247 2240 3293 st
2263 3239 2309 3292 si
2331 3239 2450 3310 quis
2478 3255 2634 3303 nunc,
2661 3256 2692 3294 ο
2717 3238 2871 3307 Iesu,
2894 3240 2948 3295 in
2972 3249 3022 3295 te
3045 3244 3128 3309 pie
3154 3241 3319 3295 viuere
3341 3238 3585 3301 coluerit,
3610 3238 3793 3303 proti-

2193 3347 2289 3385 nus
2316 3330 2481 3402 iniqui
2510 3331 2864 3401 blasphemant
2892 3348 3011 3387 cum
3038 3332 3283 3387 irrisione
3325 3330 3401 3385 uel
3423 3329 3614 3401 capitis
3640 3344 3801 3383 cont-

2195 3425 2444 3485 motione.

2196 3534 2262 3590 Π
2337 3534 2467 3591 Tota
2498 3536 2582 3590 die
2614 3537 2926 3592 verecundia
2958 3553 3071 3591 mea
3093 3547 3275 3592 contra
3307 3553 3389 3591 me
3421 3546 3496 3592 est
3523 3549 3545 3588 :

2336 3626 2407 3680 Et
2435 3627 2674 3697 confusio
2696 3627 2855 3697 faciei
2876 3645 3002 3682 mea:
3032 3629 3297 3698 cooperuit
3328 3643 3431 3681 me.

2263 3738 2313 3795 Η
2365 3739 2623 3796 Dominus
2672 3742 2788 3797 haec
2855 3741 2909 3796 in
2961 3750 3236 3812 assumpta
3296 3755 3460 3796 carne
3518 3739 3798 3810 loquitur,

2193 3829 2319 3898 quia
2372 3838 2484 3885 tota
2535 3829 2622 3884 die
2668 3830 3046 3885 verecundiam
3119 3846 3219 3901 pro
3276 3830 3430 3886 nobis
3477 3831 3798 3899 patiebatur

2194 3920 2463 3985 Christus,
2494 3927 2658 3992 atque
2682 3920 3050 3976 confusionem
3086 3923 3270 3988 etiam,
3311 3938 3483 3992 usque
3511 3923 3580 3977 ad
3609 3923 3789 3992 ipsum

2194 4009 2495 4080 patibulum
2528 4010 2723 4066 crucis.
2759 4011 2800 4067 C
2824 4012 2972 4067 Solet
2996 4012 3320 4068 verecundia
3348 4014 3414 4067 ad
3444 4023 3795 4069 momentum

2195 4101 2402 4167 venire,
2436 4110 2492 4157 et
2528 4100 2677 4160 brevi
2709 4111 2949 4174 tempore
2975 4105 3159 4162 sedata
3191 4105 3487 4172 discedere,
3524 4105 3632 4161 ista
3658 4120 3793 4162 vero

2197 4193 2514 4262 gravissima
2539 4193 2658 4260 luit,
2687 4196 3025 4268 qmojugiter
3048 4180 3422 4268 permanebat.

2199 4306 2271 4361 18
2338 4308 2381 4361 Α
2413 4324 2532 4362 voce
2559 4310 2920 4379 exprobrantis
2947 4320 2996 4366 et
3025 4310 3346 4384 obloquentis
3374 4328 3395 4368 :

2342 4395 2387 4448 Α
2414 4396 2548 4466 facie
2570 4399 2767 4456 inimici
2793 4409 2841 4455 et
2865 4402 3241 4472 perscqucntis.

2440 4526 2575 4568 voce
2615 4514 3020 4585 exprobrantis,
3064 4531 3189 4571 cum
3237 4514 3514 4570 dicere'ur
3563 4512 3621 4569 ei
3666 4530 3682 4568 :
3733 4512 3793 4570 Si

2198 4597 2241 4652 F
2246 4599 2368 4656 ilius
2398 4601 2494 4657 Dei
2530 4617 2610 4670 es,
2638 4606 2905 4662 descende
2945 4607 3010 4662 de
3033 4621 3214 4663 cruce.
3238 4606 3285 4661 Δ
3309 4606 3445 4661 facie
3467 4605 3704 4670 inimici,
3738 4603 3793 4659 id

2196 4698 2278 4745 est
2304 4689 2487 4760 Judat;
2540 4706 2597 4749 et
2616 4699 3008 4767 persequentis,
3036 4698 3212 4769 populi
3257 4696 3446 4753 Judzei.
3496 4695 3538 4752 C
3580 4695 3796 4766 Expro-

2194 4781 2375 4849 brare,
2414 4792 2497 4840 est
2536 4785 2588 4839 in
2637 4786 2829 4843 faciem
2885 4789 3235 4853 maledicere;
3285 4786 3526 4857 obloqui,
3576 4786 3794 4842 absenti

2188 4870 2476 4956 detrahere
2516 4887 2573 4933 et
2614 4880 2799 4937 dolose
2824 4880 3059 4950 aliquem
3090 4893 3337 4935 sermone
3369 4879 3647 4934 mordere.

2200 4996 2266 5055 19
2340 4995 2471 5052 11(ιέ
2500 4996 2674 5051 omnia
2697 5003 2939 5051 venerunt
2968 5010 3123 5060 super
3149 5010 3241 5047 nos
3269 5009 3287 5050 .'
3318 5009 3410 5047 nec
3429 4990 3579 5045 obliti
3609 5008 3796 5046 sumus

2413 5078 2500 5131 ιε,

2344 5160 2409 5213 Et
2434 5159 2607 5229 inique
2636 5174 2737 5211 non
2765 5155 2963 5227 egimus
2988 5156 3041 5210 in
3069 5162 3375 5210 testamento
3398 5160 3511 5206 tuo.

2274 5259 2483 5328 ﬂllmc
2532 5269 2734 5331 omnia,
2777 5283 2879 5322 vox
2936 5275 3255 5337 martyrum,
3302 5263 3483 5317 omnia
3537 5276 3664 5331 quae
3712 5276 3797 5326 tu,

3684 5351 3733 5370 ‘1
