4000 5370
188 317 276 373 185

1351 314 1712 372 Εχινοδιτξο
1754 315 2198 372 PSALMORUM.

3307 313 3416 372 185

187 432 281 488 Nec
319 427 549 485 obliti.-C
592 428 726 486 Nam
767 431 857 502 qui
900 431 1047 486 illum
1098 441 1276 487 mente
1322 429 1579 494 retinent,
1613 429 1730 500 ejus
1757 433 1808 496 Α
1837 437 1924 483 tur
1968 431 2228 492 dormire,
2260 429 2478 500 quando
2507 437 2693 484 nostra
2730 429 3060 500 exspectatio
3095 429 3274 485 divina
3302 431 3412 486 dis-

188 529 524 578 testamentum
556 523 800 576 nesciunt
837 523 1101 578 oblivisci.

186 616 244 669 20
262 629 316 670 -ε-
335 613 396 667 Et
420 612 440 681 ζ
473 629 578 667 non
608 617 815 670 recessit
849 626 984 670 retro
1019 611 1110 669 cor
1136 626 1369 671 nostrum
1397 632 1414 670 :

305 705 366 760 Et
389 705 653 760 lcriinasti
676 708 886 762 semitas
915 717 1034 762 tuas
1065 726 1096 762 a
1127 710 1208 762 via
1241 719 1353 760 tua.

243 799 280 854 ϐ
312 799 455 852 Rezro
482 799 624 852 redit
651 815 748 853 cor
785 815 970 854 eorum
1011 798 1101 868 qui
1135 801 1201 852 de
1233 795 1449 852 Domini
1488 795 1730 852 bonitate

185 897 454 964 desperant;
482 896 629 963 Quod
668 895 754 950 isti
784 894 1008 950 minime
1031 893 1294 954 fecerunt,
1336 893 1426 963 qui
1474 906 1624 962 spem
1673 892 1725 945 iu

185 987 379 1041 Domino
402 984 602 1040 habere
638 987 858 1056 probati
890 994 1039 1042 sunt.
1077 987 1170 1041 Via
1216 986 1361 1041 enim
1407 1001 1436 1040 a
1487 984 1728 1040 violentia

186 1085 504 1147 tumcupttur.
536 1077 744 1134 Semita
774 1080 861 1135 hic
890 1079 942 1133 in
971 1079 1112 1134 malo
1140 1080 1312 1150 posita
1345 1088 1452 1144 est,
1491 1093 1555 1133 eo
1586 1077 1732 1148 quod

184 1171 292 1225 dicit
336 1179 554 1227 nostras.
597 1171 766 1228 Recte
806 1173 947 1226 enim
997 1173 1247 1230 humante
1286 1174 1514 1238 semitm,
1552 1171 1604 1226 id
1645 1179 1730 1227 est

183 1262 434 1332 volupttusi
465 1274 522 1318 et
553 1265 793 1320 umbrosi
836 1266 1000 1321 calles
1035 1282 1171 1336 quos
1217 1265 1456 1320 ambul-at
1495 1266 1728 1319 lmmana

183 1352 421 1425 lragilitns,
455 1370 486 1408 a
523 1355 605 1408 via
632 1371 874 1426 superna.
914 1358 1106 1412 divisa:
1144 1357 1425 1421 dicuntur,
1472 1357 1597 1426 quia
1625 1355 1730 1410 illae

182 1445 432 1500 ducuntad
461 1456 719 1512 mortem,
745 1448 858 1501 luce
886 1448 972 1500 via
999 1447 1148 1502 ducit
1175 1447 1240 1500 ad
1281 1446 1598 1516 sospitatem
1633 1445 1725 1499 de-

181 1537 502 1592 siderabilem.
534 1539 576 1592 A
613 1538 708 1593 Vel
733 1539 1047 1606 deeliuasti,
1076 1540 1126 1594 id
1163 1549 1245 1595 est
1291 1539 1550 1608 repulisse
1579 1538 1728 1593 vide—

182 1629 242 1684 ris
281 1632 460 1686 nostris
517 1633 959 1701 persecutoribus
1008 1633 1229 1689 semitas
1275 1641 1489 1687 nostras
1535 1632 1726 1697 bonas,

181 1737 290 1790 quas
310 1721 636 1779 aubulamus
667 1725 719 1778 in
763 1723 1229 1790 tribulationibus,
1258 1724 1310 1778 in
1351 1738 1417 1778 eo
1462 1722 1604 1793 quod
1636 1737 1728 1777 se—

182 1815 342 1881 quitur.

181 1904 229 1958 2i
283 1903 520 1972 Quoniam
546 1908 839 1962 humiliasti
861 1926 958 1964 nos
983 1910 1038 1963 in
1060 1908 1172 1962 loco
1197 1907 1520 1980 aﬂtictiouis.

293 1995 346 2049 Et
374 1999 646 2068 cooperuit
679 2016 774 2054 nos
803 1999 988 2054 umbra
1015 1999 1219 2054 mortis.

237 2088 274 2143 11
308 2088 569 2144 lumiliati
601 2107 787 2146 sumus
841 2092 896 2146 in
951 2091 1069 2148 loco
1099 2089 1420 2156 aluictions,
1469 2090 1522 2146 id
1551 2098 1634 2145 est
1675 2089 1728 2144 in

183 2195 365 2252 corpore
387 2184 516 2250 isto,
551 2185 603 2238 in
636 2201 744 2254 quo
788 2201 1072 2240 versamur
1097 2193 1153 2239 et
1196 2183 1484 2256 alnigimur
1512 2191 1734 2254 propter

181 2277 426 2352 Christum.
469 2277 511 2334 C
580 2278 782 2335 Umbra
831 2278 1023 2333 mortis
1066 2277 1202 2350 vitae.
1241 2276 1398 2331 istius
1442 2274 1730 2329 transitum

183 2372 302 2437 dicit,
319 2372 401 2441 qui
431 2373 641 2428 sanctis
668 2381 722 2427 et
747 2372 1128 2443 peccatoribus
1153 2371 1413 2448 probatur
1433 2384 1554 2424 esse
1581 2373 1732 2423 com-

181 2463 335 2517 munis.
378 2461 467 2517 Illa
511 2478 646 2517 vero
693 2479 840 2519 mors
887 2478 1019 2518 vera
1049 2472 1152 2527 est,
1201 2478 1308 2532 qua
1338 2461 1486 2531 impii
1527 2470 1730 2516 {eterna

182 2552 483 2609 Catii-aliene
529 2554 854 2624 puniuntur.
886 2553 928 2607 11
961 2554 1070 2608 Etsi
1102 2553 1243 2610 enim
1273 2553 1442 2607 sancti
1478 2552 1567 2608 hic
1599 2551 1736 2606 allii-

181 2655 338 2712 guntnr
361 2653 412 2700 et
435 2646 604 2700 morti
636 2645 997 2710 destinantur,
1023 2646 1212 2700 vivunt
1235 2654 1412 2699 tamen
1439 2645 1578 2712 Deo;
1611 2645 1730 2701 ideo

183 2732 272 2786 lure
291 2750 428 2789 mors
459 2737 656 2790 umbra
682 2737 894 2801 mortis,
927 2750 1034 2790 non
1061 2751 1210 2791 mors
1236 2744 1340 2791 est.

177 2818 231 2873 ἓξ
285 2822 338 2878 Si
361 2825 504 2878 obliti
526 2842 718 2880 summ
746 2842 934 2880 nomen
961 2825 1056 2880 Dei
1084 2826 1249 2882 nostri
1277 2843 1296 2883 :

286 2928 340 2968 -ξ-
371 2915 433 2967 Ινῖι
468 2917 486 2986 ζ
518 2916 573 2968 si
601 2912 947 2986 expandimus
989 2934 1174 2972 titanas
1219 2928 1423 2972 nostra:
1455 2919 1524 2972 ad
1560 2917 1727 2973 Deam

351 3008 605 3062 alienum.

234 3094 268 3150 ll
295 3097 344 3152 Si
374 3099 520 3153 obliti
567 3115 753 3155 sumus
783 3115 978 3154 nomen
1028 3100 1162 3166 Dei,
1213 3099 1263 3155 id
1310 3109 1392 3154 est
1429 3099 1724 3155 Christum.

179 3186 224 3241 Si
258 3193 594 3260 expanditnns
631 3209 823 3248 manus
854 3193 920 3248 ad
965 3195 1131 3248 Deum
1163 3193 1397 3247 alienum
1451 3193 1502 3248 id
1547 3201 1628 3248 est
1661 3191 1729 3248 ad

181 3278 360 3337 itlulnm.

177 3371 234 3424 23
292 3373 470 3430 Nonne
498 3377 645 3430 Ded:
675 3376 899 3447 requiret
929 3375 1072 3429 ista?

289 3466 398 3536 Ipse
419 3470 557 3523 enim
586 3470 728 3524 novit
761 3470 1067 3522 abscondita
1097 3469 1287 3524 cordis.

232 3556 266 3612 Β
296 3559 495 3625 Nonne,
528 3577 655 3616 cum
686 3559 926 3631 pondere
954 3561 1405 3630 pronuntiandum
1457 3568 1563 3624 est,
1593 3574 1730 3629 quo-

177 3647 292 3704 niam
316 3653 695 3723 gravissimum
727 3662 809 3707 est
841 3653 979 3721 apud
1022 3651 1213 3718 Deum,
1261 3651 1304 3707 si
1352 3653 1404 3706 in
1459 3652 1574 3722 ejus
1610 3651 1734 3705 reli-

176 3738 305 3805 gione
337 3724 611 3812 peccetur.
652 3741 950 3813 Requirere
994 3752 1173 3798 autem
1215 3743 1471 3808 solemus,
1516 3743 1733 3812 quando

177 3827 244 3881 illa
271 3831 642 3888 desideramus
683 3848 1003 3904 agnoscere,
1052 3849 1172 3904 qua:
1216 3842 1456 3888 nostram
1488 3833 1735 3889 novimus

175 3925 524 3983 conscientiam
556 3942 666 3982 non
709 3935 915 3981 tenere.
945 3927 1058 3982 lloc
1105 3928 1156 3980 iu
1189 3927 1296 3981 Deo
1333 3943 1439 3982 non
1472 3934 1574 3990 est,
1607 3925 1734 3996 quia

177 4016 321 4069 omnia
364 4004 544 4084 novit;
603 4018 700 4072 sed
730 4019 931 4073 dicitur
978 4019 1274 4088 requirere,
1319 4019 1444 4071 dum
1500 4032 1600 4087 pro
1656 4018 1737 4074 eis

178 4116 256 4156 tius
295 4109 539 4175 puniens,
592 4105 728 4161 facit
777 4123 966 4162 eorum
1018 4123 1117 4162 nos
1160 4107 1456 4161 recordari.
1514 4108 1576 4161 Et
1610 4107 1736 4176 quia

178 4195 398 4264 agebatur
427 4200 492 4253 de
545 4197 830 4269 religionis
867 4197 1204 4270 all'cetu,qui
1256 4198 1307 4253 in
1358 4199 1522 4253 corde
1569 4199 1737 4269 magis

178 4299 304 4351 quam
342 4291 586 4360 corporis
635 4289 922 4345 devotione
958 4289 1182 4357 geritur,
1218 4289 1386 4355 addit,
1429 4289 1542 4358 ipse
1588 4291 1739 4344 novit

179 4379 324 4434 cordis
350 4384 693 4438 abscondita.
727 4385 770 4436 Α
798 4383 862 4436 Et
889 4397 1007 4452 qua:
1034 4383 1141 4436 sint
1171 4381 1260 4436 illa
1298 4399 1312 4434 :
1353 4383 1620 4452 sequitur.

177 4467 230 4521 21
291 4473 540 4539 Quoniam
569 4485 786 4547 propter
813 4485 860 4529 te
888 4475 1272 4543 mortiﬁcamur
1291 4483 1403 4527 tota
1426 4475 1512 4528 die
1537 4488 1556 4528 :

291 4566 557 4620 xEstimati
585 4583 772 4621 sumus
798 4569 928 4620 sicut
954 4585 1069 4621 oves
1099 4565 1398 4621 occisionis.

232 4654 267 4710 C
288 4658 448 4715 Marte
477 4675 612 4716 vero
638 4659 775 4714 allici
804 4669 889 4714 est
913 4677 925 4712 :
958 4676 1052 4729 per
1082 4659 1267 4728 longas
1298 4656 1578 4727 passiones
1601 4672 1738 4729 prae-

180 4748 315 4803 sentis
338 4752 454 4806 vita:
483 4753 693 4806 exitum
725 4766 822 4822 pro
863 4749 1079 4805 Christo
1123 4749 1384 4819 reperire.
1425 4746 1558 4803 Tota
1597 4749 1684 4804 die
1717 4765 1730 4802 :

183 4850 265 4890 non
296 4854 384 4909 per
416 4850 858 4896 momentaueam
891 4851 1142 4906 mortem,
1174 4839 1268 4895 sed
1295 4854 1394 4909 per
1423 4839 1734 4894 universum

183 4931 280 4987 rita:
327 4944 534 5008 tempus
589 4943 930 5006 protractum
979 4935 1137 4990 nobis
1211 4929 1446 4986 ﬁdelium
1498 4932 1739 4987 declarat

183 5022 350 5054 ονῖΙι-ηι
381 5042 472 5054 ιιι-η
501 5026 717 5054 ρ’.-εηη
780 5024 903 5054 n...'..
933 5027 1013 5054 Α.ιῖ

933 5027 1070 5054 A.\:m
1103 5040 1207 5054 nn“
1245 5021 1402 5054 '\n'\n.
1431 5039 1578 5054 nun!“
1641 5037 1738 5054 una

1765 4491 1816 4551 D

1831 519 2149 588 pensatione
2177 519 2481 589 clou’gatur.
2506 519 2789 589 Repetitur
2816 535 3048 590 exsurge
3069 561 3084 584 ,
3118 530 3177 575 ut
3215 520 3411 590 quibus

1833 611 1974 664 videt
2023 610 2259 680 pericula
2312 624 2594 675 crescere,
2630 627 2733 666 non
2777 612 2948 666 tardet
2976 613 3280 667 subvenire.
3334 611 3420 667 Ne

1831 704 2059 774 repellas
2090 704 2141 757 in
2175 704 2359 768 ﬁnem,
2395 704 2446 758 id
2478 713 2562 758 est
2587 704 2672 757 ubi
2693 709 2823 758 ’suut
2854 705 3072 773 praemia
3104 705 3413 769 beatorum,

1817 795 1920 849 ubi
1973 795 2302 865 martyribus
2331 810 2543 849 corona:
2574 805 2959 865 praeparantur.
3011 793 3056 848 H
3105 793 3159 848 In
3208 794 3407 848 liuent:

1832 886 2024 940 mortis
2047 894 2265 941 aeterna:
2293 887 2519 940 scilicet.

1828 996 1902 1052 26
1973 998 2150 1063 Quare
2173 999 2360 1067 faciem
2389 1009 2534 1052 tuam
2562 997 2794 1051 avertis?

1977 1086 2306 1142 Oblivisceris
2329 1089 2519 1158 impia;-
2543 1097 2734 1142 nostrte
2755 1097 2801 1141 et
2822 1085 3171 1141 tribulationis
3193 1089 3418 1143 nostra'?

1903 1179 1946 1235 H
1987 1180 2196 1234 Avertit
2228 1181 2370 1236 Deus
2399 1180 2591 1234 faciem
2630 1180 2697 1233 ad
2731 1188 2973 1248 tempus,
3001 1187 3057 1232 ut
3090 1179 3281 1248 probet
3308 1179 3418 1234 ele-

1831 1280 1948 1324 ctos
1980 1285 2130 1323 suos.
2161 1269 2202 1324 C
2225 1269 2575 1324 Oblivisceris
2603 1268 2817 1340 inopiae,
2852 1275 2953 1323 hoc
2987 1276 3068 1323 est
3095 1286 3108 1321 :
3149 1269 3236 1322 cui
3288 1283 3420 1323 cou-

1831 1376 2085 1415 sueveras
2131 1361 2444 1427 subvenire,
2481 1377 2640 1430 quam
2669 1362 2746 1416 sic
2791 1361 2844 1414 in
2872 1359 2994 1414 aliis
3030 1375 3182 1414 amas
3216 1377 3229 1412 :
3273 1368 3332 1413 ut
3367 1369 3420 1412 te

1812 1437 2049 1525 inopem
2097 1455 2264 1510 dicas.
2318 1455 2536 1510 Addidit
2588 1454 2950 1508 tribulationis
3001 1460 3215 1508 nostrae.
3252 1450 3419 1521 Cujus

1835 1543 2196 1600 tributttiouis
2228 1545 2465 1599 clemens
2492 1559 2706 1614 semper
2734 1543 2983 1598 Christus
3014 1544 3287 1612 inspector
3311 1549 3414 1595 est.
3473 1541 3476 1544 ’

1829 1637 1898 1690 27
1973 1637 2235 1703 Quoniam
2261 1638 2536 1691 humiliata
2559 1647 2631 1690 cst
2657 1638 2710 1690 in
2737 1636 2943 1707 pulvere
2974 1636 3151 1690 anima
3192 1644 3365 1688 nostra
3389 1647 3409 1686 :

1975 1728 2376 1799 Canglutiuatua
2406 1738 2478 1782 est
2509 1729 2722 1782 interra
2750 1738 2922 1782 venter
2949 1737 3143 1780 noster.

1760 1792 1805 1852 Β
1902 1819 1945 1875 C
1984 1819 2415 1874 llumiliaverunt
2459 1835 2518 1875 se
2557 1819 2608 1873 in
2639 1819 2878 1888 pulvere,
2909 1818 2998 1887 qui
3032 1817 3216 1872 cinere
3255 1829 3418 1886 super

1833 1925 1891 1964 sc
1933 1925 2121 1980 sparso
2150 1927 2162 1963 :
2197 1911 2407 1963 animas
2453 1924 2578 1964 suas
2611 1907 2944 1964 discruciant
2978 1907 3044 1960 ad
3086 1905 3416 1960 recordatio—

1835 2017 1956 2055 nem
1988 2012 2354 2071 peceatorum.
2383 1997 2424 2052 11
2454 1997 2867 2070 Conglutiuatus
2887 2008 2966 2052 est
2998 1997 3049 2051 iu
3082 2006 3222 2052 terra
3250 2013 3263 2048 :
3293 2011 3421 2050 cum

1833 2107 1961 2147 caro
2019 2093 2359 2157 inﬁrmatur,
2398 2091 2491 2146 sed
2519 2105 2708 2146 sensus
2749 2097 2837 2145 est
2877 2088 3119 2143 intentus
3167 2087 3220 2142 iu
3260 2084 3426 2142 coale-

1833 2185 2031 2240 stibus.

1833 2301 1918 2357 28.
1984 2302 2248 2372 Exsurge,
2271 2303 2463 2372 adjuva
2491 2317 2583 2356 nos
2607 2314 2634 2353 τ

1979 2394 2050 2447 Et
2077 2395 2270 2452 redime
2301 2411 2394 2448 nos
2415 2403 2625 2464 propter
2648 2408 2834 2447 nomen
2859 2400 3026 2446 (unm.

1903 2487 1945 2542 C
1975 2487 2240 2555 Exsurge,
2284 2502 2388 2539 non
2435 2486 2502 2540 ad
2540 2485 2968 2540 dormitionem:
3009 2482 3102 2538 sed
3145 2482 3213 2537 ad
3240 2496 3424 2537 resur-

1837 2579 2132 2637 rectionem
2156 2586 2240 2633 est
2269 2579 2448 2648 potius
2478 2576 2889 2647 applicandum,
2927 2575 2978 2628 in
3010 2589 3114 2644 qua
3143 2573 3420 2628 destructa

1835 2669 2152 2741 agnoscitur
2187 2670 2420 2724 humana
2453 2669 2758 2738 captivitas.
2798 2665 2892 2720 lllo
2923 2665 3066 2719 enim
3107 2673 3423 2734 resurgente

1835 2760 2002 2832 adjuti
2031 2776 2242 2825 sumus,
2285 2776 2393 2814 non
2438 2769 2660 2829 propter
2696 2757 2950 2812 meritum
2993 2765 3276 2820 nostrum,
3325 2753 3421 2808 sed

1832 2859 2058 2920 propter
2110 2865 2306 2905 nomen
2348 2864 2524 2904 suum.
2575 2847 2702 2902 Ideo
2748 2845 2998 2900 Salvator
3039 2843 3255 2908 dicitur,
3297 2842 3428 2914 quia

1834 2955 1931 3011 per
1960 2940 2188 3011 gratiam
2219 2954 2330 2994 sua:
2356 2937 2573 3008 pietatis
2597 2935 2771 2992 salvat
2794 2934 3060 2992 inﬁrmos.

2297 3066 2498 3107 οηλτιο
2531 3067 2596 3105 EX
2629 3064 2780 3105 PSAL.
2810 3063 2964 3104 ιιιιι.

1910 3166 2176 3237 Exsurge,
2208 3165 2454 3256 Domine,
2504 3163 2555 3216 in
2607 3160 2867 3216 auxilium
2911 3167 3186 3235 nostrum,
3204 3164 3259 3212 et
3299 3169 3431 3210 erue

1838 3274 1938 3314 nos
1967 3259 2035 3314 ab
2062 3249 2368 3328 opprobriis
2421 3256 2680 3310 vieiorum
2713 3271 2726 3306 :
2767 3263 2821 3307 et
2849 3251 2938 3322 qui
2967 3266 3150 3313 coram
3184 3249 3429 3319 patribus

1837 3348 2040 3404 nostris
2066 3347 2409 3402 inimicarum
2450 3345 2687 3416 gentium
2741 3358 2902 3413 regna
2930 3341 3202 3412 γὶςίειὶνιι
3240 3354 3426 3409 persc-

1836 3440 2128 3511 quentibus
2156 3438 2394 3493 inimicis
2419 3437 2596 3490 vultus
2630 3436 2700 3489 tui
2729 3433 3118 3490 illuminatione
3142 3419 3425 3501 noseripe.

1837 3534 1940 3588 Per
1970 3532 2256 3587 Dominum
2285 3538 2530 3586 nostrtun
2557 3526 2738 3582 Iesum
2766 3527 3070 3592 Christum,
3097 3533 3206 3579 etc.

2362 3641 2683 3697 PSALMUS
2713 3639 2899 3695 XLIV.

2260 3768 2627 3811 ARGUMENTUM
2667 3767 2812 3806 PSAL.
2857 3765 3000 3804 XLIV.

1909 3843 1950 3926 (ι
1983 3869 2254 3941 Pr0pheta
2297 3867 2502 3937 Spiritu
2546 3871 2732 3921 sancto
2775 3861 3047 3932 repletus,
3099 3855 3428 3912 incarnatio-

1842 3978 1964 4018 nem
1994 3961 2207 4016 Domini
2237 3959 2439 4014 Christi
2467 3972 2526 4012 se
2552 3965 2801 4012 eruetare
2828 3951 3118 4023 promittit,
3149 3957 3206 4002 et
3235 3947 3430 4017 mysti-

1841 4053 1920 4108 cis
1947 4050 2242 4105 virtutibus
2271 4065 2524 4119 sponsam
2555 4045 2757 4104 Christi
2805 4041 3063 4098 describit
3108 4038 3432 4095 Ecclesiam.

1985 4165 2096 4222 TT.
2136 4163 2201 4220 In
2223 4165 2378 4233 finem
2407 4180 2501 4233 pro
2555 4162 2636 4215 Itis
2673 4160 2763 4226 qui
2801 4157 3261 4212 commntabuntur
3297 4152 3432 4223 [iliis

2042 4256 2175 4312 Core
2202 4259 2270 4309 ad
2303 4253 2711 4319 intellectmtt.)t(
2733 4248 3007 4304 Canticum
3031 4265 3125 4317 pro
3148 4245 3334 4300 dilecto
3367 4245 3387 4315 ζ

1914 4348 1956 4404 C
1984 4349 2038 4405 In
2072 4349 2233 4402 ﬁnem
2263 4366 2276 4402 :
2313 4344 2700 4418 perfectionem
2731 4340 3026 4410 signiﬁcat,
3066 4338 3167 4393 hoc
3195 4346 3279 4394 est
3326 4337 3434 4391 Do-

1849 4442 2055 4496 minum
2085 4439 2385 4495 Christum.
2419 4436 2544 4490 Filii
2576 4436 2716 4492 Core
2742 4452 2754 4488 :
2786 4433 2838 4488 id
2864 4441 2947 4487 est
2975 4432 3066 4486 ﬁlii
3107 4431 3316 4494 crucis,
3345 4428 3440 4499 qui

1842 4532 2326 4589 commntabuntur
2363 4527 2680 4585 trausiendo
2707 4526 2773 4580 de
2805 4524 3024 4579 tristitia
3058 4522 3218 4594 hujus
3251 4519 3437 4574 Inundi

1839 4623 1906 4676 ad
1937 4622 2134 4693 gaudia
2174 4631 2399 4677 aeterna.
2428 4619 2748 4680 Canticum,
2791 4623 2997 4669 textum
3047 4610 3234 4683 psalmi
3277 4607 3442 4680 signi—

1842 4716 2008 4770 ﬁcat:
2059 4730 2159 4786 pro
2206 4715 2432 4778 dilecto,
2475 4711 2530 4766 id
2567 4720 2652 4767 est
2694 4707 2924 4763 Domino
2955 4705 3205 4765 Christo,
3234 4702 3300 4754 de
3333 4714 3440 4768 quo

1842 4807 2002 4863 Pater
2022 4808 2162 4862 dixit
2189 4825 2202 4858 :
2232 4808 2333 4864 llic
2361 4812 2448 4860 est
2469 4803 2706 4860 dilectus
2728 4799 2896 4853 Filius
2921 4812 3071 4852 meus
3094 4793 3311 4866 (Matth.
3340 4789 3444 4858 tu).

1841 4899 1998 4957 Istius
2029 4915 2176 4955 nunc
2202 4894 2523 4974 Spirituales
2551 4893 2751 4965 nuptize
2777 4889 3106 4944 referuntur.

1886 5019 1907 5054 ι
1997 5017 2272 5054 Ωιιιιριιηιὲο
2314 5029 2410 5054 ρης·
2438 5027 2619 5054 mnum
2644 5006 2851 5054 uerbum
2879 5003 3067 5054 bonum
3089 5014 3110 5054 ἓ
