4000 5370
620 332 720 390 187

656 444 692 498 2
766 441 969 515 Lingua
1000 461 1112 500 mea
1141 446 1372 502 calamus
1410 450 1593 506 scriba:
1618 465 1632 478 °

769 533 1025 596 Velociter
1067 551 1129 592 ’ἓ-
1173 539 1442 594 scribentis
1476 541 1492 611 ξ

693 620 738 675 ll
773 622 1021 679 Calamus
1052 627 1241 681 scriba:
1261 667 1275 693 ,
1306 629 1480 684 scriba
1523 631 1638 701 ipse
1675 632 1920 690 Christus
1948 642 2064 701 est,
2093 636 2183 706 qui

617 712 834 780 scripsit
881 715 1074 781 ﬁdem,
1113 733 1296 787 spem,
1354 729 1409 776 et
1443 723 1794 790 charitatem,
1837 727 1890 781 in
1930 728 2186 784 cordibus

615 813 946 860 sanctorum.
980 807 1274 874 Velociter,
1319 811 1420 866 hoc
1445 823 1560 880 est,
1593 816 1734 885 quod
1765 833 1870 872 non
1905 818 2186 876 tardantur

613 905 734 959 quae
758 893 988 960 dixerat,
1017 898 1110 952 sed
1138 899 1397 956 velociter
1428 903 1805 974 adimplentur.

653 982 688 1036 5
761 981 1036 1054 Speciosus
1065 989 1236 1057 [arma
1266 1009 1374 1061 pne
1397 993 1522 1062 ﬁliis
1561 995 1824 1052 hominum
1850 1013 1867 1052 :
1892 1001 2086 1072 di/fusa
2109 1015 2183 1061 est

829 1078 1002 1144 gratia
1045 1079 1100 1133 in
1147 1081 1299 1136 labiis
1322 1085 1426 1138 tuis
1451 1098 1469 1137 :

758 1160 1044 1234 Propterea
1080 1169 1338 1225 benedixit
1383 1183 1431 1228 te
1468 1175 1604 1232 Deus
1633 1197 1688 1234 ιη
1720 1191 1990 1241 wternum.

684 1249 724 1305 C
774 1250 1060 1321 Speciosus
1098 1259 1272 1314 dictus
1297 1277 1405 1331 pra:
1429 1270 1679 1326 omnibus
1699 1271 2004 1332 hominibus
2025 1276 2181 1334 Chri-

609 1351 726 1398 stus
755 1353 867 1412 est,
899 1363 1001 1403 non
1032 1365 1094 1404 ex
1127 1352 1294 1408 farina
1325 1361 1622 1427 corporali,
1662 1367 1754 1419 sed
1791 1369 2056 1424 veraciter
2083 1371 2180 1426 hu-

611 1449 773 1490 mano
803 1453 998 1506 genere
1041 1442 1315 1512 pulchrior
1363 1447 1493 1514 fuit,
1527 1453 1651 1521 quia
1695 1467 1910 1524 peccata
1946 1444 2049 1514 non
2085 1462 2181 1516 ha-

609 1523 743 1578 buit.
797 1527 928 1583 Illud
978 1532 1122 1586 enim
1173 1545 1320 1591 recte
1377 1523 1991 1614 speciosumidicimus,
2037 1552 2178 1621 quod

609 1616 781 1684 gratia
837 1622 1204 1680 mundissima:
1237 1629 1486 1697 puritatis
1517 1644 1759 1691 ornatur.
1791 1638 1836 1692 ll
1869 1616 2068 1698 Diﬁ‘usa
2095 1654 2179 1700 est

611 1708 803 1776 gratia,
837 1711 959 1780 quia
987 1712 1071 1768 lex
1111 1732 1206 1785 per
1231 1717 1448 1791 Moysen
1479 1724 1596 1779 data
1626 1737 1729 1794 est,
1758 1731 1928 1798 gratia
1960 1741 2014 1788 et
2044 1735 2178 1789 veri-

609 1804 690 1850 tas
717 1813 814 1868 per
836 1800 1016 1858 Jesum
1046 1806 1319 1864 Christum
1351 1811 1492 1869 facta
1521 1824 1602 1872 est
1625 1817 1805 1888 (loan.
1850 1822 1911 1894 ι).
1949 1824 1988 1880 C
2032 1825 2176 1882 Bene
2209 1809 2250 1870 Β

607 1885 810 1942 dictum
833 1899 914 1946 est
939 1903 1116 1950 autem
1144 1914 1161 1950 :
1187 1897 1468 1958 Bcnedixit
1495 1914 1544 1959 te
1565 1907 1704 1964 Deus
1728 1924 1743 1963 :
1775 1926 1804 1966 a
1824 1911 1989 1967 forma
2008 1917 2173 1983 servi,

607 1991 727 2046 quae
746 1990 801 2034 et
825 1984 1128 2051 passionem
1151 1991 1391 2058 pertulit,
1414 2003 1467 2049 et
1489 1996 1555 2050 ad
1581 2013 1744 2070 regna
1770 2003 2028 2058 caelorum
2055 2021 2177 2076 pcr-

606 2068 774 2122 venit.
808 2068 1134 2144 Propterea,
1178 2080 1304 2161 quia
1369 2083 1557 2141 diffusa
1600 2068 1686 2145 est
1732 2095 1902 2162 gratia
1935 2068 2175 2154 in-lzibiis

606 2157 733 2224 tuis,
759 2163 952 2232 gratia,
985 2167 1192 2224 scilicet
1220 2159 1636 2242 praedicationis.
1662 2180 1709 2236 Η
1735 2157 1804 2238 lit
1830 2187 1990 2242 etiam
2020 2205 2174 2244 cura-

604 2244 766 2303 tionis
795 2265 810 2304 :
856 2267 978 2308 cum
1010 2259 1251 2315 morbida
1283 2265 1450 2321 verbo
1490 2283 1670 2338 curas,
1700 2289 1849 2330 mare
1892 2277 2174 2348 quiescere

604 2336 759 2406 facis,
791 2342 1051 2403 Lazarum
1075 2366 1234 2410 vocas
1260 2365 1314 2412 et
1339 2361 1516 2427 venit,
1561 2372 1616 2418 et
1641 2368 1820 2422 onmia
1843 2384 1961 2440 quae
1985 2371 2171 2444 loque-

602 2429 678 2485 ris
702 2470 716 2495 ,
760 2437 931 2503 gratia
962 2439 1224 2500 labiorum
1257 2457 1468 2506 tuorum
1490 2455 1864 2524 perﬁciuntur.

633 2521 670 2575 4
739 2525 1017 2601 Accingere
1045 2535 1225 2605 gladio.
1267 2550 1358 2597 tuo
1381 2558 1401 2596 :

738 2617 906 2688 Super
933 2623 1106 2691 femur
1133 2644 1192 2686 -ι-
1223 2639 1370 2687 tuum
1405 2636 1423 2706 ζ
1460 2677 1474 2700 ,
1513 2643 1883 2708 potentissime.

629 2703 665 2758 5
733 2704 913 2776 Specie
940 2723 1030 2766 tua
1060 2727 1106 2770 et
1133 2703 1523 2786 pulchritudine
1548 2738 1673 2784 tua:

746 2799 966 2858 Intende
993 2824 1236 2879 prospere
1263 2818 1483 2882 procede
1518 2830 1568 2874 et
1594 2839 1772 2894 regna.

578 2951 585 2962 '
619 2975 634 2988 ἱ
670 2887 1003 2988 CGladium,
1057 2897 1146 2955 hic
1194 2917 1497 2962 sermonem
1539 2887 1731 2969 diviiue
1773 2921 2170 2988 prmdieationis

601 2975 858 3036 debemus
888 2986 1174 3057 accipere:
1222 2991 1400 3049 femur
1445 2975 1870 3061 incarnationem
1916 3010 1961 3065 H
1990 3015 2172 3070 accin-

599 3078 719 3162 ctus
754 3073 1001 3133 Christus
1037 3081 1246 3150 gladio,
1291 3089 1456 3144 verbo
1505 3096 1940 3162 praedicationis:
1978 3105 2169 3162 dividit

598 3157 792 3216 Filium
841 3180 870 3218 a
916 3165 1099 3236 Patre,
1148 3183 1252 3229 etc.
1301 3176 1701 3253 Potentissime,
1748 3204 1856 3245 non
1904 3194 2162 3265 segniter,

599 3263 774 3319 neque
805 3254 1008 3322 leviter,
1041 3263 1132 3317 sed
1159 3266 1407 3324 viriliter.
1633 3290 1660 3318 ο

668 3341 709 3393 C
737 3342 926 3413 Specie
965 3358 1081 3420 tua,
1113 3353 1212 3411 hoc
1241 3362 1470 3428 pertinet
1497 3366 1562 3420 ad
1592 3369 1976 3431 immanitatem
2003 3377 2164 3435 Chri-

596 3433 686 3500 sti,
729 3435 1074 3504 pulchritudo
1111 3449 1177 3502 ad
1203 3449 1476 3510 deitatem.
1503 3457 1744 3528 Intende,
1776 3475 2161 3535 utpereuntem

597 3522 870 3582 hominem
925 3533 990 3586 de
1042 3537 1179 3592 caelo
1240 3543 1527 3604 miseratus
1576 3555 1826 3622 aspicias.
1877 3557 2161 3632 Prospere,

592 3619 848 3686 quoniam
877 3635 995 3680 erat
1025 3629 1470 3707 humano'generi
1522 3642 1856 3705 liherationis
1903 3653 2162 3712 benelicia

594 3711 952 3776 praestiturus.
985 3717 1023 3772 C
1054 3719 1096 3774 ll
1139 3721 1376 3782 Procede
1407 3740 1464 3785 ut
1497 3749 1726 3803 sponsus
1756 3739 1822 3794 de
1871 3750 2024 3798 utero
2055 3747 2166 3800 vir-

593 3798 780 3904 ginali.
811 3804 1016 3878 Regna,
1063 3813 1115 3866 id
1146 3825 1246 3882 est,
1283 3818 1336 3872 in
1363 3798 1680 3882 credulitate
1711 3830 1988 3888 hominum
2017 3854 2030 3890 :
2067 3798 2162 3908 po-

595 3892 816 3948 tentiam
851 3906 954 3952 tuae
981 3901 1274 3970 majestat'is
1304 3915 1547 3970 OStende.

629 3981 663 4036 6
734 3985 958 4060 Propter
977 3999 1237 4053 ceritatem
1265 4013 1311 4056 et
1331 4011 1779 4068 mansuetudinem
1802 4025 1849 4069 et
1862 4018 2160 4085 justitiam:

734 4078 804 4134 1ιί
845 4085 1063 4142 deducet
1087 4101 1135 4145 te
1179 4095 1488 4152 mirabiliter
1511 4103 1724 4159 dextera
1751 4078 1864 4165 tua.

663 4170 704 4226 C
733 4171 960 4246 Propter
991 4183 1294 4250 veritatem,
1328 4189 1455 4246 illud
1486 4193 1773 4264 signiﬁcat,
1806 4201 1928 4270 quia
1964 4204 2159 4262 veritas

590 4258 656 4312 de
686 4271 831 4319 terra
864 4280 983 4324 orta
1028 4285 1110 4326 est
1133 4273 1304 4344 (Psal.
1343 4258 1584 4356 LXXXIV").
1616 4258 1963 4348 Mansuetudo
2008 4312 2164 4352 mon-

586 4359 756 4408 strata
826 4368 926 4425 est,
985 4367 1198 4430 quando
1243 4369 1292 4422 in
1349 4388 1509 4429 cruce
1565 4394 1663 4447 pro
1709 4389 2156 4453 persequentibus

1530 336 1587 392 S.
1629 338 1975 397 BRUNONIS
2013 340 2545 404 llEllBlPOLENSlS
2585 349 2884 409 EPlSCOPl
3723 324 3824 426 ‘l88

2213 459 2262 517 Α
2325 456 2358 514 8
2431 458 2588 514 Sedes
2623 472 2714 516 tua
2743 463 2883 518 Deus
2921 465 2974 519 in
2998 466 3246 522 sa'culum
3285 460 3505 526 sa'cnlt:

2441 549 2595 620 Virga
2632 553 2930 610 directionis
2952 557 3093 628 virga
3126 561 3268 628 regni
3303 563 3402 616 tui.

2354 636 2394 691 C
2420 637 2516 692 llic
2543 642 2686 696 enim
2735 645 2890 700 sedes
2933 646 3026 701 Dei
3059 648 3122 702 ad
3164 649 3425 719 judicium
3457 654 3669 722 pertiiet
3698 659 3823 714 futu-

2285 739 2425 792 rum,
2477 728 2528 782 in
2562 745 2668 798 quo
2692 733 2872 787 omnia
2913 737 3179 792 veraciter
3207 741 3604 799 examinantur.
3635 746 3820 818 Virga:

2285 816 2521 886 regulam
2554 819 2822 891 signiﬁcat
2849 823 3043 880 divina:
3077 830 3364 897 mquitatis,
3393 833 3490 886 ista
3524 837 3654 892 enin
3689 816 3820 911 virga

2276 904 2453 976 jnstos
2483 913 2642 982 regit,
2686 914 2876 984 impios
2912 921 3188 987 percutit:
3231 939 3351 992 qua:
3400 929 3647 984 veraciter
3691 946 3821 988 recta

2283 998 2510 1068 dicitur,
2569 1007 2692 1073 quia
2740 1009 2881 1063 nulla
2935 1014 3198 1079 pravitate
3259 1030 3531 1076 curvatur.
3603 1023 3678 1080 Vel
3725 1029 3822 1084 lor-

2285 1089 2453 1145 titudo
2483 1093 2676 1152 invicta
2707 1106 2760 1152 et
2803 1098 3107 1158 inﬂexibilis
3139 1105 3438 1176 disciplina,
3471 1111 3620 1182 virga
3637 1126 3718 1170 est
3745 1119 3819 1173 di-

2281 1185 2553 1241 rectionis.
2590 1188 2653 1242 Et
2685 1189 2884 1248 clarius
2915 1209 3034 1251 oua:
3074 1198 3146 1252 sit
3193 1201 3339 1270 virga
3386 1204 3485 1258 ista
3515 1223 3537 1259 :.
3574 1213 3820 1280 sapientia

2279 1277 2510 1331 ostendit
2537 1280 2755 1337 dicens:

2313 1386 2346 1442 9
2413 1387 2654 1447 Dilexisti
2680 1394 2944 1464 justitiam
2984 1417 3031 1454 et
3062 1405 3217 1458 odisti
3255 1406 3620 1476 iniquitatem:

2419 1478 2703 1552 Propterea
2734 1489 2882 1542 unxit
2911 1498 2961 1544 te
2999 1490 3135 1546 Deus
3165 1493 3306 1549 Deus
3332 1506 3450 1552 tuus
3492 1501 3607 1554 oleo
3647 1503 3825 1560 la'litia'

2486 1586 2597 1640 pra:
2625 1576 2950 1631 consortibus
2976 1582 3100 1634 tuis.

2347 1657 2583 1717 CNemo
2629 1665 3040 1736 enimperl’ecte
3079 1673 3252 1745 diligit
3281 1675 3569 1744 justitiam,
3630 1683 3714 1739 n'si
3741 1687 3819 1754 qui

2278 1757 2332 1803 et
2358 1759 2508 1807 actus
2537 1754 2801 1823 pessimos
2823 1771 3155 1817 exsecratur.
3190 1765 3404 1823 Unetus
3419 1779 3498 1824 est
3521 1771 3753 1830 Christus
3776 1779 3828 1830 in

2280 1855 2461 1910 regem
2483 1851 2537 1898 et
2565 1849 2916 1904 sacerdotem.
2953 1851 2997 1906 H
3025 1852 3154 1908 Olco
3181 1856 3409 1924 laetitiae,
3462 1860 3511 1914 id
3541 1873 3630 1917 est
3668 1881 3819 1920 resur-

2281 1933 2538 1989 rectionis
2561 1944 2614 1991 et
2649 1940 3001 1996 ascensionis.
3027 1943 3066 1998 C
3087 1943 3360 2014 Repetitio
3380 1949 3654 2021 ista-quod
3682 1957 3784 2010 licit
3807 1975 3821 2010 :

2265 2019 2416 2076 .Deus
2445 2024 2605 2091 Deus,
2636 2029 2959 2097 praeconium
3009 2049 3212 2104 magna-
3238 2019 3541 2095 dilectionis
3589 2047 3817 2100 ostendit.

2273 2109 2391 2167 Prae
2428 2118 2769 2174 consortibus
2801 2121 2998 2177 dictum
3028 2133 3130 2190 est,
3159 2127 3410 2195 quoniam
3442 2130 3586 2185 hanc
3632 2134 3821 2192 benedi-

2274 2202 2504 2260 ctionem
2535 2222 2694 2278 supra
2724 2223 2884 2266 omne
2911 2212 3202 2269 humanum
3229 2231 3395 2285 genus
3416 2219 3668 2278 Christus
3688 2241 3824 2281 acce-

2270 2294 2384 2365 pit,
2411 2309 2470 2353 ut
2499 2312 2694 2357 unctus
2733 2303 3080 2361 sin'ularitcr
3113 2318 3338 2367 caeteros
3373 2327 3580 2384 ungere
3627 2315 3820 2373 debuis-

2272 2393 2374 2439 set.

2272 2473 2342 2531 10
2415 2475 2634 2548 Myrrha
2671 2490 2719 2536 et
2763 2493 2909 2554 gutta
2957 2495 3004 2539 et
3031 2487 3174 2543 casia
3201 2505 3234 2543 a
3262 2491 3577 2548 vestimentis
3620 2496 3751 2550 (ait:
3790 2515 3828 2550 α,

2484 2567 2720 2624 dantibus
2745 2572 2981 2628 eburneis
3008 2589 3028 2627 :

2412 2653 2499 2711 Ex
2536 2660 2721 2730 quibus
2757 2662 3136 2721 delectaverunt
3181 2677 3229 2724 te
3268 2669 3393 2729 lilia:
3439 2689 3624 2744 regum
3653 2677 3704 2730 in
3732 2679 3828 2730 lto.-

2481 2768 2605 2808 uore
2627 2765 2736 2809 tuo.

2341 2836 2658 2897 CSanetum
2707 2843 2915 2901 Domini
2966 2863 3162 2920 corpus
3217 2869 3229 2908 :
3281 2855 3550 2925 quoddam
3621 2859 3828 2916 deitatis“

2269 2931 2612 3001 cognoscitur
2634 2932 2798 2990 fuisse
2820 2939 3200 2996 vestimentum
3221 2945 3350 3014 quia
3375 2945 3631 3014 majestas
3654 2951 3812 3004 verbi:

2268 3023 2440 3078 oculis
2488 3024 2803 3092 inﬁdelium,
2859 3029 3128 3089 velamine
3181 3036 3362 3094 carnis
3401 3037 3689 3095 videbatur
3735 3041 3817 3095 ah-

2270 3115 2475 3170 scondi.
2499 3117 2580 3171 Ab
2612 3117 2711 3173 hoc
2745 3121 3083 3188 vestimento,
3113 3124 3167 3178 id
3197 3135 3296 3190 est,
3331 3128 3723 3187 incarnationis
3741 3146 3818 3186 ar-

2267 3219 2405 3260 cano
2446 3221 2681 3278 congrue
2706 3211 2920 3267 venisse
2945 3212 3144 3269 dicitur
3168 3219 3377 3288 myrtba
3409 3229 3460 3274 et
3483 3233 3637 3289 gutta
3669 3233 3815 3278 etea-

2265 3294 2365 3348 sia.
2398 3294 2612 3366 Myrrha
2667 3310 2896 3355 mortem
2927 3301 3127 3358 Christi
3172 3306 3456 3376 signiﬁcat.
3502 3308 3670 3366 Gutta
3717 3326 3816 3382 quae

2265 3385 2467 3441 dicitur
2519 3392 2880 3458 ammoniaca,
2918 3393 3278 3452 incarnationi
3309 3400 3517 3457 Domini
3547 3419 3832 3474 compara--

2266 3486 2371 3532 tur.
2410 3479 2566 3534 Casia
2614 3496 2733 3550 quae
2761 3500 2789 3537 a
2843 3486 3040 3542 nostris
3083 3488 3257 3544 ﬁstula
3311 3492 3523 3555 dicitur.
3556 3496 3743 3549 crescit
3770 3495 3813 3547 in

2265 3570 2483 3638 aquosis
2518 3570 2666 3636 locis,
2694 3575 3069 3647 signiﬁcatque
3098 3596 3264 3650 aquas
3294 3582 3657 3653 baptismatis.
3691 3587 3817 3640 Ebur

2263 3668 2346 3714 est
2399 3676 2461 3714 os
2507 3661 2825 3733 elephantis,
2879 3670 2969 3739 qui
3035 3679 3399 3740 temperanter
3449 3690 3561 3730 sure
3620 3676 3820 3731 funium.

2261 3753 2660 3820 commiscetnr,
2717 3768 2772 3812 ct
2822 3761 3055 3815 secunda
3097 3764 3320 3834 conjuge
3359 3781 3462 3820 non
3503 3767 3694 3823 utitur.
3718 3768 3819 3824 lioc

2260 3843 2472 3912 pudicis
2526 3845 2742 3902 feminis
2783 3859 2965 3918 aptum
2994 3861 3077 3906 est
3107 3867 3270 3923 :qua:
3298 3857 3350 3908 in
3382 3856 3632 3914 domibus
3677 3860 3816 3915 ebur-

2262 3934 2380 3989 neis
2443 3938 2705 3993 mansisse
2755 3952 3069 4008 noscuntur,
3125 3945 3251 3998 dum
3312 3961 3408 4016 per
3472 3952 3811 4006 castitatem:

2260 4036 2529 4097 praecepta
2563 4027 2657 4083 Dei
2695 4041 2892 4086 secuta:
2936 4042 3081 4088 sunt.
3128 4035 3278 4090 Filia:
3311 4054 3495 4109 regum
3529 4041 3811 4095 dicuntur:

2261 4116 2352 4182 qui
2402 4119 2719 4188 semetipsos
2746 4132 2933 4193 regant
2979 4132 3034 4177 et
3071 4126 3279 4180 animas
3313 4143 3457 4182 suas.
3491 4129 3534 4183 ll
3581 4132 3676 4186 Vel
3707 4131 3814 4184 ﬁliae

2260 4219 2470 4275 regum,
2521 4207 2572 4266 id
2619 4218 2702 4263 est
2731 4209 3094 4279 apostolorum
3141 4217 3523 4282 prmdicatione
3551 4235 3813 4276 conversa:

2259 4298 2470 4354 animm.
2509 4300 2553 4353 A
2579 4301 2670 4356 Vel
2712 4302 2830 4355 ﬁlia:
2860 4318 2875 4356 :
2921 4303 3174 4360 Ecclesia:
3209 4317 3336 4362 sunt
3365 4309 3432 4364 ab
3456 4311 3810 4381 apostolorum

2261 4388 2638 4455 praedicatione
2676 4391 2910 4447 l'nntlatte

587 4447 763 4500 oravit
795 4449 1006 4520 (Matth.
1035 4458 1110 4527 Χ).
1141 4457 1352 4516 Justitia
1383 4481 1534 4532 vero,
1563 4472 1684 4539 quia
1709 4447 1979 4546 praecepta
2012 4479 2151 4534 salu-
2183 4504 2232 4563 Β
2261 4447 2321 4530 ἧι
2399 4478 2573 4534 Astitit
2615 4484 2790 4550 regina
2820 4501 2850 4534 a
2877 4483 3073 4537 dextris
3105 4485 3206 4538 tuis
3227 4485 3280 4540 in
3311 4489 3494 4542 vestitu
3520 4489 3765 4546 deaurata
3793 4506 3826 4544 :-

589 4537 725 4591 taria
754 4541 874 4608 pius
900 4543 1086 4600 doctor
1112 4548 1325 4607 infudit.
1358 4555 1608 4625 Deducet,
1647 4579 1743 4632 per
1771 4582 1985 4622 cursum
2033 4569 2152 4625 vita:

588 4625 747 4694 hujus
776 4632 936 4688 totius
979 4636 1233 4695 inoffensa
1263 4651 1672 4707 conversatione
1713 4658 1965 4712 custodit.
1993 4659 2151 4714 Mira-

586 4715 786 4784 biliter,
835 4725 959 4791 quia
1014 4727 1100 4783 die
1147 4733 1298 4786 tertia
1330 4741 1640 4796 resurrexit.
1676 4743 1936 4802 Dextera:
1965 4759 2153 4819 poten—

589 4807 717 4863 tiam
749 4814 897 4867 verbi
926 4817 1211 4886 signiﬁcat.

620 4899 652 4953 7
723 4901 941 4974 Sugitur
968 4919 1072 4964 tum
1114 4926 1282 4971 acuta:
1311 4934 1328 4973 .‘

727 4993 922 5060 Populi
949 5001 1043 5054 sub
1073 5015 1120 5056 te
1143 5008 1326 5061 cadent
1363 5011 1414 5064 in
1450 5015 1604 5069 corde
1629 5018 1956 5073 inimicorum
1995 5021 2145 5090 regis.

654 5083 694 5138 C
741 5085 957 5157 Sagitta:
1003 5105 1193 5163 acuta),
1243 5110 1368 5155 sunt
1414 5105 1570 5159 verba
1611 5108 1817 5162 Domini
1869 5111 2151 5165 salvatoris

583 5175 896 5236 salutariter
936 5187 1100 5239 corda
1167 5189 1441 5248 hominum
1502 5197 1810 5256 inﬁgentia.
1862 5217 1980 5256 uuae
2029 5202 2149 5255 idco

2377 4568 2460 4622 ὀε-
2496 4567 2829 4624 Circumdata
2857 4575 3107 4628 varietate
3138 4577 3156 4647 ξ

2329 4657 2374 4711 Η
2406 4659 2610 4730 Regina
2655 4662 2847 4717 dicitur
2870 4665 3128 4734 Ecclesia,
3157 4680 3209 4723 et
3234 4669 3417 4740 regina
3459 4682 3542 4728 est
3581 4689 3699 4742 quae
3725 4689 3818 4728 sua.

2257 4745 2386 4800 vitia
2421 4750 2556 4818 regit
2605 4751 2687 4805 vel
2714 4763 2953 4820 peccata.
2981 4755 3019 4810 C
3043 4758 3172 4824 Qua:
3199 4774 3228 4812 a
3254 4760 3458 4815 dextris
3500 4765 3716 4818 stetisse
3735 4763 3810 4817 di-

2257 4839 2418 4902 citur,
2443 4841 2570 4909 quia
2602 4843 2819 4897 dextera
2851 4860 2977 4914 pars
3013 4857 3096 4901 est
3141 4850 3492 4905 honorabilis.
3525 4854 3724 4908 Aurum
3750 4853 3808 4905 ad

2256 4932 2574 4987 charitatem
2606 4934 2862 4992 debemus
2905 4949 3110 5007 aptare.
3160 4941 3396 4997 Ornatur
3429 4960 3554 5000 vero
3585 4946 3809 5002 Ecclesia

2255 5021 2418 5074 etiam
2466 5023 2761 5090 varietate,
2811 5028 2936 5096 quia
2988 5046 3120 5085 auro
3166 5033 3552 5102 apostolorum,
3600 5048 3810 5104 argento

2255 5113 2660 5180 prophetarum,
2705 5118 2932 5186 gemmis
2973 5120 3260 5191 virginum,
3301 5140 3466 5181 cocco
3497 5139 3820 5197 martyrmn,.

2253 5215 2490 5256 Durnura
2516 5207 2889 5256 camitem-1m-
