4000 5370
182 289 276 348 I89

1357 289 1716 347 EXPOSITIO
1754 290 2202 347 PSALMORUM.

3301 292 3404 348 sco

180 404 416 461 rabiliter
448 402 631 474 iverba
685 404 956 473 propheta:
1000 404 1234 475 percipe.
1275 403 1625 467 Obliviscere,
1684 403 1735 457 id
1765 413 1810 466 Α
1842 409 2036 472 {sponsa
2086 405 2395 474 profecerit,
2431 414 2490 459 ut
2533 421 2628 475 pro
2659 404 2892 475 antiquis
2907 394 3187 474 .patribus,
3218 407 3271 460 td
3295 417 3400 470 est,

178 507 268 561 est,
311 496 507 550 desere
536 496 902 549 conventicula
952 511 1304 564 paganorum.
1337 494 1560 548 Domum
1595 511 1609 546 :
1639 493 1742 546 Ba-

180 587 441 658 byloniam
486 586 637 649 dicit,
685 585 736 639 id
763 595 845 639 est
879 586 1158 640 mundum.
1195 585 1406 639 Patrem
1448 585 1736 649 diabolum,

178 679 256 746 qui
287 670 480 732 revera
506 678 652 730 illam
676 677 893 731 domum
931 677 1264 732 confusionis
1299 675 1630 745 possidebat.

179 770 236 822 l5
309 767 381 819 Et
413 767 740 834 concupiscet
769 782 858 820 rea;
876 767 1109 820 decorem
1133 776 1281 819 tuum
1305 780 1324 818 :

309 858 576 923 Quoniam
604 858 710 927 ipse
734 871 796 912 +
819 867 890 911 est
923 859 944 928 ζ
976 857 1229 913 Dominus
1253 857 1391 912 Deus
1417 867 1535 912 tuus
1581 859 1648 924 Χ
1669 864 1718 910 et

379 950 674 1002 adorabunt
697 964 814 1003 eum
846 952 862 1020 ξ
899 988 913 1003 .

237 1038 279 1094 C
311 1039 430 1094 Rex
484 1039 669 1108 itaque
718 1040 838 1103 iste,
887 1039 1137 1094 Salvator
1182 1047 1284 1103 est,
1311 1039 1401 1108 qui
1433 1037 1744 1107 concupivit.

176 1129 470 1183 Ecclesiam
501 1145 516 1180 :
552 1129 604 1182 in
653 1136 801 1182 sorte
851 1128 1044 1182 diaboli
1104 1129 1469 1184 constitutam.
1516 1126 1632 1196 Ipse
1662 1137 1746 1181 est

178 1220 430 1273 Dominus
459 1220 600 1272 Deus
631 1229 772 1283 tuus,
814 1234 916 1272 non
950 1219 1036 1273 ille
1061 1235 1217 1288 quem
1245 1229 1449 1287 patrem
1480 1219 1697 1272 dicebas
1724 1236 1740 1273 ι

179 1308 257 1375 qui
285 1316 335 1362 te
361 1307 566 1362 fecerat
595 1308 952 1370 tenebrosam,
978 1307 1070 1362 sed
1101 1307 1190 1376 qui
1220 1308 1502 1376 pristinam
1524 1307 1746 1361 submo-

177 1412 301 1450 veus
327 1396 605 1450 feditatem
643 1415 656 1449 :
689 1396 1138 1466 pulchritudinem
1179 1397 1272 1450 tibi
1329 1396 1553 1449 contulit
1603 1412 1742 1466 unp-

178 1489 374 1549 tialem,
404 1504 564 1558 quem
594 1503 782 1542 omnes
828 1487 1003 1556 pepuli
1036 1488 1335 1542 adorabunt
1360 1486 1669 1541 Christiani.

181 1581 238 1635 14
312 1595 374 1636 -ε-
423 1581 486 1633 Et
521 1581 537 1648 ξ
573 1579 700 1649 ﬁliae
732 1578 858 1649 Tyri
881 1581 934 1632 in
957 1580 1253 1632 muneribus
1291 1596 1309 1632 .'

323 1673 536 1725 Vultum
569 1685 716 1725 tuum
776 1671 1184 1742 deprecabuntur
1217 1685 1277 1726 -Ξ-
1307 1687 1480 1724 omnes
1511 1669 1529 1684 ⁸
1561 1669 1743 1722 divites

379 1762 560 1832 plebis.

241 1850 282 1905 C
309 1851 483 1922 Tyrus
512 1853 903 1922 interpretatur
959 1850 1227 1922 angustia.
1283 1846 1330 1902 ll
1362 1849 1426 1903 Et
1473 1847 1742 1916 signiﬁcat

181 1943 383 1997 animas
433 1942 485 1996 in
542 1944 784 2012 angustia
832 1943 1056 2012 positas,
1101 1943 1190 1998 illc
1235 1943 1379 1996 enim
1431 1940 1743 1994 muneribus

181 2032 350 2086 cordis
399 2031 610 2085 adorat.
660 2031 811 2086 Tunc
850 2046 978 2087 vero
1025 2033 1079 2085 in
1130 2031 1334 2084 vultum
1377 2030 1655 2093 Ecclesiaz,
1690 2029 1742 2083 id

181 2132 276 2189 est,
309 2123 359 2176 in
383 2124 680 2179 Christiani
712 2124 890 2193 populi
921 2123 1111 2178 faciem
1144 2123 1490 2190 intendimus,
1528 2123 1743 2192 quando

182 2211 508 2280 maiestatem
544 2213 749 2268 Christi
776 2214 828 2267 in
855 2214 1118 2283 angustiis
1146 2215 1303 2284 positi
1341 2230 1355 2268 :
1389 2214 1493 2282 piis
1531 2212 1744 2268 ﬂetibus

183 2321 481 2361 exoramus.
532 2303 734 2361 Omnes
772 2306 983 2370 divites,
1039 2321 1144 2360 non
1181 2306 1324 2360 enim
1377 2305 1489 2360 sola
1548 2303 1742 2376 Tyrus,

183 2395 269 2450 sed
300 2397 456 2450 etiam
503 2397 668 2450 totius
712 2398 892 2452 mundi
941 2399 1172 2452 adunata
1223 2397 1527 2462 diversitas,
1566 2405 1623 2450 nt
1667 2396 1746 2450 sic

184 2486 354 2541 vultus
381 2487 635 2542 Ecclesia:
655 2487 729 2542 sit
757 2487 837 2542 vel
865 2487 998 2543 ﬁdes
1026 2488 1110 2543 vel
1140 2488 1438 2542 divinitatis
1469 2487 1740 2555 majestas.

186 2577 247 2631 I5
317 2577 496 2632 Omnis
522 2578 690 2648 gloria
729 2593 790 2634 αε-
815 2579 926 2649 ejus
958 2583 975 2653 ζ
1007 2581 1132 2647 ﬁlia:
1159 2583 1290 2650 reg's
1315 2581 1378 2634 ab
1405 2582 1542 2634 intus
1565 2593 1582 2632 :

319 2667 378 2720 In
401 2669 622 2737 fimbriis
663 2671 840 2724 aureis
867 2672 1254 2725 circumamicta
1292 2669 1644 2724 varietatibus.

190 2761 250 2814 l6
315 2762 649 2817 Adducenter
697 2765 804 2834 regi
867 2764 1090 2834 virgines
1119 2773 1231 2834 post
1259 2780 1370 2818 eam
1402 2775 1420 2817 :

318 2854 583 2910 Proxime
605 2856 722 2926 ejus
744 2857 1028 2926 aﬂerentur
1051 2858 1164 2912 tibi.

251 2943 496 2999 CCloria
541 2955 624 3000 est
678 2946 943 3016 siquidem
996 2947 1288 3014 Ecclesire,
1343 2947 1561 3018 quando
1620 2947 1745 3004 ﬁliae

192 3035 485 3106 principum
516 3036 628 3092 sive
635 3035 907 3106 iustorum
932 3047 1318 3094 convertuntur
1349 3040 1412 3094 ad
1437 3039 1740 3104 Dominum,

192 3138 238 3182 et
258 3137 460 3185 secreta
507 3145 567 3186 se
599 3131 824 3202 cupiunt
855 3133 1034 3188 cordis
1083 3133 1365 3188 devotione
1397 3131 1610 3188 oﬁ‘erre.
1661 3133 1744 3189 Ab

193 3219 323 3273 intus
366 3221 512 3275 enim
549 3231 629 3276 est
684 3241 697 3276 :
756 3223 809 3277 in
859 3232 1070 3278 secreto
1127 3238 1380 3278 sensuum
1431 3238 1488 3278 se
1527 3223 1744 3278 Christo

194 3309 392 3365 oﬂ'erre.
429 3310 682 3387 Fimh’ria:
729 3321 855 3366 sunt
909 3312 1134 3366 ﬁnitima
1166 3314 1418 3379 vestium,
1460 3328 1558 3382 per
1607 3328 1746 3382 quas

195 3401 518 3470 signiﬁcatur
559 3403 799 3457 eritrema
848 3403 956 3457 vita
989 3404 1263 3458 hominum
1322 3420 1334 3454 :
1388 3419 1506 3472 quae
1567 3418 1747 3458 aurea:

195 3492 333 3548 dictae
373 3503 520 3557 sunt,
551 3495 675 3564 quia
707 3495 759 3548 in
808 3495 914 3550 ﬁne
941 3504 1049 3549 tota
1079 3495 1339 3564 perfectio
1373 3504 1474 3557 est,
1505 3493 1592 3547 ubi
1625 3495 1745 3548 eba-

195 3585 312 3640 ritas
340 3585 656 3655 plenissima
701 3585 847 3640 velut
877 3601 1038 3640 aurea
1073 3586 1360 3655 reperitur.
1393 3584 1749 3640 Cireumami-

197 3684 267 3729 cta
294 3676 581 3738 varietate,
608 3685 833 3746 propter
862 3676 1040 3729 varias
1068 3675 1293 3730 virtutes
1320 3674 1554 3728 ﬁdelium
1587 3674 1742 3739 dicit,

199 3782 316 3836 quas
343 3769 593 3838 superius
617 3767 986 3837 exposuimus.

257 3855 292 3909 C
309 3857 660 3910 Adducentur
679 3857 807 3926 regi,
834 3857 1076 3928 virgines,
1108 3856 1294 3910 deinde
1317 3855 1509 3911 vidum.
1538 3856 1603 3910 Et
1628 3855 1748 3910 vide

202 3948 245 4003 in
272 3951 398 4021 ipsis
445 3951 756 4006 nominibus
785 3966 891 4006 non
932 3951 1207 4004 minimam
1252 3965 1372 4006 esse
1413 3950 1745 4005 distantiam.

204 4040 427 4111 Virgines
444 4042 587 4097 enim
612 4042 750 4097 dixit
774 4041 989 4106 adduci,
1010 4041 1134 4111 quia
1170 4041 1477 4109 integritate
1507 4040 1750 4108 corporis

205 4131 415 4186 robustae
453 4140 600 4186 sunt.
638 4130 842 4186 Viduas
866 4146 996 4186 vero
1043 4131 1178 4184 dixit
1230 4129 1432 4194 afferri,
1472 4144 1590 4198 qu:e
1638 4127 1751 4196 ple-

205 4233 406 4289 rumque
457 4220 643 4275 fractae
701 4219 933 4275 diversis
971 4219 1468 4274 sollicitudinibus:
1506 4216 1749 4286 corporis

207 4308 548 4364 imbecillitate
584 4311 901 4381 fatigantur.
953 4309 1261 4366 Aﬁ‘erentnr
1305 4310 1464 4380 igitur
1494 4308 1751 4379 proximae

208 4395 416 4464 Christo,
460 4403 558 4456 hoc
589 4411 675 4455 est
703 4402 876 4456 vidua:
909 4411 1090 4465 castre,
1146 4416 1268 4476 quae
1309 4416 1402 4471 gra
1426 4401 1474 4452 lu
1513 4396 1750 4453 inferiori

205 4488 492 4561 junguntur.
521 4492 662 4547 Nam
694 4509 816 4548 cum
842 4493 1124 4562 virginitas
1166 4493 1360 4566 habeat
1391 4490 1748 4546 centesimum

212 4579 438 4648 fructum,
463 4586 562 4638 ista
596 4587 930 4656 sexagesima
973 4585 1221 4640 ubertate
1247 4583 1533 4655 gloriatur.

214 4668 268 4724 17
329 4674 622 4743 A/ferentur
648 4677 704 4728 in
727 4675 909 4728 la'titia
930 4685 977 4729 et
1015 4675 1400 4730 exsultatione:

332 4764 663 4819 Adducentur
703 4766 756 4818 in
801 4765 1046 4834 templum
1070 4767 1222 4835 regis.

271 4850 502 4908 Chlerito
548 4869 681 4923 ergo
733 4853 932 4907 dictant
978 4863 1062 4908 est
1099 4856 1426 4907 adducentur
1460 4857 1512 4907 iu
1545 4851 1752 4915 laatitia,

216 4943 320 5008 quia
348 4944 430 4999 ille
469 4944 680 5016 fragilis
709 4959 871 4997 sexus
926 4945 1050 4999 vicit
1090 4944 1438 5016 gravissimas
1468 4957 1754 5014 corporum

323 5035 457 5064 ιη’-ιιι.
503 5055 518 5064 ι
572 5052 694 5064 ιιι-..ιη
733 5035 1038 5064 ΛηηΛιΛ---ικ
1085 5046 1204 5064 λη...
1242 5035 1553 5064 m:..:nIA-=:n
1587 5035 1750 5064 σιμιλε-κ

231 5035 457 5064 ιοιορῖηυιιιο
503 5055 518 5064 ι
572 5052 694 5064 ιιι-..ιη
733 5035 1038 5064 ιιηηΑιΛ-.-ικ
1085 5046 1204 5064 λη...
1242 5035 1553 5064 -νιῖηξηΙΛ-ξῖη

1842 495 2109 550 idolorum
2159 497 2455 552 cultoribus
2501 515 2515 552 :
2554 499 2662 552 uati
2718 499 2825 552 sint
2873 498 2950 552 illi
3005 497 3096 551 ﬁlii
3129 498 3401 568 apostoli:

1838 602 1978 656 quos
2011 589 2282 658 principes
2319 589 2719 658 praedicationis
2749 591 2801 643 in
2833 598 2946 644 toto
2981 599 3246 643 terrarum
3274 589 3406 644 orbe

1841 681 2163 735 transmisit.
2195 678 2298 734 Sed
2329 690 2583 749 quantum
2611 692 2736 735 sunt
2770 682 2867 734 ista
2903 681 3157 748 disparia,
3193 689 3398 732 tantum

1835 757 2094 824 laudatur
2122 771 2379 826 Ecclesia.
2411 770 2485 824 Illi
2527 771 2670 824 enim
2712 779 2870 825 erant
2898 771 3211 826 seductores
3244 785 3400 825 erro-

1843 863 1940 924 ris,
1991 862 2076 915 isti
2117 862 2359 930 magistri
2391 861 2654 915 veritatis.
2709 860 2788 914 Illi
2837 860 3174 916 seminabant
3213 860 3402 923 exitia,

1844 951 1933 1005 isti
1960 951 2313 1004 hortabantur
2335 950 2400 1003 ad
2430 950 2616 1003 vitam.

1843 1041 1910 1095 19
1986 1039 2187 1092 Memor
2205 1057 2292 1093 ero
2318 1042 2538 1094 nominis
2561 1043 2636 1094 tui
2659 1055 2679 1095 .'

1983 1127 2047 1182 In
2078 1130 2217 1181 omni
2246 1129 2570 1197 generatione
2589 1140 2636 1183 et
2669 1132 3016 1200 generatione.

1915 1217 1959 1272 II
1989 1217 2114 1272 Ideo
2139 1232 2404 1272 memores
2429 1227 2590 1272 erunt
2629 1221 2863 1274 norniuis
2904 1221 3000 1285 tui,
3034 1219 3160 1290 quia
3191 1234 3404 1290 semper

1842 1316 1894 1362 te
1916 1307 2280 1377 prredicabuut
2301 1309 2548 1378 apostoli,
2581 1309 2693 1363 sive
2719 1309 3062 1365 aediﬁcabant
3097 1311 3151 1363 in
3183 1326 3405 1381 genera-

1845 1399 2082 1452 tionibus
2110 1407 2443 1453 sanctorum.
2476 1399 2600 1454 Sive
2639 1401 2867 1469 populus
2905 1401 3245 1456 Christianus
3271 1417 3402 1469 apo-

1843 1490 2103 1544 stolorum
2135 1490 2512 1559 przedicatione
2538 1505 2829 1544 conversus
2855 1506 3060 1544 memor
3104 1491 3208 1544 erit
3235 1491 3406 1546 nomi-
3457 1521 3462 1526 -

1845 1580 1930 1632 nis
1953 1579 2177 1634 Christi.
2230 1579 2401 1634 liabet
2429 1581 2574 1634 enim
2622 1580 2862 1636 Romana
2895 1581 3175 1635 translatio
3223 1582 3405 1650 (quam

1848 1668 2188 1724 llieronimus
2221 1671 2306 1724 hic
2328 1679 2382 1725 et
2411 1671 2766 1726 Cassiodorus
2804 1673 3066 1740 sequitur)
3121 1687 3392 1724 memores.

1770 1752 1818 1811 B
1845 1761 1915 1816 20
1987 1759 2271 1831 Propterea
2309 1763 2484 1832 populi
2509 1765 2888 1832 conﬁtebuntur
2909 1763 3000 1818 tibi
3041 1764 3094 1818 in
3120 1773 3367 1818 ueternum
3388 1778 3408 1816 :

1991 1849 2054 1906 Et
2087 1853 2139 1905 in
2177 1853 2422 1906 saculum
2446 1869 2507 1909 +
2531 1856 2708 1909 sa'culi
2743 1857 2762 1926 ζ
2790 1897 2802 1909 .

1913 1942 1958 1998 ll
1986 1943 2067 1999 Ob
2099 1959 2286 1998 eorum
2323 1946 2755 2014 praedicationem
2786 1947 3222 2002 :conﬁtcbuntur
3255 1947 3412 2000 Chri-

1842 2047 1926 2093 sto
1983 2053 2198 2108 semper
2242 2039 2419 2109 populi
2467 2040 2682 2094 delicta.
2716 2041 2811 2095 Vel
2845 2042 3258 2095 confitebuntur.
3301 2038 3410 2092 AC

1843 2129 1898 2181 id
1924 2139 1996 2182 est
2019 2129 2072 2181 in
2100 2129 2420 2198 con[essione
2449 2130 2686 2198 symboli,
2715 2131 2768 2182 id
2789 2139 2863 2184 est
2884 2131 3095 2200 quando
3118 2128 3407 2199 symbolum

1844 2217 1896 2272 in
1953 2218 2210 2273 Ecclesia:
2249 2217 2382 2272 facie
2439 2220 2652 2288 publice
2704 2218 3049 2273 conﬁtentur.
3077 2219 3121 2272 Α
3154 2217 3246 2273 Vel
3288 2218 3406 2270 latt-

1843 2308 2027 2376 dando
2045 2309 2442 2364 conﬁtebuntur
2469 2309 2519 2362 in
2566 2309 2816 2363 sarculum
2869 2308 3068 2372 sreculi,
3094 2308 3181 2362 bie
3208 2317 3262 2361 et
3292 2315 3410 2375 post

1844 2400 1983 2454 hanc
2005 2399 2169 2452 vitam
2202 2399 2254 2453 in
2283 2408 2562 2452 :etcrnum.
2594 2398 2648 2452 In
2673 2398 2926 2454 saeculum
2945 2398 3122 2454 sateuli
3140 2397 3314 2451 futura
3340 2397 3412 2450 si-

1843 2491 2062 2561 gniﬁcat
2088 2491 2306 2560 quando
2347 2492 2563 2546 :omnis
2599 2491 2897 2546 adversitas
2946 2489 3301 2560 conquiescit,
3357 2495 3412 2542 et

1846 2591 2036 2652 regnat
2083 2583 2197 2637 sola
2239 2582 2474 2650 justitia,
2531 2583 2914 2638 contrarietate
2954 2581 3148 2636 diaboli
3203 2580 3409 2642 deleta,

1847 2681 1974 2727 tunc
2018 2673 2160 2726 enim
2212 2673 2612 2729 conﬁtebuntur
2663 2690 2676 2726 :
2717 2672 2940 2743 gloriam
2969 2673 3061 2726 Dei
3108 2670 3414 2726 enarranda

1882 2763 2022 2818 lene.

1884 2778 2022 2818 tene.
2882 2778 2902 2792 '

1844 2778 1880 2834 Ρ
2295 2849 2495 2889 ORATIO
2529 2849 2595 2888 EX
2635 2848 2779 2888 PSAL.
2821 2848 2965 2888 XLIV.

1917 2925 2134 2982 Christe
2163 2926 2407 2988 Domine,
2449 2927 2667 2980 verlmm
2691 2925 2867 2979 Patris
2891 2926 3010 2994 (per
3036 2937 3194 2992 quem
3217 2926 3412 2975 cuncta

1849 3028 2034 3073 creata
2085 3025 2213 3072 sunt
2241 3027 2296 3070 ct
2344 3015 2639 3082 creantur),
2669 3015 2873 3069 custodi
2902 3026 3209 3082 quiesumus
3232 3009 3418 3064 Eccle-

1771 3099 1817 3160 C
1849 3109 1984 3163 siam
2011 3118 2156 3162 tuam
2201 3107 2462 3161 varietate
2491 3107 2724 3176 gentium
2757 3113 3158 3175 congregatam,
3195 3109 3252 3154 ut
3287 3101 3411 3153 dum

1852 3206 1902 3252 te
1925 3215 1990 3254 ex
2016 3198 2129 3268 ipsa
2155 3196 2495 3273 credul'gtatis
2516 3195 2726 3263 justitia
2760 3195 2919 3249 corde
2949 3209 3082 3262 puro
3106 3191 3410 3260 diligimus:

1849 3290 2206 3361 principatum
2239 3291 2424 3343 aeterni
2453 3287 2632 3343 saeculi
2667 3303 2788 3342 cum
2822 3286 3063 3355 patribus
3091 3296 3413 3364 mereamur.

1848 3378 1949 3444 Qui
1976 3393 2098 3432 cum
2119 3377 2301 3444 Patre,
2326 3386 2432 3431 etc.

2372 3467 2688 3524 PSALMUS
2724 3467 2882 3522 XLV.

2275 3575 2633 3616 ABGUMENTUH
2679 3574 2825 3612 PSAL.
2870 3573 2988 3611 XLV.

1920 3651 1960 3706 C
2000 3651 2112 3707 Vox
2135 3651 2392 3714 ﬁdelium,
2419 3653 2471 3705 in
2503 3649 2907 3720 perturbatione
2932 3646 3110 3703 saeculi
3145 3646 3252 3701 Deo
3281 3659 3410 3715 pro-

1850 3750 2054 3798 tectore
2079 3742 2211 3797 nihil
2242 3743 2566 3797 timentium.

1921 3833 2031 3888 TT.
2073 3832 2140 3888 In
2167 3833 2322 3901 ﬁnem
2368 3833 2491 3901 ﬁliis
2527 3830 2657 3886 Core
2678 3848 2771 3900 pro
2821 3831 3028 3884 arcanis
3078 3827 3342 3882 Psalmus.

1920 3925 1961 3980 C
2004 3925 2060 3979 In
2107 3927 2264 3979 linem
2300 3939 2313 3978 :
2344 3934 2528 3978 uotum
2573 3933 2649 3977 est
2679 3922 3130 3992 quemadmodum
3155 3918 3219 3971 ad
3264 3916 3416 3971 Chri-

1850 4028 1994 4072 stum
2019 4016 2190 4085 possit
2220 4014 2430 4069 referri.
2473 4013 2594 4067 Filii
2627 4012 2763 4066 Core
2798 4029 2810 4063 :
2847 4009 2966 4062 Filii
3005 4005 3321 4067 Christiani,
3349 4018 3412 4054 ex

1851 4125 2081 4182 quorum
2106 4124 2335 4180 persona
2364 4107 2600 4177 psalmus
2625 4105 2725 4159 iste
2756 4103 2985 4157 canitur.
3021 4102 3126 4153 l’ro
3155 4097 3368 4151 arcanis
3400 4111 3414 4147 :

1853 4203 2144 4256 adventum
2195 4198 2464 4268 signiﬁcat
2511 4195 2826 4257 Salvatoris,
2875 4207 3036 4264 quem
3068 4188 3302 4246 mirabili
3333 4201 3419 4242 sc-

1853 4304 2002 4349 creto
2028 4308 2123 4364 pro
2154 4292 2428 4346 hominum
2457 4289 2626 4344 salute
2647 4287 2925 4357 disposuit.

1885 4386 1913 4440 1
1988 4384 2128 4438 Deus
2155 4392 2330 4437 noster
2371 4380 2625 4448 refugium
2651 4387 2696 4432 et
2719 4377 2920 4431 virtus:

1991 4475 2218 4545 Adjutor
2254 4474 2310 4528 in
2357 4469 2779 4526 tribulationibus
2839 4484 2956 4539 qua:
2995 4477 3296 4522 invenerunt
3329 4481 3420 4520 nos

2064 4569 2239 4624 nimis.

1926 4660 1967 4717 C
1998 4660 2168 4728 Quam
2201 4658 2421 4730 pulchra
2453 4655 2720 4719 diﬁiuitio,
2758 4653 2911 4724 quasi
2959 4654 3426 4723 interrogarentur

1857 4750 2147 4806 Christiani
2182 4768 2193 4803 :
2226 4749 2319 4804 ﬁlii
2345 4749 2501 4804 Core.
2532 4745 2671 4812 Quid
2689 4756 2762 4801 est
2785 4745 2924 4799 Deus
2975 4743 3192 4799 noster?
3219 4757 3426 4809 respon-

1860 4843 2015 4895 deant
2043 4856 2062 4893 :
2092 4841 2350 4912 refugium
2376 4851 2423 4893 et
2449 4840 2613 4893 virtus
2645 4849 2691 4892 et
2711 4838 2944 4906 adjutor.
2991 4833 3270 4903 Refugium
3305 4832 3427 4884 ﬁde-

1864 4933 2015 5001 lium,
2074 4934 2290 5005 quando
2338 4948 2430 4988 eos
2473 4931 2542 4986 de
2571 4932 2762 4985 animae
2789 4925 3028 4997 periculo
3069 4927 3277 4979 liberat.
3313 4921 3429 4974 Vir-

1865 5035 1948 5064 Inc
1997 5027 2213 5064 nunonrln
2257 5039 2442 5064 anu-um
2490 5035 2700 5064 ιιιιηιιρς
2727 5017 2998 5064 stabiliter
3025 5017 3091 5064 al)
3125 5015 3306 5064 iniauo
3347 5023 3432 5062 ΘΓ·
