3986 5412
597 373 692 428 191

1505 364 1563 420 S.
1607 361 1951 420 BRUNONlS
1993 361 2525 419 ltiJllBlPOLENSlS
2562 363 2866 420 EPISCOI‘I

3738 365 3823 421 192

597 481 735 536 ratio
764 478 1089 544 .lndaeorum,
1113 477 1202 546 qui
1232 485 1444 531 terrena
1475 476 1713 545 sapiunt,
1744 486 1793 530 et
1829 477 1953 530 dum
1987 484 2158 529 trans-
2190 485 2234 544 Α
2263 476 2634 545 proximentur
2664 495 2675 530 :
2705 492 2822 546 quae
2850 491 2952 530 non
2981 482 3226 546 poterant
3249 475 3429 530 videre
3453 473 3824 545 longinquum.

599 571 843 627 ferentur
884 577 1112 633 montes,
1145 568 1196 622 id
1223 576 1329 632 est,
1383 567 1610 638 apostoli
1649 569 1848 623 relictis
1877 567 2165 623 incredulis

600 663 816 718 Judzeis.
841 662 894 715 ln
924 675 1019 715 cor
1060 661 1243 723 iuraris,
1277 661 1377 714 hoc
1405 668 1487 715 est
1515 661 1580 714 ad
1612 660 2008 729 praedicandum
2037 674 2169 731 gen-

597 753 741 807 tibus
788 750 1121 804 transierint.
1181 751 1221 805 C
1254 751 1319 804 Et
1367 751 1783 820 inspiciendum,
1831 753 1973 820 quod
2002 752 2166 806 aridae

597 851 756 897 terrae
805 841 1028 910 perlidia
1055 840 1382 905 Judreorum,
1425 841 1579 910 aquis
1607 856 1734 896 vero
1765 840 1915 895 falsis
1937 839 2169 895 creduli-

597 942 762 988 tatem
788 935 1028 1005 geutium
1072 935 1405 1004 comparavit
1434 951 1446 986 :
1481 943 1540 988 ut
1566 934 1653 988 illa
1693 935 1854 989 corda
1883 934 1936 988 in
1967 934 2165 988 malum

596 1023 809 1084 durata,
834 1023 950 1078 hazc
990 1038 1117 1078 vero
1146 1023 1457 1094 evangelico
1499 1023 1612 1078 sale
1636 1023 1850 1078 condita
1879 1037 2170 1092 cognosce-

595 1129 685 1169 res

629 1203 666 1256 5
737 1201 1034 1259 Sonuerunt
1059 1213 1106 1258 et
1147 1203 1367 1258 turbattc
1389 1215 1506 1258 sunt
1527 1220 1678 1274 aqua:
1699 1216 1917 1258 eorum:

737 1293 1050 1347 Conturbati
1084 1305 1204 1347 sunt
1225 1303 1418 1346 utentes
1442 1294 1496 1346 in
1528 1293 1831 1360 fortitudine
1858 1291 1991 1352 eius.

737 1382 1068 1452 Diapsalma.

665 1472 706 1528 (Ξ
739 1474 812 1528 De
835 1472 1070 1529 adventu
1098 1472 1311 1529 Domini
1333 1487 1557 1529 sonasse
1583 1473 1712 1528 dicit
1740 1471 2010 1543 apostolos
2025 1487 2172 1543 praes

597 1557 894 1616 dicatioues
917 1577 1062 1628 suas,
1081 1577 1189 1632 quo
1215 1571 1453 1632 tempore
1477 1561 1716 1617 turbatas
1740 1562 1957 1627 asserit,
1976 1577 2168 1630 aquas,

596 1651 653 1706 id
701 1660 807 1718 est,
853 1653 1170 1710 innumeras
1211 1663 1422 1725 gentes,
1448 1668 1566 1723 qua:
1593 1653 1658 1708 de
1689 1653 1781 1708 tali
1822 1653 2038 1708 fuerunt
2077 1668 2168 1707 an-

600 1744 939 1800 nuntiatione
965 1754 1019 1802 et
1047 1745 1433 1799 miraculorum
1465 1743 1820 1798 admiratione
1845 1743 2171 1814 perterritae.

2265 565 2309 619 l-l
2340 566 2512 635 Opera
2556 567 2798 630 Domini,
2832 568 2881 620 id
2909 576 3012 630 est,
3050 566 3276 620 virtutes
3302 566 3411 619 Dei.
3445 565 3487 620 C
3529 564 3824 635 Prodigium

2264 657 2466 712 dictum
2490 667 2597 724 est,
2626 673 2690 713 eo
2719 659 2859 728 quod
2891 673 3050 728 porro
3079 658 3241 712 dicat.
3268 655 3418 722 Quod
3443 655 3648 708 factum
3674 665 3754 709 est
3780 657 3827 709 in

2267 747 2554 804 Nativitate
2601 750 2834 812 Domini,
2890 749 3107 820 quando
3154 749 3305 817 virgo
3331 747 3566 817 peperit,
3596 756 3652 802 et
3687 749 3825 802 stella

2266 841 2436 911 magis
2457 842 2722 910 apparuit.
2743 839 3005 896 Auferens
3026 840 3184 904 bella,
3205 840 3256 894 id
3276 849 3378 904 est,
3401 839 3531 908 quia
3557 838 3611 892 in
3639 837 3826 892 Nativi-

2266 939 2375 987 tate
2404 933 2608 987 Domini
2638 951 2651 986 :
2683 943 2940 1003 regnante
2979 931 3221 1003 Augusto
3249 949 3260 985 :
3294 940 3437 986 totus
3457 929 3617 985 orbis
3651 931 3834 1001 legitur

2265 1039 2385 1079 esse
2437 1034 2678 1093 pacatus.
2731 1025 2775 1082 Η
2823 1025 3013 1082 Omnia
3062 1024 3197 1078 bella
3249 1025 3302 1077 in
3349 1024 3594 1078 adventu
3636 1023 3829 1077 Domini

2266 1115 2536 1185 quievisse
2567 1132 2584 1170 ;
2617 1116 2907 1170 multorum
2960 1124 3147 1171 narrat
3198 1115 3444 1170 historia.
3498 1112 3604 1170 Vel
3645 1129 3830 1184 pugnas

2268 1203 2521 1260 vitiorum
2553 1205 2757 1274 accipe.

2300 1295 2332 1348 9
2405 1294 2598 1347 Areum
2629 1304 2850 1348 conteret
2872 1303 2918 1347 et
2943 1293 3230 1364 confringet
3261 1309 3408 1348 arma
3435 1307 3463 1345 ε

2413 1381 2478 1436 Et
2517 1393 2664 1437 scuta
2687 1383 2944 1436 comburet
2968 1384 3095 1453 igni.

2339 1473 2386 1528 ll
2415 1474 2612 1529 Arcum
2641 1483 2906 1540 conteret,
2939 1476 2990 1529 id
3034 1483 3138 1540 est,
3163 1474 3402 1530 occultas
3432 1473 3669 1530 insidias
3691 1474 3837 1543 spiri-

2271 1574 2420 1620 tuum
2452 1565 2734 1622 malormn.
2767 1564 3078 1636 Conl‘ringet
3104 1580 3272 1629 arma,
3304 1566 3354 1620 id
3381 1574 3464 1620 est
3487 1605 3504 1631 ,
3557 1575 3842 1634 praesentes.

2270 1671 2494 1728 pugnas.
2539 1657 2605 1711 Et
2645 1665 2854 1712 scutum
2882 1658 3162 1713 eomburet
3189 1656 3316 1727 igni,
3345 1659 3396 1712 id
3426 1665 3534 1721 est,
3569 1667 3831 1712 consumet

2272 1747 2394 1816 igne
2448 1749 2712 1820 spiritali,
2767 1750 3080 1820 phantasias
3129 1750 3402 1804 diabolic:e
3457 1749 3828 1810 excusationis,

594 1834 911 1892 Conturbati
968 1844 1094 1891 sunt
1143 1843 1374 1901 montes,
1409 1835 1464 1890 id
1506 1846 1590 1891 est
1623 1835 1803 1891 saiculi
1849 1844 2167 1906 potestates,
2199 1832 2243 1891 Β
2273 1838 2596 1894 defensionis
2644 1849 3016 1910 peccatorum,
3059 1837 3141 1894 vel
3179 1839 3551 1908 protectionis.
3582 1839 3625 1894 C
3666 1838 3753 1893 Vel
3775 1838 3842 1892 de

595 1929 808 1996 quando
847 1938 1033 1983 contra
1063 1928 1375 2000 religionem
1409 1929 1524 1994 Dei,
1556 1929 1700 2000 leges
1729 1927 2018 1998 sacrilegas
2067 1943 2167 1998 pa-

595 2017 718 2088 gani
749 2019 1072 2074 inferebant.
1129 2018 1188 2074 ln
1243 2019 1560 2075 fortitudine
1607 2009 1743 2088 ejus,
1788 2019 1992 2073 scilicet
2048 2018 2166 2073 soni

595 2111 959 2178 apostolorum
1008 2111 1416 2182 :apostolormn
1441 2113 1584 2167 enim
1612 2113 1938 2184 grandisona
1977 2113 2169 2182 praedi-

595 2201 810 2256 catione
859 2212 1002 2259 totus
1046 2204 1280 2260 mundus
1321 2205 1622 2269 intremuit,
1670 2213 1725 2260 et
1756 2205 1824 2260 ad
1867 2203 2078 2258 Domini
2112 2218 2170 2260 se

594 2295 967 2351 crudelitatem
999 2297 1277 2367 limpidato
1303 2305 1488 2368 postea
1517 2296 1679 2352 corde
1707 2295 2004 2352 revocavit.

622 2385 657 2439 4
729 2384 994 2441 Fluminis
1030 2387 1248 2458 impetus
1275 2386 1508 2458 ltetiﬁcat
1541 2388 1800 2442 civitatem
1828 2387 1920 2440 Dei
1949 2402 1969 2442 :

737 2476 1092 2548 Sancti/icavit
1115 2478 1505 2533 tabernaculum
1531 2495 1683 2533 suum
1711 2476 2028 2532 Altissimus.

667 2569 707 2621 t2
731 2567 838 2624 iste
883 2570 1026 2624 cnim
1074 2569 1266 2626 ﬂuvius
1291 2571 1538 2626 Christus
1566 2578 1666 2636 est,
1692 2579 1746 2626 et
1771 2569 2045 2625 benedixit
2073 2566 2174 2622 ﬂu-

595 2661 758 2715 minis
801 2661 1052 2730 impetus,
1090 2663 1214 2730 quia
1260 2662 1391 2717 nihil
1437 2661 1696 2732 palustrc,
1738 2661 1871 2716 nihil
1901 2673 2171 2714 morosum

595 2763 786 2803 cursus
810 2747 924 2818 ejus
951 2749 1204 2814 sustinet,
1235 2766 1438 2806 cumse
1461 2751 1700 2820 potentia
1726 2749 2026 2804 divinitatis
2056 2746 2172 2816 ejus

596 2837 870 2892 infuderit.
901 2825 1330 2909 Tabertiaculum
1367 2839 1633 2894 Altissimi
1660 2848 1743 2894 est
1767 2837 2034 2905 Ecclesia,
2057 2836 2174 2891 sive

596 2929 816 2983 humani
846 2930 1089 3000 corporis
1112 2930 1345 3001 gloriosa
1372 2932 1662 3002 susceptio.

632 3018 666 3076 5
736 3019 878 3074 Deus
907 3021 960 3074 in
984 3023 1151 3076 medio
1178 3021 1292 3091 ejus
1316 3038 1419 3076 non
1442 3023 1845 3076 commovebitur
1872 3034 1891 3073 :

737 3111 1020 3182 Adjurabit
1049 3130 1162 3167 eam
1189 3112 1324 3166 Deus
1354 3130 1508 3168 mane
1527 3113 1781 3167 diluculo.

2267 1934 2431 1989 armis
2444 1932 2702 2001 gentium,
2721 1931 2914 2001 quibus
2933 1931 3086 1988 ﬁdem
3103 1931 3486 2001 impugnabant
3505 1940 3564 1984 et
3587 1945 3646 1985 se
3668 1929 3838 1985 delens-

2270 2024 2468 2080 debant
2498 2042 2510 2079 :
2545 2025 2753 2096 accipe,
2781 2025 2892 2079 hare
2913 2024 3056 2080 enim
3084 2024 3264 2079 omnia
3291 2022 3702 2096 court-ingeritur
3719 2021 3836 2075 dunt.

2268 2115 2497 2170 veritate
2525 2115 2841 2171 vincuntur-

2271 2207 2338 2262 10
2422 2205 2612 2262 Vacate
2632 2217 2678 2262 et
2708 2208 2869 2262 videte
2893 2207 3136 2278 quoniam
3159 2223 3250 2278 ego
3276 2222 3391 2262 sum
3419 2207 3566 2260 Deus
3587 2220 3608 2259 .'

2409 2296 2702 2353 Exaltabor
2721 2301 2775 2353 in
2813 2299 3046 2370 gentibus
3072 2309 3120 2354 et
3158 2297 3429 2352 exaltabor
3453 2298 3512 2352 in
3545 2306 3719 2350 terra.

2339 2391 2381 2447 C
2413 2391 2562 2446 llune
2590 2391 2908 2446 versiculum
2941 2391 3230 2460 loquuntur
3251 2389 3340 2444 lilii
3359 2389 3501 2444 Core
3523 2404 3590 2443 ex
3615 2398 3830 2456 persona

2271 2481 2507 2537 Domini.
2551 2481 2739 2537 Merito
2781 2481 2886 2536 illis
2913 2480 3126 2547 dicitur,
3158 2489 3344 2536 vacate
3375 2498 3387 2533 :
3421 2480 3515 2550 qui
3558 2475 3832 2532 mundanis

2273 2571 2610 2629 illusionibus
2628 2571 2998 2636 armabantur,
3027 2580 3084 2626 et
3112 2571 3322 2626 diabolo
3343 2571 3675 2625 serviebant.
3703 2566 3825 2632 Quo-

2274 2662 2420 2717 niam
2457 2677 2554 2734 ego
2580 2675 2700 2716 sum
2733 2661 2895 2726 Dens,
2936 2678 3042 2716 non
3074 2659 3162 2716 ille
3189 2660 3280 2730 qui
3311 2675 3409 2714 vos
3434 2659 3587 2729 prius
3607 2655 3832 2711 armabat

2274 2753 2341 2806 ad
2368 2751 2587 2815 malmn,
2606 2751 2698 2806 sed
2725 2751 2813 2820 qui
2847 2749 3125 2805 cxaltabor
3155 2749 3208 2803 in
3236 2748 3484 2820 gentibus
3516 2747 3652 2804 etin
3682 2755 3835 2807 terra,

2275 2841 2329 2896 id
2379 2850 2480 2906 est,
2535 2841 2586 2896 in
2646 2848 2804 2911 gente
2855 2839 3068 2906 Judzea,
3121 2839 3374 2898 eueniant
3429 2847 3592 2894 terra:
3641 2848 3820 2906 supra:

2273 2929 2486 2986 Judaeos
2511 2932 2864 3002 comparavit.

2277 3020 2337 3075 11
2417 3020 2671 3074 Dominus
2707 3021 2956 3075 virtutum
2981 3021 3246 3075 nobiscum
3271 3033 3290 3071 :

2409 3109 2690 3182 Susceptor
2722 3121 2896 3166 noster
2929 3111 3064 3165 Deus
3089 3111 3270 3166 Jacob.
3305 3112 3372 3179 Χ
3397 3107 3698 3178 Diapsalma
3725 3106 3746 3173 ζ

668 3203 709 3258 C
737 3179 879 3259 Deus
904 3204 956 3258 in
991 3205 1166 3260 medio
1206 3203 1344 3274 ejus,
1395 3207 1444 3260 id
1469 3215 1551 3260 est
1573 3206 1853 3270 Ecclesiae,
1887 3222 1992 3262 non
2023 3221 2174 3261 com-
2202 3179 2247 3242 Ο
2349 3203 2390 3258 C
2421 3179 2603 3258 Talem
2631 3203 2893 3274 siquidem
2926 3203 3314 3273 professionem
3344 3202 3462 3256 ideo
3484 3199 3718 3255 secundo
3751 3208 3821 3248 re-

596 3295 915 3348 movebitur.
965 3294 1304 3354 Commoveri
1353 3298 1499 3354 enim
1551 3278 1664 3351 noti
1689 3306 1866 3367 potest
1897 3297 2178 3352 Ecclesia:

597 3399 716 3452 quae
762 3384 812 3437 in
839 3383 1159 3439 solidissima
1189 3395 1363 3455 petra,
1401 3387 1502 3440 hoc
1527 3394 1610 3440 est
1638 3386 1692 3440 in
1723 3386 1935 3442 Christo
1961 3401 1977 3438 :
2006 3386 2182 3441 nosci-

599 3486 688 3529 tur
731 3491 866 3530 esse.
895 3476 1133 3532 fundata.
1167 3476 1456 3546 Adituvabit
1486 3479 1641 3544 dixit,
1666 3479 1871 3534 scilicet
1919 3479 1971 3533 in
1999 3476 2182 3532 surculi

596 3567 926 3624 adversitate
968 3568 1330 3626 laborantem.
1383 3569 1428 3625 H
1477 3571 1741 3635 Diluculo,
1781 3571 1961 3636 idest,
1999 3571 2179 3638 inSpe-

598 3657 778 3712 ctione
827 3669 1013 3714 sancta
1057 3675 1226 3730 quam
1283 3661 1579 3716 merebitur
1624 3675 1720 3716 cor
1763 3660 2042 3714 mundum.
2086 3657 2183 3714 Vel

603 3764 779 3816 mane,
808 3751 860 3806 id
887 3760 990 3818 est,
1015 3751 1139 3806 boni
1174 3755 1357 3823 aperis
1395 3752 1678 3824 principio,
1709 3761 1763 3808 et
1791 3752 1895 3809 hoc
1925 3751 2179 3819 diluculo,

603 3839 656 3893 id
674 3849 776 3906 est,
809 3842 1203 3900 illuminatiowe
1233 3845 1466 3915 Spiritus
1488 3845 1662 3900 sancti

637 3931 670 3988 6
743 3931 1075 3988 Conturbatte
1101 3946 1226 3992 sunt
1272 3947 1445 4008 gentes
1466 3946 1512 3991 et
1549 3936 1805 3992 inclinata
1828 3945 1950 3991 sunt
1977 3952 2134 4007 regna
2160 3952 2179 3992 :

746 4025 896 4080 Dedit
926 4043 1296 4095 vocem-suam,
1322 4037 1461 4082 mota
1491 4039 1564 4083 est
1593 4038 1735 4083 terra

674 4116 722 4172 ll
752 4117 1100 4177 Conturbatae
1149 4131 1277 4177 sunt
1315 4128 1527 4194 gentes,
1579 4119 1786 4176 scilicet
1825 4118 2078 4176 vitiorum
2118 4133 2181 4174 ac

602 4211 910 4264 criminum.
943 4210 982 4266 C
1020 4211 1281 4269 inclinata
1319 4221 1447 4268 sunt
1484 4228 1664 4285 regna,
1694 4213 1746 4267 id
1768 4221 1872 4277 est,
1903 4211 2180 4268 bumiliata

611 4310 736 4355 sunt
783 4301 846 4355 ad
891 4304 1252 4361 adorandum.
1304 4304 1460 4360 Dedit
1505 4318 1689 4359 vocem
1724 4317 1864 4372 :pcr
1886 4317 1945 4357 se
1988 4301 2182 4372 praedi-

607 4392 778 4445 camlo
805 4401 980 4465 ebpcr
1003 4397 1294 4466 apostolos,
1327 4396 1393 4450 ad
1423 4413 1583 4466 quam
1614 4409 1836 4450 necesse
1865 4394 1964 4448 fuit
1986 4403 2184 4448 treme-

608 4484 722 4553 fieri
756 4496 1067 4555 mecatores
1101 4506 1114 4542 :
1149 4489 1239 4557 qui
1273 4489 1472 4543 terreni
1501 4498 1893 4558 nuncupantur.
1921 4485 2016 4541 Vel
2044 4500 2178 4557 gen—

609 4583 690 4630 ινδ
748 4577 990 4632 ἰιξοιτιινίε
1034 4595 1047 4630 :
1087 4578 1419 4632 couturbaue
1477 4588 1604 4631 sunt
1646 4596 1659 4631 :
1712 4579 1763 4632 in
1819 4577 1995 4633 subito
2049 4591 2181 4632 sono

616 4667 1013 4739 praedicationis
1043 4669 1330 4739 incognita
1361 4668 1654 4738 religionis.

556 4823 561 4833 '
646 4759 676 4812 7
751 4759 1003 4814 Dominus
1027 4763 1272 4814 virtutum
1304 4761 1567 4814 nobiscum
1599 4775 1618 4814 :

755 4853 1033 4926 Susceptor
1063 4865 1257 4920 noster,
1285 4854 1422 4908 Deus
1449 4853 1635 4908 Iacob.
1669 4852 1994 4924 Diapsalma.

679 4945 722 5002 C
754 4947 1008 5001 Dominus
1039 4947 1321 5011 virtutum,
1353 4946 1535 5016 utique
1563 4945 1649 5000 cui
1691 4946 1916 5000 virtutes
1937 4945 2183 5000 caelestes

604 5025 862 5098 serviunt.
895 5041 1208 5108 Nobiscum,
1231 5042 1486 5112 quoniam
1524 5049 1796 5109 assumpta
1836 5055 1998 5094 carne
2030 5039 2180 5094 habi-

605 5137 738 5191 tavit
767 5137 817 5189 in
850 5135 1024 5190 terris.
1061 5133 1354 5204 Susceptor
1382 5151 1396 5187 :
1428 5132 1641 5203 quando
1682 5146 1899 5186 carnem
1930 5145 2026 5200 pro
2061 5129 2183 5185 iuli-

607 5227 806 5283 delium
832 5229 1004 5284 salute
1036 5226 1294 5296 suscepit.
1321 5225 1462 5280 Dicit
1497 5239 1626 5279 vero
1657 5233 1874 5285 noster,
1905 5239 2007 5278 non
2035 5223 2178 5277 enim

612 5320 748 5356 hanc
782 5318 945 5356 cnlinc
979 5316 1140 5356 Innnh
1192 5314 1282 5356 cori
1315 5315 1552 5356 nmninm
1578 5314 1664 5356 nni
1693 5313 1850 5356 simili
1879 5311 1979 5356 litin
2000 5311 2178 5356 dmmti

2280 3307 2470 3370 petunt
2501 3296 2593 3350 lilii
2620 3295 2779 3362 Core,
2808 3307 2864 3351 ut
2886 3313 2982 3368 per
3011 3312 3129 3351 eam
3167 3297 3324 3354 nobis
3350 3295 3688 3350 declararent
3709 3290 3827 3344 libe-

2283 3393 2546 3450 rationem
2573 3393 2862 3463 praestitam
2891 3392 3072 3447 fuisse.
3104 3380 3242 3447 Deu‘s
3267 3389 3432 3446 Iacob
3459 3390 3581 3444 ideo
3603 3387 3839 3454 frequen-1

2284 3495 2365 3539 ter
2392 3485 2680 3554 apponitur
2699 3525 2712 3550 ,
2741 3492 2801 3538 ut
2834 3484 3057 3539 victoria
3091 3483 3380 3538 Christiani
3405 3481 3586 3551 populi
3615 3477 3830 3534 declare—

2284 3584 2399 3641 tur,
2423 3575 2513 3645 qui
2552 3575 2677 3630 licet
2707 3575 2779 3629 sit
2802 3585 3039 3643 tempore
3061 3573 3328 3643 posterior
3357 3590 3369 3625 :
3400 3572 3635 3641 primum
3667 3577 3828 3622 tamen

2280 3663 2533 3735 populum
2561 3663 2701 3718 lideli
2743 3663 3026 3718 devotione
3058 3661 3406 3718 transcendit.

2735 3769 2933 3809 ORATIO
2972 3770 3039 3808 EX
3077 3769 3223 3812 PSAL.
3264 3768 3384 3807 XLV.

2350 3844 2718 3924 Perspicuum‘
2754 3846 2806 3900 in
2858 3846 3158 3901 imminenti
3207 3844 3552 3900 tribulatione
3588 3837 3835 3909 refugium»

2283 3935 2595 3990 misericors
2649 3935 2810 4001 Deus,
2863 3935 3140 3992 sanctilica
3179 3936 3378 4004 impetu
3402 3932 3589 3990 aeterni
3619 3925 3835 3984 ﬂtiininis

2282 4025 2647 4080 habitaculum
2679 4025 2858 4081 cordis
2901 4026 3069 4081 nostri
3105 4043 3118 4079 :
3155 4033 3214 4078 ut
3250 4035 3300 4080 te
3324 4025 3433 4079 Deo
3457 4024 3704 4078 virtutum
3738 4027 3819 4068 no-

2281 4116 2488 4172 biscum
2537 4126 2813 4187 operante,
2875 4126 3084 4192 terrena
3134 4115 3316 4186 prcelia
3341 4114 3696 4171 confutemus.
3737 4106 3827 4160 l‘et

2282 4209 2566 4266 Dominum
2601 4219 2864 4266 nostrum.
2895 4217 3000 4264 etc.

2804 4298 3119 4356 PSALMUS
3156 4299 3339 4355 XLVI.

2717 4407 3080 4449 accensurum
3115 4408 3240 4446 PSAL
3275 4406 3416 4445 XLVI.

2353 4483 2394 4539 ι]
2416 4483 2530 4539 Vox
2556 4483 2810 4538 Ecclesia:
2849 4481 3014 4538 Deum
3043 4480 3330 4546 laudantis,
3360 4474 3826 4536 Ascensioncmque

2282 4574 2398 4644 ejus
2437 4573 2796 4645 prtedieantis.

2525 4665 2624 4719 ΓΤ.
2665 4665 2732 4719 1η
2758 4665 2916 4735 linem
2943 4679 3037 4733 pro
3061 4662 3186 4732 filiis
3213 4659 3345 4715 Core
3369 4659 3620 4730 psalmus.

2354 4760 2395 4816 C
2432 4758 2751 4829 Loquuntur
2800 4765 2855 4826 et
2905 4757 2959 4810 in
2995 4755 3095 4810 hoc
3142 4754 3348 4824 psalmo
3382 4754 3473 4806 lilii
3521 4753 3680 4810 Core,
3706 4750 3829 4811 quas.

2287 4851 2485 4907 vexillo
2515 4851 2692 4904 crucis
2724 4858 2894 4902 mater
2923 4848 3098 4916 signat
3146 4843 3404 4900 Ecclesia.
3433 4839 3820 4898 Commonentttl‘

2290 4943 2473 5013 itaque
2502 4943 2674 5013 primo
2701 4950 2911 5012 gentes,
2941 4948 3000 4993 ut
3025 4938 3247 4994 Domino
3270 4936 3452 4991 laudes
3481 4933 3698 4990 debeant
3717 4935 3822 4994 per—

2289 5049 2512 5096 sonare,
2564 5033 2799 5088 secundo
2833 5029 3040 5085 Domini
3085 5027 3348 5084 Ascensio
3395 5036 3452 5084 et
3483 5035 3698 5098 regnum
3722 5014 3820 5084 (⁸1⁸³⁵

2287 5127 2385 5182 sub
2415 5124 2677 5180 brevitate
2706 5121 3050 5178 describitur.

2324 5219 2352 5276 1
2431 5217 2622 5272 Omnes
2649 5228 2823 5286 gentes
2849 5214 3082 5284 plaudite
3107 5212 3346 5267 manibus
3374 5224 3396 5264 :

2427 5306 2663 5356 Jubilate
2695 5307 2804 5356 Deo
2832 5306 2885 5356 in
2911 5320 3028 5356 uoce
3053 5302 3438 5356 exsultationis.
