3986 5412
190 220 295 276 195

1354 216 1716 275 EXPOSITIO
1751 217 2194 276 I'SAIAIORUM.

3333 245 3463 303 Νι

194 333 363 388 noni,
401 323 1078 404 psa.modiam'signilicat.
1131 343 1253 384 (tua:
1280 326 1392 386 Deo
1417 344 1516 398 pro
1534 328 1770 386 nominis
1797 331 1846 391 Α
1907 330 1940 386 9
2011 329 2279 402 Principes
2308 337 2614 407 populorum
2645 346 2942 416 congregati
2989 359 3110 404 sunt
3155 369 3273 408 cum
3321 358 3454 429 Deo.

191 427 273 481 sui
305 426 587 495 majestate
623 425 946 497 persolvitur

218 517 256 570 2
332 515 594 582 Quoniam
625 516 881 570 Dominus
910 512 1142 568 excelsus
1189 511 1426 567 .errtotlis
1461 527 1476 542 ο

334 607 451 660 Rea:
474 624 698 676 magnus
725 623 879 676 super
902 621 1104 658 onmem
1133 613 1350 658 terram.

251 697 306 751 ιι
349 699 608 754 Dominus
637 697 881 753 excelsus
904 697 1098 761 dictus,
1131 697 1255 765 quia
1283 696 1452 752 cmlos
1479 712 1545 752 ex
1575 706 1764 768 poten-

189 791 260 844 tia
296 807 396 844 sua
441 790 706 844 ascendit.
743 787 784 842 C
825 788 935 841 ilex
987 802 1243 856 magnus,
1291 787 1417 856 quia
1451 804 1540 841 rex
1581 804 1762 859 regum

186 892 238 933 et
272 881 535 935 Dominus
569 878 959 934 dominantium
1009 877 1196 948 (Apoc.
1250 876 1388 949 xix).
1444 879 1762 945 Terribilis,

186 974 312 1043 quia
337 973 676 1042 judicaturus
701 979 782 1024 est
814 971 1092 1032 mundum,
1122 979 1177 1023 et
1206 985 1274 1024 ne
1309 979 1516 1024 tantum
1543 981 1763 1041 putare-

185 1071 276 1114 tur
303 1077 422 1116 esse
446 1059 754 1116 Iudaeorum
785 1077 798 1112 :
831 1073 924 1113 rex
951 1059 1079 1113 dicit
1105 1059 1345 1114 onmium
1375 1068 1664 1114 terrarum.

218 1152 255 1205 3
329 1149 558 1219 Subjecit
584 1149 798 1218 papulas
828 1146 974 1201 nobis
1003 1161 1024 1200 :

331 1241 399 1296 Et
421 1251 596 1311 gentes
624 1241 716 1294 sub
735 1240 955 1310 pedibus
985 1241 1197 1294 nostris.

253 1331 297 1384 C
338 1330 508 1387 Pedes
536 1331 624 1386 hic
660 1331 924 1402 significat
951 1331 1325 1386 sanctissimos
1353 1332 1758 1402 pradicatores,

186 1421 379 1488 quibus
391 1421 566 1490 populi
583 1422 777 1476 merito
787 1428 838 1476 et
851 1430 1036 1492 gentes
1047 1437 1167 1477 esse
1178 1421 1407 1494 subjecti
1420 1424 1663 1479 dicebant
1673 1441 1756 1477 ur.

219 1511 256 1565 4
330 1511 498 1582 Elegit
528 1513 675 1566 nobis
699 1512 1055 1567 [nereditatem
1084 1530 1232 1566 suam
1251 1525 1272 1565 :

329 1605 556 1672 Speciem
587 1603 756 1659 Jaeob
782 1621 938 1675 quam
969 1605 1174 1660 dilexit.
1212 1593 1519 1676 Didpsmma

2078 427 2338 483 Abraham
2361 471 2373 484 .

2010 516 2271 582 Quoniam
2333 523 2408 575 dii
2458 523 2618 592 [artes
2667 535 2819 582 terrtc
2885 531 3202 592 vehementer
3250 532 3453 598 eletvati‘

2075 623 2194 666 sunt

1935 698 1980 754 ll
2019 699 2296 772 Principes
2330 704 2647 774 populorum
2670 749 2684 773 ,
2713 708 2764 764 id
2795 720 2882 767 est
2919 718 3178 784 apostoli,
3205 729 3449 794 congre-‘

1859 793 1969 862 gati
2001 800 2126 845 sunt
2152 794 2217 846 ad
2244 793 2612 864 judicandum,
2641 814 2762 854 cum
2788 800 2898 857 Deo
2922 805 3212 876 Abraham,
3245 812 3294 866 id
3320 793 3451 882 est,

1859 879 2226 935 cumeristo
2257 883 2346 951 qui
2381 893 2465 938 est
2493 885 2634 941 Deus
2660 888 2908 944 Abrabtc.
2943 893 3205 960 Quoniam
3251 901 3344 956 dii.

1861 969 1975 1026 Hoc
2003 982 2085 1026 est
2113 970 2306 1038 Judzei,
2336 975 2425 1044 qui
2457 973 2672 1031 fuerunt
2703 978 2891 1045 fortes,
2919 985 3044 1052 quia
3075 996 3384 1048 tumuerunt
3409 1012 3422 1048 :

1859 1076 1958 1131 per
1987 1061 2294 1132 superbiam
2319 1065 2444 1120 facti
2474 1076 2598 1122 sunt
2625 1073 2874 1135 extremi.
2903 1075 2991 1142 qui
3017 1085 3307 1144 potuerunt
3329 1098 3428 1153 per

1859 1151 2219 1209 humilitatem
2248 1170 2368 1211 esse
2397 1159 2670 1228 prtecipui.
2715 1161 2757 1216 ll
2799 1164 2893 1220 Vel
2928 1165 3000 1221 dii
3033 1186 3045 1198 ·
3077 1174 3247 1227 sancti
3275 1151 3420 1242 sunt,

1857 1243 1949 1312 qui
1981 1244 2067 1298 hic
2095 1260 2190 1314 per
2210 1246 2367 1302 fidem
2401 1257 2456 1304 et
2480 1253 2918 1319 prmdicationem
2944 1258 3290 1317 vehementer
3312 1265 3423 1320 ele-

1855 1333 1965 1387 vati
1994 1347 2008 1386 :
2036 1334 2088 1388 in
2113 1334 2318 1402 judicio
2363 1340 2590 1410 amplius
2620 1352 2678 1397 et
2725 1342 3012 1415 gloriosius
3047 1350 3420 1420 clevabuntur,

1857 1423 1910 1479 id
1929 1433 2015 1478 est
2039 1427 2265 1495 apostoli
2298 1428 2376 1484 sic
2401 1435 2708 1505 congregati
2741 1437 2795 1491 in
2821 1436 3052 1509 judicio,
3074 1444 3421 1502 vehementer

1853 1522 1980 1570 sunt
2006 1515 2198 1571 elevati
2222 1517 2546 1588 judicautes.

2301 1623 2502 1667 ORATIO
2537 1628 2603 1667 EX
2643 1629 2791 1670 ΡεΑι..
2829 1633 2954 1676 XLVI

255 1697 298 1751 C
336 1697 504 1768 Elegit
551 1697 742 1762 nobis,
785 1698 1207 1752 subaudiendum
1238 1707 1322 1754 est
1357 1700 1516 1764 dare,
1547 1707 1608 1754 ut
1655 1698 1746 1768 qui
1777 1677 1825 1738 Β
1920 1695 2035 1751 Rex
2058 1697 2296 1753 omnium
2318 1701 2634 1758 saeculorum
2658 1705 2798 1762 Deus
2820 1709 2993 1779 (cujus
3015 1727 3234 1784 regnum
3259 1731 3421 1787 super

187 1795 402 1858 venerat
449 1787 516 1840 ad
562 1786 1254 1842 salvandumlsraeliticum
1306 1788 1604 1858 populum:
1646 1791 1748 1844 hoc

191 1856 641 1944 magis'gentibus
697 1875 783 1945 pia
836 1873 1082 1946 largitate
1130 1856 1467 1933 concederet.
1503 1878 1746 1949 Speciem

189 1963 351 2018 Jacob
380 1983 392 2018 ε
419 1963 588 2018 Jaeob
618 1964 886 2018 lenticulae
916 1974 970 2018 et
1006 1981 1174 2034 parvo
1203 1968 1532 2022 commercio
1559 1984 1749 2023 carna-

191 2055 313 2109 lium
332 2097 348 2119 ,
377 2056 709 2126 spiritualem
741 2055 998 2111 honorem
1041 2068 1319 2114 assecutus
1345 2068 1461 2124 est,
1491 2059 1605 2114 hmc
1636 2060 1748 2130 ipsa

189 2154 269 2198 est
293 2146 426 2198 enim
454 2147 663 2216 species
705 2144 873 2201 Iacob
898 2163 1058 2216 quam
1085 2147 1341 2203 Dominus
1368 2149 1586 2214 dilexit,
1613 2151 1747 2204 adeo

183 2244 324 2289 utet
355 2236 540 2290 eadem
575 2236 756 2292 facere
790 2237 919 2292 velit
963 2237 1148 2293 ﬁdeles
1178 2253 1306 2294 suos
1333 2256 1349 2294 :
1380 2256 1501 2311 qua:
1522 2241 1609 2297 ille
1632 2257 1749 2312 my-

188 2328 317 2380 stica
341 2327 734 2398 significatione
758 2331 1031 2399 sequenda
1061 2331 1402 2400 praemonuit,
1434 2332 1486 2386 id
1509 2341 1592 2387 est
1637 2332 1746 2389 Deo

187 2417 445 2472 ollerendo
475 2428 724 2484 terrena,
752 2431 806 2475 et
835 2420 1163 2489 acquirendo
1191 2421 1430 2476 ctelestia
1450 2463 1466 2489 ,
1496 2424 1574 2477 sic
1600 2425 1743 2478 enim

191 2523 309 2562 rere
351 2510 642 2565 Christiani
691 2511 944 2566 dicimur.
995 2511 1041 2566 ll
1079 2512 1174 2568 Vel
1225 2515 1290 2569 de
1345 2515 1746 2584 pulchritudine

183 2601 339 2658 Jaeob
359 2604 534 2658 dilecti
554 2646 568 2668 ,
604 2605 656 2658 id
684 2614 768 2659 est
799 2604 865 2659 de
888 2606 1055 2676 stirpe
1082 2622 1202 2674 sua,
1232 2607 1504 2679 apostolos
1527 2607 1702 2681 elegit.

215 2694 255 2748 5
315 2696 552 2750 Ascendit
583 2696 721 2750 Deus
751 2697 796 2748 ir
829 2695 996 2764 iubilo
1021 2709 1043 2748 .'

317 2785 381 2840 Et
416 2786 668 2841 Dominus
695 2787 748 2840 in
779 2803 897 2842 race
922 2787 1076 2843 tuber.

246 2876 284 2932 C
321 2877 442 2933 Ideo
465 2877 726 2934 Ascensio
760 2877 970 2932 Domini
1023 2878 1075 2932 in
1102 2877 1421 2950 iubilatione
1462 2893 1582 2936 esse
1608 2879 1740 2936 dici-

184 2979 283 3031 tur,
311 2972 432 3041 quia
460 2979 737 3042 stupentes
762 2971 989 3041 apostoli
1019 2970 1124 3025 tale
1153 2971 1468 3026 miraculum
1509 2989 1522 3026 :
1555 2971 1740 3026 ineffa-

185 3062 267 3115 bili
310 3065 483 3118 cordis
515 3063 699 3117 lzetitia
731 3061 1097 3132 replebantur.
1143 3063 1278 3116 Voce
1310 3075 1523 3132 quoque
1559 3063 1732 3127 tubae,

184 3151 332 3206 verba
376 3152 647 3224 significat
675 3153 989 3222 angelorum
1015 3153 1308 3208 dicentium
1339 3171 1351 3208 :
1385 3153 1499 3208 Viri
1529 3153 1733 3210 ϐειΙίιωὶ

185 3241 308 3309 (Act.
358 3242 418 3313 l).
467 3241 639 3298 Verba
668 3259 799 3299 vero
837 3244 945 3300 ista
988 3260 1178 3315 tuagno
1222 3245 1448 3317 strepitu
1495 3246 1734 3316 percussi

182 3331 310 3386 aeris
333 3332 540 3403 fragore
570 3343 880 3389 tonuerunt.

215 3421 244 3476 6
313 3421 524 3478 I’sallite
555 3424 659 3479 Deo
686 3439 746 3482 +
772 3435 950 3480 nostro
982 3427 999 3497 ξ
1029 3427 1234 3495 psallite
1263 3440 1282 3479 :

309 3515 526 3571 l’sallite
560 3519 665 3588 regi
700 3530 878 3573 nostro
910 3519 1140 3590 psallite.

242 3607 278 3661 C
312 3608 575 3672 Psallerc,
608 3618 690 3664 est
719 3609 874 3664 bonis
899 3611 1108 3665 actibus
1154 3609 1340 3666 laudes
1370 3611 1478 3666 Deo
1509 3626 1730 3666 canere.

183 3697 295 3770 [legi
321 3711 542 3767 nostro,
577 3700 630 3756 id
661 3709 744 3756 est
792 3703 904 3756 Deo
950 3712 1140 3758 nostro
1167 3702 1292 3758 Jesu
1340 3704 1586 3766 Christo,
1622 3720 1731 3758 non

180 3793 334 3848 alicno
361 3796 658 3865 cuiquam,
693 3794 786 3849 sed
819 3794 928 3848 Deo
975 3801 1161 3849 nostro
1189 3810 1204 3849 :
1235 3809 1393 3864 quem
1425 3795 1592 3850 solum
1639 3797 1731 3852 de—

181 3897 250 3938 cet
277 3887 368 3940 ista
396 3888 655 3943 laudatio.

211 3973 236 4026 'l
301 3976 559 4042 Quoniam
594 3992 687 4030 rea:
715 3977 882 4030 omnis
915 3985 1065 4031 terra:
1095 3975 1230 4030 Deus
1257 3991 1278 4030 :

299 4065 516 4121 Psallite
546 4069 826 4137 sapienier.

236 4157 272 4212 C
303 4158 566 4225 Quoniam
605 4174 700 4214 rex
747 4174 922 4214 omnis
955 4168 1141 4225 terrm,
1195 4160 1296 4215 hoc
1345 4167 1563 4231 propter
1606 4159 1726 4216 illos

180 4248 374 4313 dicitur,
400 4251 493 4321 qui
526 4251 628 4305 sibi
661 4266 758 4320 per
785 4251 990 4322 singula
1019 4253 1132 4307 loca
1161 4253 1372 4307 diversa
1405 4254 1621 4308 numina
1647 4252 1727 4307 fa-

179 4340 393 4405 ciebant,
424 4351 483 4396 ut
513 4342 777 4396 Venerem
803 4343 854 4396 in
884 4342 1100 4412 Papho,
1130 4343 1350 4398 Martem
1385 4347 1438 4399 in
1468 4345 1718 4410 Thracia,

176 4424 335 4484 iurem
370 4431 421 4485 in
454 4430 646 4496 Creta,
697 4439 752 4486 ct
799 4433 937 4488 alios
967 4447 1062 4501 per
1093 4434 1206 4489 loca
1236 4436 1470 4490 diversa.
1505 4437 1725 4492 Psallite

173 4519 444 4587 sapienter,
472 4519 574 4574 hoc
603 4529 689 4575 est
719 4523 860 4589 quod
887 4521 1150 4591 intelligat
1181 4539 1300 4592 quae
1327 4526 1527 4594 psallit.
1556 4525 1724 4580 Nemo

173 4609 296 4660 cuitu
331 4610 604 4678 sapienter
631 4610 926 4680 quidquam
973 4610 1101 4668 facit
1135 4615 1275 4683 quod
1320 4630 1424 4668 non
1456 4616 1720 4686 intelligit.

175 4693 208 4748 ll
245 4698 329 4752 Vel
358 4709 416 4753 ut
445 4715 566 4770 quae
590 4701 787 4756 canitis
825 4718 922 4774 per
963 4702 1198 4760 litteram
1229 4721 1243 4758 :
1274 4704 1582 4776 intelligatis
1608 4707 1722 4776 spi-

175 4787 414 4847 ritualiter
435 4793 599 4847 dicta.

198 4876 227 4930 8
291 4879 540 4951 Regnavit
577 4881 718 4935 Deus
756 4900 910 4952 super
935 4896 1106 4954 gentes
1135 4903 1156 4942 :

290 4969 427 5024 Deus
451 4973 594 5026 sedet
620 4988 777 5040 super
798 4977 970 5028 sedem
999 4989 1234 5031 sanctam
1269 4994 1440 5034 suam.

231 5057 267 5112 ll
300 5059 566 5131 Regnavit
609 5061 871 5119 Dominus
905 5081 1066 5136 super
1093 5076 1280 5138 gentes
1302 5109 1316 5133 ,
1351 5083 1486 5137 quas
1518 5069 1570 5125 in
1608 5071 1718 5125 ba:-

177 5151 373 5206 reditate
398 5154 614 5224 accepit
648 5167 678 5205 a
711 5151 887 5211 Putre.
930 5156 970 5212 C
1011 5160 1171 5214 Sedet
1199 5174 1362 5230 super
1387 5162 1565 5218 sedem
1593 5178 1716 5217 san-

176 5249 290 5293 ctam
321 5259 502 5310 suam,
555 5244 847 5301 Dominum
902 5247 1235 5305 Salvatorem
1285 5252 1582 5321 signiﬁcat,
1619 5253 1714 5322 qui

177 5331 296 5386 sedet
317 5335 379 5388 ad
410 5337 664 5388 dextram
696 5334 900 5406 Patris,
931 5356 1159 5408 regnans
1190 5341 1240 5394 in
1271 5342 1462 5396 suacula
1492 5344 1712 5400 szecnlo-

1849 1801 2038 1843 omnes
2055 1789 2281 1858 populos
2304 1791 2603 1866 dilatatur),
2632 1797 2857 1867 subjice,
2874 1815 3199 1871 quaesumus,
3231 1818 3418 1878 gentes

1847 1877 2101 1932 vitiorum
2137 1881 2236 1936 sub
2259 1883 2487 1950 pedibus
2516 1887 2755 1942 nostris:
2780 1897 2837 1942 ut
2868 1891 2992 1945 dum
3022 1895 3117 1949 tibi
3144 1877 3418 1966 sapientes

1849 1967 1958 2024 Deo
1988 1981 2172 2028 nostro
2215 1975 2492 2043 psallimus
2523 1995 2536 2030 :
2572 1987 2664 2033 tuo
2693 1993 2786 2034 eas
2830 1984 3030 2039 auxilio
3073 2001 3415 2056 superemus.

1846 2057 1950 2115 Per
1978 2060 2261 2117 Dominum
2293 2074 2536 2120 nostrum
2563 2067 2749 2124 Jesum
2777 2069 3080 2140 Christum,
3111 2084 3216 2133 etc.

2343 2151 2661 2212 PSALMUS
2714 2157 2914 2215 XLVII.

2251 2259 2614 2300 ARCUMENTUI
2652 2263 2796 2302 PSAL.
2838 2266 3004 2306 XLVII.

1915 2331 1958 2388 Ω
1995 2329 2110 2385 Vox
2135 2333 2414 2402 propheta:
2441 2334 2709 2392 laudantis
2734 2339 2934 2407 Deum,
2966 2358 3087 2398 una:
3114 2344 3411 2406 Ecclesium

1845 2435 1996 2474 suam
2033 2421 2339 2478 dilataverit

1845 2511 1954 2566 TT.
1977 2511 2220 2572 Psalmus
2243 2515 2434 2569 cantici
2451 2516 2577 2584 [iliis
2605 2517 2736 2573 Core
2757 2535 2820 2577 -ξ-
2843 2522 3087 2587 Secunda
3117 2526 3331 2585 Sabbati
3361 2531 3380 2601 ζ

1915 2601 1956 2658 C
1994 2604 2285 2659 Videamus
2307 2619 2449 2661 nunc
2476 2607 2602 2677 quid
2633 2609 2900 2680 signiﬁcat
2919 2619 3153 2673 secunda
3177 2621 3407 2680 sabbati.

1841 2693 2138 2751 Sabbatum
2171 2712 2516 2770 synagogam,
2541 2701 2594 2756 id
2618 2710 2722 2768 est,
2753 2705 3118 2764 collectionem
3151 2711 3412 2772 debemus

1837 2790 2090 2860 accipere
2117 2791 2426 2850 Judaeorunt
2453 2835 2469 2863 ,
2516 2813 2637 2868 qua:
2665 2796 2960 2858 Sabbatnm
3007 2805 3296 2864 observare
3326 2812 3411 2865 \‘i-

1841 2881 2089 2938 debatur.
2121 2884 2370 2942 Secunda
2401 2905 2560 2956 vero,
2589 2891 2706 2962 ejus
2733 2892 2972 2948 Ecclesia
3002 2897 3264 2960 catholica
3301 2909 3406 2955 est.

1840 2975 1965 3032 Ideo
1987 2977 2148 3034 verba
2176 2979 2366 3049 psalmi
2392 2981 2550 3052 hujus
2571 2985 2941 3042 sacerdotibus
2969 2988 3276 3046 tribuuntur
3301 3012 3313 3047 :
3339 2995 3406 3050 ad

1841 3066 2206 3126 Christianum
2255 3074 2506 3143 populum
2574 3075 2937 3140 edocendum,
2991 3094 3125 3148 quos
3170 3094 3225 3136 et
3269 3083 3408 3139 ﬁlios

1834 3161 2015 3216 crucis
2061 3161 2247 3217 haberi
2293 3179 2449 3233 posse
2477 3181 2580 3221 non
2611 3167 2827 3222 dubium
2873 3176 2985 3232 est,
3035 3179 3091 3224 et
3140 3173 3406 3229 secundos

1835 3265 1956 3306 esse
1987 3259 2228 3323 tempore
2258 3264 2379 3324 post
2407 3271 2731 3328 synagogam
2763 3259 3112 3317 manifestum
3141 3272 3242 3318 est.

1871 3344 1897 3398 1
1977 3343 2203 3416 Magnus
2229 3345 2488 3404 Dominus
2518 3362 2566 3405 et
2597 3350 2878 3406 laudabilis
2905 3355 3059 3410 nimis
3088 3370 3109 3409 :

1975 3433 2042 3489 In
2068 3437 2276 3491 civitate
2303 3438 2398 3492 Dei
2425 3442 2588 3494 nostri
2617 3443 2670 3494 in
2697 3454 2865 3498 monte
2890 3455 3072 3500 sancto
3096 3447 3232 3517 ejus.

1903 3526 1945 3583 C
1985 3527 2207 3599 Magnus
2237 3531 2432 3588 dicitur
2475 3534 2766 3600 Dominus,
2796 3538 2918 3607 quia
2946 3548 3194 3607 potenter
3219 3543 3402 3600 omnia

1833 3617 1980 3674 facit.
2000 3620 2330 3688 Laudabilis,
2357 3625 2479 3693 quia
2509 3625 2730 3694 pulchra
2758 3635 2812 3682 et
2835 3629 2971 3683 mira
2995 3629 3144 3690 facit.
3174 3631 3396 3689 Additnt

1833 3709 2173 3781 nimis,qnod
2202 3728 2307 3767 non
2340 3714 2502 3768 habet
2525 3716 2833 3783 terminum,
2858 3719 2950 3773 sed
2978 3736 3071 3776 sua
3085 3723 3403 3779 assiduitate

1832 3816 2048 3872 semper
2082 3813 2328 3874 augetur.
2378 3805 2436 3859 lu
2486 3805 2742 3862 civitate:
2790 3810 2892 3865 hoc
2925 3811 3095 3867 estin
3141 3813 3400 3870 Ecclesia.

1832 3889 1985 3946 Mons
2016 3901 2193 3946 autem
2231 3903 2448 3948 sanctus
2482 3904 2564 3949 est
2603 3896 2870 3954 Christus.

1865 3982 1902 4036 2
1973 3981 2262 4038 Fundatur
2291 3987 2640 4042 exsultatione
2667 3990 2922 4044 universae
2953 4000 3108 4045 terra:
3135 4005 3153 4042 :

1972 4071 2126 4127 Mons
2154 4073 2284 4130 Sion
2314 4074 2480 4130 latera
2512 4077 2798 4142 aquilonis,
2829 4080 3010 4133 civitas
3042 4083 3174 4152 regis
3202 4085 3395 4152 magni.

1901 4163 1945 4217 ll
1984 4162 2224 4218 Fundata
2251 4176 2335 4221 est
2365 4176 2507 4220 terra
2551 4167 2943 4236 exsultatione,
2972 4171 3040 4226 ab
3082 4174 3400 4230 ascensione

1830 4254 2054 4321 Christi,
2079 4271 2197 4326 qua!
2224 4258 2374 4329 prius
2395 4257 2677 4315 maledicto
2705 4268 2760 4313 et
2785 4261 3022 4330 peccatis
3065 4264 3396 4334 subjacebat.

1835 4345 1986 4401 Mons
2017 4347 2177 4413 Sion,
2220 4351 2260 4404 C
2296 4349 2446 4402 natio
2475 4347 2800 4404 Judmorum.
2849 4350 3041 4408 Latera
3087 4355 3390 4424 aquilonis,

1828 4439 2002 4508 populi
2031 4439 2305 4510 gentium,
2339 4439 2482 4495 facta
2507 4451 2590 4496 est
2617 4443 2806 4497 civitas
2832 4445 3006 4515 regis,
3037 4447 3139 4500 hoc
3182 4459 3266 4503 est
3300 4449 3401 4505 Ec-

1826 4528 1988 4582 clesia
2037 4531 2338 4598 catholica,
2388 4547 2549 4603 quam
2581 4532 2646 4587 de
2677 4533 2930 4590 universo
2961 4537 3159 4592 mundo
3187 4548 3402 4596 constat

1825 4633 1943 4673 esse.
1972 4621 2255 4677 collectam

1857 4715 1890 4769 5
1963 4714 2105 4769 Deus
2133 4715 2185 4769 in
2219 4715 2458 4770 domibus
2486 4733 2600 4787 epis
2630 4726 2966 4787 cognoscetur

1965 4806 2094 4861 Cum
2120 4808 2364 4880 suscipiet
2395 4825 2510 4862 eam

1897 4897 1938 4952 C
1978 4899 2350 4970 Cognoscetur
2396 4898 2656 4955 Dominus
2699 4899 2752 4951 in
2799 4900 3073 4963 domibus,
3122 4907 3174 4952 td
3217 4907 3306 4954 est
3351 4898 3404 4954 in

1829 4993 2088 5046 membris
2134 4994 2248 5047 suis
2279 4992 2671 5054 sanctissimis,
2703 4990 2875 5043 Virtus
2923 5006 3020 5044 sua
3065 4999 3118 5044 et
3164 4981 3422 5057 potentia

1826 5077 2213 5148 declarabitur,
2260 5082 2480 5151 quando
2512 5086 2563 5138 in
2592 5081 2831 5138 Ecclesia
2864 5081 3052 5135 beatos
3085 5083 3258 5147 viros;
3290 5084 3407 5152 ipso

1825 5167 2090 5243 largiente
2124 5191 2138 5228 :
2171 5175 2244 5228 illi
2272 5171 2472 5228 oli'erre
2498 5171 2906 5230 monstrabitur,

1857 5261 1892 5314 4
1971 5265 2234 5331 Quoniam
2271 5277 2386 5316 ecce
2415 5281 2560 5337 reges
2588 5261 3038 5341 congi'egatiﬂsunt
3069 5272 3088 5310 :

1969 5352 2330 5407 Convenerunt
2361 5351 2418 5405 in
2455 5372 2616 5409 unum
