3986 5412
540 222 653 284 ὶθῦ

1473 219 1529 275 S.
1563 215 1910 275 BRUNONIS
1953 211 2503 270 llERBlPOLENSlS
2545 214 2849 271 EPlSCOPl

3688 221 3789 278 επ

545 324 832 403 dixerunt,
862 335 913 391 iu
944 334 1253 391 Bethlehcm
1280 332 1496 405 (Matth.
1529 333 1610 404 ιι).
1639 333 1705 387 Et
1743 337 2113 386 convenerunt
2140 334 2190 393 Α
2217 323 2278 379 il
2355 324 2686 382 Circumdate
2712 327 2839 381 Sion
2861 335 2910 380 et
2930 325 3327 398 complectimini
3348 345 3484 384 eam.

546 430 605 485 in
631 422 827 491 unum,
857 427 980 496 quia
1005 440 1195 480 omnes
1224 439 1382 478 unam
1430 425 1703 494 protulere
1731 419 2078 476 sententiam.

577 519 618 572 5
684 517 796 589 Ipsi
822 517 1046 572 ridentes
1067 516 1142 569 sic
1170 514 1420 569 admirati
1460 524 1615 579 sunt,
1645 510 1939 567 conturbati
1967 516 2117 574 sunt,

753 607 995 662 commoti
1028 615 1146 661 sunt
1182 623 1196 659 :

684 694 902 750 Tremor
927 694 1263 766 apprehendit
1292 710 1402 748 eos.

577 786 612 840 6
682 772 767 839 Ibi
787 784 993 839 dolores
1012 794 1074 837 ut
1098 785 1439 853 parturientis
1464 800 1482 839 :

682 877 750 931 In
780 877 965 947 spiritu
985 875 1271 931 vehementi
1299 883 1529 929 conteres
1558 889 1710 929 naves
1739 871 1972 926 Tharsis.

2364 414 2597 470 Narrate
2620 417 2674 470 in
2700 417 2931 471 turribus
2960 418 3096 487 ejus.
3224 471 3228 475 .

2288 507 2334 563 Η
2369 508 2716 565 Circumdate
2745 510 2901 573 Sion.
2947 512 2999 566 id
3041 521 3126 567 est
3171 511 3444 568 defendite
3490 513 3787 570 Ecclesiam

2216 598 2270 653 in
2314 598 2636 654 credulitate
2673 609 2879 655 vestra.
2904 599 3333 671 Complectimini
3355 617 3515 658 eam:
3564 602 3620 657 in
3657 603 3789 659 cha-

2218 689 2391 744 ritate.
2448 688 2694 756 Narrate,
2749 693 2853 748 hoc
2899 702 2982 748 est
3016 694 3326 763 pra-dicate,
3361 694 3413 748 ia
3447 695 3710 758 turribus,
3736 694 3790 750 id

2214 788 2317 845 est,
2346 780 2396 834 in
2430 781 2762 853 principibus
2793 783 3065 839 Ecclesim.
3095 782 3230 850 Quia
3259 786 3397 839 sicut
3422 784 3591 840 turris
3631 784 3787 839 fortis

2213 877 2314 936 est,
2343 880 2397 924 et
2425 874 2657 942 undique
2682 875 3011 944 speculatur,
3039 877 3118 930 sic
3156 886 3211 932 et
3240 878 3411 943 sancti
3447 885 3506 931 et
3543 876 3714 933 fortes
3736 887 3790 932 et

610 966 658 1021 il
695 961 797 1036 Ipsi
825 965 995 1021 Judzei
1016 1005 1032 1031 ,
1060 965 1266 1020 scilicet
1294 965 1535 1020 videntes
1556 964 1780 1034 gloriam
1810 965 2112 1031 redempto-
2209 960 2590 1029 ptasdicatorcs
2615 965 2811 1021 debent
2830 980 2948 1022 esse
2980 966 3031 1020 in
3057 981 3253 1037 genere
3283 968 3538 1022 humano.

537 1059 618 1114 ris
638 1099 653 1124 ,
685 1057 936 1113 admirati
967 1057 1035 1112 de
1078 1064 1224 1111 tanta
1269 1056 1460 1127 gloria.
1491 1054 1822 1127 _Conturbati
1855 1071 1869 1109 :
1899 1054 2024 1122 quia
2053 1067 2112 1108 se
2212 1048 2280 1101 12
2356 1046 2546 1104 Ponite
2593 1054 2753 1107 corda
2776 1065 2948 1109 uestra
2986 1055 3041 1108 in
3073 1056 3259 1110 virtute
3299 1054 3415 1125 ejus
3441 1070 3461 1108 .°
3510 1067 3563 1112 et
3608 1058 3787 1112 distri-

539 1157 803 1204 novorant
829 1160 1143 1216 peccatores
1173 1147 1430 1203 commoti
1461 1164 1474 1198 :
1507 1146 1574 1201 de
1605 1144 1922 1199 inﬁdelitate
1946 1144 2012 1197 ad
2051 1144 2111 1197 ﬁ-

537 1239 681 1293 dem.
717 1237 944 1292 Tremor
973 1237 1331 1307 apprehendit
1373 1252 1466 1291 eos
1503 1235 1639 1305 (lsa.
1671 1235 1822 1305 xxvn)
1853 1248 1872 1288 :
1903 1249 1934 1288 a
1976 1248 2104 1287 cou-

538 1328 763 1382 scicntia
794 1328 1112 1382 delictorum
1131 1367 1146 1391 ,
1177 1327 1546 1382 unde‘dictum
1574 1333 1674 1381 est.
1714 1323 1759 1378 Α
1794 1325 1988 1379 timore
2018 1331 2109 1378 tuo

568 1420 923 1490 ouccpimns,
953 1429 1008 1474 et
1034 1419 1340 1491 peperimus
1368 1419 1617 1490 spiritum
1649 1415 1859 1471 salutis.

2423 1141 2560 1196 buite
2585 1143 2769 1199 domus
2791 1145 2904 1216 ejus
2921 1159 2943 1198 :

2354 1227 2423 1284 Ut
2454 1236 2704 1289 ennrretis
2728 1237 2781 1289 in
2801 1241 3042 1307 progenie
3068 1239 3256 1295 altera.

2278 1318 2322 1375 ﬂ
2361 1320 2568 1389 Ponite,
2611 1325 2712 1379 hoc
2731 1338 2815 1381 est
2834 1327 3115 1400 intelligitc
3140 1332 3301 1386 corda
3332 1340 3517 1387 vestra
3544 1350 3559 1386 :
3596 1332 3651 1387 in
3676 1332 3786 1388 vir-

2210 1416 2342 1476 tute,
2388 1411 2500 1466 hoc
2543 1422 2629 1467 est
2677 1414 2730 1468 in
2769 1415 3036 1472 charitate
3078 1418 3301 1474 Christi.
3349 1422 3390 1475 C
3427 1420 3546 1487 Qua
3589 1422 3786 1477 virtute

609 1509 652 1564 ﬂ
691 1510 766 1563 ιω
792 1509 1026 1575 dolores,
1048 1525 1169 1564 cum
1198 1524 1423 1580 corpora
1445 1508 1683 1578 amisere
1711 1521 1809 1576 per
1832 1505 2110 1560 abstinen—
2210 1498 2345 1552 nihil
2370 1511 2545 1569 potest
2577 1517 2699 1558 esse
2740 1508 3105 1574 praestantius.
3135 1509 3177 1563 ll
3217 1510 3261 1566 0
3299 1527 3393 1566 vos
3420 1513 3671 1566 doctores
3699 1527 3786 1566 ee-

536 1600 664 1653 tiam
691 1600 973 1669 οωρει-ίηι,
1006 1599 1062 1654 ιη
1091 1600 1289 1672 spiritu
1310 1599 1653 1662 vehementi,
1682 1598 1780 1651 hoc
1818 1606 1893 1651 est
1923 1595 2107 1651 l'ortis-
2205 1587 2516 1658 clesiastici,
2543 1592 2849 1650 distribuite
2877 1596 3088 1665 domus,
3116 1599 3166 1653 id
3190 1611 3294 1663 est,
3315 1601 3516 1672 gradus
3538 1600 3788 1656 ecclesia-

533 1692 693 1758 simo'
723 1692 929 1748 scilicet
957 1701 1145 1747 sane“,
1175 1691 1404 1762 spiritu,
1431 1699 1682 1746 οομιθιρεε
1710 1704 1898 1754 naves,
1924 1686 2104 1741 ιιηηιῑ-
2136 1696 2181 1758 Β
2209 1677 2331 1730 stici
2367 1680 2594 1745 ordinis,
2625 1691 2684 1736 ut
2719 1686 3009 1752 cnarretis,
3052 1703 3160 1741 non
3206 1688 3375 1743 solum
3429 1691 3515 1745 his
3541 1691 3637 1760 qui
3667 1706 3786 1745 crc-

534 1779 690 1836 iiabis
713 1783 1016 1854 superbiam
1062 1783 1334 1854 gentium,
1379 1782 1504 1852 quia
1553 1779 1775 1836 Tharsis
1814 1794 1844 1834 a
1875 1778 2098 1848 naviga-

532 1869 681 1926 tione
700 1872 1044 1942 negotiorum
1085 1872 1315 1941 superba
1344 1870 1485 1925 facta
1515 1879 1596 1925 est
1630 1888 1644 1925 :
1673 1869 1985 1940 signiﬁcans
2008 1882 2101 1922 eos

532 1963 623 2030 qui
651 1963 809 2032 hujus
837 1963 1267 2034 saeculiuegotiis
1296 1961 1769 2017 circumferuntur.
1811 1959 1852 2016 C
1888 1958 1981 2014 Isti
2005 1957 2101 2025 igi-

533 2052 620 2105 tur
653 2068 798 2108 uunc
829 2053 1083 2119 contriti,
1115 2054 1401 2108 credentes
1445 2052 1652 2107 dicunt.
1708 2051 1862 2107 Sicut
1890 2050 2102 2107 audivi-

532 2155 673 2196 mus.
716 2142 758 2198 A
798 2141 1020 2198 Dolores
1049 2142 1365 2214 paenitentis
1392 2151 1549 2211 sunt,
1587 2152 1644 2197 ut
1673 2141 1886 2198 dolores
1909 2150 2097 2211 partu-

529 2232 735 2291 ricutis.

563 2325 596 2377 7
668 2324 819 2381 Sicut
847 2326 1164 2392 audivimus,
1190 2328 1265 2385 sic
1292 2327 1515 2383 vidimus
1550 2328 1603 2382 in
1649 2327 1855 2382 civitate
1884 2324 2099 2380 Domini

736 2418 984 2472 virtutum
1004 2460 1018 2485 ,
1044 2420 1099 2473 in
1128 2420 1335 2474 civitate
1364 2419 1461 2474 Dei
1488 2419 1653 2475 nostri
1684 2434 1703 2472 :

572 2506 577 2511 ’
663 2506 805 2560 Deus
828 2507 1065 2576 [undavit
1099 2524 1213 2562 eam
1230 2510 1290 2563 in
1321 2519 1591 2563 n'ternum.
1622 2507 1952 2577 Diapsolma.

590 2586 641 2642 ﬂ
681 2591 1161 2648 Sicntaudivimus
1192 2608 1288 2663 per
1315 2596 1637 2664 praphetas,
1666 2594 1740 2647 ita
1769 2594 2015 2649 videmus
2039 2593 2095 2647 in

522 2679 849 2752 Evangelio,
881 2684 1025 2753 quod
1071 2693 1156 2739 est
1203 2684 1396 2740 civitas
1440 2685 1717 2739 virtutum.
1770 2684 1826 2740 ln
1873 2686 2096 2741 civitate

524 2769 649 2833 Dei,
677 2772 729 2825 id
758 2782 872 2838 est,
909 2774 960 2827 in
988 2774 1230 2830 Ecclesia
1272 2775 1564 2830 catholica.
1604 2775 1644 2830 C
1684 2776 1824 2830 Deus
1854 2775 2096 2831 fundarit

522 2877 664 2928 eam,
692 2863 818 2934 quia
845 2865 959 2920 sola
987 2865 1076 2920 illa
1104 2867 1368 2923 veraciter
1392 2866 1583 2922 civitas
1606 2866 1699 2921 Dei
1729 2877 2089 2939 nuncupatur.

554 2972 589 3028 8
628 2973 959 3044 Suscepimns
985 2975 1125 3031 Deus
1154 2977 1565 3033 misericordiam
1595 2988 1741 3033 tuam
1770 2991 1789 3032 .°

538 3088 543 3095 ν
598 3060 662 3115 In
691 3064 860 3118 medio
885 3064 1061 3134 templi
1085 3068 1184 3120 tui.

587 3153 630 3209 C
666 3154 746 3209 Illi
772 3157 915 3211 enim
944 3158 1368 3214 misericordiam
1397 3160 1490 3218 Dei
1519 3161 1837 3233 suscipiunt,
1865 3177 1956 3232 qut
1981 3178 2089 3219 non

519 3245 693 3302 solum
723 3261 820 3317 per
853 3248 1010 3304 ﬁdem
1041 3261 1167 3306 sunt
1210 3254 1411 3321 vocati,
1462 3257 1553 3311 sed
1580 3257 1741 3310 etiam
1780 3272 1877 3330 per
1904 3258 2087 3313 occul-

519 3346 626 3391 tam
650 3340 1169 3407 praedestinationem
1192 3344 1256 3398 ad
1280 3355 1534 3401 mternam
1557 3345 1941 3402 beatitudinem
1966 3357 2091 3402 sunt

515 3426 697 3483 electi.
731 3429 774 3483 ll
812 3430 871 3485 ln
922 3433 1098 3489 medio
1143 3433 1366 3503 templi:
1401 3434 1454 3489 in
1500 3434 1758 3490 Ecclesia.
1800 3434 1840 3491 C
1874 3435 2085 3491 Miseri-

515 3519 699 3572 cordia
753 3520 894 3591 (qua:
924 3521 1171 3579 Christus
1202 3527 1305 3594 est)
1356 3539 1461 3579 non
1501 3527 1569 3580 ab
1615 3526 1864 3581 omnibus
1916 3527 2087 3583 susci-

513 3607 682 3676 pitur,
711 3612 805 3666 sed
831 3612 900 3667 ab
926 3612 1011 3668 his
1038 3613 1316 3670 catholicis
1363 3615 1453 3685 qui
1499 3613 1615 3684 ejus
1646 3625 1913 3687 praecepta
1961 3625 2088 3673 sunt

512 3706 704 3761 secuti.

549 3797 584 3853 9
655 3797 952 3858 Secundum
979 3820 1165 3860 nomen
1191 3814 1356 3872 tuum,
1400 3804 1565 3873 Dens,
1591 3807 1665 3861 sir
1704 3815 1752 3861 et
1774 3805 1892 3862 laus
1916 3817 2007 3862 tua
2029 3808 2084 3862 in

720 3892 848 3961 ﬁnes
870 3905 1023 3949 terrte
1044 3911 1064 3950 :

648 3979 869 4036 Iustitia
888 3983 1041 4053 plena
1070 3998 1145 4039 est
1168 3985 1381 4041 dextera
1404 3995 1513 4042 tua.

578 4090 620 4145 C
659 4091 859 4148 Nomen
885 4095 1029 4149 enim
1085 4096 1178 4150 Dei
1211 4096 1263 4151 in
1315 4106 1426 4152 toto
1455 4098 1585 4154 orbe
1615 4107 1877 4155 terrarum
1909 4118 1923 4155 :
1967 4100 2084 4156 sine

509 4180 669 4236 dubio
708 4185 946 4240 creditur
993 4187 1344 4243 adorandum.
1393 4189 1555 4245 Plena
1584 4201 1668 4247 est
1706 4208 1835 4264 ergo
1861 4194 2082 4250 dextera

501 4272 710 4342 justitia
739 4276 874 4345 ejus,
905 4278 1080 4334 locmn
1120 4282 1407 4350 signiﬁcat,
1446 4285 1534 4338 ubi
1565 4285 1698 4354 justi
1752 4295 1877 4340 sunt
1917 4287 2080 4342 collo-

508 4363 687 4429 candi,
719 4367 784 4418 ad
815 4367 1089 4421 dexteram
1109 4372 1251 4423 enim
1287 4375 1510 4426 veniunt
1541 4374 1591 4427 in
1619 4375 1841 4444 judicio,
1871 4376 1994 4444 quia
2022 4376 2073 4430 in
2106 4405 2156 4465 υ

507 4451 654 4506 illam
685 4464 890 4521 partem
924 4456 1197 4510 dexteram
1229 4461 1580 4529 recipiuntur.
1608 4464 1696 4531 qui
1725 4463 1839 4530 ejus
1859 4479 2079 4518 munere

498 4541 631 4611 justi
690 4557 810 4597 csse
860 4556 1188 4600 meruerunt.
1245 4548 1290 4600 A
1356 4548 1467 4604 Vel.
1523 4550 1826 4606 Secundum
1884 4570 2077 4608 nomen

508 4643 677 4699 tuum,
707 4645 838 4700 etc.,
885 4637 935 4691 id
963 4648 1037 4691 est
1072 4641 1337 4707 quomodo
1365 4642 1670 4698 nominatus
1709 4659 1768 4700 cs
1813 4661 1909 4716 per
1956 4650 2077 4701 uni-

505 4739 692 4782 versas
725 4736 914 4794 terras,
944 4730 1021 4785 sic
1043 4740 1098 4785 et
1131 4731 1366 4788 laudaris
1395 4749 1492 4804 per
1534 4750 1723 4791 omnes
1773 4747 1968 4794 terras.
1999 4739 2075 4794 Illi

506 4830 686 4871 autem
742 4816 962 4874 laudant
1011 4822 1100 4890 qui
1140 4823 1279 4879 bene
1322 4825 1544 4881 vivunt:
1583 4842 1682 4883 nec
1729 4837 1905 4899 potest
1957 4845 2078 4886 esse

504 4910 622 4964 laus
646 4907 744 4961 nisi
780 4908 834 4962 in
864 4911 1063 4965 sanctis
1083 4909 1218 4980 ejus.

501 5018 569 5076 10
639 5019 868 5076 ιωιειια·
888 5042 1032 5079 mons
1072 5024 1197 5082 Sion
1218 5031 1284 5096 X
1306 5042 1353 5085 et
1388 5034 1405 5105 ξ
1436 5032 1687 5089 exsultent
1731 5033 1857 5102 ﬁiitv
1878 5031 2080 5089 Iudae:

646 5109 862 5182 Propter
880 5115 1088 5186 judicia
1111 5129 1201 5172 tua
1226 5135 1284 5176 -ξ-
1319 5121 1539 5177 Domine
1570 5126 1586 5196 ξ

569 5219 611 5276 C
646 5220 750 5277 Per
772 5238 1007 5285 montem
1054 5230 1204 5297 Sion,
1251 5234 1547 5291 Ecclesium
1586 5239 1853 5311 signiﬁcat
1883 5242 2071 5295 catho-

498 5310 676 5368 licam.
710 5315 755 5369 ll
792 5317 1073 5379 Exsulteut
1101 5325 1219 5380 ﬁlia:
1255 5326 1421 5393 Judce,
1469 5329 1521 5384 id
1563 5310 1663 5395 est,
1713 5333 1906 5387 anima:
1933 5349 2068 5387 cou-

2207 1767 2379 1820 dunt:
2408 1771 2501 1825 sed
2528 1772 2692 1826 etiam
2744 1775 2828 1829 his
2862 1777 2953 1845 qui
3002 1779 3260 1835 credituri
3310 1788 3457 1834 sunt.
3491 1780 3533 1835 C
3573 1780 3678 1835 Per
3700 1781 3785 1834 al-

2203 1867 2373 1914 teram
2403 1862 2549 1917 enim
2575 1867 2886 1936 progeniem
2911 1870 3087 1940 signat
3113 1870 3362 1941 populum
3390 1858 3782 1936 Christianum,

2200 1954 2295 2023 qui
2329 1956 2396 2010 ab
2447 1956 2713 2015 Hebraeo:
2764 1977 2923 2031 quem
2967 1964 3201 2033 primum
3260 1964 3521 2020 Dominus
3576 1963 3781 2033 elegit:

2201 2049 2469 2103 secundus
2500 2065 2619 2105 esse
2644 2052 2995 2123 dignoscitur.
3025 2054 3068 2109 ll
3108 2056 3231 2111 Ideo
3256 2072 3351 2112 vos
3388 2044 3649 2112 doctores
3679 2058 3782 2113 Ec-

2203 2134 2491 2191 clesiarum
2562 2138 2870 2197 distribuite
2923 2141 3039 2212 ejus
3088 2145 3485 2200 ordinationum
3531 2147 3779 2216 gradus:

2201 2227 2465 2282 canonice
2522 2237 2577 2285 et
2616 2241 2802 2287 sancte
2829 2273 2845 2297 ,
2901 2248 3006 2288 non
3058 2235 3293 2305 prtemiis
3333 2237 3629 2305 corrupti,
3676 2251 3783 2291 non

2202 2331 2577 2389 personarum.
2636 2324 2951 2393 acceptione
3016 2340 3116 2396 per
3179 2327 3537 2382 adulationem
3601 2327 3777 2398 lapsi,

2199 2415 2257 2462 ut
2339 2412 2624 2468 cnarretis.
2697 2413 2767 2470 Et
2831 2417 2960 2486 quid
3032 2419 3456 2474 enarrabimus?
3521 2420 3781 2490 quoniam

2196 2497 2304 2566 hic,
2353 2509 2459 2558 etc.

2199 2589 2267 2644 15
2338 2590 2600 2657 Quoniam
2630 2596 2716 2665 hic
2758 2605 2832 2652 est
2861 2596 2999 2652 Dens
3035 2597 3176 2654 Deus
3210 2610 3385 2655 noster
3431 2602 3486 2655 in
3523 2606 3781 2657 a‘temum

2412 2685 2537 2739 etin
2564 2687 2809 2741 arculum
2837 2703 2895 2744 σε-
2928 2689 3107 2745 stccnli
3140 2689 3159 2760 ζ
3214 2710 3233 2748 :

2336 2772 2458 2845 Ipse
2488 2787 2620 2848 reget
2640 2795 2731 2832 nos
2760 2781 2813 2834 in
2841 2782 3051 2838 swcula.

2267 2858 2311 2915 11
2354 2862 2583 2934 Exponit
2631 2866 2733 2923 iste
2766 2869 3084 2936 versiculus,
3135 2871 3262 2942 quid
3305 2872 3670 2928 ecclesiastici
3699 2889 3784 2928 sa-

2196 2952 2446 3008 cerdotes
2494 2970 2719 3011 narrare
2763 2956 2961 3014 debent
3005 2974 3021 3013 :
3076 2960 3337 3028 Quoniam
3381 2962 3468 3018 hic
3521 2973 3611 3019 cst
3644 2966 3780 3020 Deus

2117 3052 2162 3115 ο
2194 3040 2334 3098 Deus
2386 3058 2591 3101 noster.
2637 3046 2679 3103 C
2714 3048 2772 3103 In
2826 3061 3108 3117 anernum,
3155 3059 3340 3107 contra
3376 3053 3495 3108 illos
3547 3055 3778 3119 dictum,

2191 3135 2281 3202 qui
2335 3134 2439 3190 sibi
2492 3140 2816 3208 temporales
2874 3140 3121 3198 homines
3178 3148 3304 3198 deos
3352 3159 3474 3199 esse
3532 3146 3779 3199 somnia‘

2189 3223 2340 3278 bant.
2368 3223 2543 3294 Rogat
2565 3228 2749 3298 utique
2778 3228 2867 3285 ille
2887 3245 3006 3297 nos,
3034 3233 3157 3302 quia
3191 3233 3305 3304 ipse
3333 3244 3415 3290 eSt
3441 3250 3535 3289 rex
3563 3247 3776 3291 noster.

2192 3311 2236 3366 ll
2273 3313 2447 3385 Rogat
2468 3315 2705 3373 lUlH'lCllS
2731 3328 2785 3374 et
2814 3330 3084 3376 tortuosos
3107 3338 3326 3392 gressus
3353 3334 3597 3380 nostros.

2657 3424 2859 3465 ORATIO
2882 3426 2950 3465 EX
2974 3427 3120 3467 PSAL.
3155 3428 3318 3468 XLVII.

2260 3491 2566 3550 Laudabilis
2609 3506 2770 3568 atque
2820 3502 3077 3558 terribilis
3119 3504 3279 3569 Deus,
3316 3503 3408 3574 qui
3459 3504 3511 3558 in
3560 3505 3772 3561 cmlesti

2186 3577 2485 3639 Jerusalem
2534 3587 2785 3658 princeps
2854 3592 3170 3661 magniﬁcus
3238 3593 3496 3648 invequis
3539 3613 3553 3648 :
3606 3595 3774 3650 dilata

2193 3683 2429 3729 mentem
2472 3688 2711 3732 nostram
2759 3679 2985 3750 spiritali
3024 3682 3399 3754 intelligentia,
3450 3693 3510 3739 nt
3558 3686 3775 3740 miscri-

2187 3762 2368 3818 cordia
2409 3773 2497 3820 tua
2528 3766 2581 3821 iu
2612 3770 2781 3824 nostri
2828 3773 3059 3840 pectoris
3096 3774 3292 3845 templo
3314 3785 3588 3844 suscepta,
3623 3777 3770 3847 digni

2191 3854 2504 3911 narratione
2556 3857 2629 3911 tui
2680 3860 2913 3915 nominis
2962 3861 3277 3919 habeamur.
3322 3863 3427 3920 Per
3474 3864 3769 3921 Dominum

2183 3954 2427 3999 nostrum
2454 3944 2635 4002 Jesum
2663 3948 2957 4015 Christum,
2990 3963 3099 4010 etc.

2686 4062 3004 4122 PSALMUS
3030 4066 3254 4125 XLVIII.

2596 4167 2959 4213 ARGUNENTUI
2980 4174 3127 4215 ΡεΑι..
3155 4176 3343 4217 XLVIII.

2249 4240 2290 4296 C
2329 4240 2442 4298 Vox
2492 4242 2691 4300 Christi
2746 4248 2813 4304 de
2859 4252 3068 4307 meritis
3113 4254 3408 4325 jnstorum,
3440 4258 3621 4329 pretiis
3664 4260 3767 4316 im-

2180 4329 2413 4399 piorum,
2437 4344 2582 4390 etne
2607 4336 2800 4392 divites
2824 4339 2876 4393 in
2909 4340 3011 4396 hoc
3045 4329 3239 4399 saeculo
3262 4346 3579 4404 timeantur.

2479 4424 2587 4480 TT.
2628 4426 2693 4481 In
2714 4428 2867 4498 ﬁnem
2889 4430 3016 4498 ﬁliis
3042 4432 3173 4488 Core
3198 4435 3452 4504 psalmus.

2252 4514 2292 4569 C
2334 4514 2495 4571 Tituli
2535 4520 2692 4590 hujus
2736 4523 2897 4576 verba
2942 4528 3338 4581 contrahuntur
3364 4529 3431 4583 ad
3469 4529 3761 4587 Dominum

2183 4603 2538 4662 Salvatorcm.
2576 4609 2692 4679 Ipse
2720 4612 2861 4666 enim
2900 4623 2954 4667 ct
2982 4615 3033 4668 in
3071 4615 3230 4670 ﬁnem
3262 4618 3548 4687 signiﬁcat,
3585 4631 3641 4675 et
3665 4639 3764 4692 per

2184 4695 2319 4753 ﬁlios
2347 4700 2528 4754 crucis
2553 4700 2884 4773 intelligitur,
2918 4714 2971 4759 et
3009 4721 3104 4775 per
3140 4708 3475 4777 psalmistam
3507 4712 3629 4767 sine
3658 4715 3763 4767 dua-

2180 4788 2268 4841 bio
2295 4790 2661 4846 denuntiatur.
2708 4793 2775 4847 Et
2817 4810 2915 4864 per
2941 4805 3107 4852 totum
3144 4799 3407 4869 psalmum
3438 4803 3605 4858 verba
3634 4813 3763 4860 sunt

2186 4877 2581 4951 Oiitnipoteutis
2614 4883 2726 4936 lilii.

2223 4972 2247 5026 1
2323 4974 2513 5028 Audite
2540 4976 2674 5042 lucc,
2707 4993 2883 5032 omnes
2910 4991 3121 5050 gentes:

2327 5066 2553 5120 Auribus
2575 5069 2838 5138 percipite,
2863 5087 3039 5127 omnes
3064 5075 3151 5146 qui
3174 5076 3422 5133 habitatis
3449 5080 3649 5135 orbem.

2251 5153 2290 5209 C
2327 5157 2660 5211 Admonetur
2689 5160 3006 5218 universalis
3042 5164 3302 5229 Ecclesia,
3329 5177 3389 5223 ut
3432 5172 3658 5226 veniant
3691 5171 3761 5226 ad

2183 5245 2504 5299 audiendum
2535 5246 2833 5314 Christum,
2864 5253 2989 5321 quia
3048 5269 3151 5309 non
3201 5256 3314 5309 vult
3360 5257 3612 5316 Christus
3642 5270 3761 5315 tan-

2178 5348 2289 5393 tum
2314 5342 2498 5409 paucis
2521 5341 2795 5409 prodesse,
2842 5350 2935 5401 scd
2965 5350 3213 5404 omnibus
3243 5365 3363 5406 cum
3402 5369 3542 5412 puro
3592 5357 3761 5412 cerde
