  <div class='ocr_page' id='page_1' title='image "/cluster/home/n/w/nwhite01/storage/ocr_20150623/142/hvd.32044015471808/104.png"; bbox 0 0 3986 5412; ppageno 0'>
   <div class='ocr_carea' id='block_1_1' title="bbox 174 266 275 320">
    <p class='ocr_par' dir='ltr' id='par_1_1' title="bbox 174 266 275 320">
     <span class='ocr_line' id='line_1_1' title="bbox 174 266 275 320; baseline -0.02 0"><span class='ocrx_word' id='word_1_1' title='bbox 174 266 275 320; x_wconf 64' lang='grc'><strong>197</strong></span> 
     </span>
    </p>
   </div>
   <div class='ocr_carea' id='block_1_2' title="bbox 1330 277 2178 363">
    <p class='ocr_par' dir='ltr' id='par_1_2' title="bbox 1330 277 2178 363">
     <span class='ocr_line' id='line_1_2' title="bbox 1330 277 2178 363; baseline 0.015 -31"><span class='ocrx_word' id='word_1_2' title='bbox 1330 277 1693 338; x_wconf 69' lang='grc' dir='ltr'><strong>Ειιροειτιυ</strong></span> <span class='ocrx_word' id='word_1_3' title='bbox 1730 281 2178 363; x_wconf 68' lang='lat' dir='ltr'><strong>Psauuonuu.</strong></span> 
     </span>
    </p>
   </div>
   <div class='ocr_carea' id='block_1_3' title="bbox 170 378 3045 479">
    <p class='ocr_par' dir='ltr' id='par_1_3' title="bbox 170 378 3045 479">
     <span class='ocr_line' id='line_1_3' title="bbox 170 378 3045 479; baseline 0.016 -44"><span class='ocrx_word' id='word_1_4' title='bbox 170 390 287 435; x_wconf 83' lang='lat' dir='ltr'><strong>tare</strong></span> <span class='ocrx_word' id='word_1_5' title='bbox 311 379 369 433; x_wconf 88' lang='lat' dir='ltr'><strong>in</strong></span> <span class='ocrx_word' id='word_1_6' title='bbox 396 378 545 447; x_wconf 82' lang='lat' dir='ltr'><strong>orbe,</strong></span> <span class='ocrx_word' id='word_1_7' title='bbox 579 390 640 437; x_wconf 89' lang='lat' dir='ltr'><strong>ut</strong></span> <span class='ocrx_word' id='word_1_8' title='bbox 685 381 738 437; x_wconf 91' lang='lat' dir='ltr'><strong>in</strong></span> <span class='ocrx_word' id='word_1_9' title='bbox 787 385 904 456; x_wconf 80' lang='lat' dir='ltr'><strong>ejus</strong></span> <span class='ocrx_word' id='word_1_10' title='bbox 932 387 1211 446; x_wconf 73' lang='lat' dir='ltr'><strong>sceleratis</strong></span> <span class='ocrx_word' id='word_1_11' title='bbox 1251 406 1357 446; x_wconf 91' lang='lat' dir='ltr'><strong>non</strong></span> <span class='ocrx_word' id='word_1_12' title='bbox 1397 392 1738 463; x_wconf 71' lang='lat' dir='ltr'><strong>implicentur</strong></span> <span class='ocrx_word' id='word_1_13' title='bbox 1765 403 1815 460; x_wconf 72' lang='grc' dir='ltr'>Α</span> <span class='ocrx_word' id='word_1_14' title='bbox 1876 397 1908 451; x_wconf 89' lang='lat'><strong>7</strong></span> <span class='ocrx_word' id='word_1_15' title='bbox 1979 395 2174 457; x_wconf 78' lang='lat' dir='ltr'><strong>Frater</strong></span> <span class='ocrx_word' id='word_1_16' title='bbox 2199 421 2302 461; x_wconf 89' lang='lat' dir='ltr'><strong>non</strong></span> <span class='ocrx_word' id='word_1_17' title='bbox 2325 410 2574 479; x_wconf 86' lang='lat' dir='ltr'><strong>redemit,</strong></span> <span class='ocrx_word' id='word_1_18' title='bbox 2616 417 3045 479; x_wconf 78' lang='lat' dir='ltr'><strong>redimethcmo.’</strong></span> 
     </span>
    </p>
   </div>
   <div class='ocr_carea' id='block_1_4' title="bbox 162 472 464 529">
    <p class='ocr_par' dir='ltr' id='par_1_4' title="bbox 162 472 464 529">
     <span class='ocr_line' id='line_1_4' title="bbox 162 472 464 529; baseline 0.003 -3"><span class='ocrx_word' id='word_1_19' title='bbox 162 472 464 529; x_wconf 82' lang='lat' dir='ltr'><strong>erroribus.</strong></span> 
     </span>
    </p>
   </div>
   <div class='ocr_carea' id='block_1_5' title="bbox 196 581 1329 663">
    <p class='ocr_par' dir='ltr' id='par_1_5' title="bbox 196 581 1329 663">
     <span class='ocr_line' id='line_1_5' title="bbox 196 581 1329 663; baseline 0.015 -27"><span class='ocrx_word' id='word_1_20' title='bbox 196 581 237 636; x_wconf 76' lang='grc'><strong>2</strong></span> <span class='ocrx_word' id='word_1_21' title='bbox 309 584 516 655; x_wconf 72' lang='lat' dir='ltr'><strong>Quique</strong></span> <span class='ocrx_word' id='word_1_22' title='bbox 544 590 813 659; x_wconf 79' lang='lat' dir='ltr'><strong>terrigente</strong></span> <span class='ocrx_word' id='word_1_23' title='bbox 830 602 879 647; x_wconf 88' lang='lat' dir='ltr'><strong>et</strong></span> <span class='ocrx_word' id='word_1_24' title='bbox 902 593 1002 663; x_wconf 74' lang='lat' dir='ltr'><strong>ﬁlii</strong></span> <span class='ocrx_word' id='word_1_25' title='bbox 1016 596 1283 652; x_wconf 68' lang='lat' dir='ltr'><strong>[continuus</strong></span> <span class='ocrx_word' id='word_1_26' title='bbox 1308 613 1329 652; x_wconf 90' lang='lat'><strong><em>:</em></strong></span> 
     </span>
    </p>
   </div>
   <div class='ocr_carea' id='block_1_6' title="bbox 302 671 1039 753">
    <p class='ocr_par' dir='ltr' id='par_1_6' title="bbox 302 671 1039 753">
     <span class='ocr_line' id='line_1_6' title="bbox 302 671 1039 753; baseline 0.018 -29"><span class='ocrx_word' id='word_1_27' title='bbox 302 671 376 725; x_wconf 79' lang='lat' dir='ltr'><strong>In</strong></span> <span class='ocrx_word' id='word_1_28' title='bbox 402 690 561 727; x_wconf 78' lang='lat' dir='ltr'><strong>unum</strong></span> <span class='ocrx_word' id='word_1_29' title='bbox 590 678 729 733; x_wconf 79' lang='lat' dir='ltr'><strong>dives</strong></span> <span class='ocrx_word' id='word_1_30' title='bbox 755 689 803 733; x_wconf 90' lang='lat' dir='ltr'><strong>et</strong></span> <span class='ocrx_word' id='word_1_31' title='bbox 821 698 1039 753; x_wconf 84' lang='lat' dir='ltr'><strong>pauper.</strong></span> 
     </span>
    </p>
   </div>
   <div class='ocr_carea' id='block_1_7' title="bbox 230 765 1731 850">
    <p class='ocr_par' dir='ltr' id='par_1_7' title="bbox 230 765 1731 850">
     <span class='ocr_line' id='line_1_7' title="bbox 230 765 1731 850; baseline 0.013 -30"><span class='ocrx_word' id='word_1_32' title='bbox 230 766 273 820; x_wconf 90' lang='lat' dir='ltr'><strong>C</strong></span> <span class='ocrx_word' id='word_1_33' title='bbox 311 765 523 834; x_wconf 78' lang='lat' dir='ltr'><strong>Quique</strong></span> <span class='ocrx_word' id='word_1_34' title='bbox 561 771 866 841; x_wconf 69' lang='lat' dir='ltr'><strong>terrigenae,</strong></span> <span class='ocrx_word' id='word_1_35' title='bbox 899 788 996 843; x_wconf 87' lang='lat' dir='ltr'><strong>per</strong></span> <span class='ocrx_word' id='word_1_36' title='bbox 1024 776 1147 831; x_wconf 78' lang='lat' dir='ltr'><strong>hoc</strong></span> <span class='ocrx_word' id='word_1_37' title='bbox 1186 778 1591 850; x_wconf 75' lang='lat' dir='ltr'><strong>intelligendum</strong></span> <span class='ocrx_word' id='word_1_38' title='bbox 1625 792 1731 850; x_wconf 89' lang='lat' dir='ltr'><strong>est,</strong></span> 
     </span>
    </p>
   </div>
   <div class='ocr_carea' id='block_1_8' title="bbox 160 856 1730 931">
    <p class='ocr_par' dir='ltr' id='par_1_8' title="bbox 160 856 1730 931">
     <span class='ocr_line' id='line_1_8' title="bbox 160 856 1730 931; baseline 0.015 -25"><span class='ocrx_word' id='word_1_39' title='bbox 160 856 303 923; x_wconf 88' lang='lat' dir='ltr'><strong>quod</strong></span> <span class='ocrx_word' id='word_1_40' title='bbox 339 870 529 911; x_wconf 86' lang='lat' dir='ltr'><strong>omnes</strong></span> <span class='ocrx_word' id='word_1_41' title='bbox 549 858 880 917; x_wconf 75' lang='lat' dir='ltr'><strong>habitatores</strong></span> <span class='ocrx_word' id='word_1_42' title='bbox 912 872 1089 931; x_wconf 68' lang='lat' dir='ltr'><strong>terrm,</strong></span> <span class='ocrx_word' id='word_1_43' title='bbox 1117 868 1184 923; x_wconf 86' lang='lat' dir='ltr'><strong>ad</strong></span> <span class='ocrx_word' id='word_1_44' title='bbox 1211 870 1537 928; x_wconf 86' lang='lat' dir='ltr'><strong>audiendum</strong></span> <span class='ocrx_word' id='word_1_45' title='bbox 1566 875 1730 930; x_wconf 83' lang='lat' dir='ltr'><strong>verba</strong></span> 
     </span>
    </p>
   </div>
   <div class='ocr_carea' id='block_1_9' title="bbox 163 946 1729 1036">
    <p class='ocr_par' dir='ltr' id='par_1_9' title="bbox 163 946 1729 1036">
     <span class='ocr_line' id='line_1_9' title="bbox 163 946 1729 1036; baseline 0.013 -37"><span class='ocrx_word' id='word_1_46' title='bbox 163 946 254 1000; x_wconf 88' lang='lat' dir='ltr'><strong>Dei</strong></span> <span class='ocrx_word' id='word_1_47' title='bbox 311 957 593 1001; x_wconf 77' lang='lat' dir='ltr'><strong>vocentur.</strong></span> <span class='ocrx_word' id='word_1_48' title='bbox 638 950 680 1004; x_wconf 89' lang='lat' dir='ltr'><strong>C</strong></span> <span class='ocrx_word' id='word_1_49' title='bbox 717 950 1023 1023; x_wconf 66' lang='lat' dir='ltr'><strong>Terrigenae</strong></span> <span class='ocrx_word' id='word_1_50' title='bbox 1076 968 1388 1027; x_wconf 86' lang='lat' dir='ltr'><strong>peceatores</strong></span> <span class='ocrx_word' id='word_1_51' title='bbox 1436 973 1582 1028; x_wconf 90' lang='lat' dir='ltr'><strong>sunt,</strong></span> <span class='ocrx_word' id='word_1_52' title='bbox 1637 966 1729 1036; x_wconf 84' lang='lat' dir='ltr'><strong>qui</strong></span> 
     </span>
    </p>
   </div>
   <div class='ocr_carea' id='block_1_10' title="bbox 158 1036 1729 1126">
    <p class='ocr_par' dir='ltr' id='par_1_10' title="bbox 158 1036 1729 1126">
     <span class='ocr_line' id='line_1_10' title="bbox 158 1036 1729 1126; baseline 0.017 -40"><span class='ocrx_word' id='word_1_53' title='bbox 158 1036 283 1088; x_wconf 77' lang='lat' dir='ltr'><strong>vitia</strong></span> <span class='ocrx_word' id='word_1_54' title='bbox 338 1044 557 1093; x_wconf 79' lang='lat' dir='ltr'><strong>terrena</strong></span> <span class='ocrx_word' id='word_1_55' title='bbox 626 1051 920 1098; x_wconf 89' lang='lat' dir='ltr'><strong>sectantur.</strong></span> <span class='ocrx_word' id='word_1_56' title='bbox 979 1046 1098 1101; x_wconf 82' lang='lat' dir='ltr'><strong>Filii</strong></span> <span class='ocrx_word' id='word_1_57' title='bbox 1165 1050 1442 1107; x_wconf 84' lang='lat' dir='ltr'><strong>hominum</strong></span> <span class='ocrx_word' id='word_1_58' title='bbox 1486 1070 1499 1108; x_wconf 92' lang='lat'><strong>:</strong></span> <span class='ocrx_word' id='word_1_59' title='bbox 1548 1055 1729 1126; x_wconf 82' lang='lat' dir='ltr'><strong>justus</strong></span> 
     </span>
    </p>
   </div>
   <div class='ocr_carea' id='block_1_11' title="bbox 138 1126 1724 1203">
    <p class='ocr_par' dir='ltr' id='par_1_11' title="bbox 138 1126 1724 1203">
     <span class='ocr_line' id='line_1_11' title="bbox 138 1126 1724 1203; baseline 0.017 -26"><span class='ocrx_word' id='word_1_60' title='bbox 138 1185 145 1191; x_wconf 26' lang='grc' dir='ltr'>δ</span> <span class='ocrx_word' id='word_1_61' title='bbox 164 1126 311 1190; x_wconf 75' lang='lat' dir='ltr'><strong>dicit,</strong></span> <span class='ocrx_word' id='word_1_62' title='bbox 332 1129 587 1195; x_wconf 82' lang='lat' dir='ltr'><strong>quoniam</strong></span> <span class='ocrx_word' id='word_1_63' title='bbox 608 1139 664 1185; x_wconf 87' lang='lat' dir='ltr'><strong>et</strong></span> <span class='ocrx_word' id='word_1_64' title='bbox 684 1134 797 1202; x_wconf 86' lang='lat' dir='ltr'><strong>ipse</strong></span> <span class='ocrx_word' id='word_1_65' title='bbox 819 1135 1071 1193; x_wconf 78' lang='lat' dir='ltr'><strong>Christus</strong></span> <span class='ocrx_word' id='word_1_66' title='bbox 1089 1139 1258 1196; x_wconf 83' lang='lat' dir='ltr'><strong>Filius</strong></span> <span class='ocrx_word' id='word_1_67' title='bbox 1279 1143 1514 1202; x_wconf 75' lang='lat' dir='ltr'><strong>hominis</strong></span> <span class='ocrx_word' id='word_1_68' title='bbox 1528 1149 1724 1203; x_wconf 90' lang='lat' dir='ltr'><strong>dictus.</strong></span> 
     </span>
    </p>
   </div>
   <div class='ocr_carea' id='block_1_12' title="bbox 161 1215 1728 1295">
    <p class='ocr_par' dir='ltr' id='par_1_12' title="bbox 161 1215 1728 1295">
     <span class='ocr_line' id='line_1_12' title="bbox 161 1215 1728 1295; baseline 0.018 -27"><span class='ocrx_word' id='word_1_69' title='bbox 161 1216 200 1270; x_wconf 84' lang='lat' dir='ltr'><strong>li</strong></span> <span class='ocrx_word' id='word_1_70' title='bbox 241 1215 349 1271; x_wconf 86' lang='lat' dir='ltr'><strong>Per</strong></span> <span class='ocrx_word' id='word_1_71' title='bbox 400 1219 624 1274; x_wconf 75' lang='lat' dir='ltr'><strong>divitem</strong></span> <span class='ocrx_word' id='word_1_72' title='bbox 674 1231 730 1277; x_wconf 91' lang='lat' dir='ltr'><strong>et</strong></span> <span class='ocrx_word' id='word_1_73' title='bbox 750 1239 1044 1295; x_wconf 85' lang='lat' dir='ltr'><strong>pauperem</strong></span> <span class='ocrx_word' id='word_1_74' title='bbox 1086 1229 1232 1286; x_wconf 85' lang='lat' dir='ltr'><strong>liber</strong></span> <span class='ocrx_word' id='word_1_75' title='bbox 1278 1240 1340 1288; x_wconf 85' lang='lat' dir='ltr'><strong>et</strong></span> <span class='ocrx_word' id='word_1_76' title='bbox 1362 1249 1556 1293; x_wconf 80' lang='lat' dir='ltr'><strong>servus</strong></span> <span class='ocrx_word' id='word_1_77' title='bbox 1581 1239 1728 1295; x_wconf 79' lang='lat' dir='ltr'><strong>acci-</strong></span> 
     </span>
    </p>
   </div>
   <div class='ocr_carea' id='block_1_13' title="bbox 159 1305 391 1376">
    <p class='ocr_par' dir='ltr' id='par_1_13' title="bbox 159 1305 391 1376">
     <span class='ocr_line' id='line_1_13' title="bbox 159 1305 391 1376; baseline 0.022 -19"><span class='ocrx_word' id='word_1_78' title='bbox 159 1305 391 1376; x_wconf 78' lang='lat' dir='ltr'><strong>piantur.</strong></span> 
     </span>
    </p>
   </div>
   <div class='ocr_carea' id='block_1_14' title="bbox 189 1400 1203 1480">
    <p class='ocr_par' dir='ltr' id='par_1_14' title="bbox 189 1400 1203 1480">
     <span class='ocr_line' id='line_1_14' title="bbox 189 1400 1203 1480; baseline 0.018 -29"><span class='ocrx_word' id='word_1_79' title='bbox 189 1400 221 1452; x_wconf 75' lang='grc' dir='ltr'><strong>ὅ</strong></span> <span class='ocrx_word' id='word_1_80' title='bbox 290 1402 362 1454; x_wconf 88' lang='lat' dir='ltr'><strong>0s</strong></span> <span class='ocrx_word' id='word_1_81' title='bbox 388 1419 562 1457; x_wconf 75' lang='lat' dir='ltr'><strong>meum</strong></span> <span class='ocrx_word' id='word_1_82' title='bbox 591 1406 829 1475; x_wconf 77' lang='lat' dir='ltr'><strong>loquetur</strong></span> <span class='ocrx_word' id='word_1_83' title='bbox 851 1412 1161 1480; x_wconf 69' lang='lat' dir='ltr'><strong>sapientiam</strong></span> <span class='ocrx_word' id='word_1_84' title='bbox 1181 1429 1203 1470; x_wconf 90' lang='lat'><strong><em>:</em></strong></span> 
     </span>
    </p>
   </div>
   <div class='ocr_carea' id='block_1_15' title="bbox 288 1490 1348 1571">
    <p class='ocr_par' dir='ltr' id='par_1_15' title="bbox 288 1490 1348 1571">
     <span class='ocr_line' id='line_1_15' title="bbox 288 1490 1348 1571; baseline 0.015 -26"><span class='ocrx_word' id='word_1_85' title='bbox 288 1490 354 1546; x_wconf 72' lang='lat' dir='ltr'><strong>Et</strong></span> <span class='ocrx_word' id='word_1_86' title='bbox 378 1498 649 1551; x_wconf 76' lang='lat' dir='ltr'><strong>meditatio</strong></span> <span class='ocrx_word' id='word_1_87' title='bbox 676 1501 847 1554; x_wconf 87' lang='lat' dir='ltr'><strong>cordis</strong></span> <span class='ocrx_word' id='word_1_88' title='bbox 877 1503 978 1555; x_wconf 85' lang='lat' dir='ltr'><strong>mei</strong></span> <span class='ocrx_word' id='word_1_89' title='bbox 998 1505 1348 1571; x_wconf 80' lang='lat' dir='ltr'><strong>prudentiam.</strong></span> 
     </span>
    </p>
   </div>
   <div class='ocr_carea' id='block_1_16' title="bbox 221 1582 1718 1664">
    <p class='ocr_par' dir='ltr' id='par_1_16' title="bbox 221 1582 1718 1664">
     <span class='ocr_line' id='line_1_16' title="bbox 221 1582 1718 1664; baseline 0.014 -29"><span class='ocrx_word' id='word_1_90' title='bbox 221 1582 260 1635; x_wconf 89' lang='lat' dir='ltr'><strong>C</strong></span> <span class='ocrx_word' id='word_1_91' title='bbox 294 1582 368 1637; x_wconf 88' lang='lat' dir='ltr'><strong>0s</strong></span> <span class='ocrx_word' id='word_1_92' title='bbox 392 1583 594 1639; x_wconf 81' lang='lat' dir='ltr'><strong>Christi</strong></span> <span class='ocrx_word' id='word_1_93' title='bbox 646 1587 883 1657; x_wconf 86' lang='lat' dir='ltr'><strong>loquitur</strong></span> <span class='ocrx_word' id='word_1_94' title='bbox 929 1592 1273 1660; x_wconf 87' lang='lat' dir='ltr'><strong>sapientiam,</strong></span> <span class='ocrx_word' id='word_1_95' title='bbox 1328 1596 1381 1651; x_wconf 90' lang='lat' dir='ltr'><strong>id</strong></span> <span class='ocrx_word' id='word_1_96' title='bbox 1416 1605 1521 1664; x_wconf 84' lang='lat' dir='ltr'><strong>est,</strong></span> <span class='ocrx_word' id='word_1_97' title='bbox 1548 1599 1615 1654; x_wconf 81' lang='lat' dir='ltr'><strong>ad</strong></span> <span class='ocrx_word' id='word_1_98' title='bbox 1637 1599 1718 1656; x_wconf 82' lang='lat' dir='ltr'><strong>di-</strong></span> 
     </span>
    </p>
   </div>
   <div class='ocr_carea' id='block_1_17' title="bbox 160 1672 1717 1759">
    <p class='ocr_par' dir='ltr' id='par_1_17' title="bbox 160 1672 1717 1759">
     <span class='ocr_line' id='line_1_17' title="bbox 160 1672 1717 1759; baseline 0.015 -35"><span class='ocrx_word' id='word_1_99' title='bbox 160 1672 270 1726; x_wconf 72' lang='lat' dir='ltr'><strong>vina</strong></span> <span class='ocrx_word' id='word_1_100' title='bbox 288 1676 544 1744; x_wconf 85' lang='lat' dir='ltr'><strong>mysteria</strong></span> <span class='ocrx_word' id='word_1_101' title='bbox 569 1677 913 1745; x_wconf 76' lang='lat' dir='ltr'><strong>declaranda,</strong></span> <span class='ocrx_word' id='word_1_102' title='bbox 934 1697 1054 1751; x_wconf 77' lang='lat' dir='ltr'><strong>qua:</strong></span> <span class='ocrx_word' id='word_1_103' title='bbox 1077 1672 1287 1738; x_wconf 87' lang='lat' dir='ltr'><strong>occulta</strong></span> <span class='ocrx_word' id='word_1_104' title='bbox 1314 1698 1441 1741; x_wconf 90' lang='lat' dir='ltr'><strong>sunt</strong></span> <span class='ocrx_word' id='word_1_105' title='bbox 1466 1690 1535 1744; x_wconf 92' lang='lat' dir='ltr'><strong>ab</strong></span> <span class='ocrx_word' id='word_1_106' title='bbox 1559 1689 1717 1759; x_wconf 81' lang='lat' dir='ltr'><strong>hujus</strong></span> 
     </span>
    </p>
   </div>
   <div class='ocr_carea' id='block_1_18' title="bbox 164 1766 1788 1845">
    <p class='ocr_par' dir='ltr' id='par_1_18' title="bbox 164 1766 1788 1845">
     <span class='ocr_line' id='line_1_18' title="bbox 164 1766 1788 1845; baseline 0.013 -29"><span class='ocrx_word' id='word_1_107' title='bbox 164 1766 325 1818; x_wconf 69' lang='lat' dir='ltr'><strong>muli</strong></span> <span class='ocrx_word' id='word_1_108' title='bbox 376 1767 732 1837; x_wconf 83' lang='lat' dir='ltr'><strong>sapientibus.</strong></span> <span class='ocrx_word' id='word_1_109' title='bbox 790 1769 1077 1828; x_wconf 87' lang='lat' dir='ltr'><strong>Prudentia</strong></span> <span class='ocrx_word' id='word_1_110' title='bbox 1129 1777 1363 1845; x_wconf 88' lang='lat' dir='ltr'><strong>pertinet</strong></span> <span class='ocrx_word' id='word_1_111' title='bbox 1416 1780 1484 1833; x_wconf 88' lang='lat' dir='ltr'><strong>ad</strong></span> <span class='ocrx_word' id='word_1_112' title='bbox 1534 1769 1788 1836; x_wconf 78' lang='lat' dir='ltr'><strong>moresB</strong></span> 
     </span>
    </p>
   </div>
   <div class='ocr_carea' id='block_1_19' title="bbox 165 1854 1713 1928">
    <p class='ocr_par' dir='ltr' id='par_1_19' title="bbox 165 1854 1713 1928">
     <span class='ocr_line' id='line_1_19' title="bbox 165 1854 1713 1928; baseline 0.013 -20"><span class='ocrx_word' id='word_1_113' title='bbox 165 1854 447 1924; x_wconf 69' lang='lat' dir='ltr'><strong>probabiles</strong></span> <span class='ocrx_word' id='word_1_114' title='bbox 498 1859 877 1927; x_wconf 87' lang='lat' dir='ltr'><strong>instituendos,</strong></span> <span class='ocrx_word' id='word_1_115' title='bbox 926 1864 1010 1918; x_wconf 86' lang='lat' dir='ltr'><strong>sic</strong></span> <span class='ocrx_word' id='word_1_116' title='bbox 1059 1866 1236 1921; x_wconf 88' lang='lat' dir='ltr'><strong>omnis</strong></span> <span class='ocrx_word' id='word_1_117' title='bbox 1285 1869 1498 1925; x_wconf 91' lang='lat' dir='ltr'><strong>divinus</strong></span> <span class='ocrx_word' id='word_1_118' title='bbox 1534 1886 1713 1928; x_wconf 86' lang='lat' dir='ltr'><strong>sermo</strong></span> 
     </span>
    </p>
   </div>
   <div class='ocr_carea' id='block_1_20' title="bbox 164 1946 1712 2024">
    <p class='ocr_par' dir='ltr' id='par_1_20' title="bbox 164 1946 1712 2024">
     <span class='ocr_line' id='line_1_20' title="bbox 164 1946 1712 2024; baseline 0.013 -24"><span class='ocrx_word' id='word_1_119' title='bbox 164 1946 236 2001; x_wconf 86' lang='lat' dir='ltr'><strong>bis</strong></span> <span class='ocrx_word' id='word_1_120' title='bbox 253 1948 452 2005; x_wconf 81' lang='lat' dir='ltr'><strong>duabus</strong></span> <span class='ocrx_word' id='word_1_121' title='bbox 503 1953 796 2009; x_wconf 77' lang='lat' dir='ltr'><strong>virtutibus</strong></span> <span class='ocrx_word' id='word_1_122' title='bbox 825 1954 1130 2024; x_wconf 84' lang='lat' dir='ltr'><strong>plenissime</strong></span> <span class='ocrx_word' id='word_1_123' title='bbox 1168 1958 1454 2015; x_wconf 88' lang='lat' dir='ltr'><strong>indicatur.</strong></span> <span class='ocrx_word' id='word_1_124' title='bbox 1483 1962 1527 2016; x_wconf 85' lang='lat' dir='ltr'><strong>ll</strong></span> <span class='ocrx_word' id='word_1_125' title='bbox 1559 1962 1712 2020; x_wconf 88' lang='lat' dir='ltr'><strong>Sem-</strong></span> 
     </span>
    </p>
   </div>
   <div class='ocr_carea' id='block_1_21' title="bbox 163 2043 1710 2126">
    <p class='ocr_par' dir='ltr' id='par_1_21' title="bbox 163 2043 1710 2126">
     <span class='ocr_line' id='line_1_21' title="bbox 163 2043 1710 2126; baseline 0.014 -32"><span class='ocrx_word' id='word_1_126' title='bbox 163 2055 244 2109; x_wconf 86' lang='lat' dir='ltr'><strong>per</strong></span> <span class='ocrx_word' id='word_1_127' title='bbox 284 2043 333 2096; x_wconf 91' lang='lat' dir='ltr'><strong>in</strong></span> <span class='ocrx_word' id='word_1_128' title='bbox 366 2044 530 2098; x_wconf 90' lang='lat' dir='ltr'><strong>corde</strong></span> <span class='ocrx_word' id='word_1_129' title='bbox 575 2048 895 2113; x_wconf 79' lang='lat' dir='ltr'><strong>meditabor,</strong></span> <span class='ocrx_word' id='word_1_130' title='bbox 947 2060 1007 2104; x_wconf 91' lang='lat' dir='ltr'><strong>ut</strong></span> <span class='ocrx_word' id='word_1_131' title='bbox 1053 2051 1297 2109; x_wconf 85' lang='lat' dir='ltr'><strong>homines</strong></span> <span class='ocrx_word' id='word_1_132' title='bbox 1347 2054 1710 2126; x_wconf 86' lang='lat' dir='ltr'><strong>relinquentes</strong></span> 
     </span>
    </p>
   </div>
   <div class='ocr_carea' id='block_1_22' title="bbox 160 2130 1709 2219">
    <p class='ocr_par' dir='ltr' id='par_1_22' title="bbox 160 2130 1709 2219">
     <span class='ocr_line' id='line_1_22' title="bbox 160 2130 1709 2219; baseline 0.014 -36"><span class='ocrx_word' id='word_1_133' title='bbox 160 2130 352 2185; x_wconf 81' lang='lat' dir='ltr'><strong>stultam</strong></span> <span class='ocrx_word' id='word_1_134' title='bbox 419 2137 720 2192; x_wconf 78' lang='lat' dir='ltr'><strong>vanitatem</strong></span> <span class='ocrx_word' id='word_1_135' title='bbox 763 2177 779 2205; x_wconf 94' lang='lat'><strong>,</strong></span> <span class='ocrx_word' id='word_1_136' title='bbox 836 2138 1041 2195; x_wconf 87' lang='lat' dir='ltr'><strong>Christi</strong></span> <span class='ocrx_word' id='word_1_137' title='bbox 1103 2144 1450 2212; x_wconf 75' lang='lat' dir='ltr'><strong>prudentiam</strong></span> <span class='ocrx_word' id='word_1_138' title='bbox 1512 2162 1709 2219; x_wconf 84' lang='lat' dir='ltr'><strong>seque-</strong></span> 
     </span>
    </p>
   </div>
   <div class='ocr_carea' id='block_1_23' title="bbox 152 2232 337 2279">
    <p class='ocr_par' dir='ltr' id='par_1_23' title="bbox 152 2232 337 2279">
     <span class='ocr_line' id='line_1_23' title="bbox 152 2232 337 2279; baseline 0.022 -4"><span class='ocrx_word' id='word_1_139' title='bbox 152 2232 337 2279; x_wconf 87' lang='lat' dir='ltr'><strong>rentur.</strong></span> 
     </span>
    </p>
   </div>
   <div class='ocr_carea' id='block_1_24' title="bbox 174 2337 1398 2415">
    <p class='ocr_par' dir='ltr' id='par_1_24' title="bbox 174 2337 1398 2415">
     <span class='ocr_line' id='line_1_24' title="bbox 174 2337 1398 2415; baseline 0.012 -24"><span class='ocrx_word' id='word_1_140' title='bbox 174 2338 205 2391; x_wconf 74' lang='grc' dir='ltr'><strong>ι</strong></span> <span class='ocrx_word' id='word_1_141' title='bbox 266 2337 544 2396; x_wconf 82' lang='lat' dir='ltr'><strong>Inclinabo</strong></span> <span class='ocrx_word' id='word_1_142' title='bbox 569 2344 622 2399; x_wconf 86' lang='lat' dir='ltr'><strong>in</strong></span> <span class='ocrx_word' id='word_1_143' title='bbox 642 2344 950 2415; x_wconf 83' lang='lat' dir='ltr'><strong>parabolam</strong></span> <span class='ocrx_word' id='word_1_144' title='bbox 978 2363 1155 2402; x_wconf 84' lang='lat' dir='ltr'><strong>aurem</strong></span> <span class='ocrx_word' id='word_1_145' title='bbox 1177 2365 1344 2405; x_wconf 85' lang='lat' dir='ltr'><strong>meant</strong></span> <span class='ocrx_word' id='word_1_146' title='bbox 1376 2365 1398 2406; x_wconf 88' lang='lat'><strong><em>:</em></strong></span> 
     </span>
    </p>
   </div>
   <div class='ocr_carea' id='block_1_25' title="bbox 254 2432 1525 2508">
    <p class='ocr_par' dir='ltr' id='par_1_25' title="bbox 254 2432 1525 2508">
     <span class='ocr_line' id='line_1_25' title="bbox 254 2432 1525 2508; baseline 0.012 -24"><span class='ocrx_word' id='word_1_147' title='bbox 254 2432 511 2500; x_wconf 71' lang='lat' dir='ltr'><strong>‘Aperiam</strong></span> <span class='ocrx_word' id='word_1_148' title='bbox 544 2434 598 2489; x_wconf 87' lang='lat' dir='ltr'><strong>in</strong></span> <span class='ocrx_word' id='word_1_149' title='bbox 624 2435 873 2504; x_wconf 83' lang='lat' dir='ltr'><strong>psalterio</strong></span> <span class='ocrx_word' id='word_1_150' title='bbox 900 2441 1303 2508; x_wconf 79' lang='lat' dir='ltr'><strong>prepositiouem</strong></span> <span class='ocrx_word' id='word_1_151' title='bbox 1332 2461 1525 2499; x_wconf 85' lang='lat' dir='ltr'><strong>meam.</strong></span> 
     </span>
    </p>
   </div>
   <div class='ocr_carea' id='block_1_26' title="bbox 199 2517 1702 2599">
    <p class='ocr_par' dir='ltr' id='par_1_26' title="bbox 199 2517 1702 2599">
     <span class='ocr_line' id='line_1_26' title="bbox 199 2517 1702 2599; baseline 0.01 -24"><span class='ocrx_word' id='word_1_152' title='bbox 199 2517 240 2575; x_wconf 87' lang='lat' dir='ltr'><strong>C</strong></span> <span class='ocrx_word' id='word_1_153' title='bbox 270 2520 471 2577; x_wconf 81' lang='lat' dir='ltr'><strong>Aurem</strong></span> <span class='ocrx_word' id='word_1_154' title='bbox 525 2525 906 2581; x_wconf 88' lang='lat' dir='ltr'><strong>inclinaturum</strong></span> <span class='ocrx_word' id='word_1_155' title='bbox 949 2543 1008 2583; x_wconf 89' lang='lat' dir='ltr'><strong>se</strong></span> <span class='ocrx_word' id='word_1_156' title='bbox 1057 2531 1303 2599; x_wconf 87' lang='lat' dir='ltr'><strong>promisit</strong></span> <span class='ocrx_word' id='word_1_157' title='bbox 1343 2532 1614 2598; x_wconf 86' lang='lat' dir='ltr'><strong>Christus,</strong></span> <span class='ocrx_word' id='word_1_158' title='bbox 1642 2543 1702 2590; x_wconf 82' lang='grc' dir='ltr'><strong>ιιι</strong></span> 
     </span>
    </p>
   </div>
   <div class='ocr_carea' id='block_1_27' title="bbox 139 2615 1701 2693">
    <p class='ocr_par' dir='ltr' id='par_1_27' title="bbox 139 2615 1701 2693">
     <span class='ocr_line' id='line_1_27' title="bbox 139 2615 1701 2693; baseline 0.012 -29"><span class='ocrx_word' id='word_1_159' title='bbox 139 2624 476 2678; x_wconf 79' lang='lat' dir='ltr'><strong>cognosceret</strong></span> <span class='ocrx_word' id='word_1_160' title='bbox 507 2615 550 2669; x_wconf 89' lang='lat' dir='ltr'><strong>si</strong></span> <span class='ocrx_word' id='word_1_161' title='bbox 600 2618 1035 2686; x_wconf 78' lang='lat' dir='ltr'><strong>praedicationem</strong></span> <span class='ocrx_word' id='word_1_162' title='bbox 1066 2619 1182 2689; x_wconf 81' lang='lat' dir='ltr'><strong>ejus</strong></span> <span class='ocrx_word' id='word_1_163' title='bbox 1217 2623 1448 2693; x_wconf 88' lang='lat' dir='ltr'><strong>populus</strong></span> <span class='ocrx_word' id='word_1_164' title='bbox 1476 2625 1701 2683; x_wconf 80' lang='lat' dir='ltr'><strong>devotus</strong></span> 
     </span>
    </p>
   </div>
   <div class='ocr_carea' id='block_1_28' title="bbox 145 2700 1698 2775">
    <p class='ocr_par' dir='ltr' id='par_1_28' title="bbox 145 2700 1698 2775">
     <span class='ocr_line' id='line_1_28' title="bbox 145 2700 1698 2775; baseline 0.013 -23"><span class='ocrx_word' id='word_1_165' title='bbox 145 2700 389 2770; x_wconf 80' lang='lat' dir='ltr'><strong>impleret.</strong></span> <span class='ocrx_word' id='word_1_166' title='bbox 426 2704 485 2759; x_wconf 86' lang='lat' dir='ltr'><strong>ht</strong></span> <span class='ocrx_word' id='word_1_167' title='bbox 542 2707 892 2775; x_wconf 87' lang='lat' dir='ltr'><strong>parabolam:</strong></span> <span class='ocrx_word' id='word_1_168' title='bbox 927 2710 1224 2767; x_wconf 86' lang='lat' dir='ltr'><strong>similitudo</strong></span> <span class='ocrx_word' id='word_1_169' title='bbox 1268 2714 1414 2768; x_wconf 88' lang='lat' dir='ltr'><strong>enim</strong></span> <span class='ocrx_word' id='word_1_170' title='bbox 1466 2716 1544 2770; x_wconf 85' lang='lat' dir='ltr'><strong>rei</strong></span> <span class='ocrx_word' id='word_1_171' title='bbox 1583 2716 1698 2772; x_wconf 88' lang='lat' dir='ltr'><strong>veri</strong></span> 
     </span>
    </p>
   </div>
   <div class='ocr_carea' id='block_1_29' title="bbox 147 2790 1700 2871">
    <p class='ocr_par' dir='ltr' id='par_1_29' title="bbox 147 2790 1700 2871">
     <span class='ocr_line' id='line_1_29' title="bbox 147 2790 1700 2871; baseline 0.014 -29"><span class='ocrx_word' id='word_1_172' title='bbox 147 2790 352 2850; x_wconf 84' lang='lat' dir='ltr'><strong>imitatio</strong></span> <span class='ocrx_word' id='word_1_173' title='bbox 377 2804 488 2861; x_wconf 88' lang='lat' dir='ltr'><strong>est,</strong></span> <span class='ocrx_word' id='word_1_174' title='bbox 512 2806 570 2852; x_wconf 91' lang='lat' dir='ltr'><strong>et</strong></span> <span class='ocrx_word' id='word_1_175' title='bbox 603 2805 687 2853; x_wconf 89' lang='lat' dir='ltr'><strong>est</strong></span> <span class='ocrx_word' id='word_1_176' title='bbox 712 2813 901 2855; x_wconf 89' lang='lat' dir='ltr'><strong>sensus</strong></span> <span class='ocrx_word' id='word_1_177' title='bbox 943 2810 1003 2857; x_wconf 91' lang='lat' dir='ltr'><strong>ut</strong></span> <span class='ocrx_word' id='word_1_178' title='bbox 1027 2803 1164 2871; x_wconf 88' lang='lat' dir='ltr'><strong>quod</strong></span> <span class='ocrx_word' id='word_1_179' title='bbox 1220 2803 1372 2860; x_wconf 88' lang='lat' dir='ltr'><strong>nobis</strong></span> <span class='ocrx_word' id='word_1_180' title='bbox 1420 2806 1487 2861; x_wconf 90' lang='lat' dir='ltr'><strong>ad</strong></span> <span class='ocrx_word' id='word_1_181' title='bbox 1515 2820 1700 2863; x_wconf 78' lang='lat' dir='ltr'><strong>exem-</strong></span> 
     </span>
    </p>
   </div>
   <div class='ocr_carea' id='block_1_30' title="bbox 144 2881 1700 2967">
    <p class='ocr_par' dir='ltr' id='par_1_30' title="bbox 144 2881 1700 2967">
     <span class='ocr_line' id='line_1_30' title="bbox 144 2881 1700 2967; baseline 0.013 -33"><span class='ocrx_word' id='word_1_182' title='bbox 144 2881 270 2951; x_wconf 89' lang='lat' dir='ltr'><strong>plum</strong></span> <span class='ocrx_word' id='word_1_183' title='bbox 298 2885 487 2940; x_wconf 89' lang='lat' dir='ltr'><strong>datum</strong></span> <span class='ocrx_word' id='word_1_184' title='bbox 541 2897 647 2955; x_wconf 86' lang='lat' dir='ltr'><strong>est,</strong></span> <span class='ocrx_word' id='word_1_185' title='bbox 695 2888 885 2944; x_wconf 86' lang='lat' dir='ltr'><strong>devota</strong></span> <span class='ocrx_word' id='word_1_186' title='bbox 931 2893 1269 2949; x_wconf 66' lang='lat' dir='ltr'><strong>aemulatione</strong></span> <span class='ocrx_word' id='word_1_187' title='bbox 1315 2906 1558 2967; x_wconf 85' lang='lat' dir='ltr'><strong>prompte</strong></span> <span class='ocrx_word' id='word_1_188' title='bbox 1592 2898 1700 2955; x_wconf 88' lang='lat' dir='ltr'><strong>Do-</strong></span> 
     </span>
    </p>
   </div>
   <div class='ocr_carea' id='block_1_31' title="bbox 144 2974 1694 3060">
    <p class='ocr_par' dir='ltr' id='par_1_31' title="bbox 144 2974 1694 3060">
     <span class='ocr_line' id='line_1_31' title="bbox 144 2974 1694 3060; baseline 0.013 -34"><span class='ocrx_word' id='word_1_189' title='bbox 144 2974 269 3029; x_wconf 86' lang='lat' dir='ltr'><strong>mino</strong></span> <span class='ocrx_word' id='word_1_190' title='bbox 292 2986 589 3046; x_wconf 68' lang='lat' dir='ltr'><strong>praestante</strong></span> <span class='ocrx_word' id='word_1_191' title='bbox 620 2978 908 3036; x_wconf 83' lang='lat' dir='ltr'><strong>faciamus.</strong></span> <span class='ocrx_word' id='word_1_192' title='bbox 955 2981 1179 3053; x_wconf 80' lang='lat' dir='ltr'><strong>Aperire</strong></span> <span class='ocrx_word' id='word_1_193' title='bbox 1208 3000 1267 3041; x_wconf 91' lang='lat' dir='ltr'><strong>se</strong></span> <span class='ocrx_word' id='word_1_194' title='bbox 1291 2987 1427 3043; x_wconf 79' lang='lat' dir='ltr'><strong>dixit</strong></span> <span class='ocrx_word' id='word_1_195' title='bbox 1450 2987 1502 3043; x_wconf 91' lang='lat' dir='ltr'><strong>in</strong></span> <span class='ocrx_word' id='word_1_196' title='bbox 1552 2990 1694 3060; x_wconf 87' lang='lat' dir='ltr'><strong>psal-</strong></span> 
     </span>
    </p>
   </div>
   <div class='ocr_carea' id='block_1_32' title="bbox 144 3065 1689 3152">
    <p class='ocr_par' dir='ltr' id='par_1_32' title="bbox 144 3065 1689 3152">
     <span class='ocr_line' id='line_1_32' title="bbox 144 3065 1689 3152; baseline 0.014 -35"><span class='ocrx_word' id='word_1_197' title='bbox 144 3065 258 3119; x_wconf 84' lang='lat' dir='ltr'><strong>terio</strong></span> <span class='ocrx_word' id='word_1_198' title='bbox 304 3069 749 3137; x_wconf 90' lang='lat' dir='ltr'><strong>propositionem,</strong></span> <span class='ocrx_word' id='word_1_199' title='bbox 776 3072 833 3127; x_wconf 89' lang='lat' dir='ltr'><strong>id</strong></span> <span class='ocrx_word' id='word_1_200' title='bbox 875 3081 956 3129; x_wconf 89' lang='lat' dir='ltr'><strong>est</strong></span> <span class='ocrx_word' id='word_1_201' title='bbox 984 3074 1378 3133; x_wconf 88' lang='lat' dir='ltr'><strong>declaraturnm</strong></span> <span class='ocrx_word' id='word_1_202' title='bbox 1426 3092 1689 3152; x_wconf 67' lang='lat' dir='ltr'><strong>praecepta</strong></span> 
     </span>
    </p>
   </div>
   <div class='ocr_carea' id='block_1_33' title="bbox 1718 3117 1764 3180">
    <p class='ocr_par' dir='ltr' id='par_1_33' title="bbox 1718 3117 1764 3180">
     <span class='ocr_line' id='line_1_33' title="bbox 1718 3117 1764 3180; baseline 0 0"><span class='ocrx_word' id='word_1_203' title='bbox 1718 3117 1764 3180; x_wconf 90' lang='lat' dir='ltr'><strong>C</strong></span> 
     </span>
    </p>
   </div>
   <div class='ocr_carea' id='block_1_34' title="bbox 1984 489 3019 573">
    <p class='ocr_par' dir='ltr' id='par_1_34' title="bbox 1984 489 3019 573">
     <span class='ocr_line' id='line_1_34' title="bbox 1984 489 3019 573; baseline 0.025 -28"><span class='ocrx_word' id='word_1_204' title='bbox 1984 489 2111 549; x_wconf 86' lang='lat' dir='ltr'><strong>Non</strong></span> <span class='ocrx_word' id='word_1_205' title='bbox 2137 497 2282 551; x_wconf 83' lang='lat' dir='ltr'><strong>dabit</strong></span> <span class='ocrx_word' id='word_1_206' title='bbox 2304 498 2412 556; x_wconf 84' lang='lat' dir='ltr'><strong>Deo</strong></span> <span class='ocrx_word' id='word_1_207' title='bbox 2440 504 2785 573; x_wconf 86' lang='lat' dir='ltr'><strong>placationem</strong></span> <span class='ocrx_word' id='word_1_208' title='bbox 2825 529 2973 569; x_wconf 79' lang='lat' dir='ltr'><strong>suam</strong></span> <span class='ocrx_word' id='word_1_209' title='bbox 2995 528 3019 571; x_wconf 80' lang='lat'><strong>.‘</strong></span> 
     </span>
    </p>
   </div>
   <div class='ocr_carea' id='block_1_35' title="bbox 1838 670 3406 770">
    <p class='ocr_par' dir='ltr' id='par_1_35' title="bbox 1838 670 3406 770">
     <span class='ocr_line' id='line_1_35' title="bbox 1838 670 3406 770; baseline 0.024 -46"><span class='ocrx_word' id='word_1_210' title='bbox 1838 676 1961 725; x_wconf 85' lang='lat' dir='ltr'><strong>tuus</strong></span> <span class='ocrx_word' id='word_1_211' title='bbox 1990 670 2105 741; x_wconf 89' lang='lat' dir='ltr'><strong>ipse</strong></span> <span class='ocrx_word' id='word_1_212' title='bbox 2151 689 2257 729; x_wconf 92' lang='lat' dir='ltr'><strong>non</strong></span> <span class='ocrx_word' id='word_1_213' title='bbox 2289 683 2545 749; x_wconf 80' lang='lat' dir='ltr'><strong>surrexit,</strong></span> <span class='ocrx_word' id='word_1_214' title='bbox 2583 684 2664 740; x_wconf 83' lang='lat' dir='ltr'><strong>vel</strong></span> <span class='ocrx_word' id='word_1_215' title='bbox 2713 689 2883 746; x_wconf 84' lang='lat' dir='ltr'><strong>frater</strong></span> <span class='ocrx_word' id='word_1_216' title='bbox 2923 710 3030 750; x_wconf 91' lang='lat' dir='ltr'><strong>non</strong></span> <span class='ocrx_word' id='word_1_217' title='bbox 3075 670 3322 770; x_wconf 73' lang='lat' dir='ltr'><strong>redemit,</strong></span> <span class='ocrx_word' id='word_1_218' title='bbox 3353 707 3406 763; x_wconf 92' lang='lat' dir='ltr'><strong>id</strong></span> 
     </span>
    </p>
   </div>
   <div class='ocr_carea' id='block_1_36' title="bbox 1835 759 3402 861">
    <p class='ocr_par' dir='ltr' id='par_1_36' title="bbox 1835 759 3402 861">
     <span class='ocr_line' id='line_1_36' title="bbox 1835 759 3402 861; baseline 0.024 -48"><span class='ocrx_word' id='word_1_219' title='bbox 1835 768 1920 814; x_wconf 90' lang='lat' dir='ltr'><strong>est</strong></span> <span class='ocrx_word' id='word_1_220' title='bbox 1947 759 2179 831; x_wconf 73' lang='lat' dir='ltr'><strong>Moyses.</strong></span> <span class='ocrx_word' id='word_1_221' title='bbox 2211 764 2462 825; x_wconf 85' lang='lat' dir='ltr'><strong>Redimet</strong></span> <span class='ocrx_word' id='word_1_222' title='bbox 2484 771 2664 840; x_wconf 91' lang='lat' dir='ltr'><strong>homo,</strong></span> <span class='ocrx_word' id='word_1_223' title='bbox 2698 776 2750 830; x_wconf 90' lang='lat' dir='ltr'><strong>id</strong></span> <span class='ocrx_word' id='word_1_224' title='bbox 2775 789 2858 833; x_wconf 88' lang='lat' dir='ltr'><strong>est</strong></span> <span class='ocrx_word' id='word_1_225' title='bbox 2878 781 3126 841; x_wconf 80' lang='lat' dir='ltr'><strong>Christus</strong></span> <span class='ocrx_word' id='word_1_226' title='bbox 3152 759 3402 861; x_wconf 58' lang='lat' dir='ltr'><strong>redimet,</strong></span> 
     </span>
    </p>
   </div>
   <div class='ocr_carea' id='block_1_37' title="bbox 1833 851 3405 951">
    <p class='ocr_par' dir='ltr' id='par_1_37' title="bbox 1833 851 3405 951">
     <span class='ocr_line' id='line_1_37' title="bbox 1833 851 3405 951; baseline 0.024 -48"><span class='ocrx_word' id='word_1_227' title='bbox 1833 865 1969 920; x_wconf 90' lang='lat' dir='ltr'><strong>quos</strong></span> <span class='ocrx_word' id='word_1_228' title='bbox 1998 851 2209 925; x_wconf 80' lang='lat' dir='ltr'><strong>Moyses</strong></span> <span class='ocrx_word' id='word_1_229' title='bbox 2238 873 2342 912; x_wconf 93' lang='lat' dir='ltr'><strong>non</strong></span> <span class='ocrx_word' id='word_1_230' title='bbox 2376 861 2623 917; x_wconf 87' lang='lat' dir='ltr'><strong>redemit.</strong></span> <span class='ocrx_word' id='word_1_231' title='bbox 2651 864 2741 921; x_wconf 89' lang='lat' dir='ltr'><strong>Ille</strong></span> <span class='ocrx_word' id='word_1_232' title='bbox 2767 884 2873 924; x_wconf 90' lang='lat' dir='ltr'><strong>non</strong></span> <span class='ocrx_word' id='word_1_233' title='bbox 2897 872 3045 929; x_wconf 88' lang='lat' dir='ltr'><strong>dahit</strong></span> <span class='ocrx_word' id='word_1_234' title='bbox 3069 875 3179 934; x_wconf 90' lang='lat' dir='ltr'><strong>Deo</strong></span> <span class='ocrx_word' id='word_1_235' title='bbox 3223 851 3405 951; x_wconf 58' lang='lat' dir='ltr'><strong>placa:</strong></span> 
     </span>
    </p>
   </div>
   <div class='ocr_carea' id='block_1_38' title="bbox 1833 942 3405 1044">
    <p class='ocr_par' dir='ltr' id='par_1_38' title="bbox 1833 942 3405 1044">
     <span class='ocr_line' id='line_1_38' title="bbox 1833 942 3405 1044; baseline 0.021 -48"><span class='ocrx_word' id='word_1_236' title='bbox 1833 942 2049 1008; x_wconf 89' lang='lat' dir='ltr'><strong>tionem,</strong></span> <span class='ocrx_word' id='word_1_237' title='bbox 2101 948 2192 1016; x_wconf 88' lang='lat' dir='ltr'><strong>qni</strong></span> <span class='ocrx_word' id='word_1_238' title='bbox 2226 965 2329 1004; x_wconf 91' lang='lat' dir='ltr'><strong>non</strong></span> <span class='ocrx_word' id='word_1_239' title='bbox 2374 952 2484 1023; x_wconf 72' lang='lat' dir='ltr'><strong>agit</strong></span> <span class='ocrx_word' id='word_1_240' title='bbox 2513 957 2881 1023; x_wconf 60' lang='lat' dir='ltr'><strong>paenitentiam</strong></span> <span class='ocrx_word' id='word_1_241' title='bbox 2922 981 2936 1018; x_wconf 89' lang='lat'><strong>:</strong></span> <span class='ocrx_word' id='word_1_242' title='bbox 2979 982 3077 1037; x_wconf 89' lang='lat' dir='ltr'><strong>per</strong></span> <span class='ocrx_word' id='word_1_243' title='bbox 3100 942 3257 1038; x_wconf 80' lang='lat' dir='ltr'><strong>quam</strong></span> <span class='ocrx_word' id='word_1_244' title='bbox 3289 974 3405 1044; x_wconf 83' lang='lat' dir='ltr'><strong>pla-</strong></span> 
     </span>
    </p>
   </div>
   <div class='ocr_carea' id='block_1_39' title="bbox 1829 1036 3403 1130">
    <p class='ocr_par' dir='ltr' id='par_1_39' title="bbox 1829 1036 3403 1130">
     <span class='ocr_line' id='line_1_39' title="bbox 1829 1036 3403 1130; baseline 0.022 -40"><span class='ocrx_word' id='word_1_245' title='bbox 1829 1045 1984 1092; x_wconf 88' lang='lat' dir='ltr'><strong>catur</strong></span> <span class='ocrx_word' id='word_1_246' title='bbox 2009 1036 2277 1095; x_wconf 90' lang='lat' dir='ltr'><strong>Christus.</strong></span> <span class='ocrx_word' id='word_1_247' title='bbox 2300 1042 2341 1100; x_wconf 90' lang='lat' dir='ltr'><strong>C</strong></span> <span class='ocrx_word' id='word_1_248' title='bbox 2380 1043 2473 1099; x_wconf 83' lang='lat' dir='ltr'><strong>Vel</strong></span> <span class='ocrx_word' id='word_1_249' title='bbox 2501 1047 2601 1102; x_wconf 87' lang='lat' dir='ltr'><strong>sub</strong></span> <span class='ocrx_word' id='word_1_250' title='bbox 2627 1036 2987 1111; x_wconf 85' lang='lat' dir='ltr'><strong>admiratione</strong></span> <span class='ocrx_word' id='word_1_251' title='bbox 3012 1036 3403 1130; x_wconf 43' lang='lat' dir='ltr'><strong>legendum-est</strong></span> 
     </span>
    </p>
   </div>
   <div class='ocr_carea' id='block_1_40' title="bbox 1827 1124 3402 1212">
    <p class='ocr_par' dir='ltr' id='par_1_40' title="bbox 1827 1124 3402 1212">
     <span class='ocr_line' id='line_1_40' title="bbox 1827 1124 3402 1212; baseline 0.022 -34"><span class='ocrx_word' id='word_1_252' title='bbox 1827 1126 1905 1179; x_wconf 89' lang='lat' dir='ltr'><strong>sic</strong></span> <span class='ocrx_word' id='word_1_253' title='bbox 1932 1143 1945 1179; x_wconf 91' lang='lat'><strong>:</strong></span> <span class='ocrx_word' id='word_1_254' title='bbox 1974 1124 2088 1181; x_wconf 82' lang='lat' dir='ltr'><strong>Non</strong></span> <span class='ocrx_word' id='word_1_255' title='bbox 2120 1130 2459 1188; x_wconf 87' lang='lat' dir='ltr'><strong>redimet.vel</strong></span> <span class='ocrx_word' id='word_1_256' title='bbox 2498 1134 2687 1199; x_wconf 83' lang='lat' dir='ltr'><strong>frater.</strong></span> <span class='ocrx_word' id='word_1_257' title='bbox 2720 1142 2964 1211; x_wconf 83' lang='lat' dir='ltr'><strong>redemit,</strong></span> <span class='ocrx_word' id='word_1_258' title='bbox 3012 1124 3218 1207; x_wconf 77' lang='lat' dir='ltr'><strong>scilicet</strong></span> <span class='ocrx_word' id='word_1_259' title='bbox 3243 1124 3402 1212; x_wconf 38' lang='lat' dir='ltr'><strong>Chrie</strong></span> 
     </span>
    </p>
   </div>
   <div class='ocr_carea' id='block_1_41' title="bbox 1824 1219 3393 1315">
    <p class='ocr_par' dir='ltr' id='par_1_41' title="bbox 1824 1219 3393 1315">
     <span class='ocr_line' id='line_1_41' title="bbox 1824 1219 3393 1315; baseline 0.022 -47"><span class='ocrx_word' id='word_1_260' title='bbox 1824 1225 1962 1282; x_wconf 87' lang='lat' dir='ltr'><strong>stus,</strong></span> <span class='ocrx_word' id='word_1_261' title='bbox 1991 1219 2231 1283; x_wconf 88' lang='lat' dir='ltr'><strong>redimet,</strong></span> <span class='ocrx_word' id='word_1_262' title='bbox 2271 1223 2542 1281; x_wconf 88' lang='lat' dir='ltr'><strong>scilicetne</strong></span> <span class='ocrx_word' id='word_1_263' title='bbox 2560 1227 2752 1284; x_wconf 85' lang='lat' dir='ltr'><strong>homo?</strong></span> <span class='ocrx_word' id='word_1_264' title='bbox 2774 1234 2978 1291; x_wconf 77' lang='lat' dir='ltr'><strong>scilicet</strong></span> <span class='ocrx_word' id='word_1_265' title='bbox 3001 1238 3208 1297; x_wconf 84' lang='lat' dir='ltr'><strong>Adam:</strong></span> <span class='ocrx_word' id='word_1_266' title='bbox 3240 1247 3393 1315; x_wconf 83' lang='lat' dir='ltr'><strong>quasi</strong></span> 
     </span>
    </p>
   </div>
   <div class='ocr_carea' id='block_1_42' title="bbox 1823 1302 3390 1395">
    <p class='ocr_par' dir='ltr' id='par_1_42' title="bbox 1823 1302 3390 1395">
     <span class='ocr_line' id='line_1_42' title="bbox 1823 1302 3390 1395; baseline 0.02 -38"><span class='ocrx_word' id='word_1_267' title='bbox 1823 1302 2047 1371; x_wconf 89' lang='lat' dir='ltr'><strong>diceret,</strong></span> <span class='ocrx_word' id='word_1_268' title='bbox 2071 1307 2113 1361; x_wconf 90' lang='lat' dir='ltr'><strong>si</strong></span> <span class='ocrx_word' id='word_1_269' title='bbox 2139 1307 2384 1365; x_wconf 87' lang='lat' dir='ltr'><strong>Christus</strong></span> <span class='ocrx_word' id='word_1_270' title='bbox 2426 1328 2529 1367; x_wconf 91' lang='lat' dir='ltr'><strong>non</strong></span> <span class='ocrx_word' id='word_1_271' title='bbox 2561 1317 2785 1374; x_wconf 83' lang='lat' dir='ltr'><strong>redemit</strong></span> <span class='ocrx_word' id='word_1_272' title='bbox 2818 1323 2898 1377; x_wconf 85' lang='lat' dir='ltr'><strong>vel</strong></span> <span class='ocrx_word' id='word_1_273' title='bbox 2947 1327 3191 1395; x_wconf 81' lang='lat' dir='ltr'><strong>redimet,</strong></span> <span class='ocrx_word' id='word_1_274' title='bbox 3233 1302 3390 1389; x_wconf 66' lang='lat' dir='ltr'><strong>uento</strong></span> 
     </span>
    </p>
   </div>
   <div class='ocr_carea' id='block_1_43' title="bbox 1822 1394 3395 1489">
    <p class='ocr_par' dir='ltr' id='par_1_43' title="bbox 1822 1394 3395 1489">
     <span class='ocr_line' id='line_1_43' title="bbox 1822 1394 3395 1489; baseline 0.02 -43"><span class='ocrx_word' id='word_1_275' title='bbox 1822 1394 2071 1460; x_wconf 72' lang='lat' dir='ltr'><strong>redimet,</strong></span> <span class='ocrx_word' id='word_1_276' title='bbox 2102 1397 2242 1452; x_wconf 90' lang='lat' dir='ltr'><strong>unde</strong></span> <span class='ocrx_word' id='word_1_277' title='bbox 2301 1402 2546 1471; x_wconf 71' lang='lat' dir='ltr'><strong>negative</strong></span> <span class='ocrx_word' id='word_1_278' title='bbox 2578 1404 2883 1475; x_wconf 73' lang='lat' dir='ltr'><strong>legendum.</strong></span> <span class='ocrx_word' id='word_1_279' title='bbox 2939 1411 3055 1468; x_wconf 77' lang='lat' dir='ltr'><strong>Non</strong></span> <span class='ocrx_word' id='word_1_280' title='bbox 3088 1394 3235 1473; x_wconf 85' lang='lat' dir='ltr'><strong>dabit</strong></span> <span class='ocrx_word' id='word_1_281' title='bbox 3263 1422 3395 1489; x_wconf 84' lang='lat' dir='ltr'><strong>Deo,</strong></span> 
     </span>
    </p>
   </div>
   <div class='ocr_carea' id='block_1_44' title="bbox 1819 1485 2325 1551">
    <p class='ocr_par' dir='ltr' id='par_1_44' title="bbox 1819 1485 2325 1551">
     <span class='ocr_line' id='line_1_44' title="bbox 1819 1485 2325 1551; baseline 0.012 -13"><span class='ocrx_word' id='word_1_282' title='bbox 1819 1494 1950 1551; x_wconf 86' lang='lat' dir='ltr'><strong>etc.,</strong></span> <span class='ocrx_word' id='word_1_283' title='bbox 1984 1485 2123 1541; x_wconf 87' lang='lat' dir='ltr'><strong>ullus</strong></span> <span class='ocrx_word' id='word_1_284' title='bbox 2145 1487 2325 1544; x_wconf 86' lang='lat' dir='ltr'><strong>homo.</strong></span> 
     </span>
    </p>
   </div>
   <div class='ocr_carea' id='block_1_45' title="bbox 1853 1596 3050 1677">
    <p class='ocr_par' dir='ltr' id='par_1_45' title="bbox 1853 1596 3050 1677">
     <span class='ocr_line' id='line_1_45' title="bbox 1853 1596 3050 1677; baseline 0.02 -27"><span class='ocrx_word' id='word_1_285' title='bbox 1853 1596 1888 1652; x_wconf 89' lang='lat'><strong>8</strong></span> <span class='ocrx_word' id='word_1_286' title='bbox 1958 1597 2027 1653; x_wconf 87' lang='lat' dir='ltr'><strong>Et</strong></span> <span class='ocrx_word' id='word_1_287' title='bbox 2047 1601 2269 1669; x_wconf 83' lang='lat' dir='ltr'><strong>pretium</strong></span> <span class='ocrx_word' id='word_1_288' title='bbox 2294 1605 2660 1677; x_wconf 78' lang='lat' dir='ltr'><strong>redemptionis</strong></span> <span class='ocrx_word' id='word_1_289' title='bbox 2682 1615 2873 1670; x_wconf 69' lang='lat' dir='ltr'><strong>anima.-</strong></span> <span class='ocrx_word' id='word_1_290' title='bbox 2896 1633 3012 1673; x_wconf 76' lang='lat' dir='ltr'><strong>sure</strong></span> <span class='ocrx_word' id='word_1_291' title='bbox 3035 1658 3050 1673; x_wconf 92' lang='lat'><strong>.</strong></span> 
     </span>
    </p>
   </div>
   <div class='ocr_carea' id='block_1_46' title="bbox 1956 1688 3393 1781">
    <p class='ocr_par' dir='ltr' id='par_1_46' title="bbox 1956 1688 3393 1781">
     <span class='ocr_line' id='line_1_46' title="bbox 1956 1688 3393 1781; baseline 0.024 -39"><span class='ocrx_word' id='word_1_292' title='bbox 1956 1688 2027 1744; x_wconf 83' lang='lat' dir='ltr'><strong>Et</strong></span> <span class='ocrx_word' id='word_1_293' title='bbox 2070 1692 2326 1750; x_wconf 82' lang='lat' dir='ltr'><strong>laborabit</strong></span> <span class='ocrx_word' id='word_1_294' title='bbox 2370 1712 2421 1750; x_wconf 79' lang='lat' dir='ltr'><strong>tu</strong></span> <span class='ocrx_word' id='word_1_295' title='bbox 2458 1710 2719 1757; x_wconf 70' lang='lat' dir='ltr'><strong>aeternum</strong></span> <span class='ocrx_word' id='word_1_296' title='bbox 2764 1715 2812 1759; x_wconf 78' lang='lat' dir='ltr'><strong>et</strong></span> <span class='ocrx_word' id='word_1_297' title='bbox 2855 1710 2980 1764; x_wconf 76' lang='lat' dir='ltr'><strong>viret</strong></span> <span class='ocrx_word' id='word_1_298' title='bbox 3007 1715 3311 1781; x_wconf 55' lang='lat' dir='ltr'><strong>Xadbuc:</strong></span> <span class='ocrx_word' id='word_1_299' title='bbox 3336 1720 3393 1777; x_wconf 86' lang='lat' dir='ltr'><strong>in</strong></span> 
     </span>
    </p>
   </div>
   <div class='ocr_carea' id='block_1_47' title="bbox 2022 1784 2201 1851">
    <p class='ocr_par' dir='ltr' id='par_1_47' title="bbox 2022 1784 2201 1851">
     <span class='ocr_line' id='line_1_47' title="bbox 2022 1784 2201 1851; baseline 0.028 -14"><span class='ocrx_word' id='word_1_300' title='bbox 2022 1784 2201 1851; x_wconf 81' lang='lat' dir='ltr'><strong>linem.</strong></span> 
     </span>
    </p>
   </div>
   <div class='ocr_carea' id='block_1_48' title="bbox 1849 1870 3391 1968">
    <p class='ocr_par' dir='ltr' id='par_1_48' title="bbox 1849 1870 3391 1968">
     <span class='ocr_line' id='line_1_48' title="bbox 1849 1870 3391 1968; baseline 0.02 -39"><span class='ocrx_word' id='word_1_301' title='bbox 1849 1870 1882 1929; x_wconf 82' lang='lat'><strong>9</strong></span> <span class='ocrx_word' id='word_1_302' title='bbox 1954 1870 2080 1929; x_wconf 83' lang='lat' dir='ltr'><strong>Non</strong></span> <span class='ocrx_word' id='word_1_303' title='bbox 2111 1878 2294 1934; x_wconf 75' lang='lat' dir='ltr'><strong>uidebit</strong></span> <span class='ocrx_word' id='word_1_304' title='bbox 2309 1882 2583 1939; x_wconf 78' lang='lat' dir='ltr'><strong>interitum</strong></span> <span class='ocrx_word' id='word_1_305' title='bbox 2607 1904 2725 1943; x_wconf 80' lang='lat' dir='ltr'><strong>cum</strong></span> <span class='ocrx_word' id='word_1_306' title='bbox 2753 1892 2935 1948; x_wconf 70' lang='lat' dir='ltr'><strong>viderit</strong></span> <span class='ocrx_word' id='word_1_307' title='bbox 2979 1900 3238 1968; x_wconf 77' lang='lat' dir='ltr'><strong>sapientes</strong></span> <span class='ocrx_word' id='word_1_308' title='bbox 3278 1921 3391 1959; x_wconf 83' lang='lat' dir='ltr'><strong>mo-</strong></span> 
     </span>
    </p>
   </div>
   <div class='ocr_carea' id='block_1_49' title="bbox 2018 1970 2267 2028">
    <p class='ocr_par' dir='ltr' id='par_1_49' title="bbox 2018 1970 2267 2028">
     <span class='ocr_line' id='line_1_49' title="bbox 2018 1970 2267 2028; baseline 0.028 -7"><span class='ocrx_word' id='word_1_309' title='bbox 2018 1970 2219 2026; x_wconf 69' lang='lat' dir='ltr'><strong>rientes</strong></span> <span class='ocrx_word' id='word_1_310' title='bbox 2245 1989 2267 2028; x_wconf 81' lang='lat'><strong>.&#39;</strong></span> 
     </span>
    </p>
   </div>
   <div class='ocr_carea' id='block_1_50' title="bbox 1950 2063 2952 2145">
    <p class='ocr_par' dir='ltr' id='par_1_50' title="bbox 1950 2063 2952 2145">
     <span class='ocr_line' id='line_1_50' title="bbox 1950 2063 2952 2145; baseline 0.02 -29"><span class='ocrx_word' id='word_1_311' title='bbox 1950 2063 2124 2118; x_wconf 67' lang='lat' dir='ltr'><strong>Simul</strong></span> <span class='ocrx_word' id='word_1_312' title='bbox 2146 2067 2391 2137; x_wconf 84' lang='lat' dir='ltr'><strong>insipiens</strong></span> <span class='ocrx_word' id='word_1_313' title='bbox 2411 2082 2459 2127; x_wconf 84' lang='lat' dir='ltr'><strong>et</strong></span> <span class='ocrx_word' id='word_1_314' title='bbox 2479 2073 2673 2131; x_wconf 73' lang='lat' dir='ltr'><strong>stultus</strong></span> <span class='ocrx_word' id='word_1_315' title='bbox 2693 2079 2952 2145; x_wconf 78' lang='lat' dir='ltr'><strong>peribunt.</strong></span> 
     </span>
    </p>
   </div>
   <div class='ocr_carea' id='block_1_51' title="bbox 1877 2152 3389 2238">
    <p class='ocr_par' dir='ltr' id='par_1_51' title="bbox 1877 2152 3389 2238">
     <span class='ocr_line' id='line_1_51' title="bbox 1877 2152 3389 2238; baseline 0.021 -31"><span class='ocrx_word' id='word_1_316' title='bbox 1877 2152 1924 2208; x_wconf 85' lang='lat' dir='ltr'><strong>li</strong></span> <span class='ocrx_word' id='word_1_317' title='bbox 1962 2155 2028 2208; x_wconf 74' lang='lat' dir='ltr'><strong>Et</strong></span> <span class='ocrx_word' id='word_1_318' title='bbox 2054 2159 2285 2225; x_wconf 78' lang='lat' dir='ltr'><strong>pretium</strong></span> <span class='ocrx_word' id='word_1_319' title='bbox 2336 2164 2757 2232; x_wconf 81' lang='lat' dir='ltr'><strong>redemptionis:</strong></span> <span class='ocrx_word' id='word_1_320' title='bbox 2812 2173 3133 2232; x_wconf 86' lang='lat' dir='ltr'><strong>subauditur</strong></span> <span class='ocrx_word' id='word_1_321' title='bbox 3157 2194 3264 2234; x_wconf 89' lang='lat' dir='ltr'><strong>non</strong></span> <span class='ocrx_word' id='word_1_322' title='bbox 3292 2181 3389 2238; x_wconf 86' lang='lat' dir='ltr'><strong>da-</strong></span> 
     </span>
    </p>
   </div>
   <div class='ocr_carea' id='block_1_52' title="bbox 1805 2241 3384 2336">
    <p class='ocr_par' dir='ltr' id='par_1_52' title="bbox 1805 2241 3384 2336">
     <span class='ocr_line' id='line_1_52' title="bbox 1805 2241 3384 2336; baseline 0.022 -43"><span class='ocrx_word' id='word_1_323' title='bbox 1805 2241 1902 2305; x_wconf 87' lang='lat' dir='ltr'><strong>bit,</strong></span> <span class='ocrx_word' id='word_1_324' title='bbox 1935 2243 2062 2313; x_wconf 88' lang='lat' dir='ltr'><strong>quia</strong></span> <span class='ocrx_word' id='word_1_325' title='bbox 2113 2261 2219 2301; x_wconf 89' lang='lat' dir='ltr'><strong>non</strong></span> <span class='ocrx_word' id='word_1_326' title='bbox 2241 2248 2379 2304; x_wconf 85' lang='lat' dir='ltr'><strong>fecit</strong></span> <span class='ocrx_word' id='word_1_327' title='bbox 2423 2253 2790 2327; x_wconf 78' lang='lat' dir='ltr'><strong>elemosynam</strong></span> <span class='ocrx_word' id='word_1_328' title='bbox 2821 2275 2919 2329; x_wconf 87' lang='lat' dir='ltr'><strong>per</strong></span> <span class='ocrx_word' id='word_1_329' title='bbox 2955 2278 3116 2332; x_wconf 87' lang='lat' dir='ltr'><strong>quam</strong></span> <span class='ocrx_word' id='word_1_330' title='bbox 3161 2282 3384 2336; x_wconf 84' lang='lat' dir='ltr'><strong>peccata</strong></span> 
     </span>
    </p>
   </div>
   <div class='ocr_carea' id='block_1_53' title="bbox 1805 2331 3356 2430">
    <p class='ocr_par' dir='ltr' id='par_1_53' title="bbox 1805 2331 3356 2430">
     <span class='ocr_line' id='line_1_53' title="bbox 1805 2331 3356 2430; baseline 0.019 -43"><span class='ocrx_word' id='word_1_331' title='bbox 1805 2331 2072 2388; x_wconf 81' lang='lat' dir='ltr'><strong>delentur.</strong></span> <span class='ocrx_word' id='word_1_332' title='bbox 2101 2334 2394 2393; x_wconf 83' lang='lat' dir='ltr'><strong>Lahorabit</strong></span> <span class='ocrx_word' id='word_1_333' title='bbox 2431 2344 2486 2397; x_wconf 88' lang='lat' dir='ltr'><strong>in</strong></span> <span class='ocrx_word' id='word_1_334' title='bbox 2529 2354 2817 2416; x_wconf 64' lang='lat' dir='ltr'><strong>aeternum,</strong></span> <span class='ocrx_word' id='word_1_335' title='bbox 2850 2353 2905 2405; x_wconf 88' lang='lat' dir='ltr'><strong>in</strong></span> <span class='ocrx_word' id='word_1_336' title='bbox 2943 2331 3226 2415; x_wconf 75' lang='lat' dir='ltr'><strong>tormentis</strong></span> <span class='ocrx_word' id='word_1_337' title='bbox 3257 2377 3356 2430; x_wconf 89' lang='lat' dir='ltr'><strong>per</strong></span> 
     </span>
    </p>
   </div>
   <div class='ocr_carea' id='block_1_54' title="bbox 1796 2424 3383 2510">
    <p class='ocr_par' dir='ltr' id='par_1_54' title="bbox 1796 2424 3383 2510">
     <span class='ocr_line' id='line_1_54' title="bbox 1796 2424 3383 2510; baseline 0.019 -33"><span class='ocrx_word' id='word_1_338' title='bbox 1796 2424 1978 2492; x_wconf 77' lang='lat' dir='ltr'><strong>petitis</strong></span> <span class='ocrx_word' id='word_1_339' title='bbox 2003 2427 2230 2495; x_wconf 87' lang='lat' dir='ltr'><strong>positus,</strong></span> <span class='ocrx_word' id='word_1_340' title='bbox 2263 2439 2318 2485; x_wconf 90' lang='lat' dir='ltr'><strong>et</strong></span> <span class='ocrx_word' id='word_1_341' title='bbox 2342 2431 2483 2486; x_wconf 82' lang='lat' dir='ltr'><strong>vivet</strong></span> <span class='ocrx_word' id='word_1_342' title='bbox 2513 2433 2566 2489; x_wconf 92' lang='lat' dir='ltr'><strong>in</strong></span> <span class='ocrx_word' id='word_1_343' title='bbox 2598 2436 2782 2504; x_wconf 67' lang='lat' dir='ltr'><strong>ﬁniant,</strong></span> <span class='ocrx_word' id='word_1_344' title='bbox 2812 2443 2939 2510; x_wconf 87' lang='lat' dir='ltr'><strong>quia</strong></span> <span class='ocrx_word' id='word_1_345' title='bbox 2966 2458 3072 2499; x_wconf 74' lang='lat' dir='ltr'><strong>non</strong></span> <span class='ocrx_word' id='word_1_346' title='bbox 3123 2424 3383 2507; x_wconf 70' lang='lat' dir='ltr'><strong>interlici-</strong></span> 
     </span>
    </p>
   </div>
   <div class='ocr_carea' id='block_1_55' title="bbox 1804 2517 2932 2598">
    <p class='ocr_par' dir='ltr' id='par_1_55' title="bbox 1804 2517 2932 2598">
     <span class='ocr_line' id='line_1_55' title="bbox 1804 2517 2932 2598; baseline 0.017 -29"><span class='ocrx_word' id='word_1_347' title='bbox 1804 2524 1913 2581; x_wconf 90' lang='lat' dir='ltr'><strong>tur,</strong></span> <span class='ocrx_word' id='word_1_348' title='bbox 1938 2517 2032 2573; x_wconf 91' lang='lat' dir='ltr'><strong>sed</strong></span> <span class='ocrx_word' id='word_1_349' title='bbox 2059 2532 2274 2589; x_wconf 86' lang='lat' dir='ltr'><strong>semper</strong></span> <span class='ocrx_word' id='word_1_350' title='bbox 2297 2532 2583 2592; x_wconf 82' lang='lat' dir='ltr'><strong>reparatur</strong></span> <span class='ocrx_word' id='word_1_351' title='bbox 2607 2527 2674 2582; x_wconf 87' lang='lat' dir='ltr'><strong>ad</strong></span> <span class='ocrx_word' id='word_1_352' title='bbox 2695 2544 2932 2598; x_wconf 66' lang='lat' dir='ltr'><strong>pinnam.</strong></span> 
     </span>
    </p>
   </div>
   <div class='ocr_carea' id='block_1_56' title="bbox 1871 2604 3377 2704">
    <p class='ocr_par' dir='ltr' id='par_1_56' title="bbox 1871 2604 3377 2704">
     <span class='ocr_line' id='line_1_56' title="bbox 1871 2604 3377 2704; baseline 0.019 -44"><span class='ocrx_word' id='word_1_353' title='bbox 1871 2604 1916 2660; x_wconf 80' lang='grc' dir='ltr'><strong><em>Η</em></strong></span> <span class='ocrx_word' id='word_1_354' title='bbox 1958 2605 2073 2662; x_wconf 76' lang='lat' dir='ltr'><strong>Non</strong></span> <span class='ocrx_word' id='word_1_355' title='bbox 2126 2609 2330 2666; x_wconf 84' lang='lat' dir='ltr'><strong>videbit</strong></span> <span class='ocrx_word' id='word_1_356' title='bbox 2370 2613 2668 2683; x_wconf 90' lang='lat' dir='ltr'><strong>interitum,</strong></span> <span class='ocrx_word' id='word_1_357' title='bbox 2711 2620 2813 2676; x_wconf 89' lang='lat' dir='ltr'><strong>hoe</strong></span> <span class='ocrx_word' id='word_1_358' title='bbox 2844 2632 2950 2688; x_wconf 87' lang='lat' dir='ltr'><strong>est,</strong></span> <span class='ocrx_word' id='word_1_359' title='bbox 2978 2640 3084 2681; x_wconf 84' lang='lat' dir='ltr'><strong>non</strong></span> <span class='ocrx_word' id='word_1_360' title='bbox 3121 2628 3377 2704; x_wconf 72' lang='lat' dir='ltr'><strong>intelligit</strong></span> 
     </span>
    </p>
   </div>
   <div class='ocr_carea' id='block_1_57' title="bbox 1798 2694 3375 2778">
    <p class='ocr_par' dir='ltr' id='par_1_57' title="bbox 1798 2694 3375 2778">
     <span class='ocr_line' id='line_1_57' title="bbox 1798 2694 3375 2778; baseline 0.018 -29"><span class='ocrx_word' id='word_1_361' title='bbox 1798 2694 1901 2751; x_wconf 86' lang='lat' dir='ltr'><strong>sibi</strong></span> <span class='ocrx_word' id='word_1_362' title='bbox 1952 2698 2241 2756; x_wconf 88' lang='lat' dir='ltr'><strong>imminere</strong></span> <span class='ocrx_word' id='word_1_363' title='bbox 2278 2711 2571 2761; x_wconf 89' lang='lat' dir='ltr'><strong>tormenta.</strong></span> <span class='ocrx_word' id='word_1_364' title='bbox 2616 2706 2750 2764; x_wconf 90' lang='lat' dir='ltr'><strong>Cum</strong></span> <span class='ocrx_word' id='word_1_365' title='bbox 2788 2712 2985 2769; x_wconf 89' lang='lat' dir='ltr'><strong>viderit</strong></span> <span class='ocrx_word' id='word_1_366' title='bbox 3019 2694 3375 2778; x_wconf 47' lang='lat' dir='ltr'><strong>noniiuemvin</strong></span> 
     </span>
    </p>
   </div>
   <div class='ocr_carea' id='block_1_58' title="bbox 1798 2784 3375 2884">
    <p class='ocr_par' dir='ltr' id='par_1_58' title="bbox 1798 2784 3375 2884">
     <span class='ocr_line' id='line_1_58' title="bbox 1798 2784 3375 2884; baseline 0.02 -44"><span class='ocrx_word' id='word_1_367' title='bbox 1798 2784 1910 2842; x_wconf 88' lang='lat' dir='ltr'><strong>Deo</strong></span> <span class='ocrx_word' id='word_1_368' title='bbox 1939 2790 2258 2860; x_wconf 90' lang='lat' dir='ltr'><strong>sapientem,</strong></span> <span class='ocrx_word' id='word_1_369' title='bbox 2292 2796 2359 2851; x_wconf 91' lang='lat' dir='ltr'><strong>ab</strong></span> <span class='ocrx_word' id='word_1_370' title='bbox 2405 2797 2506 2852; x_wconf 90' lang='lat' dir='ltr'><strong>hoc</strong></span> <span class='ocrx_word' id='word_1_371' title='bbox 2531 2801 2731 2856; x_wconf 81' lang='lat' dir='ltr'><strong>mundo</strong></span> <span class='ocrx_word' id='word_1_372' title='bbox 2769 2802 3024 2874; x_wconf 74' lang='lat' dir='ltr'><strong>migrare,</strong></span> <span class='ocrx_word' id='word_1_373' title='bbox 3052 2808 3203 2877; x_wconf 88' lang='lat' dir='ltr'><strong>dicit,</strong></span> <span class='ocrx_word' id='word_1_374' title='bbox 3243 2816 3375 2884; x_wconf 89' lang='lat' dir='ltr'><strong>quid</strong></span> 
     </span>
    </p>
   </div>
   <div class='ocr_carea' id='block_1_59' title="bbox 1798 2877 3367 2971">
    <p class='ocr_par' dir='ltr' id='par_1_59' title="bbox 1798 2877 3367 2971">
     <span class='ocr_line' id='line_1_59' title="bbox 1798 2877 3367 2971; baseline 0.017 -40"><span class='ocrx_word' id='word_1_375' title='bbox 1798 2877 1923 2934; x_wconf 89' lang='lat' dir='ltr'><strong>huic</strong></span> <span class='ocrx_word' id='word_1_376' title='bbox 1963 2880 2187 2951; x_wconf 87' lang='lat' dir='ltr'><strong>jejunia,</strong></span> <span class='ocrx_word' id='word_1_377' title='bbox 2230 2884 2356 2953; x_wconf 86' lang='lat' dir='ltr'><strong>quid</strong></span> <span class='ocrx_word' id='word_1_378' title='bbox 2415 2889 2665 2956; x_wconf 88' lang='lat' dir='ltr'><strong>castitas,</strong></span> <span class='ocrx_word' id='word_1_379' title='bbox 2693 2893 2820 2960; x_wconf 89' lang='lat' dir='ltr'><strong>quid</strong></span> <span class='ocrx_word' id='word_1_380' title='bbox 2861 2894 3183 2969; x_wconf 77' lang='lat' dir='ltr'><strong>elemosyna:</strong></span> <span class='ocrx_word' id='word_1_381' title='bbox 3241 2877 3367 2971; x_wconf 76' lang='lat' dir='ltr'><strong>pro-</strong></span> 
     </span>
    </p>
   </div>
   <div class='ocr_carea' id='block_1_60' title="bbox 1796 2970 3368 3060">
    <p class='ocr_par' dir='ltr' id='par_1_60' title="bbox 1796 2970 3368 3060">
     <span class='ocr_line' id='line_1_60' title="bbox 1796 2970 3368 3060; baseline 0.016 -35"><span class='ocrx_word' id='word_1_382' title='bbox 1796 2970 2034 3038; x_wconf 88' lang='lat' dir='ltr'><strong>fuerunt,</strong></span> <span class='ocrx_word' id='word_1_383' title='bbox 2064 2989 2241 3031; x_wconf 81' lang='lat' dir='ltr'><strong>nonne</strong></span> <span class='ocrx_word' id='word_1_384' title='bbox 2264 2986 2321 3032; x_wconf 89' lang='lat' dir='ltr'><strong>et</strong></span> <span class='ocrx_word' id='word_1_385' title='bbox 2352 2977 2467 3048; x_wconf 83' lang='lat' dir='ltr'><strong>ipse</strong></span> <span class='ocrx_word' id='word_1_386' title='bbox 2512 2990 2756 3038; x_wconf 85' lang='lat' dir='ltr'><strong>mortuus</strong></span> <span class='ocrx_word' id='word_1_387' title='bbox 2783 2993 2868 3039; x_wconf 92' lang='lat' dir='ltr'><strong>est</strong></span> <span class='ocrx_word' id='word_1_388' title='bbox 2895 2986 2918 3040; x_wconf 76' lang='grc' dir='ltr'><em>ἳ</em></span> <span class='ocrx_word' id='word_1_389' title='bbox 2943 2974 3070 3045; x_wconf 76' lang='lat' dir='ltr'><strong>Tale</strong></span> <span class='ocrx_word' id='word_1_390' title='bbox 3113 2970 3368 3060; x_wconf 85' lang='lat' dir='ltr'><strong>quiddam</strong></span> 
     </span>
    </p>
   </div>
   <div class='ocr_carea' id='block_1_61' title="bbox 1797 3062 3373 3143">
    <p class='ocr_par' dir='ltr' id='par_1_61' title="bbox 1797 3062 3373 3143">
     <span class='ocr_line' id='line_1_61' title="bbox 1797 3062 3373 3143; baseline 0.016 -27"><span class='ocrx_word' id='word_1_391' title='bbox 1797 3062 2142 3134; x_wconf 80' lang='lat' dir='ltr'><strong>Redemptori</strong></span> <span class='ocrx_word' id='word_1_392' title='bbox 2169 3074 2352 3124; x_wconf 89' lang='lat' dir='ltr'><strong>nostro</strong></span> <span class='ocrx_word' id='word_1_393' title='bbox 2372 3068 2539 3126; x_wconf 66' lang='lat' dir='ltr'><strong>Judaei</strong></span> <span class='ocrx_word' id='word_1_394' title='bbox 2570 3073 2890 3133; x_wconf 89' lang='lat' dir='ltr'><strong>insultantes</strong></span> <span class='ocrx_word' id='word_1_395' title='bbox 2913 3079 3161 3137; x_wconf 71' lang='lat' dir='ltr'><strong>dicebant</strong></span> <span class='ocrx_word' id='word_1_396' title='bbox 3187 3102 3200 3138; x_wconf 88' lang='lat'><strong>:</strong></span> <span class='ocrx_word' id='word_1_397' title='bbox 3226 3085 3373 3143; x_wconf 65' lang='lat' dir='ltr'><strong>Nun-</strong></span> 
     </span>
    </p>
   </div>
   <div class='ocr_carea' id='block_1_62' title="bbox 140 3154 3370 3252">
    <p class='ocr_par' dir='ltr' id='par_1_62' title="bbox 140 3154 3370 3252">
     <span class='ocr_line' id='line_1_62' title="bbox 140 3154 3370 3252; baseline 0.014 -44"><span class='ocrx_word' id='word_1_398' title='bbox 140 3154 417 3212; x_wconf 83' lang='lat' dir='ltr'><strong>divinitatis</strong></span> <span class='ocrx_word' id='word_1_399' title='bbox 467 3158 520 3213; x_wconf 91' lang='lat' dir='ltr'><strong>in</strong></span> <span class='ocrx_word' id='word_1_400' title='bbox 575 3160 867 3218; x_wconf 88' lang='lat' dir='ltr'><strong>sanctitate</strong></span> <span class='ocrx_word' id='word_1_401' title='bbox 892 3165 1100 3234; x_wconf 89' lang='lat' dir='ltr'><strong>proprii</strong></span> <span class='ocrx_word' id='word_1_402' title='bbox 1153 3167 1416 3236; x_wconf 88' lang='lat' dir='ltr'><strong>corporis,</strong></span> <span class='ocrx_word' id='word_1_403' title='bbox 1462 3178 1521 3224; x_wconf 94' lang='lat' dir='ltr'><strong>ut</strong></span> <span class='ocrx_word' id='word_1_404' title='bbox 1566 3187 1692 3242; x_wconf 84' lang='lat' dir='ltr'><strong>pro-</strong></span> <span class='ocrx_word' id='word_1_405' title='bbox 1718 3154 1764 3180; x_wconf 60' lang='grc' dir='ltr'>υ</span> <span class='ocrx_word' id='word_1_406' title='bbox 1794 3154 1921 3252; x_wconf 44' lang='lat' dir='ltr'><strong>Quid</strong></span> <span class='ocrx_word' id='word_1_407' title='bbox 1948 3157 2206 3252; x_wconf 40' lang='lat' dir='ltr'><strong>William</strong></span> <span class='ocrx_word' id='word_1_408' title='bbox 2229 3175 2290 3216; x_wconf 71' lang='grc'><em>⁸⁵</em></span> <span class='ocrx_word' id='word_1_409' title='bbox 2315 3171 2468 3231; x_wconf 65' lang='grc' dir='ltr'><strong>Ρθίτθ</strong></span> <span class='ocrx_word' id='word_1_410' title='bbox 2492 3174 2679 3222; x_wconf 68' lang='grc' dir='ltr'><strong>ηοδιτο</strong></span> <span class='ocrx_word' id='word_1_411' title='bbox 2704 3167 2974 3227; x_wconf 56' lang='lat' dir='ltr'><strong>Abraham</strong></span> <span class='ocrx_word' id='word_1_412' title='bbox 3004 3172 3183 3244; x_wconf 58' lang='lat' dir='ltr'><strong>(10-m-</strong></span> <span class='ocrx_word' id='word_1_413' title='bbox 3214 3179 3370 3252; x_wconf 65' lang='lat' dir='ltr'><strong>Vl&quot;)?</strong></span> 
     </span>
    </p>
   </div>
   <div class='ocr_carea' id='block_1_63' title="bbox 136 3244 1688 3325">
    <p class='ocr_par' dir='ltr' id='par_1_63' title="bbox 136 3244 1688 3325">
     <span class='ocr_line' id='line_1_63' title="bbox 136 3244 1688 3325; baseline 0.012 -27"><span class='ocrx_word' id='word_1_414' title='bbox 136 3244 338 3301; x_wconf 83' lang='lat' dir='ltr'><strong>haretur</strong></span> <span class='ocrx_word' id='word_1_415' title='bbox 368 3247 565 3304; x_wconf 88' lang='lat' dir='ltr'><strong>docere</strong></span> <span class='ocrx_word' id='word_1_416' title='bbox 589 3252 756 3306; x_wconf 88' lang='lat' dir='ltr'><strong>verbo</strong></span> <span class='ocrx_word' id='word_1_417' title='bbox 792 3261 855 3307; x_wconf 82' lang='lat' dir='ltr'><strong>et</strong></span> <span class='ocrx_word' id='word_1_418' title='bbox 903 3255 1161 3325; x_wconf 79' lang='lat' dir='ltr'><strong>exemplo.</strong></span> <span class='ocrx_word' id='word_1_419' title='bbox 1195 3255 1515 3314; x_wconf 76' lang='lat' dir='ltr'><strong>Psalterium</strong></span> <span class='ocrx_word' id='word_1_420' title='bbox 1544 3261 1688 3316; x_wconf 90' lang='lat' dir='ltr'><strong>enim</strong></span> 
     </span>
    </p>
   </div>
   <div class='ocr_carea' id='block_1_64' title="bbox 136 3332 1689 3412">
    <p class='ocr_par' dir='ltr' id='par_1_64' title="bbox 136 3332 1689 3412">
     <span class='ocr_line' id='line_1_64' title="bbox 136 3332 1689 3412; baseline 0.013 -25"><span class='ocrx_word' id='word_1_421' title='bbox 136 3332 281 3401; x_wconf 81' lang='lat' dir='ltr'><strong>(sicut</strong></span> <span class='ocrx_word' id='word_1_422' title='bbox 307 3350 451 3405; x_wconf 71' lang='lat' dir='ltr'><strong>smpe</strong></span> <span class='ocrx_word' id='word_1_423' title='bbox 488 3335 746 3410; x_wconf 80' lang='lat' dir='ltr'><strong>diximus)</strong></span> <span class='ocrx_word' id='word_1_424' title='bbox 769 3343 1009 3412; x_wconf 84' lang='lat' dir='ltr'><strong>corporis</strong></span> <span class='ocrx_word' id='word_1_425' title='bbox 1033 3344 1245 3400; x_wconf 76' lang='lat' dir='ltr'><strong>Domini</strong></span> <span class='ocrx_word' id='word_1_426' title='bbox 1280 3348 1477 3404; x_wconf 83' lang='lat' dir='ltr'><strong>decora</strong></span> <span class='ocrx_word' id='word_1_427' title='bbox 1497 3348 1689 3406; x_wconf 89' lang='lat' dir='ltr'><strong>simili-</strong></span> 
     </span>
    </p>
   </div>
   <div class='ocr_carea' id='block_1_65' title="bbox 137 3426 375 3483">
    <p class='ocr_par' dir='ltr' id='par_1_65' title="bbox 137 3426 375 3483">
     <span class='ocr_line' id='line_1_65' title="bbox 137 3426 375 3483; baseline 0.017 -6"><span class='ocrx_word' id='word_1_428' title='bbox 137 3426 249 3480; x_wconf 86' lang='lat' dir='ltr'><strong>tudo</strong></span> <span class='ocrx_word' id='word_1_429' title='bbox 271 3436 375 3483; x_wconf 79' lang='lat' dir='ltr'><strong>est.</strong></span> 
     </span>
    </p>
   </div>
   <div class='ocr_carea' id='block_1_66' title="bbox 160 3537 971 3605">
    <p class='ocr_par' dir='ltr' id='par_1_66' title="bbox 160 3537 971 3605">
     <span class='ocr_line' id='line_1_66' title="bbox 160 3537 971 3605; baseline 0.016 -14"><span class='ocrx_word' id='word_1_430' title='bbox 160 3537 191 3592; x_wconf 88' lang='lat'><strong>5</strong></span> <span class='ocrx_word' id='word_1_431' title='bbox 257 3538 362 3594; x_wconf 82' lang='lat' dir='ltr'><strong>Cur</strong></span> <span class='ocrx_word' id='word_1_432' title='bbox 390 3542 598 3600; x_wconf 84' lang='lat' dir='ltr'><strong>timebo.</strong></span> <span class='ocrx_word' id='word_1_433' title='bbox 630 3545 698 3601; x_wconf 88' lang='lat' dir='ltr'><strong>In</strong></span> <span class='ocrx_word' id='word_1_434' title='bbox 721 3548 806 3602; x_wconf 86' lang='lat' dir='ltr'><strong>die</strong></span> <span class='ocrx_word' id='word_1_435' title='bbox 833 3548 971 3605; x_wconf 83' lang='lat' dir='ltr'><strong>mala</strong></span> 
     </span>
    </p>
   </div>
   <div class='ocr_carea' id='block_1_67' title="bbox 252 3630 1398 3702">
    <p class='ocr_par' dir='ltr' id='par_1_67' title="bbox 252 3630 1398 3702">
     <span class='ocr_line' id='line_1_67' title="bbox 252 3630 1398 3702; baseline 0.011 -16"><span class='ocrx_word' id='word_1_436' title='bbox 252 3630 514 3702; x_wconf 77' lang='lat' dir='ltr'><strong>luiquitas</strong></span> <span class='ocrx_word' id='word_1_437' title='bbox 540 3637 776 3693; x_wconf 86' lang='lat' dir='ltr'><strong>calcanei</strong></span> <span class='ocrx_word' id='word_1_438' title='bbox 804 3642 905 3694; x_wconf 87' lang='lat' dir='ltr'><strong>mei</strong></span> <span class='ocrx_word' id='word_1_439' title='bbox 927 3642 1267 3697; x_wconf 76' lang='lat' dir='ltr'><strong>circumdabit</strong></span> <span class='ocrx_word' id='word_1_440' title='bbox 1299 3661 1398 3700; x_wconf 87' lang='lat' dir='ltr'><strong>me.</strong></span> 
     </span>
    </p>
   </div>
   <div class='ocr_carea' id='block_1_68' title="bbox 193 3720 1684 3811">
    <p class='ocr_par' dir='ltr' id='par_1_68' title="bbox 193 3720 1684 3811">
     <span class='ocr_line' id='line_1_68' title="bbox 193 3720 1684 3811; baseline 0.015 -34"><span class='ocrx_word' id='word_1_441' title='bbox 193 3720 230 3777; x_wconf 72' lang='grc' dir='ltr'><strong>(Ζ</strong></span> <span class='ocrx_word' id='word_1_442' title='bbox 289 3722 396 3779; x_wconf 88' lang='lat' dir='ltr'><strong>Cur</strong></span> <span class='ocrx_word' id='word_1_443' title='bbox 447 3728 663 3784; x_wconf 88' lang='lat' dir='ltr'><strong>timebo.</strong></span> <span class='ocrx_word' id='word_1_444' title='bbox 726 3731 838 3787; x_wconf 90' lang='lat' dir='ltr'><strong>Sub</strong></span> <span class='ocrx_word' id='word_1_445' title='bbox 896 3734 1317 3806; x_wconf 81' lang='lat' dir='ltr'><strong>interrogatione</strong></span> <span class='ocrx_word' id='word_1_446' title='bbox 1364 3747 1417 3794; x_wconf 86' lang='lat' dir='ltr'><strong>et</strong></span> <span class='ocrx_word' id='word_1_447' title='bbox 1459 3755 1684 3811; x_wconf 87' lang='lat' dir='ltr'><strong>respon-</strong></span> 
     </span>
    </p>
   </div>
   <div class='ocr_carea' id='block_1_69' title="bbox 133 3813 1686 3898">
    <p class='ocr_par' dir='ltr' id='par_1_69' title="bbox 133 3813 1686 3898">
     <span class='ocr_line' id='line_1_69' title="bbox 133 3813 1686 3898; baseline 0.015 -31"><span class='ocrx_word' id='word_1_448' title='bbox 133 3813 270 3869; x_wconf 87' lang='lat' dir='ltr'><strong>sione</strong></span> <span class='ocrx_word' id='word_1_449' title='bbox 296 3818 511 3888; x_wconf 81' lang='lat' dir='ltr'><strong>pmpria</strong></span> <span class='ocrx_word' id='word_1_450' title='bbox 558 3836 750 3877; x_wconf 83' lang='lat' dir='ltr'><strong>versus</strong></span> <span class='ocrx_word' id='word_1_451' title='bbox 804 3822 903 3878; x_wconf 90' lang='lat' dir='ltr'><strong>iste</strong></span> <span class='ocrx_word' id='word_1_452' title='bbox 928 3834 1012 3881; x_wconf 91' lang='lat' dir='ltr'><strong>est</strong></span> <span class='ocrx_word' id='word_1_453' title='bbox 1041 3829 1487 3898; x_wconf 89' lang='lat' dir='ltr'><strong>pronuntiandus,</strong></span> <span class='ocrx_word' id='word_1_454' title='bbox 1520 3833 1571 3887; x_wconf 88' lang='lat' dir='ltr'><strong>id</strong></span> <span class='ocrx_word' id='word_1_455' title='bbox 1601 3844 1686 3890; x_wconf 90' lang='lat' dir='ltr'><strong>est</strong></span> 
     </span>
    </p>
   </div>
   <div class='ocr_carea' id='block_1_70' title="bbox 135 3911 1684 3987">
    <p class='ocr_par' dir='ltr' id='par_1_70' title="bbox 135 3911 1684 3987">
     <span class='ocr_line' id='line_1_70' title="bbox 135 3911 1684 3987; baseline 0.015 -27"><span class='ocrx_word' id='word_1_456' title='bbox 135 3925 283 3979; x_wconf 86' lang='lat' dir='ltr'><strong>quare</strong></span> <span class='ocrx_word' id='word_1_457' title='bbox 329 3911 675 3971; x_wconf 75' lang='lat' dir='ltr'><strong>formidolosa</strong></span> <span class='ocrx_word' id='word_1_458' title='bbox 724 3917 1049 3987; x_wconf 80' lang='lat' dir='ltr'><strong>cogitatione</strong></span> <span class='ocrx_word' id='word_1_459' title='bbox 1102 3920 1442 3987; x_wconf 87' lang='lat' dir='ltr'><strong>confundar,</strong></span> <span class='ocrx_word' id='word_1_460' title='bbox 1496 3924 1550 3979; x_wconf 92' lang='lat' dir='ltr'><strong>in</strong></span> <span class='ocrx_word' id='word_1_461' title='bbox 1597 3926 1684 3982; x_wconf 88' lang='lat' dir='ltr'><strong>die</strong></span> 
     </span>
    </p>
   </div>
   <div class='ocr_carea' id='block_1_71' title="bbox 138 4001 1681 4083">
    <p class='ocr_par' dir='ltr' id='par_1_71' title="bbox 138 4001 1681 4083">
     <span class='ocr_line' id='line_1_71' title="bbox 138 4001 1681 4083; baseline 0.012 -29"><span class='ocrx_word' id='word_1_462' title='bbox 138 4001 259 4056; x_wconf 84' lang='lat' dir='ltr'><strong>mala</strong></span> <span class='ocrx_word' id='word_1_463' title='bbox 284 4002 306 4057; x_wconf 85' lang='lat'><strong>?</strong></span> <span class='ocrx_word' id='word_1_464' title='bbox 333 4003 384 4058; x_wconf 93' lang='lat' dir='ltr'><strong>in</strong></span> <span class='ocrx_word' id='word_1_465' title='bbox 433 4005 520 4061; x_wconf 90' lang='lat' dir='ltr'><strong>die</strong></span> <span class='ocrx_word' id='word_1_466' title='bbox 547 4007 757 4064; x_wconf 79' lang='lat' dir='ltr'><strong>scilicet</strong></span> <span class='ocrx_word' id='word_1_467' title='bbox 805 4011 1089 4079; x_wconf 88' lang='lat' dir='ltr'><strong>passionis,</strong></span> <span class='ocrx_word' id='word_1_468' title='bbox 1135 4028 1252 4082; x_wconf 75' lang='lat' dir='ltr'><strong>quae</strong></span> <span class='ocrx_word' id='word_1_469' title='bbox 1295 4015 1433 4069; x_wconf 87' lang='lat' dir='ltr'><strong>mala</strong></span> <span class='ocrx_word' id='word_1_470' title='bbox 1461 4015 1681 4083; x_wconf 59' lang='lat' dir='ltr'><strong>ludatis,</strong></span> 
     </span>
    </p>
   </div>
   <div class='ocr_carea' id='block_1_72' title="bbox 138 4090 1680 4162">
    <p class='ocr_par' dir='ltr' id='par_1_72' title="bbox 138 4090 1680 4162">
     <span class='ocr_line' id='line_1_72' title="bbox 138 4090 1680 4162; baseline 0.013 -19"><span class='ocrx_word' id='word_1_471' title='bbox 138 4090 255 4145; x_wconf 86' lang='lat' dir='ltr'><strong>bona</strong></span> <span class='ocrx_word' id='word_1_472' title='bbox 299 4094 539 4152; x_wconf 81' lang='lat' dir='ltr'><strong>ﬁdelibus</strong></span> <span class='ocrx_word' id='word_1_473' title='bbox 576 4096 700 4153; x_wconf 89' lang='lat' dir='ltr'><strong>fuit.</strong></span> <span class='ocrx_word' id='word_1_474' title='bbox 748 4098 842 4156; x_wconf 83' lang='lat' dir='ltr'><strong>Ille</strong></span> <span class='ocrx_word' id='word_1_475' title='bbox 871 4101 1013 4156; x_wconf 90' lang='lat' dir='ltr'><strong>enim</strong></span> <span class='ocrx_word' id='word_1_476' title='bbox 1069 4103 1227 4159; x_wconf 70' lang='lat' dir='ltr'><strong>debet</strong></span> <span class='ocrx_word' id='word_1_477' title='bbox 1283 4105 1470 4160; x_wconf 87' lang='lat' dir='ltr'><strong>timere</strong></span> <span class='ocrx_word' id='word_1_478' title='bbox 1518 4106 1680 4162; x_wconf 79' lang='lat' dir='ltr'><strong>ﬁnem</strong></span> 
     </span>
    </p>
   </div>
   <div class='ocr_carea' id='block_1_73' title="bbox 137 4181 1685 4256">
    <p class='ocr_par' dir='ltr' id='par_1_73' title="bbox 137 4181 1685 4256">
     <span class='ocr_line' id='line_1_73' title="bbox 137 4181 1685 4256; baseline 0.012 -22"><span class='ocrx_word' id='word_1_479' title='bbox 137 4181 263 4244; x_wconf 72' lang='lat' dir='ltr'><strong>vitm,</strong></span> <span class='ocrx_word' id='word_1_480' title='bbox 290 4185 375 4253; x_wconf 89' lang='lat' dir='ltr'><strong>qui</strong></span> <span class='ocrx_word' id='word_1_481' title='bbox 395 4197 744 4256; x_wconf 83' lang='lat' dir='ltr'><strong>peccatorum</strong></span> <span class='ocrx_word' id='word_1_482' title='bbox 770 4192 1141 4248; x_wconf 88' lang='lat' dir='ltr'><strong>recordatione</strong></span> <span class='ocrx_word' id='word_1_483' title='bbox 1180 4196 1477 4250; x_wconf 89' lang='lat' dir='ltr'><strong>mordetur.</strong></span> <span class='ocrx_word' id='word_1_484' title='bbox 1525 4196 1685 4253; x_wconf 74' lang='lat' dir='ltr'><strong>Chri-</strong></span> 
     </span>
    </p>
   </div>
   <div class='ocr_carea' id='block_1_74' title="bbox 134 4278 1680 4356">
    <p class='ocr_par' dir='ltr' id='par_1_74' title="bbox 134 4278 1680 4356">
     <span class='ocr_line' id='line_1_74' title="bbox 134 4278 1680 4356; baseline 0.013 -34"><span class='ocrx_word' id='word_1_485' title='bbox 134 4278 235 4325; x_wconf 86' lang='lat' dir='ltr'><strong>stus</strong></span> <span class='ocrx_word' id='word_1_486' title='bbox 257 4282 427 4345; x_wconf 82' lang='lat' dir='ltr'><strong>autem</strong></span> <span class='ocrx_word' id='word_1_487' title='bbox 457 4286 684 4333; x_wconf 90' lang='lat' dir='ltr'><strong>mortem</strong></span> <span class='ocrx_word' id='word_1_488' title='bbox 729 4278 920 4335; x_wconf 91' lang='lat' dir='ltr'><strong>timere</strong></span> <span class='ocrx_word' id='word_1_489' title='bbox 970 4296 1074 4335; x_wconf 91' lang='lat' dir='ltr'><strong>non</strong></span> <span class='ocrx_word' id='word_1_490' title='bbox 1124 4293 1353 4354; x_wconf 88' lang='lat' dir='ltr'><strong>poterat,</strong></span> <span class='ocrx_word' id='word_1_491' title='bbox 1387 4300 1548 4356; x_wconf 86' lang='lat' dir='ltr'><strong>quem</strong></span> <span class='ocrx_word' id='word_1_492' title='bbox 1572 4302 1680 4342; x_wconf 88' lang='lat' dir='ltr'><strong>non</strong></span> 
     </span>
    </p>
   </div>
   <div class='ocr_carea' id='block_1_75' title="bbox 134 4361 1680 4444">
    <p class='ocr_par' dir='ltr' id='par_1_75' title="bbox 134 4361 1680 4444">
     <span class='ocr_line' id='line_1_75' title="bbox 134 4361 1680 4444; baseline 0.012 -30"><span class='ocrx_word' id='word_1_493' title='bbox 134 4361 471 4421; x_wconf 86' lang='lat' dir='ltr'><strong>circumdabat</strong></span> <span class='ocrx_word' id='word_1_494' title='bbox 498 4368 752 4439; x_wconf 89' lang='lat' dir='ltr'><strong>iniquitas</strong></span> <span class='ocrx_word' id='word_1_495' title='bbox 779 4370 1038 4439; x_wconf 89' lang='lat' dir='ltr'><strong>calcanei,</strong></span> <span class='ocrx_word' id='word_1_496' title='bbox 1066 4376 1518 4444; x_wconf 85' lang='lat' dir='ltr'><strong>quemadmodum</strong></span> <span class='ocrx_word' id='word_1_497' title='bbox 1543 4378 1680 4434; x_wconf 88' lang='lat' dir='ltr'><strong>solet</strong></span> 
     </span>
    </p>
   </div>
   <div class='ocr_carea' id='block_1_76' title="bbox 1792 3246 3367 3337">
    <p class='ocr_par' dir='ltr' id='par_1_76' title="bbox 1792 3246 3367 3337">
     <span class='ocr_line' id='line_1_76' title="bbox 1792 3246 3367 3337; baseline 0.013 -33"><span class='ocrx_word' id='word_1_498' title='bbox 1792 3246 1833 3304; x_wconf 92' lang='lat' dir='ltr'><strong>C</strong></span> <span class='ocrx_word' id='word_1_499' title='bbox 1870 3247 2133 3318; x_wconf 80' lang='lat' dir='ltr'><strong>[nsipiens</strong></span> <span class='ocrx_word' id='word_1_500' title='bbox 2184 3258 2269 3306; x_wconf 89' lang='lat' dir='ltr'><strong>est</strong></span> <span class='ocrx_word' id='word_1_501' title='bbox 2318 3254 2408 3322; x_wconf 92' lang='lat' dir='ltr'><strong>qui</strong></span> <span class='ocrx_word' id='word_1_502' title='bbox 2459 3256 2929 3324; x_wconf 72' lang='lat' dir='ltr'><strong>prmdieationihus</strong></span> <span class='ocrx_word' id='word_1_503' title='bbox 2980 3246 3367 3337; x_wconf 61' lang='lat' dir='ltr'><strong>prophetatum</strong></span> 
     </span>
    </p>
   </div>
   <div class='ocr_carea' id='block_1_77' title="bbox 1791 3340 3368 3428">
    <p class='ocr_par' dir='ltr' id='par_1_77' title="bbox 1791 3340 3368 3428">
     <span class='ocr_line' id='line_1_77' title="bbox 1791 3340 3368 3428; baseline 0.015 -33"><span class='ocrx_word' id='word_1_504' title='bbox 1791 3340 2142 3411; x_wconf 82' lang='lat' dir='ltr'><strong>acquiescere</strong></span> <span class='ocrx_word' id='word_1_505' title='bbox 2165 3359 2270 3399; x_wconf 92' lang='lat' dir='ltr'><strong>non</strong></span> <span class='ocrx_word' id='word_1_506' title='bbox 2300 3344 2431 3399; x_wconf 89' lang='lat' dir='ltr'><strong>vult.</strong></span> <span class='ocrx_word' id='word_1_507' title='bbox 2465 3346 2675 3403; x_wconf 84' lang='lat' dir='ltr'><strong>Stultus</strong></span> <span class='ocrx_word' id='word_1_508' title='bbox 2716 3366 2842 3407; x_wconf 87' lang='lat' dir='ltr'><strong>vero</strong></span> <span class='ocrx_word' id='word_1_509' title='bbox 2868 3353 3085 3411; x_wconf 88' lang='lat' dir='ltr'><strong>dictus:</strong></span> <span class='ocrx_word' id='word_1_510' title='bbox 3140 3361 3233 3428; x_wconf 92' lang='lat' dir='ltr'><strong>qui</strong></span> <span class='ocrx_word' id='word_1_511' title='bbox 3267 3376 3368 3418; x_wconf 88' lang='lat' dir='ltr'><strong>nec</strong></span> 
     </span>
    </p>
   </div>
   <div class='ocr_carea' id='block_1_78' title="bbox 1788 3432 3364 3522">
    <p class='ocr_par' dir='ltr' id='par_1_78' title="bbox 1788 3432 3364 3522">
     <span class='ocr_line' id='line_1_78' title="bbox 1788 3432 3364 3522; baseline 0.013 -35"><span class='ocrx_word' id='word_1_512' title='bbox 1788 3432 1964 3503; x_wconf 90' lang='lat' dir='ltr'><strong>ipsum</strong></span> <span class='ocrx_word' id='word_1_513' title='bbox 2005 3434 2292 3489; x_wconf 89' lang='lat' dir='ltr'><strong>Dominum</strong></span> <span class='ocrx_word' id='word_1_514' title='bbox 2323 3436 2628 3494; x_wconf 87' lang='lat' dir='ltr'><strong>venientem</strong></span> <span class='ocrx_word' id='word_1_515' title='bbox 2674 3441 2788 3495; x_wconf 84' lang='lat' dir='ltr'><strong>vult</strong></span> <span class='ocrx_word' id='word_1_516' title='bbox 2836 3436 3098 3514; x_wconf 61' lang='lat' dir='ltr'><strong>recipere.</strong></span> <span class='ocrx_word' id='word_1_517' title='bbox 3131 3448 3196 3505; x_wconf 85' lang='lat' dir='ltr'><strong>lli</strong></span> <span class='ocrx_word' id='word_1_518' title='bbox 3233 3465 3364 3522; x_wconf 75' lang='lat' dir='ltr'><strong>ergo</strong></span> 
     </span>
    </p>
   </div>
   <div class='ocr_carea' id='block_1_79' title="bbox 1787 3523 3363 3605">
    <p class='ocr_par' dir='ltr' id='par_1_79' title="bbox 1787 3523 3363 3605">
     <span class='ocr_line' id='line_1_79' title="bbox 1787 3523 3363 3605; baseline 0.015 -28"><span class='ocrx_word' id='word_1_519' title='bbox 1787 3523 1948 3578; x_wconf 91' lang='lat' dir='ltr'><strong>simul</strong></span> <span class='ocrx_word' id='word_1_520' title='bbox 1974 3525 2243 3596; x_wconf 85' lang='lat' dir='ltr'><strong>peribunt,</strong></span> <span class='ocrx_word' id='word_1_521' title='bbox 2272 3529 2528 3598; x_wconf 88' lang='lat' dir='ltr'><strong>quoniam</strong></span> <span class='ocrx_word' id='word_1_522' title='bbox 2556 3531 2609 3586; x_wconf 81' lang='lat' dir='ltr'><strong>in</strong></span> <span class='ocrx_word' id='word_1_523' title='bbox 2651 3530 2831 3589; x_wconf 90' lang='lat' dir='ltr'><strong>futuro</strong></span> <span class='ocrx_word' id='word_1_524' title='bbox 2844 3533 3047 3605; x_wconf 83' lang='lat' dir='ltr'><strong>judicio</strong></span> <span class='ocrx_word' id='word_1_525' title='bbox 3069 3539 3363 3601; x_wconf 86' lang='lat' dir='ltr'><strong>damnandi</strong></span> 
     </span>
    </p>
   </div>
   <div class='ocr_carea' id='block_1_80' title="bbox 1786 3624 1931 3670">
    <p class='ocr_par' dir='ltr' id='par_1_80' title="bbox 1786 3624 1931 3670">
     <span class='ocr_line' id='line_1_80' title="bbox 1786 3624 1931 3670; baseline 0.007 -1"><span class='ocrx_word' id='word_1_526' title='bbox 1786 3624 1931 3670; x_wconf 77' lang='lat' dir='ltr'><strong>sunt.</strong></span> 
     </span>
    </p>
   </div>
   <div class='ocr_carea' id='block_1_81' title="bbox 1786 3727 2955 3804">
    <p class='ocr_par' dir='ltr' id='par_1_81' title="bbox 1786 3727 2955 3804">
     <span class='ocr_line' id='line_1_81' title="bbox 1786 3727 2955 3804; baseline 0.015 -22"><span class='ocrx_word' id='word_1_527' title='bbox 1786 3727 1855 3784; x_wconf 79' lang='grc'>10</span> <span class='ocrx_word' id='word_1_528' title='bbox 1928 3728 1996 3783; x_wconf 86' lang='lat' dir='ltr'><strong>Et</strong></span> <span class='ocrx_word' id='word_1_529' title='bbox 2027 3730 2313 3804; x_wconf 81' lang='lat' dir='ltr'><strong>relinquent</strong></span> <span class='ocrx_word' id='word_1_530' title='bbox 2337 3733 2524 3790; x_wconf 86' lang='lat' dir='ltr'><strong>alienis</strong></span> <span class='ocrx_word' id='word_1_531' title='bbox 2553 3736 2762 3795; x_wconf 75' lang='lat' dir='ltr'><strong>diuitias</strong></span> <span class='ocrx_word' id='word_1_532' title='bbox 2785 3758 2911 3798; x_wconf 85' lang='lat' dir='ltr'><strong>suas</strong></span> <span class='ocrx_word' id='word_1_533' title='bbox 2936 3759 2955 3799; x_wconf 92' lang='lat'><strong><em>:</em></strong></span> 
     </span>
    </p>
   </div>
   <div class='ocr_carea' id='block_1_82' title="bbox 1866 3821 3360 3896">
    <p class='ocr_par' dir='ltr' id='par_1_82' title="bbox 1866 3821 3360 3896">
     <span class='ocr_line' id='line_1_82' title="bbox 1866 3821 3360 3896; baseline 0.014 -21"><span class='ocrx_word' id='word_1_534' title='bbox 1866 3824 1934 3892; x_wconf 78' lang='lat' dir='ltr'><strong>)s(</strong></span> <span class='ocrx_word' id='word_1_535' title='bbox 1953 3823 2017 3877; x_wconf 74' lang='lat' dir='ltr'><strong>Et</strong></span> <span class='ocrx_word' id='word_1_536' title='bbox 2050 3821 2067 3891; x_wconf 71' lang='grc' dir='ltr'>ζ</span> <span class='ocrx_word' id='word_1_537' title='bbox 2100 3824 2337 3896; x_wconf 85' lang='lat' dir='ltr'><strong>sepulcra</strong></span> <span class='ocrx_word' id='word_1_538' title='bbox 2358 3842 2538 3881; x_wconf 84' lang='lat' dir='ltr'><strong>eorum</strong></span> <span class='ocrx_word' id='word_1_539' title='bbox 2560 3828 2747 3885; x_wconf 84' lang='lat' dir='ltr'><strong>domus</strong></span> <span class='ocrx_word' id='word_1_540' title='bbox 2767 3832 2978 3888; x_wconf 85' lang='lat' dir='ltr'><strong>illorum</strong></span> <span class='ocrx_word' id='word_1_541' title='bbox 3007 3836 3063 3891; x_wconf 85' lang='lat' dir='ltr'><strong>in</strong></span> <span class='ocrx_word' id='word_1_542' title='bbox 3088 3848 3360 3896; x_wconf 67' lang='lat' dir='ltr'><strong>(uernum.</strong></span> 
     </span>
    </p>
   </div>
   <div class='ocr_carea' id='block_1_83' title="bbox 1854 3933 3361 4022">
    <p class='ocr_par' dir='ltr' id='par_1_83' title="bbox 1854 3933 3361 4022">
     <span class='ocr_line' id='line_1_83' title="bbox 1854 3933 3361 4022; baseline 0.013 -34"><span class='ocrx_word' id='word_1_543' title='bbox 1854 3933 1900 3988; x_wconf 82' lang='lat' dir='ltr'><strong>Il</strong></span> <span class='ocrx_word' id='word_1_544' title='bbox 1937 3934 2036 4002; x_wconf 87' lang='lat' dir='ltr'><strong>Qui</strong></span> <span class='ocrx_word' id='word_1_545' title='bbox 2069 3937 2122 3990; x_wconf 91' lang='lat' dir='ltr'><strong>in</strong></span> <span class='ocrx_word' id='word_1_546' title='bbox 2143 3937 2347 3993; x_wconf 87' lang='lat' dir='ltr'><strong>divitiis</strong></span> <span class='ocrx_word' id='word_1_547' title='bbox 2373 3946 2428 3993; x_wconf 89' lang='lat' dir='ltr'><strong>et</strong></span> <span class='ocrx_word' id='word_1_548' title='bbox 2457 3956 2562 3994; x_wconf 93' lang='lat' dir='ltr'><strong>non</strong></span> <span class='ocrx_word' id='word_1_549' title='bbox 2616 3941 2668 3996; x_wconf 92' lang='lat' dir='ltr'><strong>in</strong></span> <span class='ocrx_word' id='word_1_550' title='bbox 2703 3943 2929 4001; x_wconf 88' lang='lat' dir='ltr'><strong>Domino</strong></span> <span class='ocrx_word' id='word_1_551' title='bbox 2960 3960 3203 4018; x_wconf 85' lang='lat' dir='ltr'><strong>sperant,</strong></span> <span class='ocrx_word' id='word_1_552' title='bbox 3236 3968 3361 4022; x_wconf 89' lang='lat' dir='ltr'><strong>per-</strong></span> 
     </span>
    </p>
   </div>
   <div class='ocr_carea' id='block_1_84' title="bbox 1785 4026 3357 4110">
    <p class='ocr_par' dir='ltr' id='par_1_84' title="bbox 1785 4026 3357 4110">
     <span class='ocr_line' id='line_1_84' title="bbox 1785 4026 3357 4110; baseline 0.012 -29"><span class='ocrx_word' id='word_1_553' title='bbox 1785 4026 1919 4081; x_wconf 91' lang='lat' dir='ltr'><strong>dunt</strong></span> <span class='ocrx_word' id='word_1_554' title='bbox 1946 4038 2259 4099; x_wconf 87' lang='lat' dir='ltr'><strong>utrumque,</strong></span> <span class='ocrx_word' id='word_1_555' title='bbox 2288 4040 2342 4086; x_wconf 90' lang='lat' dir='ltr'><strong>et</strong></span> <span class='ocrx_word' id='word_1_556' title='bbox 2374 4032 2588 4089; x_wconf 86' lang='lat' dir='ltr'><strong>divitias</strong></span> <span class='ocrx_word' id='word_1_557' title='bbox 2614 4044 2669 4089; x_wconf 91' lang='lat' dir='ltr'><strong>et</strong></span> <span class='ocrx_word' id='word_1_558' title='bbox 2712 4036 2805 4091; x_wconf 88' lang='lat' dir='ltr'><strong>Dei</strong></span> <span class='ocrx_word' id='word_1_559' title='bbox 2833 4040 3180 4110; x_wconf 71' lang='lat' dir='ltr'><strong>adiutorium.</strong></span> <span class='ocrx_word' id='word_1_560' title='bbox 3206 4043 3357 4100; x_wconf 83' lang='lat' dir='ltr'><strong>Divi-</strong></span> 
     </span>
    </p>
   </div>
   <div class='ocr_carea' id='block_1_85' title="bbox 1784 4116 3353 4194">
    <p class='ocr_par' dir='ltr' id='par_1_85' title="bbox 1784 4116 3353 4194">
     <span class='ocr_line' id='line_1_85' title="bbox 1784 4116 3353 4194; baseline 0.012 -24"><span class='ocrx_word' id='word_1_561' title='bbox 1784 4117 1887 4171; x_wconf 89' lang='lat' dir='ltr'><strong>tias</strong></span> <span class='ocrx_word' id='word_1_562' title='bbox 1917 4116 2037 4173; x_wconf 92' lang='lat' dir='ltr'><strong>ideo</strong></span> <span class='ocrx_word' id='word_1_563' title='bbox 2058 4119 2311 4188; x_wconf 56' lang='lat' dir='ltr'><strong>imminut,</strong></span> <span class='ocrx_word' id='word_1_564' title='bbox 2345 4121 2469 4191; x_wconf 88' lang='lat' dir='ltr'><strong>quia</strong></span> <span class='ocrx_word' id='word_1_565' title='bbox 2504 4123 2576 4179; x_wconf 88' lang='lat' dir='ltr'><strong>ibi</strong></span> <span class='ocrx_word' id='word_1_566' title='bbox 2604 4136 2901 4194; x_wconf 86' lang='lat' dir='ltr'><strong>posuerunt</strong></span> <span class='ocrx_word' id='word_1_567' title='bbox 2932 4128 3018 4182; x_wconf 88' lang='lat' dir='ltr'><strong>ubi</strong></span> <span class='ocrx_word' id='word_1_568' title='bbox 3051 4129 3199 4187; x_wconf 83' lang='lat' dir='ltr'><strong>fures</strong></span> <span class='ocrx_word' id='word_1_569' title='bbox 3228 4132 3353 4189; x_wconf 81' lang='lat' dir='ltr'><strong>ell&#39;o-</strong></span> 
     </span>
    </p>
   </div>
   <div class='ocr_carea' id='block_1_86' title="bbox 1782 4207 3358 4289">
    <p class='ocr_par' dir='ltr' id='par_1_86' title="bbox 1782 4207 3358 4289">
     <span class='ocr_line' id='line_1_86' title="bbox 1782 4207 3358 4289; baseline 0.011 -26"><span class='ocrx_word' id='word_1_570' title='bbox 1782 4208 1934 4264; x_wconf 90' lang='lat' dir='ltr'><strong>diunt</strong></span> <span class='ocrx_word' id='word_1_571' title='bbox 1967 4223 1983 4265; x_wconf 88' lang='lat'><strong>:</strong></span> <span class='ocrx_word' id='word_1_572' title='bbox 2034 4207 2129 4264; x_wconf 89' lang='lat' dir='ltr'><strong>Dei</strong></span> <span class='ocrx_word' id='word_1_573' title='bbox 2170 4210 2516 4279; x_wconf 68' lang='lat' dir='ltr'><strong>adiutorium,</strong></span> <span class='ocrx_word' id='word_1_574' title='bbox 2567 4215 2692 4284; x_wconf 88' lang='lat' dir='ltr'><strong>quia</strong></span> <span class='ocrx_word' id='word_1_575' title='bbox 2735 4216 2883 4271; x_wconf 88' lang='lat' dir='ltr'><strong>illum</strong></span> <span class='ocrx_word' id='word_1_576' title='bbox 2915 4232 3251 4289; x_wconf 88' lang='lat' dir='ltr'><strong>spreverunt.</strong></span> <span class='ocrx_word' id='word_1_577' title='bbox 3291 4224 3358 4281; x_wconf 86' lang='lat' dir='ltr'><strong>Et</strong></span> 
     </span>
    </p>
   </div>
   <div class='ocr_carea' id='block_1_87' title="bbox 1781 4295 3355 4376">
    <p class='ocr_par' dir='ltr' id='par_1_87' title="bbox 1781 4295 3355 4376">
     <span class='ocr_line' id='line_1_87' title="bbox 1781 4295 3355 4376; baseline 0.013 -27"><span class='ocrx_word' id='word_1_578' title='bbox 1781 4295 1999 4354; x_wconf 87' lang='lat' dir='ltr'><strong>divitias</strong></span> <span class='ocrx_word' id='word_1_579' title='bbox 2025 4312 2163 4367; x_wconf 83' lang='lat' dir='ltr'><strong>quas</strong></span> <span class='ocrx_word' id='word_1_580' title='bbox 2213 4314 2538 4369; x_wconf 83' lang='lat' dir='ltr'><strong>magnopere</strong></span> <span class='ocrx_word' id='word_1_581' title='bbox 2582 4301 2897 4374; x_wconf 74' lang='lat' dir='ltr'><strong>diligebant,</strong></span> <span class='ocrx_word' id='word_1_582' title='bbox 2946 4321 3051 4362; x_wconf 90' lang='lat' dir='ltr'><strong>non</strong></span> <span class='ocrx_word' id='word_1_583' title='bbox 3097 4311 3229 4376; x_wconf 82' lang='lat' dir='ltr'><strong>suis,</strong></span> <span class='ocrx_word' id='word_1_584' title='bbox 3260 4314 3355 4370; x_wconf 86' lang='lat' dir='ltr'><strong>sed</strong></span> 
     </span>
    </p>
   </div>
   <div class='ocr_carea' id='block_1_88' title="bbox 1783 4389 3359 4473">
    <p class='ocr_par' dir='ltr' id='par_1_88' title="bbox 1783 4389 3359 4473">
     <span class='ocr_line' id='line_1_88' title="bbox 1783 4389 3359 4473; baseline 0.011 -33"><span class='ocrx_word' id='word_1_585' title='bbox 1783 4389 1947 4458; x_wconf 88' lang='lat' dir='ltr'><strong>(quod</strong></span> <span class='ocrx_word' id='word_1_586' title='bbox 1970 4391 2190 4462; x_wconf 83' lang='lat' dir='ltr'><strong>gravius</strong></span> <span class='ocrx_word' id='word_1_587' title='bbox 2232 4390 2377 4463; x_wconf 91' lang='lat' dir='ltr'><strong>uret)</strong></span> <span class='ocrx_word' id='word_1_588' title='bbox 2424 4395 2698 4450; x_wconf 77' lang='lat' dir='ltr'><strong>extraneis</strong></span> <span class='ocrx_word' id='word_1_589' title='bbox 2728 4395 3103 4469; x_wconf 88' lang='lat' dir='ltr'><strong>derelinquent</strong></span> <span class='ocrx_word' id='word_1_590' title='bbox 3134 4414 3359 4473; x_wconf 87' lang='lat' dir='ltr'><strong>propter</strong></span> 
     </span>
    </p>
   </div>
   <div class='ocr_carea' id='block_1_89' title="bbox 135 4453 3356 4553">
    <p class='ocr_par' dir='ltr' id='par_1_89' title="bbox 135 4453 3356 4553">
     <span class='ocr_line' id='line_1_89' title="bbox 1792 4453 3349 4473; baseline 0.013 -15"><span class='ocrx_word' id='word_1_591' title='bbox 1792 4453 1837 4458; x_wconf 89' lang='lat'><strong>.-</strong></span> <span class='ocrx_word' id='word_1_592' title='bbox 1971 4453 1999 4462; x_wconf 68' lang='grc' dir='ltr'>ν</span> <span class='ocrx_word' id='word_1_593' title='bbox 2358 4453 2371 4463; x_wconf 78' lang='grc' dir='ltr'><strong>ι</strong></span> <span class='ocrx_word' id='word_1_594' title='bbox 2954 4453 2969 4469; x_wconf 86' lang='grc' dir='ltr'><strong>ι</strong></span> <span class='ocrx_word' id='word_1_595' title='bbox 3046 4453 3349 4473; x_wconf 59' lang='lat' dir='ltr'><strong>&quot;&#39;I&quot;r&quot;&#39;</strong></span> 
     </span>
     <span class='ocr_line' id='line_1_90' title="bbox 135 4453 3356 4553; baseline 0.014 -51"><span class='ocrx_word' id='word_1_596' title='bbox 135 4453 417 4521; x_wconf 78' lang='lat' dir='ltr'><strong>contingere</strong></span> <span class='ocrx_word' id='word_1_597' title='bbox 441 4460 713 4525; x_wconf 77' lang='lat' dir='ltr'><strong>peccaturi</strong></span> <span class='ocrx_word' id='word_1_598' title='bbox 762 4460 813 4514; x_wconf 90' lang='lat' dir='ltr'><strong>in</strong></span> <span class='ocrx_word' id='word_1_599' title='bbox 846 4460 950 4515; x_wconf 90' lang='lat' dir='ltr'><strong>line</strong></span> <span class='ocrx_word' id='word_1_600' title='bbox 979 4462 1118 4528; x_wconf 66' lang='lat' dir='ltr'><strong>vita},</strong></span> <span class='ocrx_word' id='word_1_601' title='bbox 1146 4472 1205 4518; x_wconf 91' lang='lat' dir='ltr'><strong>ut</strong></span> <span class='ocrx_word' id='word_1_602' title='bbox 1256 4473 1381 4520; x_wconf 91' lang='lat' dir='ltr'><strong>tune</strong></span> <span class='ocrx_word' id='word_1_603' title='bbox 1411 4467 1674 4536; x_wconf 87' lang='lat' dir='ltr'><strong>iniquitas</strong></span> <span class='ocrx_word' id='word_1_604' title='bbox 1702 4479 1753 4539; x_wconf 80' lang='grc' dir='ltr'>ι)</span> <span class='ocrx_word' id='word_1_605' title='bbox 1778 4497 1913 4550; x_wconf 72' lang='lat' dir='ltr'><strong>quas</strong></span> <span class='ocrx_word' id='word_1_606' title='bbox 1934 4483 2114 4537; x_wconf 81' lang='lat' dir='ltr'><strong>omnia</strong></span> <span class='ocrx_word' id='word_1_607' title='bbox 2159 4493 2381 4553; x_wconf 82' lang='lat' dir='ltr'><strong>peccata</strong></span> <span class='ocrx_word' id='word_1_608' title='bbox 2408 4486 2817 4540; x_wconf 82' lang='lat' dir='ltr'><strong>commiserant.</strong></span> <span class='ocrx_word' id='word_1_609' title='bbox 2851 4488 2915 4541; x_wconf 87' lang='lat' dir='ltr'><strong>Et</strong></span> <span class='ocrx_word' id='word_1_610' title='bbox 2946 4488 3215 4548; x_wconf 80' lang='lat' dir='ltr'><strong>fabricant</strong></span> <span class='ocrx_word' id='word_1_611' title='bbox 3249 4496 3356 4551; x_wconf 90' lang='lat' dir='ltr'><strong>sibi</strong></span> 
     </span>
    </p>
   </div>
   <div class='ocr_carea' id='block_1_90' title="bbox 136 4543 2623 4644">
    <p class='ocr_par' dir='ltr' id='par_1_90' title="bbox 136 4543 2623 4644">
     <span class='ocr_line' id='line_1_91' title="bbox 136 4543 2623 4644; baseline 0.013 -49"><span class='ocrx_word' id='word_1_612' title='bbox 136 4543 371 4597; x_wconf 87' lang='lat' dir='ltr'><strong>scelerato</strong></span> <span class='ocrx_word' id='word_1_613' title='bbox 400 4545 709 4604; x_wconf 82' lang='lat' dir='ltr'><strong>line&#39;vitam</strong></span> <span class='ocrx_word' id='word_1_614' title='bbox 764 4550 999 4607; x_wconf 89' lang='lat' dir='ltr'><strong>claudat.</strong></span> <span class='ocrx_word' id='word_1_615' title='bbox 1050 4553 1096 4608; x_wconf 83' lang='lat' dir='ltr'><strong>A</strong></span> <span class='ocrx_word' id='word_1_616' title='bbox 1137 4555 1231 4610; x_wconf 87' lang='lat' dir='ltr'><strong>Vel</strong></span> <span class='ocrx_word' id='word_1_617' title='bbox 1259 4556 1483 4624; x_wconf 87' lang='lat' dir='ltr'><strong>quilibet</strong></span> <span class='ocrx_word' id='word_1_618' title='bbox 1514 4559 1675 4613; x_wconf 90' lang='lat' dir='ltr'><strong>homo</strong></span> <span class='ocrx_word' id='word_1_619' title='bbox 1777 4543 2023 4641; x_wconf 70' lang='grc' dir='ltr'>έρριιιεηι</span> <span class='ocrx_word' id='word_1_620' title='bbox 2040 4576 2106 4630; x_wconf 71' lang='lat' dir='ltr'><strong>de</strong></span> <span class='ocrx_word' id='word_1_621' title='bbox 2125 4543 2424 4631; x_wconf 50' lang='lat' dir='ltr'><strong>nim-more:</strong></span> <span class='ocrx_word' id='word_1_622' title='bbox 2447 4574 2623 4644; x_wconf 75' lang='lat' dir='ltr'><strong>lii-ma,</strong></span> 
     </span>
    </p>
   </div>
   <div class='ocr_carea' id='block_1_91' title="bbox 2654 4583 3357 4654">
    <p class='ocr_par' dir='ltr' id='par_1_91' title="bbox 2654 4583 3357 4654">
     <span class='ocr_line' id='line_1_92' title="bbox 2654 4583 3357 4654; baseline 0.016 -23"><span class='ocrx_word' id='word_1_623' title='bbox 2654 4593 2843 4647; x_wconf 78' lang='lat' dir='ltr'><strong>magna</strong></span> <span class='ocrx_word' id='word_1_624' title='bbox 2867 4583 3166 4653; x_wconf 59' lang='lat' dir='ltr'><strong>etgpulchra</strong></span> <span class='ocrx_word' id='word_1_625' title='bbox 3194 4588 3357 4654; x_wconf 88' lang='lat' dir='ltr'><strong>quasi</strong></span> 
     </span>
    </p>
   </div>
   <div class='ocr_carea' id='block_1_92' title="bbox 134 4642 1703 4729">
    <p class='ocr_par' dir='ltr' id='par_1_92' title="bbox 134 4642 1675 4708">
     <span class='ocr_line' id='line_1_93' title="bbox 134 4642 1675 4708; baseline 0.012 -23"><span class='ocrx_word' id='word_1_626' title='bbox 134 4647 214 4686; x_wconf 88' lang='lat' dir='ltr'><strong>sua</strong></span> <span class='ocrx_word' id='word_1_627' title='bbox 254 4646 461 4703; x_wconf 85' lang='lat' dir='ltr'><strong>peccata</strong></span> <span class='ocrx_word' id='word_1_628' title='bbox 516 4655 818 4708; x_wconf 82' lang='lat' dir='ltr'><strong>agnoscens</strong></span> <span class='ocrx_word' id='word_1_629' title='bbox 854 4642 1022 4705; x_wconf 86' lang='lat' dir='ltr'><strong>dicit,</strong></span> <span class='ocrx_word' id='word_1_630' title='bbox 1078 4660 1177 4698; x_wconf 89' lang='lat' dir='ltr'><strong>cur</strong></span> <span class='ocrx_word' id='word_1_631' title='bbox 1226 4644 1425 4700; x_wconf 86' lang='lat' dir='ltr'><strong>timebo</strong></span> <span class='ocrx_word' id='word_1_632' title='bbox 1477 4648 1530 4701; x_wconf 91' lang='lat' dir='ltr'><strong>in</strong></span> <span class='ocrx_word' id='word_1_633' title='bbox 1587 4648 1675 4704; x_wconf 89' lang='lat' dir='ltr'><strong>die</strong></span> 
     </span>
    </p>
   </div>
   <div class='ocr_carea' id='block_1_93' title="bbox 1811 4642 3318 4729">
    <p class='ocr_par' dir='ltr' id='par_1_93' title="bbox 1812 4666 3318 4729">
     <span class='ocr_line' id='line_1_94' title="bbox 1812 4666 3318 4729; baseline 0.008 -12"><span class='ocrx_word' id='word_1_634' title='bbox 1812 4678 1968 4720; x_wconf 87' lang='lat' dir='ltr'><strong>omns</strong></span> <span class='ocrx_word' id='word_1_635' title='bbox 1996 4666 2052 4721; x_wconf 89' lang='lat' dir='ltr'><strong>in</strong></span> <span class='ocrx_word' id='word_1_636' title='bbox 2079 4676 2345 4721; x_wconf 63' lang='lat' dir='ltr'><strong>aeternum</strong></span> <span class='ocrx_word' id='word_1_637' title='bbox 2395 4682 2699 4724; x_wconf 89' lang='lat' dir='ltr'><strong>mansuras.</strong></span> <span class='ocrx_word' id='word_1_638' title='bbox 2731 4669 2872 4726; x_wconf 86' lang='lat' dir='ltr'><strong>Ecce</strong></span> <span class='ocrx_word' id='word_1_639' title='bbox 2900 4673 3065 4727; x_wconf 90' lang='lat' dir='ltr'><strong>etiam</strong></span> <span class='ocrx_word' id='word_1_640' title='bbox 3118 4675 3318 4729; x_wconf 70' lang='lat' dir='ltr'><strong>morie‘</strong></span> 
     </span>
    </p>
   </div>
   <div class='ocr_carea' id='block_1_94' title="bbox 135 4723 1672 4806">
    <p class='ocr_par' dir='ltr' id='par_1_94' title="bbox 135 4723 1672 4806">
     <span class='ocr_line' id='line_1_95' title="bbox 135 4723 1672 4806; baseline 0.013 -31"><span class='ocrx_word' id='word_1_641' title='bbox 135 4723 292 4778; x_wconf 84' lang='lat' dir='ltr'><strong>mala?</strong></span> <span class='ocrx_word' id='word_1_642' title='bbox 318 4725 367 4779; x_wconf 90' lang='lat' dir='ltr'><strong>id</strong></span> <span class='ocrx_word' id='word_1_643' title='bbox 405 4736 503 4792; x_wconf 89' lang='lat' dir='ltr'><strong>est,</strong></span> <span class='ocrx_word' id='word_1_644' title='bbox 529 4730 741 4800; x_wconf 87' lang='lat' dir='ltr'><strong>judieii.</strong></span> <span class='ocrx_word' id='word_1_645' title='bbox 774 4732 840 4786; x_wconf 81' lang='lat' dir='ltr'><strong>Et</strong></span> <span class='ocrx_word' id='word_1_646' title='bbox 885 4735 1196 4803; x_wconf 87' lang='lat' dir='ltr'><strong>respondet,</strong></span> <span class='ocrx_word' id='word_1_647' title='bbox 1243 4736 1386 4799; x_wconf 89' lang='lat' dir='ltr'><strong>ideo,</strong></span> <span class='ocrx_word' id='word_1_648' title='bbox 1415 4738 1539 4806; x_wconf 87' lang='lat' dir='ltr'><strong>quia</strong></span> <span class='ocrx_word' id='word_1_649' title='bbox 1568 4740 1672 4794; x_wconf 80' lang='lat' dir='ltr'><strong>ini-</strong></span> 
     </span>
    </p>
   </div>
   <div class='ocr_carea' id='block_1_95' title="bbox 134 4818 1675 4903">
    <p class='ocr_par' dir='ltr' id='par_1_95' title="bbox 134 4818 1675 4903">
     <span class='ocr_line' id='line_1_96' title="bbox 134 4818 1675 4903; baseline 0.013 -35"><span class='ocrx_word' id='word_1_650' title='bbox 134 4818 288 4885; x_wconf 88' lang='lat' dir='ltr'><strong>quitas</strong></span> <span class='ocrx_word' id='word_1_651' title='bbox 308 4820 534 4877; x_wconf 89' lang='lat' dir='ltr'><strong>calcanei</strong></span> <span class='ocrx_word' id='word_1_652' title='bbox 566 4826 669 4880; x_wconf 89' lang='lat' dir='ltr'><strong>mei</strong></span> <span class='ocrx_word' id='word_1_653' title='bbox 700 4826 1061 4881; x_wconf 87' lang='lat' dir='ltr'><strong>circumdabit</strong></span> <span class='ocrx_word' id='word_1_654' title='bbox 1106 4844 1209 4884; x_wconf 91' lang='lat' dir='ltr'><strong>me.</strong></span> <span class='ocrx_word' id='word_1_655' title='bbox 1254 4827 1297 4882; x_wconf 84' lang='grc'><strong>11</strong></span> <span class='ocrx_word' id='word_1_656' title='bbox 1337 4828 1394 4885; x_wconf 88' lang='lat' dir='ltr'><strong>Id</strong></span> <span class='ocrx_word' id='word_1_657' title='bbox 1419 4838 1501 4886; x_wconf 89' lang='lat' dir='ltr'><strong>est</strong></span> <span class='ocrx_word' id='word_1_658' title='bbox 1552 4847 1675 4903; x_wconf 88' lang='lat' dir='ltr'><strong>pec-</strong></span> 
     </span>
    </p>
   </div>
   <div class='ocr_carea' id='block_1_96' title="bbox 134 4916 949 4989">
    <p class='ocr_par' dir='ltr' id='par_1_96' title="bbox 134 4916 949 4989">
     <span class='ocr_line' id='line_1_97' title="bbox 134 4916 949 4989; baseline 0.015 -28"><span class='ocrx_word' id='word_1_659' title='bbox 134 4919 291 4963; x_wconf 79' lang='lat' dir='ltr'><strong>catum</strong></span> <span class='ocrx_word' id='word_1_660' title='bbox 326 4916 526 4970; x_wconf 88' lang='lat' dir='ltr'><strong>actuale</strong></span> <span class='ocrx_word' id='word_1_661' title='bbox 557 4918 638 4973; x_wconf 89' lang='lat' dir='ltr'><strong>vel</strong></span> <span class='ocrx_word' id='word_1_662' title='bbox 663 4917 949 4989; x_wconf 81' lang='lat' dir='ltr'><strong>originale.</strong></span> 
     </span>
    </p>
   </div>
   <div class='ocr_carea' id='block_1_97' title="bbox 164 5022 1093 5097">
    <p class='ocr_par' dir='ltr' id='par_1_97' title="bbox 164 5022 1093 5097">
     <span class='ocr_line' id='line_1_98' title="bbox 164 5022 1093 5097; baseline 0.009 -22"><span class='ocrx_word' id='word_1_663' title='bbox 164 5022 193 5075; x_wconf 82' lang='lat'><strong>6</strong></span> <span class='ocrx_word' id='word_1_664' title='bbox 258 5022 351 5089; x_wconf 84' lang='lat' dir='ltr'><strong>Qui</strong></span> <span class='ocrx_word' id='word_1_665' title='bbox 373 5027 630 5097; x_wconf 79' lang='lat' dir='ltr'><strong>conﬁdunt</strong></span> <span class='ocrx_word' id='word_1_666' title='bbox 661 5032 713 5083; x_wconf 89' lang='lat' dir='ltr'><strong>in</strong></span> <span class='ocrx_word' id='word_1_667' title='bbox 748 5030 933 5083; x_wconf 78' lang='lat' dir='ltr'><strong>virtute</strong></span> <span class='ocrx_word' id='word_1_668' title='bbox 955 5048 1050 5085; x_wconf 83' lang='lat' dir='ltr'><strong>sua</strong></span> <span class='ocrx_word' id='word_1_669' title='bbox 1073 5044 1093 5083; x_wconf 88' lang='lat'><strong><em>:</em></strong></span> 
     </span>
    </p>
   </div>
   <div class='ocr_carea' id='block_1_98' title="bbox 259 5114 1668 5196">
    <p class='ocr_par' dir='ltr' id='par_1_98' title="bbox 259 5114 1668 5196">
     <span class='ocr_line' id='line_1_99' title="bbox 259 5114 1668 5196; baseline 0.011 -29"><span class='ocrx_word' id='word_1_670' title='bbox 259 5114 319 5168; x_wconf 84' lang='lat' dir='ltr'><strong>Et</strong></span> <span class='ocrx_word' id='word_1_671' title='bbox 347 5117 396 5169; x_wconf 88' lang='lat' dir='ltr'><strong>in</strong></span> <span class='ocrx_word' id='word_1_672' title='bbox 422 5120 753 5176; x_wconf 85' lang='lat' dir='ltr'><strong>multitudine</strong></span> <span class='ocrx_word' id='word_1_673' title='bbox 779 5121 1075 5177; x_wconf 82' lang='lat' dir='ltr'><strong>divitiarum</strong></span> <span class='ocrx_word' id='word_1_674' title='bbox 1098 5141 1316 5180; x_wconf 85' lang='lat' dir='ltr'><strong>suarum</strong></span> <span class='ocrx_word' id='word_1_675' title='bbox 1352 5125 1668 5196; x_wconf 83' lang='lat' dir='ltr'><strong>gloriantur.</strong></span> 
     </span>
    </p>
   </div>
   <div class='ocr_carea' id='block_1_99' title="bbox 196 5202 1665 5281">
    <p class='ocr_par' dir='ltr' id='par_1_99' title="bbox 196 5202 1665 5281">
     <span class='ocr_line' id='line_1_100' title="bbox 196 5202 1665 5281; baseline 0.011 -25"><span class='ocrx_word' id='word_1_676' title='bbox 196 5202 236 5257; x_wconf 82' lang='grc' dir='ltr'><em>Η</em></span> <span class='ocrx_word' id='word_1_677' title='bbox 267 5204 356 5271; x_wconf 86' lang='lat' dir='ltr'><strong>Qui</strong></span> <span class='ocrx_word' id='word_1_678' title='bbox 403 5210 669 5265; x_wconf 83' lang='lat' dir='ltr'><strong>conﬁdunt</strong></span> <span class='ocrx_word' id='word_1_679' title='bbox 717 5212 771 5264; x_wconf 92' lang='lat' dir='ltr'><strong>in</strong></span> <span class='ocrx_word' id='word_1_680' title='bbox 826 5213 1023 5267; x_wconf 87' lang='lat' dir='ltr'><strong>virtute</strong></span> <span class='ocrx_word' id='word_1_681' title='bbox 1049 5229 1167 5281; x_wconf 82' lang='lat' dir='ltr'><strong>sua,</strong></span> <span class='ocrx_word' id='word_1_682' title='bbox 1218 5214 1293 5269; x_wconf 93' lang='lat' dir='ltr'><strong>illi</strong></span> <span class='ocrx_word' id='word_1_683' title='bbox 1325 5214 1572 5274; x_wconf 84' lang='lat' dir='ltr'><strong>labuntur</strong></span> <span class='ocrx_word' id='word_1_684' title='bbox 1612 5219 1665 5273; x_wconf 91' lang='lat' dir='ltr'><strong>in</strong></span> 
     </span>
    </p>
   </div>
   <div class='ocr_carea' id='block_1_100' title="bbox 405 5390 1201 5412">
    <p class='ocr_par' dir='ltr' id='par_1_100' title="bbox 405 5390 1201 5412">
     <span class='ocr_line' id='line_1_101' title="bbox 405 5390 1201 5412; baseline 0 0"><span class='ocrx_word' id='word_1_685' title='bbox 405 5396 418 5412; x_wconf 81' lang='grc' dir='ltr'><strong>Ι</strong></span> <span class='ocrx_word' id='word_1_686' title='bbox 454 5392 579 5412; x_wconf 51' lang='grc' dir='ltr'>Ληῖ...</span> <span class='ocrx_word' id='word_1_687' title='bbox 619 5401 671 5412; x_wconf 72' lang='grc' dir='ltr'><strong>--Α</strong></span> <span class='ocrx_word' id='word_1_688' title='bbox 712 5390 847 5412; x_wconf 71' lang='grc' dir='ltr'><strong>ιη.--</strong></span> <span class='ocrx_word' id='word_1_689' title='bbox 898 5392 1039 5412; x_wconf 55' lang='grc' dir='ltr'><strong>ιξμ--.</strong></span> <span class='ocrx_word' id='word_1_690' title='bbox 1100 5406 1109 5412; x_wconf 88' lang='grc'>.</span> <span class='ocrx_word' id='word_1_691' title='bbox 1175 5398 1201 5412; x_wconf 74' lang='grc' dir='ltr'>η</span> 
     </span>
    </p>
   </div>
   <div class='ocr_carea' id='block_1_101' title="bbox 1776 4755 2165 4828">
    <p class='ocr_par' dir='ltr' id='par_1_101' title="bbox 1776 4755 2165 4828">
     <span class='ocr_line' id='line_1_102' title="bbox 1776 4755 2165 4828; baseline 0.01 -21"><span class='ocrx_word' id='word_1_692' title='bbox 1776 4755 1908 4808; x_wconf 88' lang='lat' dir='ltr'><strong>tium</strong></span> <span class='ocrx_word' id='word_1_693' title='bbox 1948 4773 2165 4828; x_wconf 86' lang='lat' dir='ltr'><strong>pompa.</strong></span> 
     </span>
    </p>
   </div>
   <div class='ocr_carea' id='block_1_102' title="bbox 1776 4846 3231 4928">
    <p class='ocr_par' dir='ltr' id='par_1_102' title="bbox 1776 4846 3231 4928">
     <span class='ocr_line' id='line_1_103' title="bbox 1776 4846 3231 4928; baseline 0.007 -28"><span class='ocrx_word' id='word_1_694' title='bbox 1776 4846 1837 4901; x_wconf 81' lang='grc' dir='ltr'>Η</span> <span class='ocrx_word' id='word_1_695' title='bbox 1921 4848 2281 4906; x_wconf 77' lang='lat' dir='ltr'><strong>Tabernacula</strong></span> <span class='ocrx_word' id='word_1_696' title='bbox 2309 4869 2488 4907; x_wconf 86' lang='lat' dir='ltr'><strong>eorum</strong></span> <span class='ocrx_word' id='word_1_697' title='bbox 2521 4857 2575 4911; x_wconf 86' lang='lat' dir='ltr'><strong>in</strong></span> <span class='ocrx_word' id='word_1_698' title='bbox 2603 4857 2843 4926; x_wconf 82' lang='lat' dir='ltr'><strong>progenie</strong></span> <span class='ocrx_word' id='word_1_699' title='bbox 2869 4866 2918 4911; x_wconf 90' lang='lat' dir='ltr'><strong>et</strong></span> <span class='ocrx_word' id='word_1_700' title='bbox 2941 4859 3187 4928; x_wconf 83' lang='lat' dir='ltr'><strong>progenie</strong></span> <span class='ocrx_word' id='word_1_701' title='bbox 3210 4870 3231 4910; x_wconf 89' lang='lat'><strong><em>:</em></strong></span> 
     </span>
    </p>
   </div>
   <div class='ocr_carea' id='block_1_103' title="bbox 1930 4940 3038 5003">
    <p class='ocr_par' dir='ltr' id='par_1_103' title="bbox 1930 4940 3038 5003">
     <span class='ocr_line' id='line_1_104' title="bbox 1930 4940 3038 5003; baseline 0.009 -9"><span class='ocrx_word' id='word_1_702' title='bbox 1930 4940 2254 4999; x_wconf 79' lang='lat' dir='ltr'><strong>Vocaverunt</strong></span> <span class='ocrx_word' id='word_1_703' title='bbox 2284 4944 2497 5000; x_wconf 82' lang='lat' dir='ltr'><strong>nomina</strong></span> <span class='ocrx_word' id='word_1_704' title='bbox 2519 4965 2617 5002; x_wconf 83' lang='lat' dir='ltr'><strong>sua</strong></span> <span class='ocrx_word' id='word_1_705' title='bbox 2646 4950 2698 4998; x_wconf 88' lang='lat' dir='ltr'><strong>in</strong></span> <span class='ocrx_word' id='word_1_706' title='bbox 2720 4947 2869 4999; x_wconf 82' lang='lat' dir='ltr'><strong>terris</strong></span> <span class='ocrx_word' id='word_1_707' title='bbox 2910 4950 3038 5003; x_wconf 86' lang='lat' dir='ltr'><strong>suis.</strong></span> 
     </span>
    </p>
   </div>
   <div class='ocr_carea' id='block_1_104' title="bbox 1845 5027 3356 5107">
    <p class='ocr_par' dir='ltr' id='par_1_104' title="bbox 1845 5027 3356 5107">
     <span class='ocr_line' id='line_1_105' title="bbox 1845 5027 3356 5107; baseline 0.001 -24"><span class='ocrx_word' id='word_1_708' title='bbox 1845 5027 1891 5083; x_wconf 81' lang='grc' dir='ltr'><strong><em>Η</em></strong></span> <span class='ocrx_word' id='word_1_709' title='bbox 1922 5031 2046 5089; x_wconf 70' lang='grc' dir='ltr'><strong>ΗίῸο</strong></span> <span class='ocrx_word' id='word_1_710' title='bbox 2071 5033 2175 5087; x_wconf 89' lang='lat' dir='ltr'><strong>erit</strong></span> <span class='ocrx_word' id='word_1_711' title='bbox 2226 5034 2328 5089; x_wconf 87' lang='lat' dir='ltr'><strong>illis</strong></span> <span class='ocrx_word' id='word_1_712' title='bbox 2356 5047 2613 5105; x_wconf 82' lang='lat' dir='ltr'><strong>perpetua</strong></span> <span class='ocrx_word' id='word_1_713' title='bbox 2644 5034 2928 5103; x_wconf 87' lang='lat' dir='ltr'><strong>habitatio,</strong></span> <span class='ocrx_word' id='word_1_714' title='bbox 2982 5038 3103 5107; x_wconf 84' lang='lat' dir='ltr'><strong>quia</strong></span> <span class='ocrx_word' id='word_1_715' title='bbox 3137 5049 3241 5087; x_wconf 69' lang='lat' dir='ltr'><strong>non</strong></span> <span class='ocrx_word' id='word_1_716' title='bbox 3268 5048 3356 5086; x_wconf 90' lang='lat' dir='ltr'><strong>re-</strong></span> 
     </span>
    </p>
   </div>
   <div class='ocr_carea' id='block_1_105' title="bbox 1771 5125 3357 5192">
    <p class='ocr_par' dir='ltr' id='par_1_105' title="bbox 1771 5125 3357 5192">
     <span class='ocr_line' id='line_1_106' title="bbox 1771 5125 3357 5192; baseline -0.004 -14"><span class='ocrx_word' id='word_1_717' title='bbox 1771 5137 2004 5192; x_wconf 82' lang='lat' dir='ltr'><strong>surgunt</strong></span> <span class='ocrx_word' id='word_1_718' title='bbox 2033 5136 2093 5181; x_wconf 87' lang='lat' dir='ltr'><strong>ut</strong></span> <span class='ocrx_word' id='word_1_719' title='bbox 2124 5125 2358 5180; x_wconf 87' lang='lat' dir='ltr'><strong>habeant</strong></span> <span class='ocrx_word' id='word_1_720' title='bbox 2386 5126 2554 5183; x_wconf 84' lang='lat' dir='ltr'><strong>vitam</strong></span> <span class='ocrx_word' id='word_1_721' title='bbox 2585 5137 2861 5188; x_wconf 82' lang='lat' dir='ltr'><strong>:eternam,</strong></span> <span class='ocrx_word' id='word_1_722' title='bbox 2892 5127 2985 5181; x_wconf 85' lang='lat' dir='ltr'><strong>sed</strong></span> <span class='ocrx_word' id='word_1_723' title='bbox 3010 5136 3063 5179; x_wconf 91' lang='lat' dir='ltr'><strong>nt</strong></span> <span class='ocrx_word' id='word_1_724' title='bbox 3094 5125 3357 5177; x_wconf 88' lang='lat' dir='ltr'><strong>damnen-</strong></span> 
     </span>
    </p>
   </div>
   <div class='ocr_carea' id='block_1_106' title="bbox 1774 5211 3360 5311">
    <p class='ocr_par' dir='ltr' id='par_1_106' title="bbox 1774 5211 3360 5311">
     <span class='ocr_line' id='line_1_107' title="bbox 1774 5211 3360 5311; baseline 0.009 -46"><span class='ocrx_word' id='word_1_725' title='bbox 1774 5220 1863 5265; x_wconf 82' lang='lat' dir='ltr'><strong>tnr</strong></span> <span class='ocrx_word' id='word_1_726' title='bbox 1890 5213 1945 5268; x_wconf 90' lang='lat' dir='ltr'><strong>in</strong></span> <span class='ocrx_word' id='word_1_727' title='bbox 1972 5230 2211 5291; x_wconf 67' lang='lat' dir='ltr'><strong>pinnam.</strong></span> <span class='ocrx_word' id='word_1_728' title='bbox 2246 5217 2612 5280; x_wconf 73' lang='lat' dir='ltr'><strong>Vocaverunt,</strong></span> <span class='ocrx_word' id='word_1_729' title='bbox 2638 5228 2778 5284; x_wconf 82' lang='lat' dir='ltr'><strong>saepe</strong></span> <span class='ocrx_word' id='word_1_730' title='bbox 2805 5215 2951 5269; x_wconf 88' lang='lat' dir='ltr'><strong>enim</strong></span> <span class='ocrx_word' id='word_1_731' title='bbox 2977 5211 3168 5311; x_wconf 41' lang='lat' dir='ltr'><strong>puga-ni</strong></span> <span class='ocrx_word' id='word_1_732' title='bbox 3197 5224 3360 5278; x_wconf 72' lang='lat' dir='ltr'><strong>5&quot;Pl‘a</strong></span> 
     </span>
    </p>
   </div>
   <div class='ocr_carea' id='block_1_107' title="bbox 134 5292 3363 5412">
    <p class='ocr_par' dir='ltr' id='par_1_107' title="bbox 134 5292 3363 5412">
     <span class='ocr_line' id='line_1_108' title="bbox 134 5292 3363 5412; baseline 0.002 -69"><span class='ocrx_word' id='word_1_733' title='bbox 134 5292 375 5348; x_wconf 65' lang='lat' dir='ltr'><strong>calemeo.</strong></span> <span class='ocrx_word' id='word_1_734' title='bbox 402 5294 440 5350; x_wconf 89' lang='lat' dir='ltr'><strong>C</strong></span> <span class='ocrx_word' id='word_1_735' title='bbox 476 5299 537 5353; x_wconf 84' lang='lat' dir='ltr'><strong>Et</strong></span> <span class='ocrx_word' id='word_1_736' title='bbox 566 5301 616 5356; x_wconf 89' lang='lat' dir='ltr'><strong>in</strong></span> <span class='ocrx_word' id='word_1_737' title='bbox 670 5300 1015 5357; x_wconf 88' lang='lat' dir='ltr'><strong>multitudine</strong></span> <span class='ocrx_word' id='word_1_738' title='bbox 1043 5306 1351 5361; x_wconf 78' lang='lat' dir='ltr'><strong>divitiarum</strong></span> <span class='ocrx_word' id='word_1_739' title='bbox 1398 5324 1620 5364; x_wconf 87' lang='lat' dir='ltr'><strong>soarum</strong></span> <span class='ocrx_word' id='word_1_740' title='bbox 1647 5322 1663 5362; x_wconf 88' lang='lat'><strong>:</strong></span> <span class='ocrx_word' id='word_1_741' title='bbox 1771 5299 2155 5359; x_wconf 87' lang='lat' dir='ltr'><strong>defunctorum</strong></span> <span class='ocrx_word' id='word_1_742' title='bbox 2197 5304 2487 5372; x_wconf 87' lang='lat' dir='ltr'><strong>epulantur</strong></span> <span class='ocrx_word' id='word_1_743' title='bbox 2509 5304 2775 5376; x_wconf 85' lang='lat' dir='ltr'><strong>sepulcra,</strong></span> <span class='ocrx_word' id='word_1_744' title='bbox 2808 5311 2861 5355; x_wconf 91' lang='lat' dir='ltr'><strong>et</strong></span> <span class='ocrx_word' id='word_1_745' title='bbox 2894 5305 2946 5356; x_wconf 91' lang='lat' dir='ltr'><strong>in</strong></span> <span class='ocrx_word' id='word_1_746' title='bbox 2975 5313 3190 5412; x_wconf 63' lang='lat' dir='ltr'><strong>notique</strong></span> <span class='ocrx_word' id='word_1_747' title='bbox 3216 5314 3363 5400; x_wconf 74' lang='lat' dir='ltr'><strong>tuor-</strong></span> 
     </span>
     <span class='ocr_line' id='line_1_109' title="bbox 134 5390 3360 5412; baseline 0 0"><span class='ocrx_word' id='word_1_748' title='bbox 134 5398 324 5412; x_wconf 71' lang='grc' dir='ltr'>ιιιιηηι-α..</span> <span class='ocrx_word' id='word_1_749' title='bbox 350 5396 418 5412; x_wconf 71' lang='grc' dir='ltr'>ιιι-ι</span> <span class='ocrx_word' id='word_1_750' title='bbox 454 5392 579 5412; x_wconf 45' lang='lat' dir='ltr'><strong>Ant...</strong></span> <span class='ocrx_word' id='word_1_751' title='bbox 619 5401 671 5412; x_wconf 74' lang='grc' dir='ltr'><strong>--ι</strong></span> <span class='ocrx_word' id='word_1_752' title='bbox 712 5390 847 5412; x_wconf 72' lang='grc' dir='ltr'>...Ι--</span> <span class='ocrx_word' id='word_1_753' title='bbox 898 5392 1039 5412; x_wconf 49' lang='grc' dir='ltr'><strong>κη--.</strong></span> <span class='ocrx_word' id='word_1_754' title='bbox 1100 5406 1109 5412; x_wconf 90' lang='grc'>.</span> <span class='ocrx_word' id='word_1_755' title='bbox 1175 5398 1201 5412; x_wconf 80' lang='lat' dir='ltr'><strong>n</strong></span> <span class='ocrx_word' id='word_1_756' title='bbox 1467 5404 1477 5412; x_wconf 84' lang='lat'><strong>.</strong></span> <span class='ocrx_word' id='word_1_757' title='bbox 1523 5402 1536 5412; x_wconf 83' lang='grc'><em>.</em></span> <span class='ocrx_word' id='word_1_758' title='bbox 1769 5400 1895 5412; x_wconf 68' lang='grc' dir='ltr'><strong>ιη..-</strong></span> <span class='ocrx_word' id='word_1_759' title='bbox 2026 5397 2038 5412; x_wconf 79' lang='grc' dir='ltr'><strong>ι</strong></span> <span class='ocrx_word' id='word_1_760' title='bbox 2065 5397 2096 5412; x_wconf 74' lang='grc' dir='ltr'><strong>ιι</strong></span> <span class='ocrx_word' id='word_1_761' title='bbox 2194 5405 2206 5412; x_wconf 83' lang='grc'><strong>.</strong></span> <span class='ocrx_word' id='word_1_762' title='bbox 2326 5395 2339 5407; x_wconf 78' lang='grc' dir='ltr'><strong>ο</strong></span> <span class='ocrx_word' id='word_1_763' title='bbox 2462 5399 2475 5410; x_wconf 74' lang='grc' dir='ltr'><strong>ι</strong></span> <span class='ocrx_word' id='word_1_764' title='bbox 2693 5396 2705 5412; x_wconf 80' lang='grc' dir='ltr'><strong>ι</strong></span> <span class='ocrx_word' id='word_1_765' title='bbox 2748 5408 2789 5412; x_wconf 81' lang='grc'><strong>--</strong></span> <span class='ocrx_word' id='word_1_766' title='bbox 2846 5407 2903 5412; x_wconf 79' lang='lat'><strong>___</strong></span> <span class='ocrx_word' id='word_1_767' title='bbox 3032 5409 3071 5412; x_wconf 83' lang='lat'>__</span> <span class='ocrx_word' id='word_1_768' title='bbox 3123 5406 3151 5412; x_wconf 89' lang='grc'><strong>-.</strong></span> <span class='ocrx_word' id='word_1_769' title='bbox 3183 5399 3360 5412; x_wconf 61' lang='lat' dir='ltr'><strong>-s--....</strong></span> 
     </span>
    </p>
   </div>
   <div class='ocr_carea' id='block_1_108' title="bbox 3262 5404 3360 5412">
    <p class='ocr_par' dir='ltr' id='par_1_108' title="bbox 3262 5404 3360 5412">
     <span class='ocr_line' id='line_1_110' title="bbox 3262 5404 3360 5412; baseline 0 0"><span class='ocrx_word' id='word_1_770' title='bbox 3262 5404 3360 5412; x_wconf 61' lang='grc' dir='ltr'>-..ιιι</span> 
     </span>
    </p>
   </div>
  </div>
