3986 5412
608 323 706 377 I99

1547 322 1606 376 S.
1647 320 1991 377 IIRUNONIS
2031 321 2570 378 IIERBIPOLENSIS
2607 322 2911 380 EPISCOPI

3730 329 3837 384 200

599 417 841 486 piantur.
868 415 933 470 Et
960 415 1527 470 itwocaverunthabct
1555 415 1657 469 alia
1687 416 1892 479 littera,
1917 417 2055 484 quod
2077 415 2166 468 hic
2191 422 2238 480 Α
2267 430 2523 484 oppresso
2554 431 2786 484 paupere
2833 417 2984 471 dives
3025 415 3272 483 eliicltur,
3317 417 3422 472 noli
3477 417 3684 485 timere,
3730 423 3838 476 cita

601 509 910 562 esuonitur.

603 524 665 561 es
707 524 910 562 onstur.

603 524 706 649 ηρ
740 596 808 649 Et
831 596 982 649 ltcmo
1001 612 1124 648 cum
1149 601 1201 649 tn
1225 611 1420 648 nonore
1447 605 1576 647 esset
1607 611 1708 647 non
1736 593 1985 646 intellexit
2009 606 2028 644 :

737 687 1080 756 Comparatus
1127 698 1199 740 est
1238 686 1492 756 jumentis
1535 701 1594 742 ’ἓ-
1639 685 1997 754 insipientibus
2081 691 2177 764 ,et'

825 777 1010 830 similis
1041 778 1213 846 factus
1237 789 1309 832 est
1328 778 1460 832 illis.

667 867 711 922 ll
736 869 907 924 Homo
932 886 1053 925 cum
1079 871 1130 925 in
1179 873 1379 927 honore
1407 883 1568 938 esset,
1605 887 1706 926 non
1737 873 2018 938 intellexit,
2045 888 2167 929 esse

597 977 657 1015 se
701 961 766 1014 ad
814 961 1102 1029 imaginem
1127 961 1226 1017 Dei
1259 963 1564 1019 formatum.
1597 963 1636 1016 C
1687 962 2041 1032 Comparatus
2082 973 2166 1019 est

593 1050 868 1118 iumentis,
899 1051 1058 1118 digna
1089 1051 1383 1104 similitudo
1430 1054 1588 1106 datur
1615 1053 1953 1118 vecordibus,
1987 1062 2042 1106 ut
2072 1055 2162 1122 qui

596 1153 654 1194 se
685 1139 972 1208 imaginem
1020 1139 1112 1192 Dei
1143 1151 1354 1210 gestare
1406 1159 1517 1196 non
1564 1142 1889 1213 intelligunt,
1927 1159 2164 1214 congrue

589 1231 850 1300 jumeutis
881 1231 1262 1300 insipientibus
1315 1244 1705 1302 comparentur.
1754 1234 1883 1288 Nam
1917 1235 2039 1289 tolle
2070 1237 2162 1290 ho-

595 1321 724 1374 mini
756 1321 846 1374 Dei
887 1322 1190 1387 scientiam,
1238 1333 1291 1378 et
1319 1325 1539 1379 omnino
1567 1341 1728 1395 pecus
1769 1326 2028 1397 insipiens
2056 1339 2160 1396 est,

595 1414 942 1483 prtesumptio
969 1431 1106 1469 vana
1135 1424 1188 1470 et
1215 1418 1416 1472 caduca
1444 1419 1714 1486 superbia.

593 1503 662 1558 15
733 1503 864 1559 "me
883 1507 963 1559 via
991 1506 1197 1559 illorum
1228 1507 1533 1560 scandalum
1560 1509 1682 1577 ipsis
1703 1549 1723 1564 .

729 1596 797 1650 Et
827 1610 1004 1666 postea
1023 1597 1197 1650 sin-ore
1217 1615 1310 1650 suo
1333 1599 1743 1668 cemplaeebunt.
1772 1600 2102 1672 Diapsalma.

659 1691 700 1746 C
731 1690 854 1744 Ilwc
878 1690 986 1753 via,
1017 1689 1068 1744 id
1097 1698 1180 1743 est
1209 1689 1341 1753 vita,
1391 1691 1442 1742 in
1468 1706 1571 1759 qua
1600 1691 1649 1744 in
1686 1692 1787 1746 hoc
1816 1694 2011 1746 smculo
2043 1709 2158 1748 am-

2269 507 2528 574 pnclerit,
2561 515 2614 560 et
2646 507 2776 560 nihil
2807 521 2988 562 secum
3045 509 3110 562 de
3147 509 3230 562 his
3282 523 3401 578 qua:
3451 518 3699 578 rapuerat
3742 513 3841 566 tol-

2267 593 2346 659 Iit,
2402 595 2628 650 Domino
2689 597 2900 651 dicente
2959 614 2974 651 :
3019 598 3212 662 Stulte,
3246 599 3346 652 hac
3403 608 3562 654 nocte
3604 601 3838 656 animam

2267 693 2411 739 tuam
2442 695 2693 757 repetunt
2720 687 2871 758 (Luc.
2904 693 3024 759 su},
3053 705 3174 760 qua:
3215 701 3395 746 autem
3437 694 3644 762 parasti
3684 694 3838 765 cujus

2263 783 2444 826 erunt.

2267 864 2332 918 I8
2409 864 2672 930 Quantam
2699 885 2815 921 cum
2841 869 3093 924 interierit
3125 887 3226 926 non
3251 882 3419 926 sumet
3447 874 3623 926 omnia
3650 887 3672 924 :

2411 951 2591 1024 Neque
2613 955 2880 1011 descendet
2919 975 3038 1012 cum
3063 975 3121 1012 eo
3142 959 3310 1030 gloria
3333 962 3468 1031 ejus.

2331 1043 2373 1100 ϐ
2419 1045 2555 1100 Ecce
2610 1047 2848 1101 redditur
2899 1049 3038 1103 ratio
3079 1065 3248 1119 quare
3287 1052 3462 1106 timeri
3497 1067 3603 1106 non
3647 1053 3843 1107 debeat

2263 1136 2446 1190 mtiudi
2477 1135 2767 1206 gloriosus.
2812 1137 2920 1193 Cur
2965 1141 3108 1194 enim
3165 1143 3414 1197 timemus
3459 1142 3708 1207 divitem,
3747 1143 3841 1212 qui

2262 1228 2494 1280 moritur
2528 1243 2749 1298 panper,
2777 1245 2877 1286 nec
2918 1231 3063 1286 aliud
3091 1215 3272 1288 secum
3303 1234 3441 1288 valet
3467 1243 3709 1303 portare,
3735 1236 3838 1290 nisi

2262 1317 2404 1370 unde
2435 1320 2606 1386 possit
2635 1321 2864 1375 ardere?
2907 1321 2975 1375 Et
3021 1323 3161 1378 bene
3190 1324 3390 1378 dicitur
3421 1326 3748 1379 descendere
3781 1327 3834 1380 in

2261 1407 2737 1477 profundissimam
2762 1410 2992 1476 foveam,
3030 1413 3123 1468 sed
3152 1415 3266 1468 sine
3291 1414 3456 1486 gloria
3487 1415 3694 1480 smculi,
3723 1417 3841 1470 sine

2263 1499 2418 1554 turba
2471 1502 2788 1557 satellitum.
2824 1503 2891 1559 Et
2937 1505 3128 1561 domus
3177 1506 3264 1561 illa
3320 1522 3478 1577 quam
3527 1507 3838 1572 mirabaris,

2261 1601 2503 1644 remanet
2542 1594 2796 1654 tota,-sed
2821 1610 2988 1648 onera
3018 1611 3136 1666 qua:
3158 1613 3263 1651 non
3289 1598 3539 1654 videbas:
3561 1601 3843 1655 transmit-

2262 1683 2320 1737 tit
2357 1684 2596 1754 iugentia
2625 1703 2808 1743 secum
2840 1689 2894 1743 in
2928 1690 3252 1758 gehennam.

586 1784 856 1839 'Imlamus.
883 1782 988 1835 Sed
1029 1783 1141 1836 haec
1170 1783 1251 1835 via
1281 1782 1408 1852 quid
1442 1782 1597 1838 malis
1641 1782 1809 1838 faciat
1838 1801 1852 1838 :
1879 1801 1983 1839 non
2011 1796 2157 1840 tace-
2191 1764 2234 1822 Β
2268 1775 2330 1830 i9
2401 1776 2538 1842 Quid
2572 1780 2747 1834 αηὶωια
2779 1781 2894 1850 ejus
2923 1783 2974 1836 in
3005 1783 3109 1836 vita
3135 1784 3298 1852 ipsius
3321 1783 3662 1838 benedicatur
3683 1802 3703 1840 :

589 1884 696 1929 tur.
727 1873 1050 1928 Scandalum
1085 1873 1270 1942 utique
1301 1874 1576 1929 actoribus
1603 1876 1732 1938 suis,
1787 1877 1837 1931 id
1866 1887 1948 1932 est
1972 1879 2154 1932 stimu-

590 1967 698 2021 lum
728 1976 889 2035 atque
918 1966 1178 2020 dolorem.
1213 1965 1326 2021 Non
1355 1967 1498 2020 enim
1529 1969 1595 2022 ad
1637 1970 1979 2024 securitatem
2009 1987 2160 2025 suam

589 2055 880 2126 quidquam
898 2053 1149 2125 peccator
1173 2056 1320 2120 facit,
1345 2057 1429 2110 cui
1459 2057 1525 2111 de
1549 2073 1643 2110 sua
1660 2059 1904 2126 provenit
1925 2061 2160 2128 actione,

589 2149 846 2216 torqueri.
877 2149 1219 2203 Consuetudo
1247 2158 1329 2203 est
1378 2151 1742 2219 peccantium,
1778 2162 1836 2204 ut
1876 2161 2160 2223 postquam

587 2237 925 2307 impleverim
952 2247 1131 2291 votum
1157 2238 1215 2292 in
1240 2249 1484 2308 peccato,
1518 2255 1640 2293 mox
1673 2240 1934 2295 divinitati
1955 2243 2162 2312 gratias

586 2339 774 2399 agunt,
808 2329 859 2382 in
913 2344 1009 2384 ore
1041 2344 1145 2382 non
1193 2331 1244 2383 in
1276 2331 1459 2393 corde,
1507 2331 1646 2384 unde
1685 2331 1816 2385 dicit
1851 2345 2074 2403 :postea
2107 2334 2157 2388 in

581 2437 679 2475 ore
706 2437 802 2476 suo
820 2421 1248 2491 complacebunt,
1276 2421 1384 2475 Deo
1405 2422 1604 2492 gratias
1630 2434 1849 2493 agentes
1871 2424 2014 2494 quod
2036 2439 2162 2496 pro-

582 2527 739 2582 spere
767 2511 1126 2582 peccaverint.

584 2604 649 2659 11
724 2603 874 2659 Sicut
898 2621 1013 2658 ores
1034 2605 1088 2656 in
1117 2603 1322 2673 inferno
1353 2603 1508 2674 positi
1537 2614 1658 2659 sunt
1687 2617 1708 2658 .'

726 2699 869 2752 Mors
892 2701 1130 2768 deposcet
1156 2716 1264 2753 eos.

658 2790 698 2844 C
729 2791 883 2844 Sicut
929 2805 1059 2844 oves
1103 2789 1239 2843 lanae
1268 2805 1378 2844 sua:
1423 2790 1714 2844 amissione
1743 2791 1947 2862 jugiter
1968 2806 2160 2863 perse-

582 2889 796 2943 verant,
815 2880 893 2934 sic
914 2893 1130 2949 semper
1152 2879 1203 2932 in
1229 2881 1335 2934 illis
1359 2881 1474 2935 sine
1504 2882 1879 2936 imminutione
1899 2883 2158 2938 substau-

584 2970 694 3032 tite,
731 2969 934 3022 invenit
976 2982 1132 3038 pteua
1183 2969 1324 3037 quod
1357 2970 1584 3023 cruciet.
1625 2969 1664 3022 Il
1693 2969 1884 3025 Merito
1914 2987 1944 3024 a
1985 2980 2158 3028 morte

2405 1867 2752 1937 Conﬁtebitur
2773 1872 2867 1926 tibi
2886 1889 3002 1926 cum
3019 1873 3331 1943 benefeceris
3351 1877 3416 1929 ei.

2335 1959 2377 2014 C
2405 1959 2509 2015 Ista
2542 1962 2848 2018 benedictio
2876 1981 2982 2020 non
3033 1967 3099 2020 ad
3149 1967 3635 2033 sanctiﬁcat-iuueni
3676 1969 3840 2039 perti-

2263 2058 2377 2114 net,
2409 2051 2504 2104 sed
2530 2052 2596 2106 ad
2623 2052 2885 2108 favorem.
2916 2053 3261 2111 Benedicitur
3302 2059 3443 2113 enim
3473 2060 3680 2114 dictum
3712 2069 3836 2114 est:

2257 2154 2481 2214 propter
2505 2144 2741 2216 linguam
2790 2146 3107 2210 satellitum,
3135 2147 3276 2200 inter
3299 2147 3485 2216 epulas
3513 2163 3641 2205 suos
3668 2148 3844 2202 domi-

2264 2251 2362 2291 nos
2405 2237 2798 2292 collaudantes.
2828 2237 2963 2292 Cum
3006 2238 3059 2293 ei
3088 2237 3440 2303 benel'eceris,
3465 2238 3837 2302 conﬁtebitur,

2263 2325 2316 2381 id
2348 2335 2452 2391 est,
2486 2337 2614 2382 tunc
2665 2327 2776 2398 agit
2801 2329 3004 2400 gratias
3033 2329 3162 2397 Deo,
3211 2329 3426 2400 quando
3465 2325 3673 2399 aliquid
3705 2329 3840 2384 lucri

2261 2419 2534 2490 conquirit

2261 2509 2330 2564 20
2401 2511 2649 2566 lntroilnt
2686 2531 2847 2584 usque
2869 2515 2922 2568 in
2950 2515 3218 2584 progenies
3239 2523 3446 2583 patrum
3469 2528 3690 2568 suorum
3718 2528 3764 2578 :_

2404 2603 2581 2674 Usque
2601 2606 2653 2659 in
2685 2615 2935 2660 aeternum
2958 2622 3058 2659 non
3083 2605 3266 2660 ridebit
3298 2604 3491 2658 lumen.

2332 2691 2372 2747 Ε
2403 2693 2502 2759 Qui
2535 2695 2588 2748 in
2625 2694 2730 2749 isto
2781 2694 2978 2750 saeculo
3022 2703 3202 2764 patres
3225 2695 3488 2765 pessimos
3531 2696 3838 2760 Imitantur,

2259 2798 2446 2839 eorum
2475 2786 2738 2842 societate
2769 2788 3057 2843 daumandi
3096 2797 3240 2842 sunt.
3273 2786 3452 2856 Usque
3481 2787 3536 2842 in
3575 2796 3838 2843 (utentum

2259 2887 2368 2926 non
2399 2873 2601 2928 videbit
2629 2873 2831 2940 lumen,
2861 2875 2912 2929 id
2937 2884 3044 2937 est.
3075 2874 3252 2930 lumen
3283 2875 3559 2944 sapientia:
3585 2875 3676 2930 hic
3705 2884 3759 2931 et
3785 2876 3837 2930 in

2259 2973 2539 3017 teternum.
2571 2963 2774 3018 Lumen
2795 2965 2941 3033 quod
2997 2963 3260 3019 illuminat
3300 2979 3512 3019 onmem
3543 2964 3838 3027 hominem,

583 3060 972 3129 depascuntur,
1005 3059 1098 3128 qui
1119 3057 1402 3114 Christum
1433 3060 1721 3116 noluerunt
1753 3061 1952 3117 habere
1972 3071 2157 3132 pasto-

2275 3054 2402 3122 μιοά
2422 3055 2518 3109 soli
2547 3056 2720 3109 sancti
2749 3056 2800 3110 in
2828 3055 3026 3112 deitate
3047 3056 3324 3112 videbunt.
3356 3055 3508 3110 Sicut
3533 3057 3682 3111 enim
3719 3072 3842 3126 pec-

583 3168 722 3208 rem.

583 3242 650 3297 15
722 3241 792 3296 Et
820 3241 1232 3296 dominabuntur
1255 3258 1432 3296 eorum
1447 3243 1586 3312 justi
1601 3243 1661 3296 in
1688 3244 1944 3298 matutino
1969 3258 1988 3296 :

725 3333 796 3388 Et
823 3333 1082 3386 auxilium
1109 3349 1287 3387 eorum
1310 3344 1582 3388 reterascet
1613 3335 1667 3389 iu
1697 3336 1904 3406 inferno
1933 3353 1963 3390 a
1988 3335 2156 3407 gloria

793 3440 853 3478 εο
861 3441 919 3477 ru
927 3441 973 3478 ill
981 3463 996 3478 .

655 3515 787 3572 CEt
816 3517 1238 3573 dominalmntur
1277 3533 1488 3586 eorum,
1539 3518 1682 3589 quod
1735 3521 1920 3590 utique
1972 3521 2025 3575 in
2068 3521 2156 3576 illa

582 3610 983 3665 resurrectione
1031 3610 1266 3666 felicium
1319 3621 1403 3666 cst
1431 3653 1445 3677 ,
1493 3623 1552 3668 ut
1600 3613 1767 3668 malis
1817 3617 2156 3683 pra‘mincant

581 3699 728 3763 boni,
760 3699 848 3754 hic
866 3699 1008 3753 enim
1033 3701 1206 3768 justos
1231 3701 1476 3756 obtinent
1516 3715 1854 3772 peccatores.
1889 3705 1945 3759 In
1983 3715 2161 3760 rnatu-

582 3790 714 3852 tino,
768 3806 890 3844 cum
944 3790 1112 3859 gloria
1157 3794 1576 3849 resurrectionis
1623 3795 1882 3850 illuxerit.
1915 3797 2155 3864 Quorum

582 3880 781 3934 auxilia
817 3890 1071 3950 tanquam
1100 3883 1260 3952 patrui
1308 3883 1595 3952 putrefacti
1647 3895 2005 3950 veterascnnt,
2031 3889 2154 3957 quia

578 3989 766 4029 etn'um
795 3975 995 4030 divitia:
1027 3975 1160 4030 nihil
1185 3975 1291 4030 illis
1316 3990 1560 4046 prosunt.
1579 3981 1620 4031 Α
1648 3979 1816 4048 gloria
1849 3995 1968 4046 sua,
1993 3998 2153 4050 quam

582 4068 634 4122 in
660 4069 765 4123 isto
793 4068 989 4124 saeculo
1019 4069 1347 4126 habuerunt.
1380 4070 1423 4124 ll
1454 4071 1506 4125 Id
1559 4081 1643 4126 est
1669 4073 1722 4126 in
1751 4075 2156 4144 comparatione

580 4162 646 4215 ad
677 4161 902 4231 gloriam
926 4176 1113 4216 eorum
1136 4177 1298 4231 quam
1329 4163 1416 4217 hic
1440 4164 1765 4228 habuerunt,
1792 4175 1994 4233 quanto
2010 4167 2154 4222 enim

580 4253 810 4320 amplius
838 4253 925 4306 hic
947 4261 1073 4308 sunt
1104 4252 1354 4324 gloriati,
1387 4264 1533 4308 tanto
1565 4255 1682 4324 plus
1715 4257 1766 4310 in
1807 4256 2016 4313 inferno
2039 4273 2156 4314 cor-

581 4344 884 4410 ruptionem
917 4345 1191 4412 patientur
1219 4346 1404 4414 (Apoc.
1436 4346 1616 4418 xvm).

2184 3115 2230 3178 Ο
2259 3154 2380 3198 cata
2399 3153 2525 3200 sunt
2543 3146 2846 3210 tenebrosa,
2863 3147 2934 3201 ita
2956 3147 3329 3217 peccatoribus
3351 3147 3638 3216 sapientia:
3657 3146 3839 3201 lumen

2260 3237 2527 3292 auferunt.
2575 3238 2616 3293 ll
2654 3239 2728 3294 De
2777 3239 2976 3309 quibus
3029 3239 3227 3294 dicitur
3261 3258 3272 3292 :
3303 3237 3560 3306 Projicite
3613 3252 3740 3292 eum
3787 3236 3839 3290 in

2263 3332 2511 3385 tenebras
2536 3330 2836 3394 exteriores
2859 3329 3074 3388 (Matth.
3109 3331 3267 3401 xm).

2257 3422 2321 3476 21
2404 3420 2574 3477 Homo
2604 3438 2726 3486 cum
2746 3422 2798 3475 in
2826 3422 3020 3475 honore
3040 3432 3168 3476 esset
3201 3438 3302 3476 non
3327 3419 3625 3474 intellexit:

2401 3511 2745 3580 Comparatus
2772 3521 2842 3564 est
2864 3511 3112 3581 jumentis
3131 3525 3184 3566 σιν
3211 3512 3568 3581 insipientibus
3593 3520 3640 3564 et
3674 3509 3693 3580 ξ
3733 3549 3750 3575 ,
3771 3508 3840 3564 si-

2469 3603 2608 3657 milis
2636 3605 2807 3673 factus
2840 3615 2914 3658 est
2952 3605 3080 3658 illis.

2328 3688 2367 3746 C
2395 3692 2665 3746 Com-lusit
2689 3695 2942 3763 propheta
2987 3694 3405 3764 pulcherrimum
3432 3695 3701 3766 psalmum
3736 3711 3836 3765 pa-

2262 3785 2457 3839 rilitate
2480 3802 2688 3849 versus,
2709 3795 2766 3840 ut
2784 3803 2839 3843 se
2862 3799 3115 3858 peccator
3136 3805 3165 3843 a
3194 3788 3335 3844 malo
3355 3791 3635 3860 preposito
3657 3807 3836 3844 remo.

2259 3886 2429 3940 reret,
2449 3893 2573 3932 cum
2603 3879 2884 3933 stultitiam
2930 3895 3084 3935 suam
3133 3880 3324 3934 iterata
3354 3881 3729 3950 increpatione
3753 3897 3840 3934 co-

2258 3957 2558 4040 gnoScerct.

2676 4077 2872 4118 ORATIO
2910 4080 2977 4117 Εἰ
3035 4080 3181 4119 PSAL.
3216 4081 3405 4119 XLVIII.

2330 4153 2513 4225 chlc,
2549 4153 2794 4219 Domine,
2828 4170 2888 4209 os
2911 4169 3157 4210 nosmun
3183 4157 3445 4226 sapientia
3479 4164 3569 4210 tua
3598 4175 3611 4210 :
3642 4165 3701 4210 ut
3727 4172 3838 4212 me-

2259 4261 2439 4301 mores
2483 4256 2533 4301 te
2588 4246 2860 4300 hominem
2909 4246 3134 4311 factum,
3191 4263 3395 4318 uosque
3445 4248 3746 4303 redemisse
3775 4249 3836 4302 de

2259 4347 2482 4403 tartaro,
2538 4355 2844 4393 mercamur
2866 4338 3044 4393 vultus
3076 4340 3150 4394 tui
3184 4339 3384 4396 lumine
3426 4340 3700 4396 decorari.
3741 4339 3834 4407 Qui

581 4431 646 4484 I6
722 4431 1088 4488 Verumtamen
1140 4434 1278 4489 Deus
1323 4436 1536 4490 redimet
1569 4436 1801 4490 animant
1853 4438 2154 4493 meanutle

2275 4447 2380 4484 :mn
2411 4429 2568 4484 Patre
2590 4440 2643 4485 et
2672 4429 2873 4501 Spiritu
2903 4441 3112 4495 sancto,
3139 4440 3244 4486 etc.

789 4539 947 4576 manu
972 4525 1149 4592 inferi.

719 4617 852 4670 Cum
871 4619 1120 4686 acceperit
1154 4635 1252 4672 me.
1285 4618 1612 4688 Diapsalma.

647 4709 688 4764 C
716 4707 990 4762 Liberavit
1021 4709 1159 4764 Deus
1213 4711 1422 4764 animas
1465 4727 1676 4777 eorum,
1730 4713 1821 4782 qui
1860 4715 2150 4766 adventum

576 4802 694 4872 ejus
745 4803 1014 4856 constanti
1055 4803 1236 4855 animo
1279 4804 1641 4858 crediderunt.
1674 4805 1748 4859 De
1779 4821 1937 4858 manu
1971 4805 2148 4869 inferi,

578 4895 644 4948 de
667 4902 930 4962 potestate
967 4893 1161 4949 diaboli
1196 4913 1208 4946 :
1234 4895 1322 4964 qui
1351 4905 1474 4949 ante
1503 4895 1791 4948 adventum
1815 4894 2012 4950 Christi
2035 4897 2152 4948 ani-

576 4999 695 5028 mas
742 4987 956 5030 tmmhnl
997 4975 1280 5034 nimus-ins.
1312 4986 1352 5034 (Σ
1399 4985 1558 5036 Dives
1602 4985 1746 5036 enim
1798 4984 1972 5037 dictus
2005 4995 2086 5038 est
2119 5002 2148 5039 tt

2775 4522 3094 4580 PSALMUS
3128 4523 3314 4579 XLIX.

2681 4628 3042 4670 ARGUIENTUI
3079 4631 3224 4670 PSAL.
3263 4631 3412 4670 ιιιχ.

2328 4703 2370 4759 C
2417 4703 2530 4757 Vox
2568 4719 2852 4776 synagoga:
2881 4707 2945 4760 de
2984 4707 3160 4775 primo
3209 4716 3263 4761 et
3318 4708 3558 4762 secundo
3605 4709 3835 4764 adventu

2257 4796 2481 4857 Christi,
2511 4797 2785 4865 ipsiusque
2829 4797 3146 4863 admonitio,
3199 4807 3261 4853 ut
3285 4799 3333 4853 ei
3365 4800 3702 4856 sacriﬁcium
3729 4801 3838 4855 lau-

2257 4888 2336 4944 dis
2361 4886 2546 4944 ﬁdeles
2570 4885 2818 4942 oﬂ'erant.

2733 4977 2841 5032 TT.
2884 4976 3132 5034 Psalmus
3162 4979 3358 5040 Asaplt.
