3986 5412
161 325 246 379 Nl

157 528 291 583 Unus
326 535 502 580 tamen
550 525 690 579 Bcus
715 525 936 577 deorum
965 541 980 576 :
1018 524 1091 578 dii
1130 525 1275 579 enim
1305 524 1559 578 dicuntur
1581 523 1704 575 boni

156 619 400 673 homines.
435 616 670 670 Locutus
694 623 797 676 est,
825 614 864 669 C
887 629 984 684 per
1007 617 1298 684 prophetas
1316 623 1371 668 et
1413 612 1704 685 apostolos.

154 711 213 764 Et
243 708 447 762 vocavit
478 717 700 768 terram,
749 706 800 759 id
846 715 932 759 est
955 721 1124 776 genus
1156 707 1474 760 humanum.
1507 703 1548 758 ll
1581 703 1712 757 Cre-

150 805 323 858 dentcs
345 803 475 857 deos
496 800 794 868 nuncupari
829 799 1016 862 voluit,
1041 799 1166 868 quia
1191 799 1338 854 dedit
1363 799 1444 854 eis
1470 805 1709 866 potesta-

153 906 247 947 tem
273 892 406 945 ﬁlios
433 890 531 945 Dei
568 891 682 945 fieri
708 891 888 960 (Joan.
914 893 974 960 t).
1007 889 1048 944 C
1077 889 1339 945 Dicuntur
1390 892 1571 959 itaque
1615 890 1706 944 ﬁlii

151 987 270 1038 sicut
287 983 421 1036 etdii
443 1001 455 1034 :
474 983 602 1052 quia
621 991 909 1050 utrumque
920 983 1090 1052 gratia
1107 991 1351 1051 praestat,
1369 999 1474 1036 non
1491 992 1704 1036 natura.

149 1072 181 1123 2
277 1073 319 1125 Α
349 1072 474 1126 solis
495 1081 615 1125 ortu
642 1087 802 1141 usque
827 1073 894 1124 ml
917 1089 1156 1126 occasum
1181 1086 1200 1124 :

281 1164 359 1218 Ea:
380 1164 510 1218 Sion
529 1164 724 1233 species
751 1163 950 1218 decoris
969 1164 1103 1234 ejus.

211 1258 248 1313 C
276 1259 312 1311 Α
346 1258 476 1312 solis
503 1266 652 1322 ortu,
685 1271 780 1326 per
825 1255 956 1310 solis
994 1272 1210 1314 cursum
1241 1275 1256 1309 :
1294 1258 1604 1312 universum
1635 1258 1710 1312 si-

151 1351 350 1420 gniﬁcat
376 1349 812 1418 mundum,,quia
844 1349 992 1404 omni
1043 1360 1199 1404 terra:
1225 1351 1400 1404 oritur
1431 1358 1490 1405 et
1509 1350 1710 1405 occidit

155 1443 351 1497 claritas
372 1439 509 1509 ejus.
541 1439 618 1495 Ex
668 1438 794 1496 Sion
839 1440 1066 1510 species,
1108 1436 1465 1505 Hierusalem,
1503 1442 1556 1496 in
1602 1456 1710 1511 qua

156 1549 290 1588 mons
311 1534 410 1588 iste
441 1532 597 1602 puris
617 1533 886 1587 mentibus
913 1533 1058 1587 velut
1080 1547 1244 1588 aurea
1269 1547 1446 1587 massa
1472 1533 1712 1604 resplen-

157 1631 248 1680 det.
278 1628 347 1682 De
387 1626 494 1681 hac
535 1625 680 1680 enim
710 1627 842 1682 urbe
878 1635 1138 1684 exeuntes
1190 1627 1443 1696 apostoli,
1474 1626 1709 1695 speciem

152 1716 342 1775 decoris
381 1718 500 1784 ejus
543 1717 998 1772 annuutiaverunt
1025 1717 1080 1772 in
1108 1725 1224 1772 toto
1258 1717 1390 1772 orbe
1420 1727 1708 1779 terrarum.

1299 317 1661 376 EXPOSITIO
1701 314 2141 372 l‘S.\l..\l0illJ.\l.

161 438 286 491 Deus
312 434 364 489 in
385 433 654 490 Trinitate
676 431 834 486 Pater
852 441 904 486 et
935 430 1102 487 Filius
1128 431 1442 506 et‘Spiritus
1465 440 1703 486 sanctus.
1743 440 1782 490 Α
1813 433 1841 482 7

1954 431 2018 483 Et
2042 432 2426 486 annuntlubttnl
2451 433 2562 486 caeli
2576 432 2838 501 justitiam
2863 433 2976 502 ejus
3001 445 3023 485 .‘

1959 522 2217 587 Quoniam
2251 523 2387 578 Deus
2401 525 2568 593 judeJ:
2595 533 2690 578 est.
2730 524 3055 593 Diapsaltna.

1881 614 1924 666 C
1953 613 2145 674 Curios.
2197 616 2341 669 viros
2362 615 2538 683 justus
2561 617 2710 678 dicit,
2745 617 2939 686 quibus
2973 618 3118 672 verbi
3151 618 3389 673 calcatis

1813 706 2141 776 dispensatio
2170 708 2521 762 contionatur.
2545 708 2807 774 Quoniam
2831 709 2971 763 Deus
2990 707 3158 776 judex
3187 721 3288 771 est,
3322 727 3389 762 ae

1815 797 1858 850 si
1895 797 2131 851 diceret:
2164 795 2264 862 Qui
2296 798 2466 851 nescit
2499 795 2634 861 falli,
2661 806 2715 848 et
2740 799 2874 852 sicut
2897 799 3076 852 omnia
3103 797 3388 855 manifeste

1815 891 1980 950 novit,
2008 899 2079 943 tta
2115 890 2230 944 sine
2258 890 2676 958 reprehensione
2702 891 2977 945 discernit.
3013 891 3056 944 li
3091 891 3185 945 Vel
3211 893 3386 948 sancti

1813 981 2180 1048 praedicabunt
2203 980 2490 1049 justitiam,
2537 980 2589 1033 id
2615 988 2698 1034 est
2730 982 2979 1035 mandata
3009 981 3146 1050 ejus,
3169 990 3221 1036 et
3248 996 3390 1050 ιιι-,υ-

1808 1074 2066 1129 dicabunt
2090 1076 2230 1144 quod
2254 1084 2339 1130 est
2361 1073 2522 1142 iudex
2546 1073 2791 1127 vivorum
2807 1085 2868 1126 et
2893 1083 3244 1137 mortuorum,
3265 1074 3392 1127 ideo

1805 1162 2016 1230 iustitia
2043 1176 2128 1220 est
2163 1165 2416 1221 timenda.

1812 1257 1846 1310 8
1953 1257 2089 1308 Audi
2119 1256 2341 1325 populus
2365 1272 2508 1311 meus
2536 1266 2586 1310 et
2630 1255 2861 1310 loouar.‘
2900 1256 3072 1309 Israel
3107 1266 3154 1308 et
3196 1257 3392 1322 testi/i-

2027 1348 2184 1402 cobor
2215 1349 2303 1402 tibi
2325 1365 2346 1402 :

1959 1441 2098 1495 Deus
2123 1441 2261 1495 Deus
2284 1451 2407 1496 tuus
2432 1459 2525 1512 ego
2553 1457 2691 1497 sunt.

1883 1532 1926 1588 C
1955 1532 2089 1587 Audi
2120 1533 2346 1604 populus
2376 1549 2546 1599 meus,
2580 1535 2668 1588 hic
2698 1533 2812 1602 ipsa
2845 1531 3060 1588 Veritas
3088 1549 3152 1588 ex
3175 1533 3396 1602 propria

1813 1638 2041 1694 persona
2072 1623 2328 1694 loquitur.
2361 1623 2597 1695 Populus
2625 1625 2712 1679 hic.
2745 1624 3014 1695 signiﬁcat
3061 1623 3264 1693 plebem
3298 1623 3399 1676 de.

1813 1722 2017 1769 votam.
2041 1715 2173 1768 Cum
2197 1715 2326 1769 dicit
2356 1715 2500 1778 audi,
2535 1714 2588 1768 id
2607 1723 2710 1774 est.
2733 1714 2923 1769 devota
2951 1725 3130 1769 mente
3159 1712 3395 1782 suscipe.

159 1809 278 1863 sicut
324 1808 489 1862 lsaias
541 1808 675 1864 dicit
704 1826 717 1861 :
754 1808 831 1864 Ex
880 1807 1010 1864 Sion
1045 1808 1216 1864 exibit
1263 1808 1374 1871 lex,
1403 1816 1458 1863 et
1489 1809 1710 1862 verbum
1744 1803 1789 1862 Β
1815 1807 2050 1879 Loquar,
2084 1809 2311 1863 subaudi
2342 1807 2644 1878 profutura.
2671 1806 2996 1868 Testiﬁcari,
3031 1807 3083 1861 id
3110 1815 3214 1870 est,
3240 1805 3398 1861 testi-

160 1898 343 1954 Domini
368 1899 435 1954 de
457 1897 800 1954 Hierusalem
835 1896 994 1967 (Isai.
1031 1899 1116 1967 ιι).

157 1989 187 2043 5
278 1991 413 2045 Deus
450 1991 730 2059 manifeste
753 1990 917 2044 veniet
941 2007 965 2045 .'

279 2080 412 2135 Deus
433 2090 613 2135 noster
634 2090 683 2134 et
712 2096 813 2134 non
839 2079 1024 2134 silebit.

215 2170 250 2225 C
293 2171 438 2226 Nunc
503 2172 572 2224 de
637 2173 873 2225 secundo
917 2171 1118 2226 Christi
1169 2170 1401 2226 adventu
1455 2172 1719 2241 propheta

155 2261 288 2324 dicit,
333 2261 625 2318 manifeste
654 2263 850 2317 veniet.
895 2261 1173 2317 Manifeste
1201 2279 1328 2318 vero
1371 2274 1499 2320 tunc
1539 2266 1722 2320 veniet

147 2349 394 2417 Christus,
429 2351 648 2422 quando
671 2351 786 2421 jam
811 2368 917 2406 non
941 2353 1087 2408 cruci
1117 2351 1430 2424 alligandos,
1459 2355 1552 2409 sed
1581 2354 1721 2422 judi-

145 2454 350 2500 caturus
396 2455 484 2500 est
522 2446 802 2499 mundum.
839 2444 972 2501 Silet
1014 2446 1160 2502 enim
1200 2448 1360 2503 modo
1391 2463 1489 2518 per
1513 2449 1721 2518 patien-

147 2535 261 2588 tiam
300 2550 426 2590 cunt
471 2551 786 2608 peccamus,
833 2546 960 2593 tunc
1002 2549 1184 2592 autem
1214 2555 1321 2594 non
1352 2539 1564 2603 silebit,
1597 2555 1722 2594 cum

149 2624 412 2680 sceleratis
466 2626 712 2680 dicturus
762 2627 868 2680 erit
914 2642 933 2681 :
982 2627 1059 2684 Ite
1110 2629 1164 2682 in
1217 2628 1393 2700 ignem
1461 2639 1722 2684 aeternum

149 2715 351 2782 (Matth.
384 2717 544 2791 xxv).
577 2717 862 2775 Manifesta
903 2735 1032 2776 vero
1074 2721 1293 2787 dicitur,
1320 2723 1472 2792 quasi
1504 2740 1532 2776 a
1567 2739 1724 2778 mane

152 2807 252 2862 dies
295 2807 471 2863 festus
521 2810 724 2864 dictum
773 2811 852 2866 sic
884 2827 913 2865 a
945 2812 1270 2877 sacriﬁciis,
1323 2814 1448 2882 quia
1495 2823 1605 2867 tota
1638 2814 1726 2867 die

153 2894 419 2954 lestiritati
449 2908 758 2954 vacaretur.

147 2989 177 3041 ι
270 2981 424 3062 Ignis
450 2994 505 3047 in
529 3004 804 3063 conspectu
826 2994 941 3065 ejus
969 2997 1271 3053 exardescet
1299 3014 1319 3051 τ

275 3085 344 3151 χ
370 3082 439 3136 Et
495 3083 513 3152 ζ
549 3084 603 3136 in
630 3084 855 3138 circuitu
881 3087 994 3157 ejus
1021 3097 1294 3159 tempestas
1318 3089 1511 3146 valida.

1818 1903 2060 1956 monium
2086 1903 2288 1956 dicere.
2333 1900 2486 1956 Tunc
2533 1901 2778 1956 ﬁdelibus
2810 1900 3178 1955 testimonium
3221 1901 3400 1965 dabit,

1817 2008 1944 2046 eum
1973 1993 2218 2048 dicturus
2253 2003 2375 2048 est:
2413 1993 2622 2048 Esurivi
2671 1993 2816 2047 enim
2871 2002 2932 2047 et
2987 1991 3210 2046 dedistis
3263 1992 3401 2046 mihi

1819 2084 2146 2140 manducare
2192 2084 2405 2156 (Matth.
2453 2083 2602 2154 xxv).
2641 2084 2736 2139 Est
2777 2085 2865 2138 hic
2915 2093 3094 2138 autem
3145 2097 3398 2152 magnum

1820 2186 2217 2230 sacramentum
2243 2178 2365 2231 dum
2393 2178 2559 2232 dicit:
2587 2178 2716 2231 Sum
2742 2193 2757 2240 ;
2785 2192 2902 2230 sum
2942 2177 3085 2231 enim
3115 2175 3398 2245 proprium

1821 2276 1903 2320 est
1929 2267 2224 2322 divinitatis
2247 2267 2488 2331 verbum,
2512 2283 2577 2322 eo
2605 2267 2747 2336 quod
2778 2282 2990 2335 semper
3012 2268 3165 2322 adest
3189 2275 3244 2320 et
3269 2274 3407 2320 lem-

1822 2373 1953 2428 pore
2002 2374 2107 2412 non
2158 2366 2398 2411 mutatur
2427 2357 2700 2411 divinitas.
2740 2357 2838 2410 Est
2882 2371 3008 2409 vero
3041 2357 3110 2409 ibi
3157 2365 3213 2411 et
3256 2355 3424 2428 aliud?

1822 2455 2244 2511 sacramentum,
2270 2446 2395 2518 quia
2424 2447 2630 2502 scilicet
2661 2463 2762 2500 una
2786 2445 2988 2518 syllaba
3014 2446 3190 2506 tribus
3210 2445 3408 2502 litteris

1818 2539 2168 2602 continetur,
2207 2545 2267 2592 ut
2310 2546 2494 2592 sancta
2535 2535 2776 2590 Trinitas
2806 2552 2942 2589 unus
2983 2535 3125 2589 Deus
3157 2551 3276 2589 esse
3311 2536 3409 2589 do-

1824 2641 1980 2687 centu
1989 2648 2032 2685 l'.

1825 2725 1858 2778 9
1965 2720 2086 2776 Non
2110 2724 2164 2775 in
2195 2721 2470 2790 sacriﬁciis
2493 2720 2600 2774 tuis
2625 2717 2846 2789 arguont
2874 2731 2922 2772 to
2945 2730 2964 2768 :

1837 2814 1840 2816 ⁷
1967 2815 2290 2870 Holocausla
2338 2823 2513 2868 autem
2566 2824 2657 2867 tua
2703 2815 2760 2867 iu
2799 2821 3078 2866 consooctu
3128 2826 3242 2864 tneo
3289 2819 3412 2862 suns

2038 2925 2258 2978 semper.

1894 3004 1938 3058 (Σ
1969 3001 2083 3056 Non
2130 3002 2183 3055 in
2225 2999 2510 3054 sacriﬁciis
2555 2999 2660 3052 tttis
2683 3037 2698 3063 ,
2743 2996 2809 3051 ad
2841 2988 3093 3065 pupulum
3123 2991 3412 3047 Judaictltn

1828 3093 2086 3164 loquitur,
2119 3106 2222 3145 non
2244 3087 2356 3156 jam
2398 3087 2728 3157 exquirenda
2765 3098 2886 3139 esse
2932 3080 3201 3135 sacriﬁcia
3243 3094 3412 3149 pecu-

209 3175 250 3229 ll
281 3175 430 3246 Ignis
472 3177 561 3232 hic
604 3177 873 3248 duplicent
919 3179 1082 3234 habet
1119 3181 1406 3247 virtutem,
1462 3160 1800 3242 illuminatC
1836 3160 1997 3247 dum,
2038 3183 2132 3238 sed
2181 3196 2276 3236 cor
2323 3179 2635 3235 contritum.
2691 3174 3017 3229 Holocausta
3066 3181 3248 3225 autem
3292 3183 3416 3225 esse

142 3268 282 3320 enim
323 3276 382 3321 et
420 3268 621 3323 exurit.
655 3269 938 3325 Gaudeant
980 3273 1126 3328 enim
1155 3274 1288 3350 justi
1321 3291 1336 3328 :
1368 3275 1493 3344 quia
1534 3275 1730 3332 illumi-

149 3370 341 3414 nantur
385 3377 451 3415 ex
503 3376 603 3424 eo,
653 3363 880 3417 timeant
921 3375 1268 3433 peccatores,
1298 3367 1421 3438 quia
1469 3369 1729 3424 exurendi

151 3461 269 3505 sunt
295 3453 368 3507 ab
403 3466 489 3507 eo.
511 3452 552 3508 C
582 3453 707 3507 llzec
739 3464 1029 3526 tempestas
1059 3474 1162 3511 non
1195 3462 1368 3516 ventis
1405 3463 1602 3534 agitur,
1637 3478 1734 3519 nec

147 3545 394 3612 procellis
426 3547 772 3601 smt'i;fltllbtls
798 3551 1084 3616 exciuttur,
1116 3553 1208 3607 sed
1235 3569 1302 3610 ex
1333 3555 1514 3611 divina
1545 3568 1732 3628 poten-

149 3635 214 3687 tia
263 3635 560 3691 vehemens
605 3638 833 3706 spiritus
859 3643 1169 3712 consurgit,
1212 3653 1269 3698 ut
1310 3661 1439 3702 area
1469 3647 1730 3703 Domini:

149 3725 419 3795 :cquitatis
447 3726 562 3796 ejus
607 3731 879 3784 sententia
909 3733 1219 3789 ventiletur.
1264 3736 1416 3793 Tunc
1461 3739 1732 3798 frumenta

147 3825 513 3887 sequestrata
539 3818 729 3887 paleis.
755 3821 907 3894 Quod
926 3821 1190 3891 judicium
1219 3829 1414 3884 merito
1446 3837 1736 3903 tempestas

152 3909 368 3976 dicitur,
394 3911 516 3980 quia
559 3913 912 3983 improvisum
944 3918 1143 3984 veniet,
1183 3929 1238 3976 et
1271 3921 1435 3978 nimia
1461 3924 1737 3982 celeritate

154 4001 322 4056 honos
357 4002 650 4058 discernet.

152 4091 187 4144 δ
287 4095 572 4150 Advocacit
595 4097 783 4152 ctutum
812 4099 1086 4157 desursum
1110 4117 1134 4158 .‘

292 4185 358 4241 Et
387 4198 581 4244 terram
609 4191 907 4254 discernere
929 4197 1176 4266 populum
1207 4215 1381 4258 suurn.

223 4278 267 4333 li
292 4279 586 4336 Advocavit
610 4281 835 4348 caelum,
871 4283 922 4339 id
956 4295 1060 4353 est,
1091 4291 1361 4358 apostolos
1386 4293 1470 4349 vel
1504 4294 1743 4366 reliquos

150 4379 407 4436 sanctos,
439 4371 528 4444 qui
568 4373 842 4444 despectis
887 4378 1116 4434 terrenis
1141 4420 1159 4445 ,
1197 4396 1315 4456 qua:
1362 4399 1574 4440 sursum
1615 4395 1742 4441 sunt

153 4464 391 4533 sapiunt.
425 4462 694 4520 Discernit
724 4474 907 4520 autem
937 4478 1204 4538 terrenos,
1236 4483 1292 4527 ut
1327 4490 1451 4530 cum
1497 4477 1743 4535 caelestes

155 4564 436 4623 ponuntur
462 4557 528 4610 ad
553 4557 836 4612 dexteram
859 4598 878 4622 ,
909 4559 964 4614 hi
989 4561 1055 4616 ad
1085 4561 1359 4620 sinistram
1388 4567 1741 4626 collocentur.

156 4645 192 4699 6
295 4645 617 4718 Congregate
637 4651 719 4706 illi
751 4661 964 4706 sanctos
985 4653 1097 4722 ejus
1125 4669 1144 4707 .'

300 4736 409 4805 Qui
431 4740 670 4797 ordinant
693 4753 1060 4798 testamentum
1082 4746 1196 4818 ejus
1216 4765 1373 4818 super
1397 4745 1681 4824 sacriﬁcia.

225 4828 271 4885 ϐ
297 4827 455 4886 None
491 4846 764 4906 synagoga
798 4833 1022 4902 Christi,
1051 4837 1214 4894 verba
1244 4839 1377 4896 facit
1405 4845 1472 4902 ad
1503 4846 1744 4918 angelos,

161 4919 257 4991 qui
287 4919 590 4977 ministerio
615 4938 716 4978 suo
752 4923 808 4977 in
837 4923 943 4980 line
973 4927 1158 4983 saeculi
1182 4934 1587 5004 congregabunt
1631 4951 1746 4990 om-

165 5026 262 5066 nes
293 5020 511 5068 sanctos
538 5014 602 5069 de
629 5017 890 5070 universo
917 5017 1133 5073 mundo.
1167 5019 1212 5076 Η
1253 5021 1352 5089 Qui
1383 5026 1657 5096 ordinant,
1692 5021 1743 5081 id

161 5111 270 5166 est,
307 5102 404 5173 qui
425 5106 590 5160 sancti
625 5106 929 5174 praedicant
953 5107 1037 5163 vel
1079 5109 1302 5182 implent.
1337 5111 1743 5177 Testamentum

167 5193 378 5236 "savum
409 5210 566 5236 επηορ
608 5199 774 5232 “Alm-
860 5208 921 5236 ul
970 5215 1068 5236 non
1096 5204 1498 5236 Volua-nano“...
1552 5228 1740 5236 ---μμ

1835 3283 2054 3344 accepta
2089 3275 2140 3328 in
2169 3279 2462 3342 conspectu
2507 3285 2626 3333 suo,
2657 3268 2863 3324 scilicet
2893 3267 3109 3338 quando
3136 3280 3292 3320 mens
3320 3279 3416 3317 nn-

1835 3377 1944 3422 stra
1994 3368 2178 3421 divino
2223 3380 2407 3420 amore
2433 3377 2716 3426 succensa,
2765 3369 2986 3432 peccata
3029 3375 3123 3414 sua
3155 3359 3419 3414 lamenta-

1835 3459 1982 3513 tione
2009 3455 2263 3526 decoquit
2292 3463 2347 3508 et
2378 3451 2725 3508 tribulatione
2749 3491 2763 3514 ,
2793 3461 2851 3504 ttt
2881 3450 3124 3504 cruciatu
3152 3462 3416 3518 corporeo

1835 3548 2015 3601 omnia
2047 3546 2173 3599 vitia
2201 3555 2416 3608 exusta,
2452 3551 2864 3596 consumantur.

1839 3638 1906 3692 10
1981 3635 2106 3690 Non
2129 3635 2383 3699 accipiam
2407 3634 2470 3686 de
2492 3633 2646 3686 domo
2676 3642 2768 3684 tun
2793 3629 2982 3688 vitulos
3003 3643 3024 3681 :

1981 3727 2162 3798 Neque
2186 3728 2250 3780 de
2280 3725 2517 3796 gregibus
2543 3735 2660 3778 tuos
2690 3722 2885 3777 hircos.

1909 3821 1950 3876 C
1978 3821 2112 3875 (lum
2144 3820 2250 3874 duo
2283 3817 2487 3887 respuit
2508 3817 2756 3871 universa
2781 3815 2942 3884 primi
2972 3813 3232 3888 temporis
3252 3816 3423 3870 saerid

1841 3911 1963 3964 ﬁcia
2013 3909 2260 3980 designat
2288 3908 2464 3961 modis
2503 3903 2756 3960 omnibus
2795 3905 3162 3968 excludenda,
3209 3901 3421 3976 signiﬁ-

1839 4011 1997 4057 catur
2017 4001 2160 4054 enim
2191 4015 2220 4054 a
2252 4005 2402 4070 parte
2423 4007 2616 4052 totum.

1845 4091 1906 4147 ll
1985 4090 2248 4159 Quoniam
2269 4105 2396 4143 mea
2420 4097 2540 4140 sunt
2566 4103 2743 4141 omnes
2761 4084 2893 4151 forte
2916 4081 3166 4139 silvarum
3195 4099 3215 4136 :

1985 4184 2235 4240 Iumenta
2265 4183 2318 4236 in
2342 4180 2604 4254 montibus
2638 4190 2685 4232 et
2721 4181 2892 4234 boves.

1916 4280 1958 4336 C
1990 4281 2139 4336 Ferte
2171 4277 2453 4336 silvarum,
2500 4282 2689 4342 gentes
2739 4269 3032 4341 signiﬁcat.
3077 4267 3327 4324 Iumenta
3372 4269 3427 4323 in

1844 4373 2138 4435 montibus,
2162 4368 2433 4439 simplices
2457 4366 2510 4419 in
2539 4363 2808 4420 catholica
2835 4360 3100 4428 Ecclesia,
3136 4360 3228 4431 qui
3257 4359 3310 4414 in
3337 4375 3428 4416 ea-
3489 4383 3495 4387 ι

1801 4505 1804 4509 .
1846 4463 2065 4518 cumine
2094 4458 2213 4515 ﬁdei
2246 4456 2494 4524 habitare
2525 4462 2847 4509 noscuntur.
2879 4451 3055 4506 Boves
3077 4491 3094 4516 ,
3125 4449 3432 4520 apostolos,

1773 4534 1822 4594 Ῑ)
1848 4553 2142 4624 prophetas
2161 4559 2218 4604 et
2243 4547 2627 4620 praedicatores
2648 4562 2667 4599 :
2696 4543 2789 4612 qui
2820 4542 2872 4597 in
2905 4557 3036 4613 agro
3065 4539 3276 4595 Domini
3300 4539 3435 4594 assi-

1847 4644 1958 4699 duo
1987 4643 2170 4699 labore
2194 4639 2391 4697 versati
2415 4646 2564 4694 sunt.

1849 4737 1918 4792 {2
1992 4735 2222 4808 Cognovi
2249 4733 2426 4789 omnia
2453 4731 2691 4788 volatilia
2718 4728 2832 4782 cali
2851 4741 2869 4778 :

1993 4831 2063 4885 Et
2087 4827 2426 4900 pulchritudo
2456 4829 2573 4897 agri
2600 4839 2802 4880 nucum
2831 4830 2928 4874 est.

1922 4923 1964 4978 C
1992 4924 2128 4992 Quis
2167 4923 2310 4976 enim
2352 4918 2532 4974 omnia
2578 4915 2818 4974 volatilia
2856 4912 2980 4967 cteli
3025 4917 3202 4982 potest
3246 4917 3449 4973 cogno-

1853 5027 2010 5071 scere
2040 5015 2141 5071 nisi
2177 5013 2287 5067 sola
2321 5011 2616 5079 maiestas,
2647 5021 2755 5078 quo
2789 5004 3057 5061 versiculo
3081 5003 3275 5057 cuncta
3303 5008 3450 5088 coni-

1851 5107 2049 5180 plexus
2081 5115 2185 5164 est.
2235 5106 2279 5160 Η
2325 5091 2681 5160 Pul'cbritudo
2718 5095 2836 5168 agri
2880 5111 3005 5151 eum
3048 5093 3140 5148 illo
3165 5093 3436 5184 estrtl'“;

2283 5197 2438 5236 ηηηῑε.
2475 5197 2719 5236 omnium
2769 5205 2961 5236 rerum
2989 5185 3074 5236 vel
3110 5180 3459 5235 administra-

3327 5099 3361 5148 «ι

3441 5098 3454 5129 ι

1853 5201 1944 5236 11⁸ιῖ
1981 5201 2208 5236 υΛιηανῖθ
