  <div class='ocr_page' id='page_1' title='image "/cluster/home/n/w/nwhite01/storage/ocr_20150623/142/hvd.32044015471808/107.png"; bbox 0 0 3986 5412; ppageno 0'>
   <div class='ocr_carea' id='block_1_1' title="bbox 487 321 597 385">
    <p class='ocr_par' dir='ltr' id='par_1_1' title="bbox 487 321 597 385">
     <span class='ocr_line' id='line_1_1' title="bbox 487 321 597 385; baseline -0.073 -1"><span class='ocrx_word' id='word_1_1' title='bbox 487 321 597 385; x_wconf 65' lang='lat'><strong>205</strong></span> 
     </span>
    </p>
   </div>
   <div class='ocr_carea' id='block_1_2' title="bbox 1404 239 2754 356">
    <p class='ocr_par' dir='ltr' id='par_1_2' title="bbox 1404 239 2754 356">
     <span class='ocr_line' id='line_1_2' title="bbox 1404 239 2754 356; baseline -0.016 0"><span class='ocrx_word' id='word_1_2' title='bbox 1404 300 1463 356; x_wconf 89' lang='lat' dir='ltr'><strong>s.</strong></span> <span class='ocrx_word' id='word_1_3' title='bbox 1498 290 1843 353; x_wconf 68' lang='lat' dir='ltr'><strong>annuens</strong></span> <span class='ocrx_word' id='word_1_4' title='bbox 1879 239 2415 346; x_wconf 57' lang='lat' dir='ltr'><strong>nummarias</strong></span> <span class='ocrx_word' id='word_1_5' title='bbox 2454 279 2754 341; x_wconf 81' lang='lat' dir='ltr'><strong>EPlSCOPl</strong></span> 
     </span>
    </p>
   </div>
   <div class='ocr_carea' id='block_1_3' title="bbox 3621 258 3735 313">
    <p class='ocr_par' dir='ltr' id='par_1_3' title="bbox 3621 258 3735 313">
     <span class='ocr_line' id='line_1_3' title="bbox 3621 258 3735 313; baseline 0 0"><span class='ocrx_word' id='word_1_6' title='bbox 3621 258 3735 313; x_wconf 69' lang='grc' dir='ltr'>εει</span> 
     </span>
    </p>
   </div>
   <div class='ocr_carea' id='block_1_4' title="bbox 485 391 3200 496">
    <p class='ocr_par' dir='ltr' id='par_1_4' title="bbox 485 391 3200 496">
     <span class='ocr_line' id='line_1_4' title="bbox 485 391 3200 496; baseline -0.02 0"><span class='ocrx_word' id='word_1_7' title='bbox 485 441 811 496; x_wconf 73' lang='lat' dir='ltr'><strong>versionem.</strong></span> <span class='ocrx_word' id='word_1_8' title='bbox 852 427 1012 487; x_wconf 89' lang='lat' dir='ltr'><strong>Orbis</strong></span> <span class='ocrx_word' id='word_1_9' title='bbox 1052 433 1207 479; x_wconf 63' lang='lat' dir='ltr'><strong>terrae</strong></span> <span class='ocrx_word' id='word_1_10' title='bbox 1250 418 1393 473; x_wconf 85' lang='lat' dir='ltr'><strong>illius</strong></span> <span class='ocrx_word' id='word_1_11' title='bbox 1435 427 1559 479; x_wconf 83' lang='lat' dir='ltr'><strong>est,</strong></span> <span class='ocrx_word' id='word_1_12' title='bbox 1608 411 1662 467; x_wconf 98' lang='lat' dir='ltr'><strong>id</strong></span> <span class='ocrx_word' id='word_1_13' title='bbox 1702 417 1788 465; x_wconf 81' lang='lat' dir='ltr'><strong>est</strong></span> <span class='ocrx_word' id='word_1_14' title='bbox 1812 448 1828 472; x_wconf 91' lang='lat'><strong>,</strong></span> <span class='ocrx_word' id='word_1_15' title='bbox 1872 411 2055 461; x_wconf 85' lang='lat' dir='ltr'><strong>sancta</strong></span> <span class='ocrx_word' id='word_1_16' title='bbox 2085 409 2130 468; x_wconf 78' lang='grc' dir='ltr'><strong>Α</strong></span> <span class='ocrx_word' id='word_1_17' title='bbox 2158 400 2228 455; x_wconf 72' lang='grc'><strong>20</strong></span> <span class='ocrx_word' id='word_1_18' title='bbox 2300 398 2370 454; x_wconf 86' lang='lat' dir='ltr'><strong>0s</strong></span> <span class='ocrx_word' id='word_1_19' title='bbox 2397 408 2543 452; x_wconf 87' lang='lat' dir='ltr'><strong>tuum</strong></span> <span class='ocrx_word' id='word_1_20' title='bbox 2576 395 2855 450; x_wconf 74' lang='lat' dir='ltr'><strong>abundarit</strong></span> <span class='ocrx_word' id='word_1_21' title='bbox 2885 391 3129 445; x_wconf 82' lang='lat' dir='ltr'><strong>malitia:</strong></span> <span class='ocrx_word' id='word_1_22' title='bbox 3194 438 3200 443; x_wconf 85' lang='lat'><strong>.</strong></span> 
     </span>
    </p>
   </div>
   <div class='ocr_carea' id='block_1_5' title="bbox 489 504 2059 592">
    <p class='ocr_par' dir='ltr' id='par_1_5' title="bbox 489 504 2059 592">
     <span class='ocr_line' id='line_1_5' title="bbox 489 504 2059 592; baseline -0.028 -2"><span class='ocrx_word' id='word_1_23' title='bbox 489 530 764 592; x_wconf 84' lang='lat' dir='ltr'><strong>Ecclesia,</strong></span> <span class='ocrx_word' id='word_1_24' title='bbox 807 538 871 579; x_wconf 90' lang='lat' dir='ltr'><strong>ac</strong></span> <span class='ocrx_word' id='word_1_25' title='bbox 900 521 944 576; x_wconf 83' lang='lat' dir='ltr'><strong>si</strong></span> <span class='ocrx_word' id='word_1_26' title='bbox 989 518 1212 578; x_wconf 80' lang='lat' dir='ltr'><strong>diceret,</strong></span> <span class='ocrx_word' id='word_1_27' title='bbox 1256 524 1377 565; x_wconf 87' lang='lat' dir='ltr'><strong>eam</strong></span> <span class='ocrx_word' id='word_1_28' title='bbox 1416 504 1780 562; x_wconf 77' lang='lat' dir='ltr'><strong>redimendam</strong></span> <span class='ocrx_word' id='word_1_29' title='bbox 1810 513 1931 554; x_wconf 86' lang='lat' dir='ltr'><strong>esse</strong></span> <span class='ocrx_word' id='word_1_30' title='bbox 1962 508 2059 549; x_wconf 89' lang='lat' dir='ltr'><strong>suo</strong></span> 
     </span>
    </p>
   </div>
   <div class='ocr_carea' id='block_1_6' title="bbox 486 612 985 684">
    <p class='ocr_par' dir='ltr' id='par_1_6' title="bbox 486 612 985 684">
     <span class='ocr_line' id='line_1_6' title="bbox 486 612 985 684; baseline -0.034 -5"><span class='ocrx_word' id='word_1_31' title='bbox 486 630 677 679; x_wconf 84' lang='lat' dir='ltr'><strong>sancto</strong></span> <span class='ocrx_word' id='word_1_32' title='bbox 702 612 985 684; x_wconf 76' lang='lat' dir='ltr'><strong>sanguine.</strong></span> 
     </span>
    </p>
   </div>
   <div class='ocr_carea' id='block_1_7' title="bbox 487 697 1785 782">
    <p class='ocr_par' dir='ltr' id='par_1_7' title="bbox 487 697 1785 782">
     <span class='ocr_line' id='line_1_7' title="bbox 487 697 1785 782; baseline -0.028 -10"><span class='ocrx_word' id='word_1_33' title='bbox 487 716 555 770; x_wconf 73' lang='lat' dir='ltr'>N</span> <span class='ocrx_word' id='word_1_34' title='bbox 629 706 883 782; x_wconf 82' lang='lat' dir='ltr'><strong>Nunquid</strong></span> <span class='ocrx_word' id='word_1_35' title='bbox 912 697 1237 759; x_wconf 82' lang='lat' dir='ltr'><strong>manducabo</strong></span> <span class='ocrx_word' id='word_1_36' title='bbox 1266 708 1447 749; x_wconf 85' lang='lat' dir='ltr'><strong>carnes</strong></span> <span class='ocrx_word' id='word_1_37' title='bbox 1473 698 1785 744; x_wconf 85' lang='lat' dir='ltr'><strong>taurorum:</strong></span> 
     </span>
    </p>
   </div>
   <div class='ocr_carea' id='block_1_8' title="bbox 626 778 1605 868">
    <p class='ocr_par' dir='ltr' id='par_1_8' title="bbox 626 778 1605 868">
     <span class='ocr_line' id='line_1_8' title="bbox 626 778 1605 868; baseline -0.028 -10"><span class='ocrx_word' id='word_1_38' title='bbox 626 804 728 857; x_wconf 79' lang='lat' dir='ltr'><strong>Aut</strong></span> <span class='ocrx_word' id='word_1_39' title='bbox 760 778 1064 868; x_wconf 77' lang='lat' dir='ltr'><strong>sanguinem</strong></span> <span class='ocrx_word' id='word_1_40' title='bbox 1089 790 1349 843; x_wconf 81' lang='lat' dir='ltr'><strong>hircorum</strong></span> <span class='ocrx_word' id='word_1_41' title='bbox 1377 778 1605 852; x_wconf 74' lang='lat' dir='ltr'><strong>potabo?</strong></span> 
     </span>
    </p>
   </div>
   <div class='ocr_carea' id='block_1_9' title="bbox 557 872 2062 962">
    <p class='ocr_par' dir='ltr' id='par_1_9' title="bbox 557 872 2062 962">
     <span class='ocr_line' id='line_1_9' title="bbox 557 872 2062 962; baseline -0.027 -10"><span class='ocrx_word' id='word_1_42' title='bbox 557 896 600 952; x_wconf 71' lang='grc' dir='ltr'><strong>(Ζ</strong></span> <span class='ocrx_word' id='word_1_43' title='bbox 628 888 913 962; x_wconf 84' lang='lat' dir='ltr'><strong>Quomodo</strong></span> <span class='ocrx_word' id='word_1_44' title='bbox 949 890 1100 955; x_wconf 83' lang='lat' dir='ltr'><strong>grata</strong></span> <span class='ocrx_word' id='word_1_45' title='bbox 1129 886 1287 934; x_wconf 86' lang='lat' dir='ltr'><strong>erunt</strong></span> <span class='ocrx_word' id='word_1_46' title='bbox 1320 875 1465 936; x_wconf 90' lang='lat' dir='ltr'><strong>Deo,</strong></span> <span class='ocrx_word' id='word_1_47' title='bbox 1501 882 1623 940; x_wconf 72' lang='lat' dir='ltr'><strong>quae</strong></span> <span class='ocrx_word' id='word_1_48' title='bbox 1662 881 1768 922; x_wconf 91' lang='lat' dir='ltr'><strong>non</strong></span> <span class='ocrx_word' id='word_1_49' title='bbox 1805 872 1933 919; x_wconf 85' lang='lat' dir='ltr'><strong>sunt</strong></span> <span class='ocrx_word' id='word_1_50' title='bbox 1965 874 2062 914; x_wconf 79' lang='lat' dir='ltr'><strong>ne-</strong></span> 
     </span>
    </p>
   </div>
   <div class='ocr_carea' id='block_1_10' title="bbox 487 955 2070 1047">
    <p class='ocr_par' dir='ltr' id='par_1_10' title="bbox 487 955 2070 1047">
     <span class='ocr_line' id='line_1_10' title="bbox 487 955 2070 1047; baseline -0.025 -1"><span class='ocrx_word' id='word_1_51' title='bbox 487 955 760 1047; x_wconf 62' lang='lat' dir='ltr'><strong>cessaria?</strong></span> <span class='ocrx_word' id='word_1_52' title='bbox 808 981 854 1037; x_wconf 85' lang='lat' dir='ltr'><strong>ll</strong></span> <span class='ocrx_word' id='word_1_53' title='bbox 909 977 1100 1033; x_wconf 77' lang='lat' dir='ltr'><strong>Vetera</strong></span> <span class='ocrx_word' id='word_1_54' title='bbox 1142 972 1230 1026; x_wconf 91' lang='lat' dir='ltr'><strong>hic</strong></span> <span class='ocrx_word' id='word_1_55' title='bbox 1277 964 1546 1022; x_wconf 89' lang='lat' dir='ltr'><strong>sacriﬁcia</strong></span> <span class='ocrx_word' id='word_1_56' title='bbox 1586 955 1898 1016; x_wconf 82' lang='lat' dir='ltr'><strong>evaenanda</strong></span> <span class='ocrx_word' id='word_1_57' title='bbox 1942 967 2070 1010; x_wconf 87' lang='lat' dir='ltr'><strong>esse</strong></span> 
     </span>
    </p>
   </div>
   <div class='ocr_carea' id='block_1_11' title="bbox 486 1044 2071 1137">
    <p class='ocr_par' dir='ltr' id='par_1_11' title="bbox 486 1044 2071 1137">
     <span class='ocr_line' id='line_1_11' title="bbox 486 1044 2071 1137; baseline -0.026 1"><span class='ocrx_word' id='word_1_58' title='bbox 486 1044 748 1137; x_wconf 76' lang='lat' dir='ltr'><strong>declarat.</strong></span> <span class='ocrx_word' id='word_1_59' title='bbox 784 1074 912 1130; x_wconf 88' lang='lat' dir='ltr'><strong>ideo</strong></span> <span class='ocrx_word' id='word_1_60' title='bbox 940 1069 994 1125; x_wconf 90' lang='lat' dir='ltr'><strong>in</strong></span> <span class='ocrx_word' id='word_1_61' title='bbox 1026 1064 1268 1122; x_wconf 89' lang='lat' dir='ltr'><strong>moribus</strong></span> <span class='ocrx_word' id='word_1_62' title='bbox 1294 1057 1452 1115; x_wconf 92' lang='lat' dir='ltr'><strong>bonis</strong></span> <span class='ocrx_word' id='word_1_63' title='bbox 1481 1050 1809 1111; x_wconf 89' lang='lat' dir='ltr'><strong>sacriﬁcium</strong></span> <span class='ocrx_word' id='word_1_64' title='bbox 1838 1044 2071 1117; x_wconf 83' lang='lat' dir='ltr'><strong>requirit</strong></span> 
     </span>
    </p>
   </div>
   <div class='ocr_carea' id='block_1_12' title="bbox 488 1137 2068 1229">
    <p class='ocr_par' dir='ltr' id='par_1_12' title="bbox 488 1137 2068 1229">
     <span class='ocr_line' id='line_1_12' title="bbox 488 1137 2068 1229; baseline -0.025 1"><span class='ocrx_word' id='word_1_65' title='bbox 488 1175 676 1229; x_wconf 88' lang='lat' dir='ltr'><strong>dicens</strong></span> <span class='ocrx_word' id='word_1_66' title='bbox 713 1188 727 1225; x_wconf 86' lang='lat'><strong>:</strong></span> <span class='ocrx_word' id='word_1_67' title='bbox 769 1161 1023 1227; x_wconf 89' lang='lat' dir='ltr'><strong>lmmola,</strong></span> <span class='ocrx_word' id='word_1_68' title='bbox 1068 1165 1174 1213; x_wconf 89' lang='lat' dir='ltr'><strong>etc.</strong></span> <span class='ocrx_word' id='word_1_69' title='bbox 1222 1150 1328 1208; x_wconf 85' lang='lat' dir='ltr'><strong>Sed</strong></span> <span class='ocrx_word' id='word_1_70' title='bbox 1369 1154 1593 1219; x_wconf 91' lang='lat' dir='ltr'><strong>possunt</strong></span> <span class='ocrx_word' id='word_1_71' title='bbox 1628 1145 1744 1200; x_wconf 68' lang='lat' dir='ltr'><strong>haec</strong></span> <span class='ocrx_word' id='word_1_72' title='bbox 1791 1137 2068 1229; x_wconf 85' lang='lat' dir='ltr'><strong>repudiata</strong></span> 
     </span>
    </p>
   </div>
   <div class='ocr_carea' id='block_1_13' title="bbox 488 1228 2075 1332">
    <p class='ocr_par' dir='ltr' id='par_1_13' title="bbox 488 1228 2075 1332">
     <span class='ocr_line' id='line_1_13' title="bbox 488 1228 2075 1332; baseline -0.023 -10"><span class='ocrx_word' id='word_1_73' title='bbox 488 1228 646 1320; x_wconf 82' lang='lat' dir='ltr'><strong>nobis</strong></span> <span class='ocrx_word' id='word_1_74' title='bbox 677 1258 963 1332; x_wconf 81' lang='lat' dir='ltr'><strong>proiicere,</strong></span> <span class='ocrx_word' id='word_1_75' title='bbox 1014 1265 1136 1307; x_wconf 90' lang='lat' dir='ltr'><strong>cum</strong></span> <span class='ocrx_word' id='word_1_76' title='bbox 1173 1241 1483 1314; x_wconf 86' lang='lat' dir='ltr'><strong>acceperint</strong></span> <span class='ocrx_word' id='word_1_77' title='bbox 1520 1253 1549 1293; x_wconf 87' lang='lat' dir='ltr'><strong>a</strong></span> <span class='ocrx_word' id='word_1_78' title='bbox 1592 1234 1750 1292; x_wconf 84' lang='lat' dir='ltr'><strong>nobis</strong></span> <span class='ocrx_word' id='word_1_79' title='bbox 1780 1233 1882 1289; x_wconf 87' lang='lat' dir='ltr'><strong>ista</strong></span> <span class='ocrx_word' id='word_1_80' title='bbox 1926 1228 2075 1286; x_wconf 40' lang='lat' dir='ltr'><strong>indi...</strong></span> 
     </span>
    </p>
   </div>
   <div class='ocr_carea' id='block_1_14' title="bbox 492 1318 2073 1428">
    <p class='ocr_par' dir='ltr' id='par_1_14' title="bbox 492 1318 2073 1428">
     <span class='ocr_line' id='line_1_14' title="bbox 492 1318 2073 1428; baseline -0.027 -14"><span class='ocrx_word' id='word_1_81' title='bbox 492 1318 723 1428; x_wconf 62' lang='lat' dir='ltr'><strong>gentes,</strong></span> <span class='ocrx_word' id='word_1_82' title='bbox 753 1364 877 1407; x_wconf 90' lang='lat' dir='ltr'><strong>cum</strong></span> <span class='ocrx_word' id='word_1_83' title='bbox 921 1318 1165 1402; x_wconf 81' lang='lat' dir='ltr'><strong>esuriens</strong></span> <span class='ocrx_word' id='word_1_84' title='bbox 1199 1342 1473 1408; x_wconf 88' lang='lat' dir='ltr'><strong>pascatur,</strong></span> <span class='ocrx_word' id='word_1_85' title='bbox 1513 1327 1702 1384; x_wconf 82' lang='lat' dir='ltr'><strong>sitiens</strong></span> <span class='ocrx_word' id='word_1_86' title='bbox 1740 1330 1974 1396; x_wconf 86' lang='lat' dir='ltr'><strong>potetur.</strong></span> <span class='ocrx_word' id='word_1_87' title='bbox 2006 1318 2073 1373; x_wconf 87' lang='lat' dir='ltr'><strong>Et</strong></span> 
     </span>
    </p>
   </div>
   <div class='ocr_carea' id='block_1_15' title="bbox 493 1411 2072 1519">
    <p class='ocr_par' dir='ltr' id='par_1_15' title="bbox 493 1411 2072 1519">
     <span class='ocr_line' id='line_1_15' title="bbox 493 1411 2072 1519; baseline -0.022 -16"><span class='ocrx_word' id='word_1_88' title='bbox 580 1411 904 1519; x_wconf 74' lang='lat' dir='ltr'><strong>pauperibus</strong></span> <span class='ocrx_word' id='word_1_89' title='bbox 940 1435 1136 1506; x_wconf 84' lang='lat' dir='ltr'><strong>accipit</strong></span> <span class='ocrx_word' id='word_1_90' title='bbox 1171 1431 1346 1495; x_wconf 86' lang='lat' dir='ltr'><strong>Deus,</strong></span> <span class='ocrx_word' id='word_1_91' title='bbox 1382 1439 1503 1498; x_wconf 69' lang='lat' dir='ltr'><strong>qua:</strong></span> <span class='ocrx_word' id='word_1_92' title='bbox 1550 1420 1653 1479; x_wconf 89' lang='lat' dir='ltr'><strong>sibi</strong></span> <span class='ocrx_word' id='word_1_93' title='bbox 1692 1419 1746 1474; x_wconf 90' lang='lat' dir='ltr'><strong>in</strong></span> <span class='ocrx_word' id='word_1_94' title='bbox 1789 1411 2072 1472; x_wconf 87' lang='lat' dir='ltr'><strong>sacriﬁciis</strong></span> 
     </span>
    </p>
   </div>
   <div class='ocr_carea' id='block_1_16' title="bbox 490 1528 1116 1606">
    <p class='ocr_par' dir='ltr' id='par_1_16' title="bbox 490 1528 1116 1606">
     <span class='ocr_line' id='line_1_16' title="bbox 490 1528 1116 1606; baseline -0.022 -11"><span class='ocrx_word' id='word_1_95' title='bbox 490 1538 671 1595; x_wconf 72' lang='lat' dir='ltr'><strong>offerri</strong></span> <span class='ocrx_word' id='word_1_96' title='bbox 699 1552 804 1593; x_wconf 89' lang='lat' dir='ltr'><strong>non</strong></span> <span class='ocrx_word' id='word_1_97' title='bbox 834 1528 1116 1606; x_wconf 85' lang='lat' dir='ltr'><strong>permittit.</strong></span> 
     </span>
    </p>
   </div>
   <div class='ocr_carea' id='block_1_17' title="bbox 494 1605 1836 1688">
    <p class='ocr_par' dir='ltr' id='par_1_17' title="bbox 494 1605 1836 1688">
     <span class='ocr_line' id='line_1_17' title="bbox 494 1605 1836 1688; baseline -0.022 -2"><span class='ocrx_word' id='word_1_98' title='bbox 494 1632 563 1688; x_wconf 77' lang='lat' dir='ltr'><strong>l5</strong></span> <span class='ocrx_word' id='word_1_99' title='bbox 636 1605 863 1685; x_wconf 85' lang='lat' dir='ltr'><strong>Immola</strong></span> <span class='ocrx_word' id='word_1_100' title='bbox 895 1623 1003 1678; x_wconf 88' lang='lat' dir='ltr'><strong>Deo</strong></span> <span class='ocrx_word' id='word_1_101' title='bbox 1041 1634 1105 1676; x_wconf 74' lang='grc' dir='ltr'><strong>οι·</strong></span> <span class='ocrx_word' id='word_1_102' title='bbox 1135 1614 1451 1685; x_wconf 76' lang='lat' dir='ltr'><strong>sacrificium</strong></span> <span class='ocrx_word' id='word_1_103' title='bbox 1483 1608 1502 1680; x_wconf 72' lang='grc' dir='ltr'>ζ</span> <span class='ocrx_word' id='word_1_104' title='bbox 1533 1617 1584 1664; x_wconf 87' lang='lat' dir='ltr'><strong>et</strong></span> <span class='ocrx_word' id='word_1_105' title='bbox 1622 1605 1836 1661; x_wconf 80' lang='lat' dir='ltr'><strong>laudis:</strong></span> 
     </span>
    </p>
   </div>
   <div class='ocr_carea' id='block_1_18' title="bbox 648 1712 1488 1776">
    <p class='ocr_par' dir='ltr' id='par_1_18' title="bbox 648 1712 1488 1776">
     <span class='ocr_line' id='line_1_18' title="bbox 648 1712 1488 1776; baseline -0.02 -1"><span class='ocrx_word' id='word_1_106' title='bbox 648 1719 715 1776; x_wconf 79' lang='lat' dir='ltr'><strong>Et</strong></span> <span class='ocrx_word' id='word_1_107' title='bbox 747 1718 903 1774; x_wconf 82' lang='lat' dir='ltr'><strong>redde</strong></span> <span class='ocrx_word' id='word_1_108' title='bbox 930 1712 1195 1768; x_wconf 83' lang='lat' dir='ltr'><strong>Altissimo</strong></span> <span class='ocrx_word' id='word_1_109' title='bbox 1221 1719 1338 1763; x_wconf 80' lang='lat' dir='ltr'><strong>vota</strong></span> <span class='ocrx_word' id='word_1_110' title='bbox 1376 1716 1488 1759; x_wconf 88' lang='lat' dir='ltr'><strong>tua.</strong></span> 
     </span>
    </p>
   </div>
   <div class='ocr_carea' id='block_1_19' title="bbox 2301 480 3281 558">
    <p class='ocr_par' dir='ltr' id='par_1_19' title="bbox 2301 480 3281 558">
     <span class='ocr_line' id='line_1_19' title="bbox 2301 480 3281 558; baseline -0.011 -14"><span class='ocrx_word' id='word_1_111' title='bbox 2301 489 2368 544; x_wconf 74' lang='lat' dir='ltr'><strong>Et</strong></span> <span class='ocrx_word' id='word_1_112' title='bbox 2404 488 2583 558; x_wconf 81' lang='lat' dir='ltr'><strong>lingua</strong></span> <span class='ocrx_word' id='word_1_113' title='bbox 2603 495 2697 540; x_wconf 87' lang='lat' dir='ltr'><strong>tua</strong></span> <span class='ocrx_word' id='word_1_114' title='bbox 2740 482 3081 538; x_wconf 83' lang='lat' dir='ltr'><strong>concinnabat</strong></span> <span class='ocrx_word' id='word_1_115' title='bbox 3111 480 3281 536; x_wconf 90' lang='lat' dir='ltr'><strong>dolos.</strong></span> 
     </span>
    </p>
   </div>
   <div class='ocr_carea' id='block_1_20' title="bbox 2184 567 3738 645">
    <p class='ocr_par' dir='ltr' id='par_1_20' title="bbox 2184 567 3738 645">
     <span class='ocr_line' id='line_1_20' title="bbox 2184 567 3738 645; baseline -0.012 -5"><span class='ocrx_word' id='word_1_116' title='bbox 2184 635 2190 640; x_wconf 84' lang='lat'><strong>.</strong></span> <span class='ocrx_word' id='word_1_117' title='bbox 2231 580 2273 636; x_wconf 85' lang='lat' dir='ltr'><strong>C</strong></span> <span class='ocrx_word' id='word_1_118' title='bbox 2298 579 2395 634; x_wconf 83' lang='lat' dir='ltr'><strong>llic</strong></span> <span class='ocrx_word' id='word_1_119' title='bbox 2423 578 2565 634; x_wconf 88' lang='lat' dir='ltr'><strong>enim</strong></span> <span class='ocrx_word' id='word_1_120' title='bbox 2589 590 2670 641; x_wconf 91' lang='lat' dir='ltr'><strong>os,</strong></span> <span class='ocrx_word' id='word_1_121' title='bbox 2701 573 3080 645; x_wconf 75' lang='lat' dir='ltr'><strong>cogitationem</strong></span> <span class='ocrx_word' id='word_1_122' title='bbox 3107 570 3284 626; x_wconf 84' lang='lat' dir='ltr'><strong>cordis</strong></span> <span class='ocrx_word' id='word_1_123' title='bbox 3308 567 3570 625; x_wconf 81' lang='lat' dir='ltr'><strong>debemus</strong></span> <span class='ocrx_word' id='word_1_124' title='bbox 3592 568 3738 622; x_wconf 76' lang='lat' dir='ltr'><strong>acci-</strong></span> 
     </span>
    </p>
   </div>
   <div class='ocr_carea' id='block_1_21' title="bbox 2163 659 3734 743">
    <p class='ocr_par' dir='ltr' id='par_1_21' title="bbox 2163 659 3734 743">
     <span class='ocr_line' id='line_1_21' title="bbox 2163 659 3734 743; baseline -0.008 -17"><span class='ocrx_word' id='word_1_125' title='bbox 2163 685 2293 742; x_wconf 87' lang='lat' dir='ltr'><strong>pere</strong></span> <span class='ocrx_word' id='word_1_126' title='bbox 2335 685 2351 723; x_wconf 92' lang='lat'><strong>:</strong></span> <span class='ocrx_word' id='word_1_127' title='bbox 2405 678 2530 724; x_wconf 89' lang='lat' dir='ltr'><strong>tunc</strong></span> <span class='ocrx_word' id='word_1_128' title='bbox 2575 667 2721 723; x_wconf 90' lang='lat' dir='ltr'><strong>enim</strong></span> <span class='ocrx_word' id='word_1_129' title='bbox 2770 664 3047 743; x_wconf 73' lang='lat' dir='ltr'><strong>abundant</strong></span> <span class='ocrx_word' id='word_1_130' title='bbox 3087 662 3292 718; x_wconf 86' lang='lat' dir='ltr'><strong>malitia</strong></span> <span class='ocrx_word' id='word_1_131' title='bbox 3341 659 3734 733; x_wconf 47' lang='lat' dir='ltr'><strong>cogitationem</strong></span> 
     </span>
    </p>
   </div>
   <div class='ocr_carea' id='block_1_22' title="bbox 2165 750 3742 834">
    <p class='ocr_par' dir='ltr' id='par_1_22' title="bbox 2165 750 3742 834">
     <span class='ocr_line' id='line_1_22' title="bbox 2165 750 3742 834; baseline -0.008 -18"><span class='ocrx_word' id='word_1_132' title='bbox 2165 762 2380 834; x_wconf 79' lang='lat' dir='ltr'><strong>quando</strong></span> <span class='ocrx_word' id='word_1_133' title='bbox 2418 774 2515 831; x_wconf 86' lang='lat' dir='ltr'><strong>per</strong></span> <span class='ocrx_word' id='word_1_134' title='bbox 2547 758 2763 815; x_wconf 79' lang='lat' dir='ltr'><strong>diversa</strong></span> <span class='ocrx_word' id='word_1_135' title='bbox 2796 769 2992 825; x_wconf 88' lang='lat' dir='ltr'><strong>genera</strong></span> <span class='ocrx_word' id='word_1_136' title='bbox 3036 760 3384 824; x_wconf 55' lang='lat' dir='ltr'><strong>pacatorum</strong></span> <span class='ocrx_word' id='word_1_137' title='bbox 3423 750 3608 819; x_wconf 81' lang='lat' dir='ltr'><strong>iniqua</strong></span> <span class='ocrx_word' id='word_1_138' title='bbox 3648 764 3742 803; x_wconf 74' lang='lat' dir='ltr'><strong>vo—</strong></span> 
     </span>
    </p>
   </div>
   <div class='ocr_carea' id='block_1_23' title="bbox 2166 838 3743 923">
    <p class='ocr_par' dir='ltr' id='par_1_23' title="bbox 2166 838 3743 923">
     <span class='ocr_line' id='line_1_23' title="bbox 2166 838 3743 923; baseline -0.009 -13"><span class='ocrx_word' id='word_1_139' title='bbox 2166 854 2374 909; x_wconf 86' lang='lat' dir='ltr'><strong>luntate</strong></span> <span class='ocrx_word' id='word_1_140' title='bbox 2410 860 2744 923; x_wconf 73' lang='lat' dir='ltr'><strong>grassantur.</strong></span> <span class='ocrx_word' id='word_1_141' title='bbox 2788 847 2856 902; x_wconf 83' lang='lat' dir='ltr'><strong>Et</strong></span> <span class='ocrx_word' id='word_1_142' title='bbox 2897 846 3076 917; x_wconf 77' lang='lat' dir='ltr'><strong>lingua</strong></span> <span class='ocrx_word' id='word_1_143' title='bbox 3117 854 3228 900; x_wconf 86' lang='lat' dir='ltr'><strong>tua.</strong></span> <span class='ocrx_word' id='word_1_144' title='bbox 3273 842 3377 911; x_wconf 86' lang='lat' dir='ltr'><strong>Qui</strong></span> <span class='ocrx_word' id='word_1_145' title='bbox 3416 842 3574 897; x_wconf 82' lang='lat' dir='ltr'><strong>enim</strong></span> <span class='ocrx_word' id='word_1_146' title='bbox 3608 838 3743 896; x_wconf 82' lang='lat' dir='ltr'><strong>falso</strong></span> 
     </span>
    </p>
   </div>
   <div class='ocr_carea' id='block_1_24' title="bbox 2166 934 3264 1006">
    <p class='ocr_par' dir='ltr' id='par_1_24' title="bbox 2166 934 3264 1006">
     <span class='ocr_line' id='line_1_24' title="bbox 2166 934 3264 1006; baseline -0.008 -7"><span class='ocrx_word' id='word_1_147' title='bbox 2166 944 2346 999; x_wconf 81' lang='lat' dir='ltr'><strong>laudat</strong></span> <span class='ocrx_word' id='word_1_148' title='bbox 2377 942 2575 1006; x_wconf 88' lang='lat' dir='ltr'><strong>alium,</strong></span> <span class='ocrx_word' id='word_1_149' title='bbox 2604 938 2783 994; x_wconf 88' lang='lat' dir='ltr'><strong>dolum</strong></span> <span class='ocrx_word' id='word_1_150' title='bbox 2813 938 2865 994; x_wconf 93' lang='lat' dir='ltr'><strong>in</strong></span> <span class='ocrx_word' id='word_1_151' title='bbox 2896 937 3077 1006; x_wconf 78' lang='lat' dir='ltr'><strong>lingua</strong></span> <span class='ocrx_word' id='word_1_152' title='bbox 3112 934 3264 990; x_wconf 88' lang='lat' dir='ltr'><strong>facit.</strong></span> 
     </span>
    </p>
   </div>
   <div class='ocr_carea' id='block_1_25' title="bbox 2163 1047 3576 1122">
    <p class='ocr_par' dir='ltr' id='par_1_25' title="bbox 2163 1047 3576 1122">
     <span class='ocr_line' id='line_1_25' title="bbox 2163 1047 3576 1122; baseline -0.008 -8"><span class='ocrx_word' id='word_1_153' title='bbox 2163 1062 2230 1114; x_wconf 75' lang='grc'><strong>21</strong></span> <span class='ocrx_word' id='word_1_154' title='bbox 2304 1056 2502 1115; x_wconf 84' lang='lat' dir='ltr'><strong>Sedens</strong></span> <span class='ocrx_word' id='word_1_155' title='bbox 2536 1057 2782 1111; x_wconf 86' lang='lat' dir='ltr'><strong>adversus</strong></span> <span class='ocrx_word' id='word_1_156' title='bbox 2808 1053 3023 1122; x_wconf 76' lang='lat' dir='ltr'><strong>fratrem</strong></span> <span class='ocrx_word' id='word_1_157' title='bbox 3054 1061 3201 1104; x_wconf 88' lang='lat' dir='ltr'><strong>tuum</strong></span> <span class='ocrx_word' id='word_1_158' title='bbox 3231 1047 3531 1120; x_wconf 70' lang='lat' dir='ltr'><strong>loquebaris</strong></span> <span class='ocrx_word' id='word_1_159' title='bbox 3553 1061 3576 1103; x_wconf 91' lang='lat'><strong><em>:</em></strong></span> 
     </span>
    </p>
   </div>
   <div class='ocr_carea' id='block_1_26' title="bbox 2308 1135 3746 1213">
    <p class='ocr_par' dir='ltr' id='par_1_26' title="bbox 2308 1135 3746 1213">
     <span class='ocr_line' id='line_1_26' title="bbox 2308 1135 3746 1213; baseline -0.01 -10"><span class='ocrx_word' id='word_1_160' title='bbox 2308 1148 2375 1202; x_wconf 83' lang='lat' dir='ltr'><strong>Et</strong></span> <span class='ocrx_word' id='word_1_161' title='bbox 2391 1147 2636 1202; x_wconf 84' lang='lat' dir='ltr'><strong>adversus</strong></span> <span class='ocrx_word' id='word_1_162' title='bbox 2655 1143 2824 1213; x_wconf 81' lang='lat' dir='ltr'><strong>ﬁlium</strong></span> <span class='ocrx_word' id='word_1_163' title='bbox 2836 1140 3020 1196; x_wconf 79' lang='lat' dir='ltr'><strong>matris</strong></span> <span class='ocrx_word' id='word_1_164' title='bbox 3043 1149 3149 1194; x_wconf 76' lang='lat' dir='ltr'><strong>tua:</strong></span> <span class='ocrx_word' id='word_1_165' title='bbox 3162 1139 3389 1209; x_wconf 78' lang='lat' dir='ltr'><strong>ponebas</strong></span> <span class='ocrx_word' id='word_1_166' title='bbox 3401 1135 3709 1192; x_wconf 84' lang='lat' dir='ltr'><strong>scandala</strong></span> <span class='ocrx_word' id='word_1_167' title='bbox 3726 1151 3746 1189; x_wconf 90' lang='lat'><strong><em>:</em></strong></span> 
     </span>
    </p>
   </div>
   <div class='ocr_carea' id='block_1_27' title="bbox 2311 1232 2886 1309">
    <p class='ocr_par' dir='ltr' id='par_1_27' title="bbox 2311 1232 2886 1309">
     <span class='ocr_line' id='line_1_27' title="bbox 2311 1232 2886 1309; baseline -0.016 -15"><span class='ocrx_word' id='word_1_168' title='bbox 2311 1238 2440 1294; x_wconf 52' lang='lat' dir='ltr'><strong>Hart</strong></span> <span class='ocrx_word' id='word_1_169' title='bbox 2460 1235 2628 1309; x_wconf 78' lang='lat' dir='ltr'><strong>fecisti</strong></span> <span class='ocrx_word' id='word_1_170' title='bbox 2648 1242 2698 1289; x_wconf 88' lang='lat' dir='ltr'><strong>et</strong></span> <span class='ocrx_word' id='word_1_171' title='bbox 2722 1232 2886 1287; x_wconf 88' lang='lat' dir='ltr'><strong>tacui.</strong></span> 
     </span>
    </p>
   </div>
   <div class='ocr_carea' id='block_1_28' title="bbox 2140 1318 3763 1408">
    <p class='ocr_par' dir='ltr' id='par_1_28' title="bbox 2140 1318 3763 1408">
     <span class='ocr_line' id='line_1_28' title="bbox 2140 1318 3763 1408; baseline -0.01 -19"><span class='ocrx_word' id='word_1_172' title='bbox 2140 1318 2145 1321; x_wconf 60' lang='grc'><em>’</em></span> <span class='ocrx_word' id='word_1_173' title='bbox 2197 1372 2200 1376; x_wconf 59' lang='grc' dir='ltr'><strong>ι</strong></span> <span class='ocrx_word' id='word_1_174' title='bbox 2242 1332 2284 1388; x_wconf 86' lang='lat' dir='ltr'><strong>C</strong></span> <span class='ocrx_word' id='word_1_175' title='bbox 2324 1330 2526 1386; x_wconf 90' lang='lat' dir='ltr'><strong>Sedere</strong></span> <span class='ocrx_word' id='word_1_176' title='bbox 2549 1327 2694 1383; x_wconf 89' lang='lat' dir='ltr'><strong>enim</strong></span> <span class='ocrx_word' id='word_1_177' title='bbox 2732 1322 2997 1408; x_wconf 74' lang='lat' dir='ltr'><strong>morantis</strong></span> <span class='ocrx_word' id='word_1_178' title='bbox 3018 1329 3121 1388; x_wconf 88' lang='lat' dir='ltr'><strong>est,</strong></span> <span class='ocrx_word' id='word_1_179' title='bbox 3151 1329 3203 1377; x_wconf 89' lang='lat' dir='ltr'><strong>et</strong></span> <span class='ocrx_word' id='word_1_180' title='bbox 3222 1320 3356 1377; x_wconf 81' lang='lat' dir='ltr'><strong>ideo</strong></span> <span class='ocrx_word' id='word_1_181' title='bbox 3381 1318 3607 1392; x_wconf 78' lang='lat' dir='ltr'><strong>gravius</strong></span> <span class='ocrx_word' id='word_1_182' title='bbox 3631 1330 3763 1389; x_wconf 56' lang='lat' dir='ltr'><strong>pecd</strong></span> 
     </span>
    </p>
   </div>
   <div class='ocr_carea' id='block_1_29' title="bbox 2172 1407 3758 1491">
    <p class='ocr_par' dir='ltr' id='par_1_29' title="bbox 2172 1407 3758 1491">
     <span class='ocr_line' id='line_1_29' title="bbox 2172 1407 3758 1491; baseline -0.009 -14"><span class='ocrx_word' id='word_1_183' title='bbox 2172 1430 2278 1488; x_wconf 82' lang='lat' dir='ltr'><strong>eat,</strong></span> <span class='ocrx_word' id='word_1_184' title='bbox 2295 1420 2385 1491; x_wconf 85' lang='lat' dir='ltr'><strong>qui</strong></span> <span class='ocrx_word' id='word_1_185' title='bbox 2412 1424 2653 1474; x_wconf 85' lang='lat' dir='ltr'><strong>moratur</strong></span> <span class='ocrx_word' id='word_1_186' title='bbox 2677 1414 2730 1471; x_wconf 90' lang='lat' dir='ltr'><strong>in</strong></span> <span class='ocrx_word' id='word_1_187' title='bbox 2753 1411 3089 1469; x_wconf 84' lang='lat' dir='ltr'><strong>detractione</strong></span> <span class='ocrx_word' id='word_1_188' title='bbox 3115 1410 3373 1466; x_wconf 88' lang='lat' dir='ltr'><strong>fraterna.</strong></span> <span class='ocrx_word' id='word_1_189' title='bbox 3396 1409 3649 1464; x_wconf 80' lang='lat' dir='ltr'><strong>Fratrem</strong></span> <span class='ocrx_word' id='word_1_190' title='bbox 3666 1407 3758 1463; x_wconf 81' lang='lat' dir='ltr'><strong>hic</strong></span> 
     </span>
    </p>
   </div>
   <div class='ocr_carea' id='block_1_30' title="bbox 2171 1500 3761 1580">
    <p class='ocr_par' dir='ltr' id='par_1_30' title="bbox 2171 1500 3761 1580">
     <span class='ocr_line' id='line_1_30' title="bbox 2171 1500 3761 1580; baseline -0.008 -13"><span class='ocrx_word' id='word_1_191' title='bbox 2171 1525 2387 1567; x_wconf 91' lang='lat' dir='ltr'><strong>omnem</strong></span> <span class='ocrx_word' id='word_1_192' title='bbox 2408 1508 2713 1580; x_wconf 81' lang='lat' dir='ltr'><strong>proximum</strong></span> <span class='ocrx_word' id='word_1_193' title='bbox 2743 1505 2928 1561; x_wconf 87' lang='lat' dir='ltr'><strong>carnis</strong></span> <span class='ocrx_word' id='word_1_194' title='bbox 2954 1503 3213 1559; x_wconf 87' lang='lat' dir='ltr'><strong>debemus</strong></span> <span class='ocrx_word' id='word_1_195' title='bbox 3241 1502 3517 1572; x_wconf 85' lang='lat' dir='ltr'><strong>accipere,</strong></span> <span class='ocrx_word' id='word_1_196' title='bbox 3551 1500 3679 1571; x_wconf 85' lang='lat' dir='ltr'><strong>quia</strong></span> <span class='ocrx_word' id='word_1_197' title='bbox 3700 1508 3761 1555; x_wconf 86' lang='lat' dir='ltr'><strong>et</strong></span> 
     </span>
    </p>
   </div>
   <div class='ocr_carea' id='block_1_31' title="bbox 2172 1591 3756 1674">
    <p class='ocr_par' dir='ltr' id='par_1_31' title="bbox 2172 1591 3756 1674">
     <span class='ocr_line' id='line_1_31' title="bbox 2172 1591 3756 1674; baseline -0.009 -15"><span class='ocrx_word' id='word_1_198' title='bbox 2172 1604 2241 1659; x_wconf 89' lang='lat' dir='ltr'><strong>de</strong></span> <span class='ocrx_word' id='word_1_199' title='bbox 2266 1600 2531 1674; x_wconf 87' lang='lat' dir='ltr'><strong>spirituali</strong></span> <span class='ocrx_word' id='word_1_200' title='bbox 2560 1599 2804 1655; x_wconf 87' lang='lat' dir='ltr'><strong>dicturus</strong></span> <span class='ocrx_word' id='word_1_201' title='bbox 2843 1603 2951 1652; x_wconf 88' lang='grc' dir='ltr'>εει.</span> <span class='ocrx_word' id='word_1_202' title='bbox 2993 1594 3191 1652; x_wconf 87' lang='lat' dir='ltr'><strong>Filium</strong></span> <span class='ocrx_word' id='word_1_203' title='bbox 3242 1594 3479 1649; x_wconf 86' lang='lat' dir='ltr'><strong>matris:</strong></span> <span class='ocrx_word' id='word_1_204' title='bbox 3513 1591 3756 1647; x_wconf 81' lang='lat' dir='ltr'><strong>sobolem</strong></span> 
     </span>
    </p>
   </div>
   <div class='ocr_carea' id='block_1_32' title="bbox 2174 1685 3757 1759">
    <p class='ocr_par' dir='ltr' id='par_1_32' title="bbox 2174 1685 3757 1759">
     <span class='ocr_line' id='line_1_32' title="bbox 2174 1685 3757 1759; baseline -0.008 -9"><span class='ocrx_word' id='word_1_205' title='bbox 2174 1695 2308 1751; x_wconf 81' lang='lat' dir='ltr'><strong>dicit</strong></span> <span class='ocrx_word' id='word_1_206' title='bbox 2346 1692 2621 1749; x_wconf 60' lang='lat' dir='ltr'><strong>Ecclesia).</strong></span> <span class='ocrx_word' id='word_1_207' title='bbox 2674 1689 2834 1746; x_wconf 76' lang='lat' dir='ltr'><strong>Ponit</strong></span> <span class='ocrx_word' id='word_1_208' title='bbox 2879 1702 3009 1759; x_wconf 91' lang='lat' dir='ltr'><strong>ergo</strong></span> <span class='ocrx_word' id='word_1_209' title='bbox 3051 1686 3363 1743; x_wconf 86' lang='lat' dir='ltr'><strong>scandalum</strong></span> <span class='ocrx_word' id='word_1_210' title='bbox 3419 1685 3584 1740; x_wconf 78' lang='lat' dir='ltr'><strong>fratri</strong></span> <span class='ocrx_word' id='word_1_211' title='bbox 3636 1700 3757 1748; x_wconf 88' lang='lat' dir='ltr'><strong>suo,</strong></span> 
     </span>
    </p>
   </div>
   <div class='ocr_carea' id='block_1_33' title="bbox 566 1763 3767 1866">
    <p class='ocr_par' dir='ltr' id='par_1_33' title="bbox 566 1763 3767 1866">
     <span class='ocr_line' id='line_1_33' title="bbox 566 1763 3767 1866; baseline -0.011 0"><span class='ocrx_word' id='word_1_212' title='bbox 566 1812 608 1865; x_wconf 89' lang='lat' dir='ltr'><strong>C</strong></span> <span class='ocrx_word' id='word_1_213' title='bbox 643 1810 737 1866; x_wconf 91' lang='lat' dir='ltr'><strong>Ille</strong></span> <span class='ocrx_word' id='word_1_214' title='bbox 767 1809 877 1863; x_wconf 89' lang='lat' dir='ltr'><strong>Deo</strong></span> <span class='ocrx_word' id='word_1_215' title='bbox 907 1800 1151 1860; x_wconf 81' lang='lat' dir='ltr'><strong>immolat</strong></span> <span class='ocrx_word' id='word_1_216' title='bbox 1182 1794 1506 1853; x_wconf 77' lang='lat' dir='ltr'><strong>sacriﬁcium</strong></span> <span class='ocrx_word' id='word_1_217' title='bbox 1545 1787 1751 1852; x_wconf 65' lang='lat' dir='ltr'><strong>laudis.</strong></span> <span class='ocrx_word' id='word_1_218' title='bbox 1778 1782 1869 1854; x_wconf 76' lang='grc' dir='ltr'>(ιιιῑ</span> <span class='ocrx_word' id='word_1_219' title='bbox 1900 1796 1931 1837; x_wconf 67' lang='grc'>³</span> <span class='ocrx_word' id='word_1_220' title='bbox 1967 1788 2074 1835; x_wconf 57' lang='lat' dir='ltr'><strong>le!“</strong></span> <span class='ocrx_word' id='word_1_221' title='bbox 2101 1763 2149 1823; x_wconf 69' lang='grc' dir='ltr'>Β</span> <span class='ocrx_word' id='word_1_222' title='bbox 2179 1786 2270 1859; x_wconf 88' lang='lat' dir='ltr'><strong>qui</strong></span> <span class='ocrx_word' id='word_1_223' title='bbox 2299 1785 2582 1841; x_wconf 74' lang='lat' dir='ltr'><strong>luereticas</strong></span> <span class='ocrx_word' id='word_1_224' title='bbox 2610 1782 2907 1854; x_wconf 81' lang='lat' dir='ltr'><strong>pravitates</strong></span> <span class='ocrx_word' id='word_1_225' title='bbox 2933 1778 3018 1835; x_wconf 86' lang='lat' dir='ltr'><strong>vel</strong></span> <span class='ocrx_word' id='word_1_226' title='bbox 3055 1778 3191 1834; x_wconf 89' lang='lat' dir='ltr'><strong>alias</strong></span> <span class='ocrx_word' id='word_1_227' title='bbox 3218 1778 3645 1848; x_wconf 86' lang='lat' dir='ltr'><strong>interceptiones</strong></span> <span class='ocrx_word' id='word_1_228' title='bbox 3665 1792 3767 1832; x_wconf 78' lang='lat' dir='ltr'><strong>ex-</strong></span> 
     </span>
    </p>
   </div>
   <div class='ocr_carea' id='block_1_34' title="bbox 497 1871 2081 1960">
    <p class='ocr_par' dir='ltr' id='par_1_34' title="bbox 497 1871 2081 1960">
     <span class='ocr_line' id='line_1_34' title="bbox 497 1871 2081 1960; baseline -0.023 -2"><span class='ocrx_word' id='word_1_229' title='bbox 497 1904 646 1960; x_wconf 81' lang='lat' dir='ltr'><strong>renis</strong></span> <span class='ocrx_word' id='word_1_230' title='bbox 677 1899 822 1954; x_wconf 81' lang='lat' dir='ltr'><strong>vitiis</strong></span> <span class='ocrx_word' id='word_1_231' title='bbox 852 1893 1015 1950; x_wconf 83' lang='lat' dir='ltr'><strong>fuerit</strong></span> <span class='ocrx_word' id='word_1_232' title='bbox 1042 1894 1376 1959; x_wconf 83' lang='lat' dir='ltr'><strong>segregatus,</strong></span> <span class='ocrx_word' id='word_1_233' title='bbox 1413 1891 1470 1938; x_wconf 88' lang='lat' dir='ltr'><strong>et</strong></span> <span class='ocrx_word' id='word_1_234' title='bbox 1496 1881 1726 1936; x_wconf 89' lang='lat' dir='ltr'><strong>moritur</strong></span> <span class='ocrx_word' id='word_1_235' title='bbox 1754 1871 1988 1935; x_wconf 90' lang='lat' dir='ltr'><strong>mundo,</strong></span> <span class='ocrx_word' id='word_1_236' title='bbox 2018 1876 2081 1923; x_wconf 82' lang='lat' dir='ltr'><strong>ut</strong></span> 
     </span>
    </p>
   </div>
   <div class='ocr_carea' id='block_1_35' title="bbox 497 1962 2083 2052">
    <p class='ocr_par' dir='ltr' id='par_1_35' title="bbox 497 1962 2083 2052">
     <span class='ocr_line' id='line_1_35' title="bbox 497 1962 2083 2052; baseline -0.025 0"><span class='ocrx_word' id='word_1_237' title='bbox 497 1994 674 2052; x_wconf 84' lang='lat' dir='ltr'><strong>hostia</strong></span> <span class='ocrx_word' id='word_1_238' title='bbox 718 1991 814 2046; x_wconf 89' lang='lat' dir='ltr'><strong>ﬁat</strong></span> <span class='ocrx_word' id='word_1_239' title='bbox 849 1984 1089 2042; x_wconf 91' lang='lat' dir='ltr'><strong>Christo.</strong></span> <span class='ocrx_word' id='word_1_240' title='bbox 1124 1979 1261 2035; x_wconf 77' lang='lat' dir='ltr'><strong>Vota</strong></span> <span class='ocrx_word' id='word_1_241' title='bbox 1300 1988 1516 2048; x_wconf 87' lang='lat' dir='ltr'><strong>quoque</strong></span> <span class='ocrx_word' id='word_1_242' title='bbox 1554 1969 1729 2025; x_wconf 86' lang='lat' dir='ltr'><strong>reddit</strong></span> <span class='ocrx_word' id='word_1_243' title='bbox 1765 1962 2083 2026; x_wconf 77' lang='lat' dir='ltr'><strong>Altissimo,</strong></span> 
     </span>
    </p>
   </div>
   <div class='ocr_carea' id='block_1_36' title="bbox 498 2058 2084 2160">
    <p class='ocr_par' dir='ltr' id='par_1_36' title="bbox 498 2058 2084 2160">
     <span class='ocr_line' id='line_1_36' title="bbox 498 2058 2084 2160; baseline -0.025 -16"><span class='ocrx_word' id='word_1_244' title='bbox 498 2089 589 2160; x_wconf 88' lang='lat' dir='ltr'><strong>qui</strong></span> <span class='ocrx_word' id='word_1_245' title='bbox 619 2086 671 2145; x_wconf 87' lang='lat' dir='ltr'><strong>ei</strong></span> <span class='ocrx_word' id='word_1_246' title='bbox 698 2081 827 2140; x_wconf 87' lang='lat' dir='ltr'><strong>talia</strong></span> <span class='ocrx_word' id='word_1_247' title='bbox 854 2073 1181 2136; x_wconf 90' lang='lat' dir='ltr'><strong>immolanda</strong></span> <span class='ocrx_word' id='word_1_248' title='bbox 1209 2065 1568 2142; x_wconf 62' lang='lat' dir='ltr'><strong>praeparavit,</strong></span> <span class='ocrx_word' id='word_1_249' title='bbox 1606 2059 1791 2160; x_wconf 67' lang='lat' dir='ltr'><strong>qualia</strong></span> <span class='ocrx_word' id='word_1_250' title='bbox 1815 2058 1931 2127; x_wconf 89' lang='lat' dir='ltr'><strong>ipse</strong></span> <span class='ocrx_word' id='word_1_251' title='bbox 1958 2066 2084 2123; x_wconf 84' lang='lat' dir='ltr'><strong>pro-</strong></span> 
     </span>
    </p>
   </div>
   <div class='ocr_carea' id='block_1_37' title="bbox 500 2146 2085 2250">
    <p class='ocr_par' dir='ltr' id='par_1_37' title="bbox 500 2146 2085 2250">
     <span class='ocr_line' id='line_1_37' title="bbox 500 2146 2085 2250; baseline -0.026 -16"><span class='ocrx_word' id='word_1_252' title='bbox 500 2146 664 2250; x_wconf 68' lang='lat' dir='ltr'><strong>giitius</strong></span> <span class='ocrx_word' id='word_1_253' title='bbox 702 2169 973 2247; x_wconf 67' lang='lat' dir='ltr'><strong>praecepit.</strong></span> <span class='ocrx_word' id='word_1_254' title='bbox 1008 2166 1055 2222; x_wconf 82' lang='lat' dir='ltr'><strong>ll</strong></span> <span class='ocrx_word' id='word_1_255' title='bbox 1084 2164 1205 2219; x_wconf 84' lang='lat' dir='ltr'><strong>Hoc</strong></span> <span class='ocrx_word' id='word_1_256' title='bbox 1233 2167 1318 2215; x_wconf 89' lang='lat' dir='ltr'><strong>est</strong></span> <span class='ocrx_word' id='word_1_257' title='bbox 1342 2164 1523 2213; x_wconf 89' lang='lat' dir='ltr'><strong>autem</strong></span> <span class='ocrx_word' id='word_1_258' title='bbox 1561 2146 1887 2250; x_wconf 73' lang='lat' dir='ltr'><strong>sacriﬁcium</strong></span> <span class='ocrx_word' id='word_1_259' title='bbox 1930 2154 2085 2250; x_wconf 66' lang='lat' dir='ltr'><strong>acce-</strong></span> 
     </span>
    </p>
   </div>
   <div class='ocr_carea' id='block_1_38' title="bbox 500 2233 2086 2342">
    <p class='ocr_par' dir='ltr' id='par_1_38' title="bbox 500 2233 2086 2342">
     <span class='ocr_line' id='line_1_38' title="bbox 500 2233 2086 2342; baseline -0.028 -16"><span class='ocrx_word' id='word_1_260' title='bbox 500 2233 739 2342; x_wconf 50' lang='lat' dir='ltr'><strong>ptabile&#39;,</strong></span> <span class='ocrx_word' id='word_1_261' title='bbox 783 2233 894 2318; x_wconf 64' lang='lat' dir='ltr'><strong>hod</strong></span> <span class='ocrx_word' id='word_1_262' title='bbox 923 2266 1006 2315; x_wconf 88' lang='lat' dir='ltr'><strong>est</strong></span> <span class='ocrx_word' id='word_1_263' title='bbox 1044 2255 1421 2312; x_wconf 83' lang='lat' dir='ltr'><strong>holocaustum</strong></span> <span class='ocrx_word' id='word_1_264' title='bbox 1459 2243 1657 2316; x_wconf 71' lang='lat' dir='ltr'><strong>pincue</strong></span> <span class='ocrx_word' id='word_1_265' title='bbox 1732 2243 1790 2291; x_wconf 90' lang='lat' dir='ltr'><strong>ut</strong></span> <span class='ocrx_word' id='word_1_266' title='bbox 1838 2233 2086 2289; x_wconf 87' lang='lat' dir='ltr'><strong>laudetur</strong></span> 
     </span>
    </p>
   </div>
   <div class='ocr_carea' id='block_1_39' title="bbox 504 2340 1425 2419">
    <p class='ocr_par' dir='ltr' id='par_1_39' title="bbox 504 2340 1425 2419">
     <span class='ocr_line' id='line_1_39' title="bbox 504 2340 1425 2419; baseline -0.027 -1"><span class='ocrx_word' id='word_1_267' title='bbox 504 2340 643 2418; x_wconf 85' lang='lat' dir='ltr'><strong>Deus</strong></span> <span class='ocrx_word' id='word_1_268' title='bbox 671 2360 741 2412; x_wconf 84' lang='lat' dir='ltr'><strong>ab</strong></span> <span class='ocrx_word' id='word_1_269' title='bbox 767 2352 984 2410; x_wconf 85' lang='lat' dir='ltr'><strong>homine</strong></span> <span class='ocrx_word' id='word_1_270' title='bbox 1011 2360 1171 2419; x_wconf 84' lang='lat' dir='ltr'><strong>quem</strong></span> <span class='ocrx_word' id='word_1_271' title='bbox 1202 2340 1425 2399; x_wconf 76' lang='lat' dir='ltr'><strong>crearit.</strong></span> 
     </span>
    </p>
   </div>
   <div class='ocr_carea' id='block_1_40' title="bbox 502 2422 1804 2518">
    <p class='ocr_par' dir='ltr' id='par_1_40' title="bbox 502 2422 1804 2518">
     <span class='ocr_line' id='line_1_40' title="bbox 502 2422 1804 2518; baseline -0.028 -10"><span class='ocrx_word' id='word_1_272' title='bbox 502 2453 573 2508; x_wconf 69' lang='lat' dir='ltr'><strong>ili</strong></span> <span class='ocrx_word' id='word_1_273' title='bbox 643 2452 710 2518; x_wconf 64' lang='lat' dir='ltr'><strong>)bf</strong></span> <span class='ocrx_word' id='word_1_274' title='bbox 744 2447 809 2501; x_wconf 82' lang='grc' dir='ltr'>Αι</span> <span class='ocrx_word' id='word_1_275' title='bbox 842 2444 861 2513; x_wconf 71' lang='grc' dir='ltr'>ζ</span> <span class='ocrx_word' id='word_1_276' title='bbox 891 2446 1074 2496; x_wconf 83' lang='lat' dir='ltr'><strong>invoca</strong></span> <span class='ocrx_word' id='word_1_277' title='bbox 1102 2452 1181 2492; x_wconf 88' lang='lat' dir='ltr'><strong>me</strong></span> <span class='ocrx_word' id='word_1_278' title='bbox 1209 2434 1263 2488; x_wconf 85' lang='lat' dir='ltr'><strong>in</strong></span> <span class='ocrx_word' id='word_1_279' title='bbox 1293 2432 1378 2486; x_wconf 85' lang='lat' dir='ltr'><strong>die</strong></span> <span class='ocrx_word' id='word_1_280' title='bbox 1408 2422 1759 2503; x_wconf 84' lang='lat' dir='ltr'><strong>tribulationis</strong></span> <span class='ocrx_word' id='word_1_281' title='bbox 1784 2431 1804 2471; x_wconf 91' lang='lat'><strong><em>:</em></strong></span> 
     </span>
    </p>
   </div>
   <div class='ocr_carea' id='block_1_41' title="bbox 649 2508 1953 2594">
    <p class='ocr_par' dir='ltr' id='par_1_41' title="bbox 649 2508 1953 2594">
     <span class='ocr_line' id='line_1_41' title="bbox 649 2508 1953 2594; baseline -0.028 1"><span class='ocrx_word' id='word_1_282' title='bbox 741 2508 925 2593; x_wconf 79' lang='lat' dir='ltr'><strong>eruam</strong></span> <span class='ocrx_word' id='word_1_283' title='bbox 951 2543 999 2587; x_wconf 93' lang='lat' dir='ltr'><strong>te</strong></span> <span class='ocrx_word' id='word_1_284' title='bbox 1021 2538 1069 2585; x_wconf 88' lang='lat' dir='ltr'><strong>et</strong></span> <span class='ocrx_word' id='word_1_285' title='bbox 1095 2520 1465 2593; x_wconf 81' lang='lat' dir='ltr'><strong>Itonori/icabis</strong></span> <span class='ocrx_word' id='word_1_286' title='bbox 1495 2533 1596 2572; x_wconf 89' lang='lat' dir='ltr'><strong>me.</strong></span> <span class='ocrx_word' id='word_1_287' title='bbox 1622 2508 1953 2581; x_wconf 87' lang='lat' dir='ltr'><strong>Diapsalma.</strong></span> 
     </span>
    </p>
   </div>
   <div class='ocr_carea' id='block_1_42' title="bbox 2179 1865 3762 1947">
    <p class='ocr_par' dir='ltr' id='par_1_42' title="bbox 2179 1865 3762 1947">
     <span class='ocr_line' id='line_1_42' title="bbox 2179 1865 3762 1947; baseline -0.008 -15"><span class='ocrx_word' id='word_1_288' title='bbox 2179 1877 2416 1947; x_wconf 77' lang='lat' dir='ltr'><strong>cogitat:</strong></span> <span class='ocrx_word' id='word_1_289' title='bbox 2448 1873 2644 1945; x_wconf 84' lang='lat' dir='ltr'><strong>quibus</strong></span> <span class='ocrx_word' id='word_1_290' title='bbox 2686 1870 2854 1925; x_wconf 88' lang='lat' dir='ltr'><strong>frater</strong></span> <span class='ocrx_word' id='word_1_291' title='bbox 2883 1870 3144 1924; x_wconf 89' lang='lat' dir='ltr'><strong>innocens</strong></span> <span class='ocrx_word' id='word_1_292' title='bbox 3190 1867 3457 1938; x_wconf 88' lang='lat' dir='ltr'><strong>capiatur.</strong></span> <span class='ocrx_word' id='word_1_293' title='bbox 3506 1865 3638 1921; x_wconf 64' lang='lat' dir='ltr'><strong>Haec</strong></span> <span class='ocrx_word' id='word_1_294' title='bbox 3681 1865 3762 1919; x_wconf 85' lang='lat' dir='ltr'><strong>fe-</strong></span> 
     </span>
    </p>
   </div>
   <div class='ocr_carea' id='block_1_43' title="bbox 2181 1956 3775 2030">
    <p class='ocr_par' dir='ltr' id='par_1_43' title="bbox 2181 1956 3775 2030">
     <span class='ocr_line' id='line_1_43' title="bbox 2181 1956 3775 2030; baseline -0.01 -5"><span class='ocrx_word' id='word_1_295' title='bbox 2181 1968 2300 2025; x_wconf 87' lang='lat' dir='ltr'><strong>cisti</strong></span> <span class='ocrx_word' id='word_1_296' title='bbox 2328 1975 2385 2024; x_wconf 88' lang='lat' dir='ltr'><strong>et</strong></span> <span class='ocrx_word' id='word_1_297' title='bbox 2411 1965 2572 2021; x_wconf 87' lang='lat' dir='ltr'><strong>tacui.</strong></span> <span class='ocrx_word' id='word_1_298' title='bbox 2603 1962 2646 2018; x_wconf 78' lang='lat' dir='ltr'><strong>li</strong></span> <span class='ocrx_word' id='word_1_299' title='bbox 2675 1962 2812 2030; x_wconf 86' lang='lat' dir='ltr'><strong>Quia</strong></span> <span class='ocrx_word' id='word_1_300' title='bbox 2834 1975 2896 2015; x_wconf 86' lang='lat' dir='ltr'><strong>ea</strong></span> <span class='ocrx_word' id='word_1_301' title='bbox 2931 1958 3288 2013; x_wconf 72' lang='lat' dir='ltr'><strong>examinanda</strong></span> <span class='ocrx_word' id='word_1_302' title='bbox 3317 1957 3370 2012; x_wconf 91' lang='lat' dir='ltr'><strong>in</strong></span> <span class='ocrx_word' id='word_1_303' title='bbox 3402 1956 3647 2011; x_wconf 84' lang='lat' dir='ltr'><strong>futurum</strong></span> <span class='ocrx_word' id='word_1_304' title='bbox 3677 1972 3775 2010; x_wconf 48' lang='lat' dir='ltr'><strong>re»</strong></span> 
     </span>
    </p>
   </div>
   <div class='ocr_carea' id='block_1_44' title="bbox 2179 2048 3763 2133">
    <p class='ocr_par' dir='ltr' id='par_1_44' title="bbox 2179 2048 3763 2133">
     <span class='ocr_line' id='line_1_44' title="bbox 2179 2048 3763 2133; baseline -0.01 -17"><span class='ocrx_word' id='word_1_305' title='bbox 2179 2058 2390 2117; x_wconf 75' lang='lat' dir='ltr'><strong>servavi</strong></span> <span class='ocrx_word' id='word_1_306' title='bbox 2413 2056 2677 2129; x_wconf 82' lang='lat' dir='ltr'><strong>judicium</strong></span> <span class='ocrx_word' id='word_1_307' title='bbox 2711 2070 2726 2108; x_wconf 89' lang='lat'><strong>:</strong></span> <span class='ocrx_word' id='word_1_308' title='bbox 2768 2050 2912 2108; x_wconf 88' lang='lat' dir='ltr'><strong>tacui</strong></span> <span class='ocrx_word' id='word_1_309' title='bbox 2940 2050 3084 2106; x_wconf 90' lang='lat' dir='ltr'><strong>enim</strong></span> <span class='ocrx_word' id='word_1_310' title='bbox 3109 2049 3245 2133; x_wconf 66' lang='lat' dir='ltr'><strong>jam,</strong></span> <span class='ocrx_word' id='word_1_311' title='bbox 3275 2048 3403 2120; x_wconf 90' lang='lat' dir='ltr'><strong>quia</strong></span> <span class='ocrx_word' id='word_1_312' title='bbox 3433 2053 3542 2105; x_wconf 84' lang='lat' dir='ltr'><strong>non</strong></span> <span class='ocrx_word' id='word_1_313' title='bbox 3574 2048 3763 2104; x_wconf 85' lang='lat' dir='ltr'><strong>statim</strong></span> 
     </span>
    </p>
   </div>
   <div class='ocr_carea' id='block_1_45' title="bbox 2183 2143 2857 2204">
    <p class='ocr_par' dir='ltr' id='par_1_45' title="bbox 2183 2143 2857 2204">
     <span class='ocr_line' id='line_1_45' title="bbox 2183 2143 2857 2204; baseline -0.01 -1"><span class='ocrx_word' id='word_1_314' title='bbox 2183 2148 2454 2204; x_wconf 75' lang='lat' dir='ltr'><strong>vindicavi</strong></span> <span class='ocrx_word' id='word_1_315' title='bbox 2484 2146 2582 2202; x_wconf 84' lang='lat' dir='ltr'><strong>sed</strong></span> <span class='ocrx_word' id='word_1_316' title='bbox 2604 2143 2857 2200; x_wconf 87' lang='lat' dir='ltr'><strong>sustinui.</strong></span> 
     </span>
    </p>
   </div>
   <div class='ocr_carea' id='block_1_46' title="bbox 2182 2255 3496 2330">
    <p class='ocr_par' dir='ltr' id='par_1_46' title="bbox 2182 2255 3496 2330">
     <span class='ocr_line' id='line_1_46' title="bbox 2182 2255 3496 2330; baseline -0.008 -13"><span class='ocrx_word' id='word_1_317' title='bbox 2182 2261 2254 2317; x_wconf 68' lang='grc'><strong>22</strong></span> <span class='ocrx_word' id='word_1_318' title='bbox 2329 2259 2658 2315; x_wconf 66' lang='lat' dir='ltr'><strong>Existimasti</strong></span> <span class='ocrx_word' id='word_1_319' title='bbox 2688 2259 2862 2330; x_wconf 86' lang='lat' dir='ltr'><strong>inique</strong></span> <span class='ocrx_word' id='word_1_320' title='bbox 2883 2256 3020 2329; x_wconf 84' lang='lat' dir='ltr'><strong>quod</strong></span> <span class='ocrx_word' id='word_1_321' title='bbox 3046 2270 3133 2310; x_wconf 85' lang='lat' dir='ltr'><strong>cro</strong></span> <span class='ocrx_word' id='word_1_322' title='bbox 3161 2255 3240 2309; x_wconf 87' lang='lat' dir='ltr'><strong>tui</strong></span> <span class='ocrx_word' id='word_1_323' title='bbox 3258 2255 3446 2309; x_wconf 78' lang='lat' dir='ltr'><strong>similis</strong></span> <span class='ocrx_word' id='word_1_324' title='bbox 3474 2263 3496 2306; x_wconf 83' lang='lat'><strong>.°</strong></span> 
     </span>
    </p>
   </div>
   <div class='ocr_carea' id='block_1_47' title="bbox 2329 2343 3560 2422">
    <p class='ocr_par' dir='ltr' id='par_1_47' title="bbox 2329 2343 3560 2422">
     <span class='ocr_line' id='line_1_47' title="bbox 2329 2343 3560 2422; baseline -0.009 -16"><span class='ocrx_word' id='word_1_325' title='bbox 2329 2354 2560 2422; x_wconf 77' lang='lat' dir='ltr'><strong>Arguam</strong></span> <span class='ocrx_word' id='word_1_326' title='bbox 2584 2358 2632 2404; x_wconf 88' lang='lat' dir='ltr'><strong>te</strong></span> <span class='ocrx_word' id='word_1_327' title='bbox 2657 2358 2703 2403; x_wconf 87' lang='lat' dir='ltr'><strong>et</strong></span> <span class='ocrx_word' id='word_1_328' title='bbox 2727 2358 2953 2402; x_wconf 84' lang='lat' dir='ltr'><strong>statuam</strong></span> <span class='ocrx_word' id='word_1_329' title='bbox 2975 2355 3158 2400; x_wconf 88' lang='lat' dir='ltr'><strong>contra</strong></span> <span class='ocrx_word' id='word_1_330' title='bbox 3190 2343 3378 2414; x_wconf 79' lang='lat' dir='ltr'><strong>faciem</strong></span> <span class='ocrx_word' id='word_1_331' title='bbox 3410 2353 3560 2397; x_wconf 86' lang='lat' dir='ltr'><strong>tuam</strong></span> 
     </span>
    </p>
   </div>
   <div class='ocr_carea' id='block_1_48' title="bbox 2255 2426 3779 2506">
    <p class='ocr_par' dir='ltr' id='par_1_48' title="bbox 2255 2426 3779 2506">
     <span class='ocr_line' id='line_1_48' title="bbox 2255 2426 3779 2506; baseline -0.01 -9"><span class='ocrx_word' id='word_1_332' title='bbox 2255 2442 2299 2498; x_wconf 90' lang='lat' dir='ltr'><strong>C</strong></span> <span class='ocrx_word' id='word_1_333' title='bbox 2333 2438 2664 2496; x_wconf 79' lang='lat' dir='ltr'><strong>Existimasti</strong></span> <span class='ocrx_word' id='word_1_334' title='bbox 2708 2436 2915 2506; x_wconf 88' lang='lat' dir='ltr'><strong>inique,</strong></span> <span class='ocrx_word' id='word_1_335' title='bbox 2947 2435 3051 2490; x_wconf 88' lang='lat' dir='ltr'><strong>hoc</strong></span> <span class='ocrx_word' id='word_1_336' title='bbox 3077 2443 3179 2499; x_wconf 91' lang='lat' dir='ltr'><strong>est,</strong></span> <span class='ocrx_word' id='word_1_337' title='bbox 3217 2433 3341 2503; x_wconf 87' lang='lat' dir='ltr'><strong>quia</strong></span> <span class='ocrx_word' id='word_1_338' title='bbox 3373 2433 3513 2488; x_wconf 86' lang='lat' dir='ltr'><strong>Deus</strong></span> <span class='ocrx_word' id='word_1_339' title='bbox 3543 2439 3689 2486; x_wconf 83' lang='lat' dir='ltr'><strong>tacet</strong></span> <span class='ocrx_word' id='word_1_340' title='bbox 3712 2426 3779 2484; x_wconf 76' lang='grc' dir='ltr'><strong>ει</strong></span> 
     </span>
    </p>
   </div>
   <div class='ocr_carea' id='block_1_49' title="bbox 1620 2517 3773 2617">
    <p class='ocr_par' dir='ltr' id='par_1_49' title="bbox 1620 2517 3773 2617">
     <span class='ocr_line' id='line_1_49' title="bbox 1620 2517 3773 2617; baseline -0.011 -23"><span class='ocrx_word' id='word_1_341' title='bbox 1620 2517 2091 2617; x_wconf 47' lang='grc' dir='ltr'><strong>Ρίαρξίξξ’ξίξ;““</strong></span> <span class='ocrx_word' id='word_1_342' title='bbox 2189 2532 2368 2588; x_wconf 82' lang='lat' dir='ltr'><strong>diﬂ&#39;crt</strong></span> <span class='ocrx_word' id='word_1_343' title='bbox 2423 2529 2699 2585; x_wconf 71' lang='lat' dir='ltr'><strong>vindicare</strong></span> <span class='ocrx_word' id='word_1_344' title='bbox 2744 2535 2995 2598; x_wconf 87' lang='lat' dir='ltr'><strong>peccata,</strong></span> <span class='ocrx_word' id='word_1_345' title='bbox 3042 2524 3164 2579; x_wconf 89' lang='lat' dir='ltr'><strong>ideo</strong></span> <span class='ocrx_word' id='word_1_346' title='bbox 3211 2521 3453 2578; x_wconf 89' lang='lat' dir='ltr'><strong>creditur</strong></span> <span class='ocrx_word' id='word_1_347' title='bbox 3502 2534 3531 2574; x_wconf 89' lang='lat' dir='ltr'><strong>a</strong></span> <span class='ocrx_word' id='word_1_348' title='bbox 3587 2517 3773 2573; x_wconf 88' lang='lat' dir='ltr'><strong>stultis</strong></span> 
     </span>
    </p>
   </div>
   <div class='ocr_carea' id='block_1_50' title="bbox 576 2596 2088 2704">
    <p class='ocr_par' dir='ltr' id='par_1_50' title="bbox 576 2596 2088 2697">
     <span class='ocr_line' id='line_1_50' title="bbox 576 2596 2088 2697; baseline -0.028 -9"><span class='ocrx_word' id='word_1_349' title='bbox 576 2632 618 2689; x_wconf 90' lang='lat' dir='ltr'><strong>C</strong></span> <span class='ocrx_word' id='word_1_350' title='bbox 644 2625 907 2697; x_wconf 71' lang='lat' dir='ltr'><strong>Prmcepit</strong></span> <span class='ocrx_word' id='word_1_351' title='bbox 929 2621 1075 2678; x_wconf 92' lang='lat' dir='ltr'><strong>enim</strong></span> <span class='ocrx_word' id='word_1_352' title='bbox 1100 2619 1291 2673; x_wconf 79' lang='lat' dir='ltr'><strong>invoca</strong></span> <span class='ocrx_word' id='word_1_353' title='bbox 1322 2624 1427 2675; x_wconf 90' lang='lat' dir='ltr'><strong>me,</strong></span> <span class='ocrx_word' id='word_1_354' title='bbox 1456 2622 1522 2662; x_wconf 90' lang='lat' dir='ltr'><strong>ne</strong></span> <span class='ocrx_word' id='word_1_355' title='bbox 1545 2604 1666 2674; x_wconf 90' lang='lat' dir='ltr'><strong>quis</strong></span> <span class='ocrx_word' id='word_1_356' title='bbox 1689 2614 1838 2671; x_wconf 89' lang='lat' dir='ltr'><strong>spem</strong></span> <span class='ocrx_word' id='word_1_357' title='bbox 1865 2596 2088 2652; x_wconf 87' lang='lat' dir='ltr'><strong>haberet</strong></span> 
     </span>
    </p>
   </div>
   <div class='ocr_carea' id='block_1_51' title="bbox 2198 2596 3774 2704">
    <p class='ocr_par' dir='ltr' id='par_1_51' title="bbox 2198 2613 3774 2695">
     <span class='ocr_line' id='line_1_51' title="bbox 2198 2613 3774 2695; baseline -0.01 -16"><span class='ocrx_word' id='word_1_358' title='bbox 2198 2624 2265 2679; x_wconf 88' lang='lat' dir='ltr'><strong>illi</strong></span> <span class='ocrx_word' id='word_1_359' title='bbox 2301 2622 2568 2695; x_wconf 80' lang='lat' dir='ltr'><strong>placuisse</strong></span> <span class='ocrx_word' id='word_1_360' title='bbox 2614 2618 2821 2675; x_wconf 86' lang='lat' dir='ltr'><strong>scelera</strong></span> <span class='ocrx_word' id='word_1_361' title='bbox 2861 2617 3120 2673; x_wconf 88' lang='lat' dir='ltr'><strong>humana.</strong></span> <span class='ocrx_word' id='word_1_362' title='bbox 3169 2613 3214 2669; x_wconf 78' lang='lat' dir='ltr'><strong>li</strong></span> <span class='ocrx_word' id='word_1_363' title='bbox 3244 2615 3480 2684; x_wconf 80' lang='lat' dir='ltr'><strong>Arguam</strong></span> <span class='ocrx_word' id='word_1_364' title='bbox 3513 2627 3647 2667; x_wconf 78' lang='lat' dir='ltr'><strong>vero</strong></span> <span class='ocrx_word' id='word_1_365' title='bbox 3698 2619 3774 2675; x_wconf 86' lang='lat' dir='ltr'><strong>te,</strong></span> 
     </span>
    </p>
   </div>
   <div class='ocr_carea' id='block_1_52' title="bbox 505 2684 3779 2789">
    <p class='ocr_par' dir='ltr' id='par_1_52' title="bbox 505 2684 3779 2789">
     <span class='ocr_line' id='line_1_52' title="bbox 505 2684 3779 2789; baseline -0.008 -9"><span class='ocrx_word' id='word_1_366' title='bbox 505 2727 562 2782; x_wconf 91' lang='lat' dir='ltr'><strong>in</strong></span> <span class='ocrx_word' id='word_1_367' title='bbox 594 2733 810 2780; x_wconf 86' lang='lat' dir='ltr'><strong>terreno</strong></span> <span class='ocrx_word' id='word_1_368' title='bbox 838 2712 1051 2777; x_wconf 62' lang='lat' dir='ltr'><strong>solati“.</strong></span> <span class='ocrx_word' id='word_1_369' title='bbox 1078 2707 1173 2764; x_wconf 67' lang='lat' dir='ltr'><strong>ubi</strong></span> <span class='ocrx_word' id='word_1_370' title='bbox 1213 2711 1340 2761; x_wconf 75' lang='grc' dir='ltr'><strong>δυοι</strong></span> <span class='ocrx_word' id='word_1_371' title='bbox 1365 2699 1566 2758; x_wconf 67' lang='lat' dir='ltr'><strong>caduca</strong></span> <span class='ocrx_word' id='word_1_372' title='bbox 1608 2693 1890 2789; x_wconf 41' lang='lat' dir='ltr'><strong>universa“.</strong></span> <span class='ocrx_word' id='word_1_373' title='bbox 2007 2684 2095 2789; x_wconf 42' lang='lat' dir='ltr'><strong>die</strong></span> <span class='ocrx_word' id='word_1_374' title='bbox 2191 2684 2318 2769; x_wconf 64' lang='lat' dir='ltr'><strong>cuni</strong></span> <span class='ocrx_word' id='word_1_375' title='bbox 2351 2713 2403 2768; x_wconf 91' lang='lat' dir='ltr'><strong>in</strong></span> <span class='ocrx_word' id='word_1_376' title='bbox 2440 2711 2660 2767; x_wconf 90' lang='lat' dir='ltr'><strong>sinistra</strong></span> <span class='ocrx_word' id='word_1_377' title='bbox 2687 2716 2841 2780; x_wconf 89' lang='lat' dir='ltr'><strong>parte</strong></span> <span class='ocrx_word' id='word_1_378' title='bbox 2871 2705 3016 2764; x_wconf 88' lang='lat' dir='ltr'><strong>sedis</strong></span> <span class='ocrx_word' id='word_1_379' title='bbox 3042 2704 3208 2761; x_wconf 84' lang='lat' dir='ltr'><strong>fueris</strong></span> <span class='ocrx_word' id='word_1_380' title='bbox 3233 2703 3551 2760; x_wconf 79' lang='lat' dir='ltr'><strong>collocatus.</strong></span> <span class='ocrx_word' id='word_1_381' title='bbox 3580 2701 3623 2758; x_wconf 89' lang='lat' dir='ltr'><strong>C</strong></span> <span class='ocrx_word' id='word_1_382' title='bbox 3652 2701 3779 2757; x_wconf 80' lang='lat' dir='ltr'><strong>Sta-</strong></span> 
     </span>
    </p>
   </div>
   <div class='ocr_carea' id='block_1_53' title="bbox 506 2775 2088 2888">
    <p class='ocr_par' dir='ltr' id='par_1_53' title="bbox 506 2775 2088 2888">
     <span class='ocr_line' id='line_1_53' title="bbox 506 2775 2088 2888; baseline -0.028 -16"><span class='ocrx_word' id='word_1_383' title='bbox 746 2819 798 2865; x_wconf 87' lang='lat' dir='ltr'><strong>te</strong></span> <span class='ocrx_word' id='word_1_384' title='bbox 823 2802 1008 2876; x_wconf 84' lang='lat' dir='ltr'><strong>allligit</strong></span> <span class='ocrx_word' id='word_1_385' title='bbox 1030 2775 1396 2857; x_wconf 80' lang='lat' dir='ltr'><strong>adversarius.</strong></span> <span class='ocrx_word' id='word_1_386' title='bbox 1641 2791 1716 2849; x_wconf 90' lang='lat' dir='ltr'><strong>te,</strong></span> <span class='ocrx_word' id='word_1_387' title='bbox 1739 2778 1894 2850; x_wconf 87' lang='lat' dir='ltr'><strong>quasi</strong></span> <span class='ocrx_word' id='word_1_388' title='bbox 1917 2775 2088 2888; x_wconf 54' lang='lat' dir='ltr'><strong>di‘cat:</strong></span> 
     </span>
    </p>
   </div>
   <div class='ocr_carea' id='block_1_54' title="bbox 2198 2775 3777 2888">
    <p class='ocr_par' dir='ltr' id='par_1_54' title="bbox 2198 2793 3777 2874">
     <span class='ocr_line' id='line_1_54' title="bbox 2198 2793 3777 2874; baseline -0.006 -17"><span class='ocrx_word' id='word_1_389' title='bbox 2198 2811 2362 2868; x_wconf 89' lang='lat' dir='ltr'><strong>tuam,</strong></span> <span class='ocrx_word' id='word_1_390' title='bbox 2409 2801 2554 2874; x_wconf 89' lang='lat' dir='ltr'><strong>quod</strong></span> <span class='ocrx_word' id='word_1_391' title='bbox 2584 2799 2834 2870; x_wconf 88' lang='lat' dir='ltr'><strong>superius</strong></span> <span class='ocrx_word' id='word_1_392' title='bbox 2882 2798 3059 2855; x_wconf 79' lang='lat' dir='ltr'><strong>dixit:</strong></span> <span class='ocrx_word' id='word_1_393' title='bbox 3092 2805 3434 2868; x_wconf 85' lang='lat' dir='ltr'><strong>peecatorem</strong></span> <span class='ocrx_word' id='word_1_394' title='bbox 3472 2793 3642 2849; x_wconf 74' lang='lat' dir='ltr'><strong>verba</strong></span> <span class='ocrx_word' id='word_1_395' title='bbox 3677 2809 3777 2848; x_wconf 90' lang='lat' dir='ltr'><strong>sua</strong></span> 
     </span>
    </p>
   </div>
   <div class='ocr_carea' id='block_1_55' title="bbox 510 2865 3775 2977">
    <p class='ocr_par' dir='ltr' id='par_1_55' title="bbox 510 2865 3775 2977">
     <span class='ocr_line' id='line_1_55' title="bbox 510 2865 3775 2977; baseline -0.007 -17"><span class='ocrx_word' id='word_1_396' title='bbox 510 2865 915 2962; x_wconf 59' lang='lat' dir='ltr'><strong>Circumdattlm</strong></span> <span class='ocrx_word' id='word_1_397' title='bbox 952 2910 981 2949; x_wconf 67' lang='grc' dir='ltr'><strong>θ</strong></span> <span class='ocrx_word' id='word_1_398' title='bbox 1010 2886 1337 2947; x_wconf 63' lang='lat' dir='ltr'><strong>satellitibus</strong></span> <span class='ocrx_word' id='word_1_399' title='bbox 1359 2876 1607 2977; x_wconf 55' lang='lat' dir='ltr'><strong>_di3!’°&quot;’</strong></span> <span class='ocrx_word' id='word_1_400' title='bbox 1649 2885 1859 2977; x_wconf 66' lang='grc' dir='ltr'><strong>⁵ξ¹ξ¹¹¹¹¹²</strong></span> <span class='ocrx_word' id='word_1_401' title='bbox 1901 2865 2094 2977; x_wconf 31' lang='lat' dir='ltr'><strong>fuit?</strong></span> <span class='ocrx_word' id='word_1_402' title='bbox 2196 2865 2737 2967; x_wconf 30' lang='lat' dir='ltr'><strong>(quae—semperante</strong></span> <span class='ocrx_word' id='word_1_403' title='bbox 2769 2888 2954 2945; x_wconf 90' lang='lat' dir='ltr'><strong>oculos</strong></span> <span class='ocrx_word' id='word_1_404' title='bbox 2986 2865 3186 2944; x_wconf 80' lang='lat' dir='ltr'><strong>habere</strong></span> <span class='ocrx_word' id='word_1_405' title='bbox 3217 2886 3420 2952; x_wconf 84' lang='lat' dir='ltr'><strong>debuit,</strong></span> <span class='ocrx_word' id='word_1_406' title='bbox 3470 2894 3532 2941; x_wconf 93' lang='lat' dir='ltr'><strong>ut</strong></span> <span class='ocrx_word' id='word_1_407' title='bbox 3579 2900 3775 2941; x_wconf 65' lang='lat' dir='ltr'><strong>secuta.</strong></span> 
     </span>
    </p>
   </div>
   <div class='ocr_carea' id='block_1_56' title="bbox 508 2956 2088 3077">
    <p class='ocr_par' dir='ltr' id='par_1_56' title="bbox 508 2956 2088 3077">
     <span class='ocr_line' id='line_1_56' title="bbox 508 2956 2088 3077; baseline -0.029 -23"><span class='ocrx_word' id='word_1_408' title='bbox 508 2956 635 3052; x_wconf 55' lang='lat' dir='ltr'><strong>tate</strong></span> <span class='ocrx_word' id='word_1_409' title='bbox 643 2956 908 3049; x_wconf 76' lang='lat' dir='ltr'><strong>liberabo.</strong></span> <span class='ocrx_word' id='word_1_410' title='bbox 934 2977 1307 3055; x_wconf 84' lang='lat' dir='ltr'><strong>Magniﬁeabis</strong></span> <span class='ocrx_word' id='word_1_411' title='bbox 1328 2973 1443 3031; x_wconf 78' lang='lat' dir='ltr'><strong>sive</strong></span> <span class='ocrx_word' id='word_1_412' title='bbox 1468 2963 1760 3070; x_wconf 73' lang='lat' dir='ltr'><strong>honorabis</strong></span> <span class='ocrx_word' id='word_1_413' title='bbox 1782 2975 1892 3077; x_wconf 52' lang='lat' dir='ltr'><strong>mel;</strong></span> <span class='ocrx_word' id='word_1_414' title='bbox 1912 2956 1966 3013; x_wconf 83' lang='lat' dir='ltr'><strong>id</strong></span> <span class='ocrx_word' id='word_1_415' title='bbox 1990 2961 2088 3017; x_wconf 71' lang='lat' dir='ltr'><strong>est.</strong></span> 
     </span>
    </p>
   </div>
   <div class='ocr_carea' id='block_1_57' title="bbox 2198 2956 3781 3077">
    <p class='ocr_par' dir='ltr' id='par_1_57' title="bbox 2198 2956 3781 3054">
     <span class='ocr_line' id='line_1_57' title="bbox 2198 2956 3781 3054; baseline -0.006 -13"><span class='ocrx_word' id='word_1_416' title='bbox 2198 2956 2323 3042; x_wconf 80' lang='lat' dir='ltr'><strong>dum</strong></span> <span class='ocrx_word' id='word_1_417' title='bbox 2352 2998 2416 3039; x_wconf 86' lang='lat' dir='ltr'><strong>ea</strong></span> <span class='ocrx_word' id='word_1_418' title='bbox 2443 2956 2670 3054; x_wconf 78' lang='lat' dir='ltr'><strong>viveret)</strong></span> <span class='ocrx_word' id='word_1_419' title='bbox 2699 2991 2819 3052; x_wconf 88' lang='lat' dir='ltr'><strong>post</strong></span> <span class='ocrx_word' id='word_1_420' title='bbox 2851 2988 3064 3050; x_wconf 78' lang='lat' dir='ltr'><strong>tergum</strong></span> <span class='ocrx_word' id='word_1_421' title='bbox 3092 2987 3145 3035; x_wconf 88' lang='lat' dir='ltr'><strong>et</strong></span> <span class='ocrx_word' id='word_1_422' title='bbox 3174 2988 3321 3035; x_wconf 90' lang='lat' dir='ltr'><strong>retro</strong></span> <span class='ocrx_word' id='word_1_423' title='bbox 3347 2977 3646 3049; x_wconf 71' lang='lat' dir='ltr'><strong>proiecisse</strong></span> <span class='ocrx_word' id='word_1_424' title='bbox 3723 2977 3781 3032; x_wconf 80' lang='lat' dir='ltr'><strong>id</strong></span> 
     </span>
    </p>
   </div>
   <div class='ocr_carea' id='block_1_58' title="bbox 510 3051 2088 3156">
    <p class='ocr_par' dir='ltr' id='par_1_58' title="bbox 510 3051 2088 3156">
     <span class='ocr_line' id='line_1_58' title="bbox 510 3051 2088 3156; baseline -0.027 -13"><span class='ocrx_word' id='word_1_425' title='bbox 510 3073 766 3156; x_wconf 85' lang='lat' dir='ltr'><strong>magnum</strong></span> <span class='ocrx_word' id='word_1_426' title='bbox 803 3092 889 3136; x_wconf 85' lang='lat' dir='ltr'><strong>me</strong></span> <span class='ocrx_word' id='word_1_427' title='bbox 920 3051 1050 3133; x_wconf 76' lang='lat' dir='ltr'><strong>esse</strong></span> <span class='ocrx_word' id='word_1_428' title='bbox 1081 3074 1134 3129; x_wconf 91' lang='lat' dir='ltr'><strong>in</strong></span> <span class='ocrx_word' id='word_1_429' title='bbox 1169 3080 1429 3126; x_wconf 85' lang='lat' dir='ltr'><strong>:eternum</strong></span> <span class='ocrx_word' id='word_1_430' title='bbox 1468 3051 2088 3156; x_wconf 50' lang='lat' dir='ltr'><strong>pronunties.nli.omana</strong></span> 
     </span>
    </p>
   </div>
   <div class='ocr_carea' id='block_1_59' title="bbox 2198 3051 3779 3156">
    <p class='ocr_par' dir='ltr' id='par_1_59' title="bbox 2198 3051 3779 3148">
     <span class='ocr_line' id='line_1_59' title="bbox 2198 3051 3779 3148; baseline -0.006 -16"><span class='ocrx_word' id='word_1_431' title='bbox 2198 3074 2396 3148; x_wconf 82' lang='lat' dir='ltr'><strong>iudicio</strong></span> <span class='ocrx_word' id='word_1_432' title='bbox 2442 3074 2613 3147; x_wconf 82' lang='lat' dir='ltr'><strong>igitur</strong></span> <span class='ocrx_word' id='word_1_433' title='bbox 2651 3051 2917 3145; x_wconf 79' lang='lat' dir='ltr'><strong>peccator</strong></span> <span class='ocrx_word' id='word_1_434' title='bbox 2967 3081 3093 3126; x_wconf 88' lang='lat' dir='ltr'><strong>ante</strong></span> <span class='ocrx_word' id='word_1_435' title='bbox 3123 3070 3316 3127; x_wconf 83' lang='lat' dir='ltr'><strong>faciem</strong></span> <span class='ocrx_word' id='word_1_436' title='bbox 3358 3085 3514 3126; x_wconf 89' lang='lat' dir='ltr'><strong>suam</strong></span> <span class='ocrx_word' id='word_1_437' title='bbox 3548 3069 3779 3133; x_wconf 76' lang='lat' dir='ltr'><strong>ridebit,</strong></span> 
     </span>
    </p>
   </div>
   <div class='ocr_carea' id='block_1_60' title="bbox 510 3146 1770 3245">
    <p class='ocr_par' dir='ltr' id='par_1_60' title="bbox 510 3146 1770 3245">
     <span class='ocr_line' id='line_1_60' title="bbox 510 3146 1770 3245; baseline -0.025 -13"><span class='ocrx_word' id='word_1_438' title='bbox 510 3146 779 3245; x_wconf 67' lang='lat' dir='ltr'><strong>siquidem</strong></span> <span class='ocrx_word' id='word_1_439' title='bbox 827 3163 1113 3224; x_wconf 87' lang='lat' dir='ltr'><strong>translatio</strong></span> <span class='ocrx_word' id='word_1_440' title='bbox 1157 3152 1531 3230; x_wconf 84' lang='lat' dir='ltr'><strong>magniﬁcabis</strong></span> <span class='ocrx_word' id='word_1_441' title='bbox 1575 3146 1770 3212; x_wconf 82' lang='lat' dir='ltr'><strong>habet,</strong></span> 
     </span>
    </p>
   </div>
   <div class='ocr_carea' id='block_1_61' title="bbox 512 3247 1574 3329">
    <p class='ocr_par' dir='ltr' id='par_1_61' title="bbox 512 3247 1574 3329">
     <span class='ocr_line' id='line_1_61' title="bbox 512 3247 1574 3329; baseline -0.026 -5"><span class='ocrx_word' id='word_1_442' title='bbox 512 3282 663 3329; x_wconf 68' lang='lat' dir='ltr'><strong>vero,</strong></span> <span class='ocrx_word' id='word_1_443' title='bbox 694 3256 1105 3321; x_wconf 84' lang='lat' dir='ltr'><strong>honoriﬁcabis,</strong></span> <span class='ocrx_word' id='word_1_444' title='bbox 1131 3250 1273 3325; x_wconf 91' lang='lat' dir='ltr'><strong>quod</strong></span> <span class='ocrx_word' id='word_1_445' title='bbox 1303 3247 1443 3303; x_wconf 90' lang='lat' dir='ltr'><strong>idem</strong></span> <span class='ocrx_word' id='word_1_446' title='bbox 1470 3252 1574 3299; x_wconf 66' lang='lat' dir='ltr'><strong>est~</strong></span> 
     </span>
    </p>
   </div>
   <div class='ocr_carea' id='block_1_62' title="bbox 513 3336 2094 3414">
    <p class='ocr_par' dir='ltr' id='par_1_62' title="bbox 513 3336 2094 3414">
     <span class='ocr_line' id='line_1_62' title="bbox 513 3336 2094 3414; baseline -0.025 0"><span class='ocrx_word' id='word_1_447' title='bbox 513 3358 581 3414; x_wconf 74' lang='grc' dir='ltr'><strong><em>Π</em></strong></span> <span class='ocrx_word' id='word_1_448' title='bbox 655 3350 928 3412; x_wconf 80' lang='lat' dir='ltr'><strong>Peccatari</strong></span> <span class='ocrx_word' id='word_1_449' title='bbox 974 3356 1146 3404; x_wconf 86' lang='lat' dir='ltr'><strong>autem</strong></span> <span class='ocrx_word' id='word_1_450' title='bbox 1198 3340 1329 3397; x_wconf 64' lang='lat' dir='ltr'><strong>dixit</strong></span> <span class='ocrx_word' id='word_1_451' title='bbox 1376 3336 1519 3394; x_wconf 84' lang='lat' dir='ltr'><strong>Deus</strong></span> <span class='ocrx_word' id='word_1_452' title='bbox 1562 3346 1724 3405; x_wconf 85' lang='lat' dir='ltr'><strong>quare</strong></span> <span class='ocrx_word' id='word_1_453' title='bbox 1773 3338 1830 3383; x_wconf 85' lang='lat' dir='ltr'><strong>tu</strong></span> <span class='ocrx_word' id='word_1_454' title='bbox 1875 3336 2094 3381; x_wconf 86' lang='lat' dir='ltr'><strong>eaarras</strong></span> 
     </span>
    </p>
   </div>
   <div class='ocr_carea' id='block_1_63' title="bbox 667 3444 1171 3519">
    <p class='ocr_par' dir='ltr' id='par_1_63' title="bbox 667 3444 1171 3519">
     <span class='ocr_line' id='line_1_63' title="bbox 667 3444 1171 3519; baseline -0.028 -17"><span class='ocrx_word' id='word_1_455' title='bbox 667 3510 675 3519; x_wconf 34' lang='grc' dir='ltr'><strong>η</strong></span> <span class='ocrx_word' id='word_1_456' title='bbox 724 3444 969 3519; x_wconf 78' lang='lat' dir='ltr'><strong>justitias</strong></span> <span class='ocrx_word' id='word_1_457' title='bbox 996 3449 1171 3495; x_wconf 86' lang='lat' dir='ltr'><strong>meas:</strong></span> 
     </span>
    </p>
   </div>
   <div class='ocr_carea' id='block_1_64' title="bbox 664 3516 1954 3592">
    <p class='ocr_par' dir='ltr' id='par_1_64' title="bbox 664 3516 1954 3592">
     <span class='ocr_line' id='line_1_64' title="bbox 664 3516 1954 3592; baseline -0.026 0"><span class='ocrx_word' id='word_1_458' title='bbox 664 3516 741 3592; x_wconf 65' lang='lat' dir='ltr'><strong>lit</strong></span> <span class='ocrx_word' id='word_1_459' title='bbox 759 3532 984 3591; x_wconf 81' lang='lat' dir='ltr'><strong>assumis</strong></span> <span class='ocrx_word' id='word_1_460' title='bbox 1012 3530 1375 3585; x_wconf 77' lang='lat' dir='ltr'><strong>testamentum</strong></span> <span class='ocrx_word' id='word_1_461' title='bbox 1403 3531 1574 3573; x_wconf 86' lang='lat' dir='ltr'><strong>meum</strong></span> <span class='ocrx_word' id='word_1_462' title='bbox 1602 3526 1693 3585; x_wconf 86' lang='lat' dir='ltr'><strong>per</strong></span> <span class='ocrx_word' id='word_1_463' title='bbox 1720 3522 1776 3565; x_wconf 90' lang='lat' dir='ltr'><strong>os</strong></span> <span class='ocrx_word' id='word_1_464' title='bbox 1807 3516 1954 3563; x_wconf 88' lang='lat' dir='ltr'><strong>tuum</strong></span> 
     </span>
    </p>
   </div>
   <div class='ocr_carea' id='block_1_65' title="bbox 586 3592 2099 3686">
    <p class='ocr_par' dir='ltr' id='par_1_65' title="bbox 586 3592 2099 3686">
     <span class='ocr_line' id='line_1_65' title="bbox 586 3592 2099 3686; baseline -0.029 1"><span class='ocrx_word' id='word_1_465' title='bbox 586 3630 636 3686; x_wconf 72' lang='lat' dir='ltr'><strong>&#39;C</strong></span> <span class='ocrx_word' id='word_1_466' title='bbox 660 3622 1008 3684; x_wconf 87' lang='lat' dir='ltr'><strong>interdici-tur</strong></span> <span class='ocrx_word' id='word_1_467' title='bbox 1040 3616 1130 3673; x_wconf 89' lang='lat' dir='ltr'><strong>hic</strong></span> <span class='ocrx_word' id='word_1_468' title='bbox 1162 3608 1440 3670; x_wconf 83' lang='lat' dir='ltr'><strong>sceleratis</strong></span> <span class='ocrx_word' id='word_1_469' title='bbox 1477 3603 1569 3676; x_wconf 90' lang='lat' dir='ltr'><strong>qui</strong></span> <span class='ocrx_word' id='word_1_470' title='bbox 1598 3596 1837 3659; x_wconf 83' lang='lat' dir='ltr'><strong>converti</strong></span> <span class='ocrx_word' id='word_1_471' title='bbox 1879 3592 2099 3686; x_wconf 78' lang='lat' dir='ltr'><strong>nolunt,</strong></span> 
     </span>
    </p>
   </div>
   <div class='ocr_carea' id='block_1_66' title="bbox 518 3680 2101 3788">
    <p class='ocr_par' dir='ltr' id='par_1_66' title="bbox 518 3680 2101 3788">
     <span class='ocr_line' id='line_1_66' title="bbox 518 3680 2101 3788; baseline -0.027 -11"><span class='ocrx_word' id='word_1_472' title='bbox 518 3736 591 3776; x_wconf 90' lang='lat' dir='ltr'><strong>ne</strong></span> <span class='ocrx_word' id='word_1_473' title='bbox 629 3733 688 3774; x_wconf 90' lang='lat' dir='ltr'><strong>se</strong></span> <span class='ocrx_word' id='word_1_474' title='bbox 724 3718 1053 3788; x_wconf 65' lang='lat' dir='ltr'><strong>praesumant</strong></span> <span class='ocrx_word' id='word_1_475' title='bbox 1087 3702 1427 3762; x_wconf 86' lang='lat' dir='ltr'><strong>sermonibus</strong></span> <span class='ocrx_word' id='word_1_476' title='bbox 1461 3695 1691 3751; x_wconf 89' lang='lat' dir='ltr'><strong>miscere</strong></span> <span class='ocrx_word' id='word_1_477' title='bbox 1716 3685 1949 3750; x_wconf 82' lang='lat' dir='ltr'><strong>divinis,</strong></span> <span class='ocrx_word' id='word_1_478' title='bbox 1975 3680 2101 3753; x_wconf 89' lang='lat' dir='ltr'><strong>quia</strong></span> 
     </span>
    </p>
   </div>
   <div class='ocr_carea' id='block_1_67' title="bbox 516 3776 2105 3873">
    <p class='ocr_par' dir='ltr' id='par_1_67' title="bbox 516 3776 2105 3873">
     <span class='ocr_line' id='line_1_67' title="bbox 516 3776 2105 3873; baseline -0.029 -2"><span class='ocrx_word' id='word_1_479' title='bbox 516 3827 584 3869; x_wconf 84' lang='lat' dir='ltr'><strong>os</strong></span> <span class='ocrx_word' id='word_1_480' title='bbox 618 3776 779 3867; x_wconf 60' lang='lat' dir='ltr'><strong>debat</strong></span> <span class='ocrx_word' id='word_1_481' title='bbox 814 3819 935 3860; x_wconf 83' lang='lat' dir='ltr'><strong>esse</strong></span> <span class='ocrx_word' id='word_1_482' title='bbox 958 3801 1197 3873; x_wconf 86' lang='lat' dir='ltr'><strong>justum,</strong></span> <span class='ocrx_word' id='word_1_483' title='bbox 1235 3791 1378 3864; x_wconf 90' lang='lat' dir='ltr'><strong>quod</strong></span> <span class='ocrx_word' id='word_1_484' title='bbox 1401 3786 1656 3872; x_wconf 64' lang='lat' dir='ltr'><strong>~justitias</strong></span> <span class='ocrx_word' id='word_1_485' title='bbox 1693 3776 1904 3837; x_wconf 87' lang='lat' dir='ltr'><strong>Domini</strong></span> <span class='ocrx_word' id='word_1_486' title='bbox 1945 3786 2105 3830; x_wconf 85' lang='lat' dir='ltr'><strong>enar-</strong></span> 
     </span>
    </p>
   </div>
   <div class='ocr_carea' id='block_1_68' title="bbox 520 3868 2102 3976">
    <p class='ocr_par' dir='ltr' id='par_1_68' title="bbox 520 3868 2102 3976">
     <span class='ocr_line' id='line_1_68' title="bbox 520 3868 2102 3976; baseline -0.029 -11"><span class='ocrx_word' id='word_1_487' title='bbox 520 3920 645 3967; x_wconf 78' lang='lat' dir='ltr'><strong>rare</strong></span> <span class='ocrx_word' id='word_1_488' title='bbox 671 3868 975 3976; x_wconf 63' lang='lat' dir='ltr'><strong>praesumit.</strong></span> <span class='ocrx_word' id='word_1_489' title='bbox 996 3868 1405 3950; x_wconf 70' lang='lat' dir='ltr'><strong>Testamentum~</strong></span> <span class='ocrx_word' id='word_1_490' title='bbox 1428 3896 1555 3937; x_wconf 80' lang='lat' dir='ltr'><strong>vero</strong></span> <span class='ocrx_word' id='word_1_491' title='bbox 1579 3896 1596 3933; x_wconf 84' lang='lat'><strong>:</strong></span> <span class='ocrx_word' id='word_1_492' title='bbox 1626 3875 1794 3931; x_wconf 77' lang='lat' dir='ltr'><strong>Vetus</strong></span> <span class='ocrx_word' id='word_1_493' title='bbox 1815 3878 1871 3927; x_wconf 88' lang='lat' dir='ltr'><strong>et</strong></span> <span class='ocrx_word' id='word_1_494' title='bbox 1893 3868 2102 3926; x_wconf 82' lang='lat' dir='ltr'><strong>Novum</strong></span> 
     </span>
    </p>
   </div>
   <div class='ocr_carea' id='block_1_69' title="bbox 521 3964 2106 4069">
    <p class='ocr_par' dir='ltr' id='par_1_69' title="bbox 521 3964 2106 4069">
     <span class='ocr_line' id='line_1_69' title="bbox 521 3964 2106 4069; baseline -0.028 -15"><span class='ocrx_word' id='word_1_495' title='bbox 521 3964 812 4069; x_wconf 75' lang='lat' dir='ltr'><strong>signiﬁcat,</strong></span> <span class='ocrx_word' id='word_1_496' title='bbox 841 3988 966 4060; x_wconf 86' lang='lat' dir='ltr'><strong>quia</strong></span> <span class='ocrx_word' id='word_1_497' title='bbox 997 3986 1123 4040; x_wconf 85' lang='lat' dir='ltr'><strong>dum</strong></span> <span class='ocrx_word' id='word_1_498' title='bbox 1149 3993 1317 4036; x_wconf 90' lang='lat' dir='ltr'><strong>unum</strong></span> <span class='ocrx_word' id='word_1_499' title='bbox 1344 3984 1602 4044; x_wconf 85' lang='lat' dir='ltr'><strong>suspense</strong></span> <span class='ocrx_word' id='word_1_500' title='bbox 1632 3964 1852 4069; x_wconf 71' lang='lat' dir='ltr'><strong>dicitur,</strong></span> <span class='ocrx_word' id='word_1_501' title='bbox 1877 3968 2106 4063; x_wconf 79' lang='lat' dir='ltr'><strong>utraque</strong></span> 
     </span>
    </p>
   </div>
   <div class='ocr_carea' id='block_1_70' title="bbox 522 4047 2105 4145">
    <p class='ocr_par' dir='ltr' id='par_1_70' title="bbox 522 4047 2105 4145">
     <span class='ocr_line' id='line_1_70' title="bbox 522 4047 2105 4145; baseline -0.028 0"><span class='ocrx_word' id='word_1_502' title='bbox 522 4047 917 4145; x_wconf 54' lang='grc' dir='ltr'><strong>ἷιὶέὧᾷιίεηίιὶν.</strong></span> <span class='ocrx_word' id='word_1_503' title='bbox 961 4075 1005 4132; x_wconf 90' lang='lat' dir='ltr'><strong>li</strong></span> <span class='ocrx_word' id='word_1_504' title='bbox 1047 4073 1288 4143; x_wconf 77' lang='lat' dir='ltr'><strong>Audiam</strong></span> <span class='ocrx_word' id='word_1_505' title='bbox 1313 4069 1430 4125; x_wconf 65' lang='lat' dir='ltr'><strong>haec</strong></span> <span class='ocrx_word' id='word_1_506' title='bbox 1464 4064 1714 4119; x_wconf 89' lang='lat' dir='ltr'><strong>doctores</strong></span> <span class='ocrx_word' id='word_1_507' title='bbox 1746 4052 1832 4110; x_wconf 73' lang='lat' dir='ltr'><strong>vel</strong></span> <span class='ocrx_word' id='word_1_508' title='bbox 1868 4047 2105 4122; x_wconf 80' lang='lat' dir='ltr'><strong>episcOpi</strong></span> 
     </span>
    </p>
   </div>
   <div class='ocr_carea' id='block_1_71' title="bbox 521 4153 2107 4239">
    <p class='ocr_par' dir='ltr' id='par_1_71' title="bbox 521 4153 2107 4239">
     <span class='ocr_line' id='line_1_71' title="bbox 521 4153 2107 4239; baseline -0.026 -3"><span class='ocrx_word' id='word_1_509' title='bbox 521 4176 889 4235; x_wconf 76' lang='lat' dir='ltr'><strong>Eeclesiarum</strong></span> <span class='ocrx_word' id='word_1_510' title='bbox 910 4212 924 4236; x_wconf 92' lang='lat'><strong>,</strong></span> <span class='ocrx_word' id='word_1_511' title='bbox 951 4169 1041 4239; x_wconf 89' lang='lat' dir='ltr'><strong>qui</strong></span> <span class='ocrx_word' id='word_1_512' title='bbox 1072 4170 1292 4237; x_wconf 85' lang='lat' dir='ltr'><strong>peccata</strong></span> <span class='ocrx_word' id='word_1_513' title='bbox 1329 4155 1644 4229; x_wconf 84' lang='lat' dir='ltr'><strong>populorum</strong></span> <span class='ocrx_word' id='word_1_514' title='bbox 1687 4153 1934 4204; x_wconf 88' lang='lat' dir='ltr'><strong>resecant</strong></span> <span class='ocrx_word' id='word_1_515' title='bbox 1971 4155 2107 4212; x_wconf 59' lang='lat' dir='ltr'><strong>prae-</strong></span> 
     </span>
    </p>
   </div>
   <div class='ocr_carea' id='block_1_72' title="bbox 524 4234 1985 4332">
    <p class='ocr_par' dir='ltr' id='par_1_72' title="bbox 524 4234 1985 4332">
     <span class='ocr_line' id='line_1_72' title="bbox 524 4234 1985 4332; baseline -0.027 -9"><span class='ocrx_word' id='word_1_516' title='bbox 524 4234 776 4329; x_wconf 85' lang='lat' dir='ltr'><strong>dicando,</strong></span> <span class='ocrx_word' id='word_1_517' title='bbox 804 4260 896 4332; x_wconf 89' lang='lat' dir='ltr'><strong>qui</strong></span> <span class='ocrx_word' id='word_1_518' title='bbox 912 4234 1390 4329; x_wconf 32' lang='lat' dir='ltr'><strong>quod-praedicant</strong></span> <span class='ocrx_word' id='word_1_519' title='bbox 1419 4256 1586 4316; x_wconf 87' lang='lat' dir='ltr'><strong>opere</strong></span> <span class='ocrx_word' id='word_1_520' title='bbox 1609 4255 1713 4296; x_wconf 91' lang='lat' dir='ltr'><strong>non</strong></span> <span class='ocrx_word' id='word_1_521' title='bbox 1743 4234 1985 4306; x_wconf 89' lang='lat' dir='ltr'><strong>implent.</strong></span> 
     </span>
    </p>
   </div>
   <div class='ocr_carea' id='block_1_73' title="bbox 528 4340 1496 4415">
    <p class='ocr_par' dir='ltr' id='par_1_73' title="bbox 528 4340 1496 4415">
     <span class='ocr_line' id='line_1_73' title="bbox 528 4340 1496 4415; baseline -0.023 -2"><span class='ocrx_word' id='word_1_522' title='bbox 528 4361 596 4415; x_wconf 79' lang='grc'><strong>18</strong></span> <span class='ocrx_word' id='word_1_523' title='bbox 676 4355 754 4409; x_wconf 85' lang='lat' dir='ltr'><strong>Tu</strong></span> <span class='ocrx_word' id='word_1_524' title='bbox 784 4366 903 4408; x_wconf 78' lang='lat' dir='ltr'><strong>vero</strong></span> <span class='ocrx_word' id='word_1_525' title='bbox 935 4349 1094 4404; x_wconf 82' lang='lat' dir='ltr'><strong>odisti</strong></span> <span class='ocrx_word' id='word_1_526' title='bbox 1124 4340 1496 4413; x_wconf 84' lang='lat' dir='ltr'><strong>disciplinam:</strong></span> 
     </span>
    </p>
   </div>
   <div class='ocr_carea' id='block_1_74' title="bbox 534 4435 2095 4517">
    <p class='ocr_par' dir='ltr' id='par_1_74' title="bbox 534 4435 2095 4517">
     <span class='ocr_line' id='line_1_74' title="bbox 534 4435 2095 4517; baseline -0.027 -11"><span class='ocrx_word' id='word_1_527' title='bbox 534 4514 537 4515; x_wconf 21' lang='grc' dir='ltr'><em>ν</em></span> <span class='ocrx_word' id='word_1_528' title='bbox 669 4448 740 4502; x_wconf 78' lang='lat' dir='ltr'><strong>Et</strong></span> <span class='ocrx_word' id='word_1_529' title='bbox 765 4441 1027 4517; x_wconf 83' lang='lat' dir='ltr'><strong>projecisti</strong></span> <span class='ocrx_word' id='word_1_530' title='bbox 1059 4449 1325 4494; x_wconf 85' lang='lat' dir='ltr'><strong>sermones</strong></span> <span class='ocrx_word' id='word_1_531' title='bbox 1351 4444 1492 4503; x_wconf 79' lang='lat' dir='ltr'><strong>meos</strong></span> <span class='ocrx_word' id='word_1_532' title='bbox 1521 4435 1824 4480; x_wconf 83' lang='lat' dir='ltr'><strong>retrorsum.</strong></span> <span class='ocrx_word' id='word_1_533' title='bbox 2088 4469 2095 4475; x_wconf 51' lang='grc'><em>,</em></span> 
     </span>
    </p>
   </div>
   <div class='ocr_carea' id='block_1_75' title="bbox 598 4505 2110 4606">
    <p class='ocr_par' dir='ltr' id='par_1_75' title="bbox 598 4505 2110 4606">
     <span class='ocr_line' id='line_1_75' title="bbox 598 4505 2110 4606; baseline -0.027 -6"><span class='ocrx_word' id='word_1_534' title='bbox 598 4545 640 4599; x_wconf 85' lang='lat' dir='ltr'><strong>C</strong></span> <span class='ocrx_word' id='word_1_535' title='bbox 677 4505 803 4599; x_wconf 84' lang='lat' dir='ltr'><strong>Odit</strong></span> <span class='ocrx_word' id='word_1_536' title='bbox 851 4505 1235 4606; x_wconf 76' lang='lat' dir='ltr'><strong>disciplinam,</strong></span> <span class='ocrx_word' id='word_1_537' title='bbox 1258 4525 1384 4598; x_wconf 89' lang='lat' dir='ltr'><strong>quia</strong></span> <span class='ocrx_word' id='word_1_538' title='bbox 1423 4519 1491 4577; x_wconf 90' lang='lat' dir='ltr'><strong>ad</strong></span> <span class='ocrx_word' id='word_1_539' title='bbox 1535 4513 1903 4575; x_wconf 87' lang='lat' dir='ltr'><strong>correctiones</strong></span> <span class='ocrx_word' id='word_1_540' title='bbox 1932 4505 2110 4606; x_wconf 74' lang='lat' dir='ltr'><strong>justas</strong></span> 
     </span>
    </p>
   </div>
   <div class='ocr_carea' id='block_1_76' title="bbox 480 4597 2108 4705">
    <p class='ocr_par' dir='ltr' id='par_1_76' title="bbox 480 4597 2108 4705">
     <span class='ocr_line' id='line_1_76' title="bbox 480 4597 2108 4705; baseline -0.027 -12"><span class='ocrx_word' id='word_1_541' title='bbox 480 4632 483 4635; x_wconf 57' lang='grc'><strong><em>⁷</em></strong></span> <span class='ocrx_word' id='word_1_542' title='bbox 528 4635 710 4705; x_wconf 84' lang='lat' dir='ltr'><strong>iniqua</strong></span> <span class='ocrx_word' id='word_1_543' title='bbox 760 4597 1179 4703; x_wconf 72' lang='lat' dir='ltr'><strong>praesumptione</strong></span> <span class='ocrx_word' id='word_1_544' title='bbox 1230 4597 1635 4674; x_wconf 82' lang='lat' dir='ltr'><strong>remurmurat,</strong></span> <span class='ocrx_word' id='word_1_545' title='bbox 1690 4614 1746 4660; x_wconf 91' lang='lat' dir='ltr'><strong>et</strong></span> <span class='ocrx_word' id='word_1_546' title='bbox 1796 4615 1906 4705; x_wconf 75' lang='lat' dir='ltr'><strong>non</strong></span> <span class='ocrx_word' id='word_1_547' title='bbox 1957 4597 2108 4701; x_wconf 74' lang='lat' dir='ltr'><strong>vult,</strong></span> 
     </span>
    </p>
   </div>
   <div class='ocr_carea' id='block_1_77' title="bbox 528 4690 2109 4783">
    <p class='ocr_par' dir='ltr' id='par_1_77' title="bbox 528 4690 2109 4783">
     <span class='ocr_line' id='line_1_77' title="bbox 528 4690 2109 4783; baseline -0.027 -1"><span class='ocrx_word' id='word_1_548' title='bbox 528 4690 696 4783; x_wconf 73' lang='lat' dir='ltr'><strong>Dcdm</strong></span> <span class='ocrx_word' id='word_1_549' title='bbox 736 4690 789 4780; x_wconf 75' lang='lat' dir='ltr'><strong>in</strong></span> <span class='ocrx_word' id='word_1_550' title='bbox 829 4736 890 4776; x_wconf 90' lang='lat' dir='ltr'><strong>se</strong></span> <span class='ocrx_word' id='word_1_551' title='bbox 927 4690 1203 4773; x_wconf 84' lang='lat' dir='ltr'><strong>vindicare</strong></span> <span class='ocrx_word' id='word_1_552' title='bbox 1249 4704 1393 4780; x_wconf 87' lang='lat' dir='ltr'><strong>quod</strong></span> <span class='ocrx_word' id='word_1_553' title='bbox 1436 4706 1646 4774; x_wconf 86' lang='lat' dir='ltr'><strong>peccat.</strong></span> <span class='ocrx_word' id='word_1_554' title='bbox 1686 4692 1911 4764; x_wconf 80' lang='lat' dir='ltr'><strong>Projicit</strong></span> <span class='ocrx_word' id='word_1_555' title='bbox 1945 4690 2109 4763; x_wconf 80' lang='lat' dir='ltr'><strong>etiam</strong></span> 
     </span>
    </p>
   </div>
   <div class='ocr_carea' id='block_1_78' title="bbox 465 4786 2097 4908">
    <p class='ocr_par' dir='ltr' id='par_1_78' title="bbox 465 4786 2097 4908">
     <span class='ocr_line' id='line_1_78' title="bbox 465 4786 2097 4908; baseline -0.028 -28"><span class='ocrx_word' id='word_1_556' title='bbox 465 4833 498 4908; x_wconf 42' lang='grc' dir='ltr'><strong>ξι</strong></span> <span class='ocrx_word' id='word_1_557' title='bbox 532 4828 656 4890; x_wconf 88' lang='lat' dir='ltr'><strong>post</strong></span> <span class='ocrx_word' id='word_1_558' title='bbox 679 4833 738 4874; x_wconf 91' lang='lat' dir='ltr'><strong>se</strong></span> <span class='ocrx_word' id='word_1_559' title='bbox 762 4824 1068 4872; x_wconf 88' lang='lat' dir='ltr'><strong>sermonem</strong></span> <span class='ocrx_word' id='word_1_560' title='bbox 1109 4805 1240 4868; x_wconf 87' lang='lat' dir='ltr'><strong>Dei,</strong></span> <span class='ocrx_word' id='word_1_561' title='bbox 1269 4799 1362 4869; x_wconf 85' lang='lat' dir='ltr'><strong>qui</strong></span> <span class='ocrx_word' id='word_1_562' title='bbox 1396 4793 1546 4865; x_wconf 86' lang='lat' dir='ltr'><strong>sequi</strong></span> <span class='ocrx_word' id='word_1_563' title='bbox 1583 4789 1762 4847; x_wconf 70' lang='lat' dir='ltr'><strong>divina</strong></span> <span class='ocrx_word' id='word_1_564' title='bbox 1797 4786 1950 4871; x_wconf 73' lang='lat' dir='ltr'><strong>iussa</strong></span> <span class='ocrx_word' id='word_1_565' title='bbox 1986 4795 2097 4838; x_wconf 89' lang='lat' dir='ltr'><strong>cou-</strong></span> 
     </span>
    </p>
   </div>
   <div class='ocr_carea' id='block_1_79' title="bbox 532 4911 1585 4968">
    <p class='ocr_par' dir='ltr' id='par_1_79' title="bbox 532 4911 1585 4968">
     <span class='ocr_line' id='line_1_79' title="bbox 532 4911 1585 4968; baseline -0.027 1"><span class='ocrx_word' id='word_1_566' title='bbox 532 4911 747 4968; x_wconf 90' lang='lat' dir='ltr'><strong>temnit.</strong></span> <span class='ocrx_word' id='word_1_567' title='bbox 821 4928 839 4942; x_wconf 71' lang='grc' dir='ltr'><em>ι</em></span> <span class='ocrx_word' id='word_1_568' title='bbox 1581 4936 1585 4941; x_wconf 83' lang='lat'><strong>.</strong></span> 
     </span>
    </p>
   </div>
   <div class='ocr_carea' id='block_1_80' title="bbox 533 4983 1977 5062">
    <p class='ocr_par' dir='ltr' id='par_1_80' title="bbox 533 4983 1977 5062">
     <span class='ocr_line' id='line_1_80' title="bbox 533 4983 1977 5062; baseline -0.024 -4"><span class='ocrx_word' id='word_1_569' title='bbox 533 5004 603 5059; x_wconf 70' lang='lat' dir='ltr'><strong>i9</strong></span> <span class='ocrx_word' id='word_1_570' title='bbox 678 4999 736 5054; x_wconf 87' lang='lat' dir='ltr'><strong>Si</strong></span> <span class='ocrx_word' id='word_1_571' title='bbox 761 4995 969 5053; x_wconf 79' lang='lat' dir='ltr'><strong>videbas</strong></span> <span class='ocrx_word' id='word_1_572' title='bbox 1000 4991 1169 5062; x_wconf 82' lang='lat' dir='ltr'><strong>furem</strong></span> <span class='ocrx_word' id='word_1_573' title='bbox 1197 4983 1440 5041; x_wconf 84' lang='lat' dir='ltr'><strong>currebas</strong></span> <span class='ocrx_word' id='word_1_574' title='bbox 1472 4994 1588 5034; x_wconf 78' lang='lat' dir='ltr'><strong>cum</strong></span> <span class='ocrx_word' id='word_1_575' title='bbox 1618 4988 1718 5031; x_wconf 87' lang='lat' dir='ltr'><strong>eo:</strong></span> <span class='ocrx_word' id='word_1_576' title='bbox 1896 5032 1919 5041; x_wconf 27' lang='grc' dir='ltr'><strong>η,</strong></span> <span class='ocrx_word' id='word_1_577' title='bbox 1972 5032 1977 5037; x_wconf 23' lang='lat'><strong><em>1</em></strong></span> 
     </span>
    </p>
   </div>
   <div class='ocr_carea' id='block_1_81' title="bbox 675 5063 1961 5148">
    <p class='ocr_par' dir='ltr' id='par_1_81' title="bbox 675 5063 1961 5148">
     <span class='ocr_line' id='line_1_81' title="bbox 675 5063 1961 5148; baseline -0.027 -3"><span class='ocrx_word' id='word_1_578' title='bbox 675 5089 744 5144; x_wconf 87' lang='lat' dir='ltr'><strong>Et</strong></span> <span class='ocrx_word' id='word_1_579' title='bbox 774 5104 890 5143; x_wconf 88' lang='lat' dir='ltr'><strong>cum</strong></span> <span class='ocrx_word' id='word_1_580' title='bbox 919 5079 1174 5143; x_wconf 79' lang='lat' dir='ltr'><strong>adulteris</strong></span> <span class='ocrx_word' id='word_1_581' title='bbox 1201 5075 1491 5148; x_wconf 81' lang='lat' dir='ltr'><strong>portionem</strong></span> <span class='ocrx_word' id='word_1_582' title='bbox 1519 5079 1662 5125; x_wconf 83' lang='lat' dir='ltr'><strong>tuam</strong></span> <span class='ocrx_word' id='word_1_583' title='bbox 1689 5063 1961 5139; x_wconf 81' lang='lat' dir='ltr'><strong>ponebas..</strong></span> 
     </span>
    </p>
   </div>
   <div class='ocr_carea' id='block_1_82' title="bbox 1815 3124 3783 3242">
    <p class='ocr_par' dir='ltr' id='par_1_82' title="bbox 1815 3124 3783 3242">
     <span class='ocr_line' id='line_1_82' title="bbox 1815 3124 3783 3242; baseline -0.003 -21"><span class='ocrx_word' id='word_1_584' title='bbox 1815 3140 2092 3199; x_wconf 62' lang='lat' dir='ltr'><strong>Gallicam</strong></span> <span class='ocrx_word' id='word_1_585' title='bbox 2121 3124 2166 3188; x_wconf 71' lang='grc' dir='ltr'>ο</span> <span class='ocrx_word' id='word_1_586' title='bbox 2190 3124 3088 3242; x_wconf 53' lang='lat' dir='ltr'><strong>t...i&quot;..;”‘,;;;..:.1&#39;amas;</strong></span> <span class='ocrx_word' id='word_1_587' title='bbox 3118 3124 3388 3221; x_wconf 81' lang='lat' dir='ltr'><strong>beneﬁcio</strong></span> <span class='ocrx_word' id='word_1_588' title='bbox 3442 3124 3783 3235; x_wconf 59' lang='lat' dir='ltr'><strong>praeterisse.</strong></span> 
     </span>
    </p>
   </div>
   <div class='ocr_carea' id='block_1_83' title="bbox 2198 3256 3789 3327">
    <p class='ocr_par' dir='ltr' id='par_1_83' title="bbox 2198 3256 3789 3327">
     <span class='ocr_line' id='line_1_83' title="bbox 2198 3256 3789 3327; baseline -0.008 -5"><span class='ocrx_word' id='word_1_589' title='bbox 2198 3262 2454 3322; x_wconf 82' lang='lat' dir='ltr'><strong>Formido</strong></span> <span class='ocrx_word' id='word_1_590' title='bbox 2477 3258 2889 3327; x_wconf 68' lang='lat' dir='ltr'><strong>inaestimabilis,</strong></span> <span class='ocrx_word' id='word_1_591' title='bbox 2917 3258 3004 3315; x_wconf 88' lang='lat' dir='ltr'><strong>illa</strong></span> <span class='ocrx_word' id='word_1_592' title='bbox 3029 3257 3274 3315; x_wconf 87' lang='lat' dir='ltr'><strong>homines</strong></span> <span class='ocrx_word' id='word_1_593' title='bbox 3297 3257 3504 3324; x_wconf 79' lang='lat' dir='ltr'><strong>videre,</strong></span> <span class='ocrx_word' id='word_1_594' title='bbox 3537 3270 3643 3327; x_wconf 83' lang='lat' dir='ltr'><strong>per</strong></span> <span class='ocrx_word' id='word_1_595' title='bbox 3665 3256 3789 3327; x_wconf 64' lang='lat' dir='ltr'><strong>qua‘;</strong></span> 
     </span>
    </p>
   </div>
   <div class='ocr_carea' id='block_1_84' title="bbox 2199 3349 3429 3422">
    <p class='ocr_par' dir='ltr' id='par_1_84' title="bbox 2199 3349 3429 3422">
     <span class='ocr_line' id='line_1_84' title="bbox 2199 3349 3429 3422; baseline -0.009 -8"><span class='ocrx_word' id='word_1_596' title='bbox 2199 3371 2258 3414; x_wconf 87' lang='lat' dir='ltr'><strong>se</strong></span> <span class='ocrx_word' id='word_1_597' title='bbox 2287 3363 2489 3412; x_wconf 86' lang='lat' dir='ltr'><strong>norunt</strong></span> <span class='ocrx_word' id='word_1_598' title='bbox 2516 3353 2583 3410; x_wconf 87' lang='lat' dir='ltr'><strong>ad</strong></span> <span class='ocrx_word' id='word_1_599' title='bbox 2606 3360 2816 3410; x_wconf 57' lang='lat' dir='ltr'><strong>aeterna</strong></span> <span class='ocrx_word' id='word_1_600' title='bbox 2844 3349 3101 3422; x_wconf 88' lang='lat' dir='ltr'><strong>supplicia</strong></span> <span class='ocrx_word' id='word_1_601' title='bbox 3130 3349 3429 3421; x_wconf 72' lang='lat' dir='ltr'><strong>pervenire.</strong></span> 
     </span>
    </p>
   </div>
   <div class='ocr_carea' id='block_1_85' title="bbox 2200 3459 3499 3538">
    <p class='ocr_par' dir='ltr' id='par_1_85' title="bbox 2200 3459 3499 3538">
     <span class='ocr_line' id='line_1_85' title="bbox 2200 3459 3499 3538; baseline -0.009 -14"><span class='ocrx_word' id='word_1_602' title='bbox 2200 3468 2272 3524; x_wconf 73' lang='lat'><strong>25</strong></span> <span class='ocrx_word' id='word_1_603' title='bbox 2344 3462 2624 3538; x_wconf 81' lang='lat' dir='ltr'><strong>Intelligite</strong></span> <span class='ocrx_word' id='word_1_604' title='bbox 2646 3464 2756 3520; x_wconf 67' lang='lat' dir='ltr'><strong>hau:</strong></span> <span class='ocrx_word' id='word_1_605' title='bbox 2785 3462 2875 3536; x_wconf 82' lang='lat' dir='ltr'><strong>qui</strong></span> <span class='ocrx_word' id='word_1_606' title='bbox 2899 3461 3260 3517; x_wconf 73' lang='lat' dir='ltr'><strong>obliviscimini</strong></span> <span class='ocrx_word' id='word_1_607' title='bbox 3289 3459 3455 3514; x_wconf 85' lang='lat' dir='ltr'><strong>Deum</strong></span> <span class='ocrx_word' id='word_1_608' title='bbox 3479 3473 3499 3511; x_wconf 89' lang='lat'><em>:</em></span> 
     </span>
    </p>
   </div>
   <div class='ocr_carea' id='block_1_86' title="bbox 2346 3551 3471 3631">
    <p class='ocr_par' dir='ltr' id='par_1_86' title="bbox 2346 3551 3471 3631">
     <span class='ocr_line' id='line_1_86' title="bbox 2346 3551 3471 3631; baseline -0.01 -16"><span class='ocrx_word' id='word_1_609' title='bbox 2346 3558 2638 3631; x_wconf 84' lang='lat' dir='ltr'><strong>Neqnando</strong></span> <span class='ocrx_word' id='word_1_610' title='bbox 2664 3556 2833 3627; x_wconf 84' lang='lat' dir='ltr'><strong>rapiat</strong></span> <span class='ocrx_word' id='word_1_611' title='bbox 2860 3564 2907 3609; x_wconf 92' lang='lat' dir='ltr'><strong>et</strong></span> <span class='ocrx_word' id='word_1_612' title='bbox 2937 3569 3039 3609; x_wconf 84' lang='lat' dir='ltr'><strong>non</strong></span> <span class='ocrx_word' id='word_1_613' title='bbox 3061 3552 3125 3608; x_wconf 88' lang='lat' dir='ltr'><strong>sit</strong></span> <span class='ocrx_word' id='word_1_614' title='bbox 3151 3553 3242 3622; x_wconf 84' lang='lat' dir='ltr'><strong>qui</strong></span> <span class='ocrx_word' id='word_1_615' title='bbox 3262 3551 3471 3622; x_wconf 84' lang='lat' dir='ltr'><strong>eripiat.</strong></span> 
     </span>
    </p>
   </div>
   <div class='ocr_carea' id='block_1_87' title="bbox 2273 3640 3790 3718">
    <p class='ocr_par' dir='ltr' id='par_1_87' title="bbox 2273 3640 3790 3718">
     <span class='ocr_line' id='line_1_87' title="bbox 2273 3640 3790 3718; baseline -0.005 -12"><span class='ocrx_word' id='word_1_616' title='bbox 2273 3648 2315 3706; x_wconf 87' lang='lat' dir='ltr'><strong>C</strong></span> <span class='ocrx_word' id='word_1_617' title='bbox 2348 3648 2648 3718; x_wconf 82' lang='lat' dir='ltr'><strong>lntelligite,</strong></span> <span class='ocrx_word' id='word_1_618' title='bbox 2708 3647 2760 3702; x_wconf 90' lang='lat' dir='ltr'><strong>id</strong></span> <span class='ocrx_word' id='word_1_619' title='bbox 2818 3653 2924 3711; x_wconf 85' lang='lat' dir='ltr'><strong>est,</strong></span> <span class='ocrx_word' id='word_1_620' title='bbox 2979 3643 3195 3700; x_wconf 85' lang='lat' dir='ltr'><strong>obedite</strong></span> <span class='ocrx_word' id='word_1_621' title='bbox 3251 3643 3341 3713; x_wconf 89' lang='lat' dir='ltr'><strong>qui</strong></span> <span class='ocrx_word' id='word_1_622' title='bbox 3395 3640 3790 3699; x_wconf 77' lang='lat' dir='ltr'><strong>obliviscimini</strong></span> 
     </span>
    </p>
   </div>
   <div class='ocr_carea' id='block_1_88' title="bbox 2204 3732 3789 3808">
    <p class='ocr_par' dir='ltr' id='par_1_88' title="bbox 2204 3732 3789 3808">
     <span class='ocr_line' id='line_1_88' title="bbox 2204 3732 3789 3808; baseline -0.008 -11"><span class='ocrx_word' id='word_1_623' title='bbox 2204 3739 2394 3797; x_wconf 87' lang='lat' dir='ltr'><strong>Deum.</strong></span> <span class='ocrx_word' id='word_1_624' title='bbox 2430 3739 2520 3794; x_wconf 90' lang='lat' dir='ltr'><strong>Ille</strong></span> <span class='ocrx_word' id='word_1_625' title='bbox 2544 3735 2880 3794; x_wconf 78' lang='lat' dir='ltr'><strong>obliviscitur</strong></span> <span class='ocrx_word' id='word_1_626' title='bbox 2909 3734 3025 3801; x_wconf 90' lang='lat' dir='ltr'><strong>Dei,</strong></span> <span class='ocrx_word' id='word_1_627' title='bbox 3054 3732 3145 3805; x_wconf 91' lang='lat' dir='ltr'><strong>qui</strong></span> <span class='ocrx_word' id='word_1_628' title='bbox 3172 3742 3439 3806; x_wconf 61' lang='lat' dir='ltr'><strong>praecepta</strong></span> <span class='ocrx_word' id='word_1_629' title='bbox 3455 3732 3649 3808; x_wconf 77' lang='lat' dir='ltr'><strong>ipsius</strong></span> <span class='ocrx_word' id='word_1_630' title='bbox 3683 3732 3789 3789; x_wconf 82' lang='lat' dir='ltr'><strong>ini-</strong></span> 
     </span>
    </p>
   </div>
   <div class='ocr_carea' id='block_1_89' title="bbox 2207 3822 3791 3906">
    <p class='ocr_par' dir='ltr' id='par_1_89' title="bbox 2207 3822 3791 3906">
     <span class='ocr_line' id='line_1_89' title="bbox 2207 3822 3791 3906; baseline -0.005 -21"><span class='ocrx_word' id='word_1_631' title='bbox 2207 3848 2310 3906; x_wconf 85' lang='lat' dir='ltr'><strong>qua</strong></span> <span class='ocrx_word' id='word_1_632' title='bbox 2369 3829 2790 3903; x_wconf 76' lang='lat' dir='ltr'><strong>prtesumptione</strong></span> <span class='ocrx_word' id='word_1_633' title='bbox 2843 3826 3158 3883; x_wconf 87' lang='lat' dir='ltr'><strong>contemnit.</strong></span> <span class='ocrx_word' id='word_1_634' title='bbox 3230 3822 3527 3897; x_wconf 75' lang='lat' dir='ltr'><strong>Nequando</strong></span> <span class='ocrx_word' id='word_1_635' title='bbox 3589 3825 3791 3894; x_wconf 78' lang='lat' dir='ltr'><strong>rapiat.</strong></span> 
     </span>
    </p>
   </div>
   <div class='ocr_carea' id='block_1_90' title="bbox 2205 3914 3794 3988">
    <p class='ocr_par' dir='ltr' id='par_1_90' title="bbox 2205 3914 3794 3988">
     <span class='ocr_line' id='line_1_90' title="bbox 2205 3914 3794 3988; baseline -0.008 -5"><span class='ocrx_word' id='word_1_636' title='bbox 2205 3924 2417 3983; x_wconf 85' lang='lat' dir='ltr'><strong>scilicet</strong></span> <span class='ocrx_word' id='word_1_637' title='bbox 2471 3920 2736 3979; x_wconf 89' lang='lat' dir='ltr'><strong>diabolus.</strong></span> <span class='ocrx_word' id='word_1_638' title='bbox 2794 3919 3019 3988; x_wconf 68' lang='lat' dir='ltr'><strong>Quando</strong></span> <span class='ocrx_word' id='word_1_639' title='bbox 3063 3917 3208 3974; x_wconf 87' lang='lat' dir='ltr'><strong>enim</strong></span> <span class='ocrx_word' id='word_1_640' title='bbox 3258 3916 3345 3972; x_wconf 89' lang='lat' dir='ltr'><strong>ille</strong></span> <span class='ocrx_word' id='word_1_641' title='bbox 3374 3914 3517 3987; x_wconf 88' lang='lat' dir='ltr'><strong>rapit</strong></span> <span class='ocrx_word' id='word_1_642' title='bbox 3566 3931 3678 3971; x_wconf 87' lang='lat' dir='ltr'><strong>non</strong></span> <span class='ocrx_word' id='word_1_643' title='bbox 3708 3925 3794 3972; x_wconf 87' lang='lat' dir='ltr'><strong>est</strong></span> 
     </span>
    </p>
   </div>
   <div class='ocr_carea' id='block_1_91' title="bbox 2208 3994 3788 4087">
    <p class='ocr_par' dir='ltr' id='par_1_91' title="bbox 2208 3994 3788 4087">
     <span class='ocr_line' id='line_1_91' title="bbox 2208 3994 3788 4087; baseline -0.006 -16"><span class='ocrx_word' id='word_1_644' title='bbox 2208 4016 2298 4087; x_wconf 86' lang='lat' dir='ltr'><strong>qui</strong></span> <span class='ocrx_word' id='word_1_645' title='bbox 2333 4014 2526 4085; x_wconf 89' lang='lat' dir='ltr'><strong>eripiat</strong></span> <span class='ocrx_word' id='word_1_646' title='bbox 2555 4011 2621 4068; x_wconf 88' lang='lat' dir='ltr'><strong>ad</strong></span> <span class='ocrx_word' id='word_1_647' title='bbox 2649 4010 2898 4076; x_wconf 86' lang='lat' dir='ltr'><strong>salutem,</strong></span> <span class='ocrx_word' id='word_1_648' title='bbox 2926 4009 3030 4064; x_wconf 82' lang='lat' dir='ltr'><strong>nisi</strong></span> <span class='ocrx_word' id='word_1_649' title='bbox 3061 3994 3323 4064; x_wconf 86' lang='lat' dir='ltr'><strong>Dominus</strong></span> <span class='ocrx_word' id='word_1_650' title='bbox 3352 4021 3447 4078; x_wconf 87' lang='lat' dir='ltr'><strong>per</strong></span> <span class='ocrx_word' id='word_1_651' title='bbox 3477 4021 3637 4061; x_wconf 85' lang='lat' dir='ltr'><strong>suam</strong></span> <span class='ocrx_word' id='word_1_652' title='bbox 3672 4021 3788 4061; x_wconf 85' lang='lat' dir='ltr'><strong>ma-</strong></span> 
     </span>
    </p>
   </div>
   <div class='ocr_carea' id='block_1_92' title="bbox 2210 4097 3796 4179">
    <p class='ocr_par' dir='ltr' id='par_1_92' title="bbox 2210 4097 3796 4179">
     <span class='ocr_line' id='line_1_92' title="bbox 2210 4097 3796 4179; baseline -0.006 -17"><span class='ocrx_word' id='word_1_653' title='bbox 2210 4122 2368 4179; x_wconf 81' lang='lat' dir='ltr'><strong>gnam</strong></span> <span class='ocrx_word' id='word_1_654' title='bbox 2428 4103 2879 4161; x_wconf 88' lang='lat' dir='ltr'><strong>misericordiam.</strong></span> <span class='ocrx_word' id='word_1_655' title='bbox 2932 4100 2977 4156; x_wconf 83' lang='lat' dir='ltr'><strong>ﬂ</strong></span> <span class='ocrx_word' id='word_1_656' title='bbox 3010 4100 3105 4156; x_wconf 81' lang='lat' dir='ltr'><strong>Vel</strong></span> <span class='ocrx_word' id='word_1_657' title='bbox 3158 4099 3337 4166; x_wconf 90' lang='lat' dir='ltr'><strong>aliter,</strong></span> <span class='ocrx_word' id='word_1_658' title='bbox 3372 4097 3594 4170; x_wconf 88' lang='lat' dir='ltr'><strong>quando</strong></span> <span class='ocrx_word' id='word_1_659' title='bbox 3651 4098 3796 4169; x_wconf 86' lang='lat' dir='ltr'><strong>rapit</strong></span> 
     </span>
    </p>
   </div>
   <div class='ocr_carea' id='block_1_93' title="bbox 2210 4184 3795 4263">
    <p class='ocr_par' dir='ltr' id='par_1_93' title="bbox 2210 4184 3795 4263">
     <span class='ocr_line' id='line_1_93' title="bbox 2210 4184 3795 4263; baseline -0.008 -6"><span class='ocrx_word' id='word_1_660' title='bbox 2210 4201 2457 4257; x_wconf 81' lang='lat' dir='ltr'><strong>Christus</strong></span> <span class='ocrx_word' id='word_1_661' title='bbox 2512 4195 2891 4255; x_wconf 80' lang='lat' dir='ltr'><strong>obliviscentes</strong></span> <span class='ocrx_word' id='word_1_662' title='bbox 2938 4211 3019 4261; x_wconf 83' lang='lat' dir='ltr'><strong>se,</strong></span> <span class='ocrx_word' id='word_1_663' title='bbox 3077 4194 3182 4250; x_wconf 89' lang='lat' dir='ltr'><strong>hoc</strong></span> <span class='ocrx_word' id='word_1_664' title='bbox 3231 4201 3316 4249; x_wconf 87' lang='lat' dir='ltr'><strong>est</strong></span> <span class='ocrx_word' id='word_1_665' title='bbox 3369 4184 3681 4263; x_wconf 64' lang='lat' dir='ltr'><strong>praecipitat</strong></span> <span class='ocrx_word' id='word_1_666' title='bbox 3742 4192 3795 4245; x_wconf 91' lang='lat' dir='ltr'><strong>in</strong></span> 
     </span>
    </p>
   </div>
   <div class='ocr_carea' id='block_1_94' title="bbox 2210 4281 3799 4358">
    <p class='ocr_par' dir='ltr' id='par_1_94' title="bbox 2210 4281 3799 4358">
     <span class='ocr_line' id='line_1_94' title="bbox 2210 4281 3799 4358; baseline -0.007 -13"><span class='ocrx_word' id='word_1_667' title='bbox 2210 4299 2468 4355; x_wconf 86' lang='lat' dir='ltr'><strong>mortem,</strong></span> <span class='ocrx_word' id='word_1_668' title='bbox 2498 4288 2546 4344; x_wconf 89' lang='lat' dir='ltr'><strong>ei</strong></span> <span class='ocrx_word' id='word_1_669' title='bbox 2575 4302 2733 4343; x_wconf 90' lang='lat' dir='ltr'><strong>nemo</strong></span> <span class='ocrx_word' id='word_1_670' title='bbox 2763 4285 2974 4358; x_wconf 88' lang='lat' dir='ltr'><strong>eripere</strong></span> <span class='ocrx_word' id='word_1_671' title='bbox 3002 4293 3197 4355; x_wconf 89' lang='lat' dir='ltr'><strong>potest.</strong></span> <span class='ocrx_word' id='word_1_672' title='bbox 3232 4282 3458 4352; x_wconf 87' lang='lat' dir='ltr'><strong>Quando</strong></span> <span class='ocrx_word' id='word_1_673' title='bbox 3501 4281 3653 4338; x_wconf 87' lang='lat' dir='ltr'><strong>enim</strong></span> <span class='ocrx_word' id='word_1_674' title='bbox 3685 4282 3799 4352; x_wconf 42' lang='lat' dir='ltr'><strong>dia:</strong></span> 
     </span>
    </p>
   </div>
   <div class='ocr_carea' id='block_1_95' title="bbox 2212 4362 3802 4450">
    <p class='ocr_par' dir='ltr' id='par_1_95' title="bbox 2212 4362 3802 4450">
     <span class='ocr_line' id='line_1_95' title="bbox 2212 4362 3802 4450; baseline -0.006 -12"><span class='ocrx_word' id='word_1_675' title='bbox 2212 4382 2370 4438; x_wconf 84' lang='lat' dir='ltr'><strong>holus</strong></span> <span class='ocrx_word' id='word_1_676' title='bbox 2404 4380 2541 4450; x_wconf 87' lang='lat' dir='ltr'><strong>rapit</strong></span> <span class='ocrx_word' id='word_1_677' title='bbox 2568 4378 2680 4443; x_wconf 89' lang='lat' dir='ltr'><strong>hic,</strong></span> <span class='ocrx_word' id='word_1_678' title='bbox 2716 4374 2914 4448; x_wconf 85' lang='lat' dir='ltr'><strong>estqui</strong></span> <span class='ocrx_word' id='word_1_679' title='bbox 2945 4375 3137 4447; x_wconf 85' lang='lat' dir='ltr'><strong>eripiat</strong></span> <span class='ocrx_word' id='word_1_680' title='bbox 3169 4375 3235 4430; x_wconf 89' lang='lat' dir='ltr'><strong>ad</strong></span> <span class='ocrx_word' id='word_1_681' title='bbox 3262 4373 3514 4438; x_wconf 85' lang='lat' dir='ltr'><strong>salutem,</strong></span> <span class='ocrx_word' id='word_1_682' title='bbox 3544 4362 3802 4430; x_wconf 85' lang='lat' dir='ltr'><strong>Christus</strong></span> 
     </span>
    </p>
   </div>
   <div class='ocr_carea' id='block_1_96' title="bbox 2138 4463 3802 4537">
    <p class='ocr_par' dir='ltr' id='par_1_96' title="bbox 2138 4463 3802 4537">
     <span class='ocr_line' id='line_1_96' title="bbox 2138 4463 3802 4537; baseline -0.006 -8"><span class='ocrx_word' id='word_1_683' title='bbox 2138 4473 2186 4534; x_wconf 89' lang='lat' dir='ltr'><strong>D</strong></span> <span class='ocrx_word' id='word_1_684' title='bbox 2213 4472 2440 4529; x_wconf 85' lang='lat' dir='ltr'><strong>scilicet.</strong></span> <span class='ocrx_word' id='word_1_685' title='bbox 2472 4469 2606 4526; x_wconf 81' lang='lat' dir='ltr'><strong>Cum</strong></span> <span class='ocrx_word' id='word_1_686' title='bbox 2635 4482 2768 4524; x_wconf 81' lang='lat' dir='ltr'><strong>vero</strong></span> <span class='ocrx_word' id='word_1_687' title='bbox 2794 4465 3055 4522; x_wconf 90' lang='lat' dir='ltr'><strong>Dominus</strong></span> <span class='ocrx_word' id='word_1_688' title='bbox 3077 4466 3218 4537; x_wconf 90' lang='lat' dir='ltr'><strong>rapit</strong></span> <span class='ocrx_word' id='word_1_689' title='bbox 3240 4465 3308 4521; x_wconf 88' lang='lat' dir='ltr'><strong>ad</strong></span> <span class='ocrx_word' id='word_1_690' title='bbox 3338 4463 3668 4532; x_wconf 80' lang='lat' dir='ltr'><strong>vindictam,</strong></span> <span class='ocrx_word' id='word_1_691' title='bbox 3696 4478 3802 4519; x_wconf 84' lang='lat' dir='ltr'><strong>non</strong></span> 
     </span>
    </p>
   </div>
   <div class='ocr_carea' id='block_1_97' title="bbox 2216 4556 3192 4633">
    <p class='ocr_par' dir='ltr' id='par_1_97' title="bbox 2216 4556 3192 4633">
     <span class='ocr_line' id='line_1_97' title="bbox 2216 4556 3192 4633; baseline -0.01 -14"><span class='ocrx_word' id='word_1_692' title='bbox 2216 4571 2299 4619; x_wconf 75' lang='lat' dir='ltr'><strong>est</strong></span> <span class='ocrx_word' id='word_1_693' title='bbox 2328 4560 2417 4633; x_wconf 89' lang='lat' dir='ltr'><strong>qui</strong></span> <span class='ocrx_word' id='word_1_694' title='bbox 2449 4560 2679 4616; x_wconf 79' lang='lat' dir='ltr'><strong>liberare</strong></span> <span class='ocrx_word' id='word_1_695' title='bbox 2697 4557 2869 4630; x_wconf 77' lang='lat' dir='ltr'><strong>possit</strong></span> <span class='ocrx_word' id='word_1_696' title='bbox 2898 4556 3192 4612; x_wconf 83' lang='lat' dir='ltr'><strong>addictum.</strong></span> 
     </span>
    </p>
   </div>
   <div class='ocr_carea' id='block_1_98' title="bbox 2217 4648 3451 4744">
    <p class='ocr_par' dir='ltr' id='par_1_98' title="bbox 2217 4648 3451 4744">
     <span class='ocr_line' id='line_1_98' title="bbox 2217 4648 3451 4744; baseline -0.008 -11"><span class='ocrx_word' id='word_1_697' title='bbox 2217 4676 2287 4732; x_wconf 72' lang='lat' dir='ltr'><strong>2i</strong></span> <span class='ocrx_word' id='word_1_698' title='bbox 2362 4673 2700 4744; x_wconf 80' lang='lat' dir='ltr'><strong>Sacriﬁcium</strong></span> <span class='ocrx_word' id='word_1_699' title='bbox 2729 4670 2905 4725; x_wconf 86' lang='lat' dir='ltr'><strong>laudis</strong></span> <span class='ocrx_word' id='word_1_700' title='bbox 2934 4648 3305 4739; x_wconf 77' lang='lat' dir='ltr'><strong>honoriﬁcabit</strong></span> <span class='ocrx_word' id='word_1_701' title='bbox 3323 4648 3404 4723; x_wconf 84' lang='lat' dir='ltr'><strong>me</strong></span> <span class='ocrx_word' id='word_1_702' title='bbox 3431 4684 3451 4739; x_wconf 66' lang='grc' dir='ltr'><strong><em>ς</em></strong></span> 
     </span>
    </p>
   </div>
   <div class='ocr_carea' id='block_1_99' title="bbox 2364 4733 3698 4832">
    <p class='ocr_par' dir='ltr' id='par_1_99' title="bbox 2364 4733 3698 4832">
     <span class='ocr_line' id='line_1_99' title="bbox 2364 4733 3698 4832; baseline -0.006 -12"><span class='ocrx_word' id='word_1_703' title='bbox 2364 4763 2428 4820; x_wconf 88' lang='grc' dir='ltr'>Ει</span> <span class='ocrx_word' id='word_1_704' title='bbox 2463 4733 2569 4818; x_wconf 73' lang='lat' dir='ltr'><strong>illic</strong></span> <span class='ocrx_word' id='word_1_705' title='bbox 2600 4764 2698 4817; x_wconf 88' lang='lat' dir='ltr'><strong>iter</strong></span> <span class='ocrx_word' id='word_1_706' title='bbox 2721 4778 2821 4832; x_wconf 86' lang='lat' dir='ltr'><strong>quo</strong></span> <span class='ocrx_word' id='word_1_707' title='bbox 2850 4733 3132 4816; x_wconf 73' lang='lat' dir='ltr'><strong>ostendam</strong></span> <span class='ocrx_word' id='word_1_708' title='bbox 3152 4758 3231 4813; x_wconf 90' lang='lat' dir='ltr'><strong>illi</strong></span> <span class='ocrx_word' id='word_1_709' title='bbox 3253 4733 3636 4823; x_wconf 19' lang='lat' dir='ltr'><strong>salutare‘DIci;</strong></span> <span class='ocrx_word' id='word_1_710' title='bbox 3691 4814 3698 4823; x_wconf 69' lang='grc'><em>,</em></span> 
     </span>
    </p>
   </div>
   <div class='ocr_carea' id='block_1_100' title="bbox 2288 4834 3811 4924">
    <p class='ocr_par' dir='ltr' id='par_1_100' title="bbox 2288 4834 3811 4924">
     <span class='ocr_line' id='line_1_100' title="bbox 2288 4834 3811 4924; baseline -0.011 -8"><span class='ocrx_word' id='word_1_711' title='bbox 2288 4861 2334 4916; x_wconf 92' lang='lat' dir='ltr'><strong>ll</strong></span> <span class='ocrx_word' id='word_1_712' title='bbox 2389 4857 2726 4916; x_wconf 85' lang='lat' dir='ltr'><strong>Sacriﬁcium</strong></span> <span class='ocrx_word' id='word_1_713' title='bbox 2761 4853 2962 4921; x_wconf 89' lang='lat' dir='ltr'><strong>laudis,</strong></span> <span class='ocrx_word' id='word_1_714' title='bbox 2999 4850 3127 4924; x_wconf 85' lang='lat' dir='ltr'><strong>quia</strong></span> <span class='ocrx_word' id='word_1_715' title='bbox 3182 4852 3249 4908; x_wconf 87' lang='lat' dir='ltr'><strong>de</strong></span> <span class='ocrx_word' id='word_1_716' title='bbox 3295 4849 3443 4907; x_wconf 90' lang='lat' dir='ltr'><strong>omni</strong></span> <span class='ocrx_word' id='word_1_717' title='bbox 3482 4849 3628 4904; x_wconf 89' lang='lat' dir='ltr'><strong>bono</strong></span> <span class='ocrx_word' id='word_1_718' title='bbox 3654 4834 3811 4917; x_wconf 82' lang='lat' dir='ltr'><strong>qqu</strong></span> 
     </span>
    </p>
   </div>
   <div class='ocr_carea' id='block_1_101' title="bbox 2221 4942 3813 5011">
    <p class='ocr_par' dir='ltr' id='par_1_101' title="bbox 2221 4942 3813 5011">
     <span class='ocr_line' id='line_1_101' title="bbox 2221 4942 3813 5011; baseline -0.012 0"><span class='ocrx_word' id='word_1_719' title='bbox 2221 4954 2393 5011; x_wconf 82' lang='lat' dir='ltr'><strong>sancti</strong></span> <span class='ocrx_word' id='word_1_720' title='bbox 2422 4951 2628 5008; x_wconf 85' lang='lat' dir='ltr'><strong>faciunt</strong></span> <span class='ocrx_word' id='word_1_721' title='bbox 2659 4948 2803 5005; x_wconf 88' lang='lat' dir='ltr'><strong>Deus</strong></span> <span class='ocrx_word' id='word_1_722' title='bbox 2829 4946 3148 5004; x_wconf 90' lang='lat' dir='ltr'><strong>honoratur.</strong></span> <span class='ocrx_word' id='word_1_723' title='bbox 3178 4943 3286 4999; x_wconf 86' lang='lat' dir='ltr'><strong>lter</strong></span> <span class='ocrx_word' id='word_1_724' title='bbox 3315 4942 3565 4997; x_wconf 85' lang='lat' dir='ltr'><strong>Christus</strong></span> <span class='ocrx_word' id='word_1_725' title='bbox 3586 4948 3674 5009; x_wconf 78' lang='lat' dir='ltr'><strong>est</strong></span> <span class='ocrx_word' id='word_1_726' title='bbox 3712 4952 3813 5009; x_wconf 71' lang='lat' dir='ltr'><strong>per</strong></span> 
     </span>
    </p>
   </div>
   <div class='ocr_carea' id='block_1_102' title="bbox 2220 5027 3810 5129">
    <p class='ocr_par' dir='ltr' id='par_1_102' title="bbox 2220 5027 3810 5129">
     <span class='ocr_line' id='line_1_102' title="bbox 2220 5027 3810 5129; baseline -0.011 -28"><span class='ocrx_word' id='word_1_727' title='bbox 2220 5057 2381 5129; x_wconf 76' lang='lat' dir='ltr'><strong>opera</strong></span> <span class='ocrx_word' id='word_1_728' title='bbox 2437 5048 2766 5097; x_wconf 54' lang='lat' dir='ltr'><strong>sanctorum.</strong></span> <span class='ocrx_word' id='word_1_729' title='bbox 2820 5034 3090 5091; x_wconf 76' lang='lat' dir='ltr'><strong>Salutaris</strong></span> <span class='ocrx_word' id='word_1_730' title='bbox 3134 5032 3227 5089; x_wconf 86' lang='lat' dir='ltr'><strong>Dei</strong></span> <span class='ocrx_word' id='word_1_731' title='bbox 3260 5032 3440 5086; x_wconf 83' lang='lat' dir='ltr'><strong>Patris</strong></span> <span class='ocrx_word' id='word_1_732' title='bbox 3485 5038 3573 5085; x_wconf 89' lang='lat' dir='ltr'><strong>est</strong></span> <span class='ocrx_word' id='word_1_733' title='bbox 3614 5027 3810 5083; x_wconf 81' lang='lat' dir='ltr'><strong>Filius.</strong></span> 
     </span>
    </p>
   </div>
   <div class='ocr_carea' id='block_1_103' title="bbox 2658 5119 3809 5152">
    <p class='ocr_par' dir='ltr' id='par_1_103' title="bbox 2658 5119 3809 5152">
     <span class='ocr_line' id='line_1_103' title="bbox 2658 5121 3538 5152; baseline 0 0"><span class='ocrx_word' id='word_1_734' title='bbox 2658 5129 2825 5152; x_wconf 75' lang='grc' dir='ltr'><strong>.·--ε...</strong></span> <span class='ocrx_word' id='word_1_735' title='bbox 3074 5126 3088 5152; x_wconf 78' lang='grc'><strong>1</strong></span> <span class='ocrx_word' id='word_1_736' title='bbox 3190 5126 3233 5152; x_wconf 70' lang='grc' dir='ltr'><strong>Α·</strong></span> <span class='ocrx_word' id='word_1_737' title='bbox 3506 5121 3538 5152; x_wconf 67' lang='lat' dir='ltr'><strong>ll</strong></span> 
     </span>
     <span class='ocr_line' id='line_1_104' title="bbox 2837 5119 3809 5152; baseline 0 0"><span class='ocrx_word' id='word_1_738' title='bbox 2837 5143 2917 5152; x_wconf 60' lang='grc' dir='ltr'><strong>-..Α</strong></span> <span class='ocrx_word' id='word_1_739' title='bbox 2974 5142 3066 5152; x_wconf 54' lang='grc' dir='ltr'><strong>..-Α</strong></span> <span class='ocrx_word' id='word_1_740' title='bbox 3099 5142 3180 5152; x_wconf 52' lang='grc' dir='ltr'><strong>...Α</strong></span> <span class='ocrx_word' id='word_1_741' title='bbox 3226 5140 3328 5152; x_wconf 65' lang='lat' dir='ltr'><strong>IAM</strong></span> <span class='ocrx_word' id='word_1_742' title='bbox 3365 5138 3501 5152; x_wconf 64' lang='lat' dir='ltr'><strong>anna</strong></span> <span class='ocrx_word' id='word_1_743' title='bbox 3546 5128 3597 5152; x_wconf 71' lang='grc' dir='ltr'><strong>ηΙ</strong></span> <span class='ocrx_word' id='word_1_744' title='bbox 3664 5119 3809 5152; x_wconf 60' lang='grc' dir='ltr'><strong>ηιιαι.</strong></span> 
     </span>
    </p>
   </div>
  </div>
