3986 5412
163 312 255 377 205
1237 306 1602 368 EXPOSITIO
1636 301 2081 360 PSALMOllUll.
2143 311 2146 314 '

3283 292 3397 348 206

162 434 318 489 stitias
371 436 716 493 enarrantes,
761 425 867 482 iter
904 421 1036 481 illud
1083 423 1226 493 quod
1280 422 1518 477 salutare
1564 430 1714 472 tuum
1744 422 1794 480 Α
1820 416 2149 486 passionem,
2193 428 2316 467 cum
2347 411 2619 481 judicatus
2659 409 2818 476 vicit,
2852 416 2904 463 et
2935 407 3207 463 mundum
3237 407 3414 464 dam-.

161 521 376 577 ostendit
428 520 761 590 gradiantur.
830 516 934 570 Per
975 514 1262 571 Dominum
1316 522 1567 568 nostrum
1618 507 1722 564 Je~

159 631 283 680 sum,
307 620 414 669 etc.

722 698 1043 757 PSALMUS
1081 699 1145 753 L.

608 809 965 848 ARGUIENTUI
1005 807 1149 845 PSAL.
1184 806 1236 843 ιτ.

220 886 256 941 C
284 885 396 941 Vox
427 886 806 956 paenitentiam
852 883 1080 954 agent-is.

282 995 392 1053 TT.
417 997 484 1051 In
512 999 672 1067 ﬁnem
697 995 929 1066 psalmus
961 995 1146 1067 David,
1179 993 1462 1067 cuchenit
1500 991 1570 1067 ad
1600 1007 1716 1044 eum

353 1062 577 1122 Nathan
605 1062 853 1136 propheta
876 1082 993 1118 cum
1016 1065 1230 1118 intravit
1253 1065 1321 1116 ad
1349 1062 1626 1116 Bersabee.

216 1160 256 1216 11
285 1161 388 1215 Iste
433 1158 918 1230 quinquagesimus
962 1156 1200 1227 psalmus
1246 1169 1432 1210 vocem
1474 1155 1717 1208 continuet

153 1251 469 1319 paenitentis,
499 1251 810 1314 ostendens,
833 1257 892 1302 ut
915 1247 1006 1318 qui
1035 1247 1290 1302 ceciderit
1319 1246 1370 1300 in
1393 1245 1599 1301 crimen
1627 1245 1718 1299 ali—

151 1343 300 1411 quod,
340 1342 479 1396 mala
511 1358 610 1397 sua
639 1341 944 1397 conﬁtendo
972 1340 1160 1394 redeat
1191 1339 1258 1392 ad
1289 1338 1541 1393 salutem.

154 1453 173 1504 l
283 1452 535 1507 Miserere
564 1454 682 1516 mei,
713 1451 854 1506 Deus
886 1463 904 1503 :

281 1544 656 1599 Secundum-t-
682 1560 925 1613 magnam
957 1545 977 1615 ζ
1007 1541 1415 1596 miseritordiam
1445 1550 1608 1595 tuam.

207 1634 252 1690 Ε
281 1635 418 1689 Cum
457 1651 520 1690 se
550 1635 790 1690 audisset
829 1651 923 1689 rex
962 1634 1378 1705 potentissimus
1422 1648 1453 1687 a
1504 1633 1715 1688 Natban

152 1729 398 1797 propheta
423 1728 698 1798 redargui,
732 1736 1012 1798 peccatum
1042 1743 1196 1782 suum
1223 1742 1330 1781 non
1371 1726 1590 1781 erubuit
1613 1742 1715 1796 pn-

149 1818 282 1872 blice
309 1818 554 1873 conﬁteri
579 1817 666 1889 (ll
699 1817 821 1888 Reg.
846 1817 968 1888 xu),
997 1817 1221 1872 dicendo
1238 1817 1439 1887 judici:
1465 1815 1720 1871 Miserere

151 1910 267 1963 inci.
306 1910 419 1964 Vox
452 1910 552 1964 ista
589 1924 696 1964 non
730 1909 1022 1964 discutitur
1049 1909 1142 1962 sed
1194 1908 1293 1963 sub
1335 1907 1721 1977 tranquillitate

149 2015 353 2070 semper
379 2001 618 2065 auditur,
647 2000 870 2070 solaque
901 2013 988 2054 res
1025 2007 1107 2054 est
1135 2015 1233 2070 per
1249 2013 1410 2068 quam
1435 2011 1720 2067 possumus

149 2091 216 2144 rei
257 2091 396 2160 apud
437 2091 728 2146 Dominum
759 2091 876 2145 sine
925 2089 1101 2160 aliqua
1143 2087 1454 2142 difﬁcultate
1481 2087 1716 2143 defendi.

131 2181 188 2240 ,11
223 2182 327 2248 Qui
357 2183 498 2237 enim
532 2198 589 2238 se
623 2183 876 2236 miserum
900 2190 1052 2252 putat
1076 2195 1197 2235 esse
1223 2181 1288 2232 de
1312 2180 1425 2234 suis
1460 2179 1717 2250 peccatis,

148 2287 262 2324 cum
298 2271 382 2325 illo
404 2272 532 2327 facit
560 2273 703 2327 Deus
725 2271 1152 2326 misericordiam
1178 2284 1447 2339 magnam.

147 2385 181 2438 ξ
300 2402 359 2443 -:—
405 2387 470 2441 Et
504 2390 519 2458 ξ
552 2387 836 2442 secundant
891 2387 1276 2441 multitudinem
1326 2387 1716 2441 miserationum

374 2487 588 2530 tuarum
620 2494 637 2530 :

302 2568 429 2622 Dele
472 2571 801 2640 iniquitatem
829 2585 1020 2624 meam.

210 2657 256 2713 11
294 2657 606 2714 Secundum
649 2658 1043 2713 multitudinem
1091 2657 1345 2728 confugio
1386 2656 1453 2710 ad
1497 2656 1721 2712 misera-

149 2751 315 2808 tiones
371 2760 517 2817 tuas,
556 2761 614 2807 ut
663 2752 917 2822 gravibus
947 2751 1260 2806 vulneribus
1305 2750 1586 2804 tbiriacam
1637 2752 1720 2804 vel

150 2843 463 2899 medicinam
493 2853 595 2899 tute
622 2841 1284 2900 miserationisinfnudas.
1311 2841 1718 2898 Miserationum

150 2930 289 3001 dicit,
328 2935 459 3005 quia
497 2935 661 2990 multa
687 2945 815 2988 sunt
838 2942 1056 3005 peccata
1086 2949 1228 2998 mea,
1259 2942 1313 2986 et
1342 2934 1719 2988 miserationes

151 3035 241 3081 tua:
270 3024 476 3081 multae.
521 3025 564 3081 (ἒ
595 3025 687 3080 111ε
711 3025 855 3081 enim
880 3025 1031 3081 solus
1053 3025 1106 3079 in
1141 3024 1279 3079 libro
1321 3024 1443 3078 vitm
1473 3023 1717 3079 conscri-

148 3113 302 3182 bitur,
329 3116 485 3186 Cujus
513 3118 690 3173 omnia
719 3126 945 3189 peccata
977 3117 1243 3172 delentur.

147 3204 177 3259 5
300 3208 546 3279 Amplius
575 3209 691 3262 lava
712 3225 795 3262 me
822 3209 885 3262 ab
909 3209 1183 3278 iniquitate
1204 3222 1318 3260 mea
1348 3221 1368 3259 :

297 3299 369 3353 Et
396 3318 429 3353 a
453 3308 662 3368 peccato
685 3316 799 3353 meo
821 3300 1016 3353 munda
1038 3313 1138 3352 me.

149 3385 156 3390 ”
209 3391 252 3446 il
288 3394 538 3462 Amplius
589 3392 704 3446 lava
737 3409 822 3447 me
874 3408 937 3447 ac
989 3392 1034 3447 si
1067 3392 1255 3446 dicat:
1287 3392 1364 3445 'l‘u
1406 3400 1560 3462 potes
1599 3389 1721 3460 plus

146 3484 266 3537 mihi
297 3485 579 3539 remittere
606 3499 767 3553 quam
792 3499 893 3554 ego
917 3492 967 3538 te
994 3483 1288 3553 intelligam
1317 3497 1526 3552 rogare.
1554 3480 1595 3535 (Ξ
1614 3482 1722 3535 Ad-

148 3577 216 3628 dit
245 3579 438 3632 munda
472 3593 578 3641 me,
613 3586 880 3647 quatenus
911 3577 962 3630 in
993 3592 1060 3632 eo
1090 3577 1221 3631 nihil
1250 3591 1531 3649 remanere
1552 3577 1722 3645 possit

147 3669 496 3733 immundum,
527 3680 650 3739 post
677 3670 821 3723 enim
851 3668 1047 3737 aliquis
1076 3669 1152 3721 sic
1183 3668 1369 3732 lavari,
1419 3677 1478 3722 ut
1516 3683 1620 3722 non
1649 3667 1722 3721 sit

149 3762 351 3815 omnino
381 3762 730 3832 purissimus,
763 3770 908 3815 recte
958 3761 1118 3830 igitur
1149 3752 1355 3813 addidit
1386 3759 1583 3813 munda
1613 3775 1717 3813 me.

147 3846 176 3900 ι
277 3850 545 3916 Quoniam
578 3850 909 3920 iniquitatem
935 3865 1103 3902 meum
1132 3865 1225 3919 ego
1252 3865 1504 3919 cognosco
1532 3862 1549 3901 :
1598 3847 1602 3850 ’

274 3939 341 3993 Et
378 3933 652 4011 peccdium
681 3953 852 3992 meum
877 3945 1058 3990 contra
1090 3952 1171 3990 me
1201 3947 1274 3990 est
1301 3953 1521 4006 semper.

211 4029 248 4082 C
275 4029 506 4085 Peccata
537 4029 685 4083 enim
716 4026 804 4080 illa
831 4025 1057 4080 fortiora
1099 4035 1246 4090 sunt,
1273 4043 1391 4096 quae
1419 4041 1719 4094 agnoscen-

151 4127 223 4172 tes
257 4118 672 4182 committimus,
705 4131 811 4172 non
854 4124 1034 4168 autem
1075 4114 1160 4170 illa
1188 4130 1306 4184 quae
1335 4129 1431 4184 per
1460 4115 1719 4184 ignoran-

153 4213 264 4265 tiam
317 4223 719 4284 perpetramus.
765 4207 963 4262 Contra
1009 4223 1068 4262 se
1114 4207 1246 4262 dicit
1298 4218 1444 4261 stare
1498 4207 1718 4270 delicta,

152 4303 261 4370 quia
285 4301 395 4370 jam
429 4302 516 4359 hic
559 4285 915 4364 constitutus,
949 4292 1102 4367 quasi
1148 4298 1199 4352 in
1243 4295 1718 4366 v'cnitiirojiiilicio,

152 4393 455 4462 delictorum
487 4395 714 4459 suorum
753 4401 1000 4460 aspectus
1031 4392 1336 4446 teterrimos
1361 4392 1716 4460 pertimescit,

1819 516 1980 560 natus
2025 504 2285 570 absolvit,
2335 504 2430 559 sed
2477 503 2702 574 intelligi
2745 512 2892 557 recte
2945 509 3126 571 potest
3173 501 3414 571 vincere,

1820 596 1960 650 Deus
1993 610 2114 648 cum
2129 592 2406 661 iudicatur
2434 593 2503 646 ab
2531 592 2861 655 hominibus,
2887 591 3012 660 quia
3045 591 3098 646 in
3128 591 3273 648 omni
3296 591 3389 664 ju-

1818 687 1961 743 dicio
1985 686 2126 740 Deus
2146 686 2325 756 justus
2348 685 2627 756 probatur.

1819 801 1850 856 6
1953 797 2092 854 Ecce
2133 815 2193 855 -ιν
2226 799 2359 852 enim
2393 795 2412 864 ζ
2445 797 2799 867 iniquitatibus
2825 807 3098 867 conceptus
3123 816 3238 853 sum
3262 815 3284 854 ε

1962 889 2026 943 Et
2058 890 2112 943 iu
2146 891 2369 959 peccatis
2402 890 2629 956 concepit
2653 904 2732 940 me
2755 897 2921 941 mater
2946 904 3082 942 mea.

1887 977 1933 1033 ll
1978 977 2080 1032 Hic
2128 978 2429 1033 versiculus
2477 979 2640 1033 totius
2687 977 2907 1032 humani
2954 979 3163 1046 generis
3207 995 3391 1036 casum

1817 1070 2059 1138 erponit.
2093 1069 2410 1136 Concipitur
2452 1069 2596 1124 enim
2630 1069 2791 1123 homo
2821 1078 2874 1122 et
2920 1071 3163 1124 nascitur
3193 1073 3244 1126 in
3282 1075 3394 1127 ori—

1817 1159 1978 1231 ginali
2004 1169 2249 1230 peccato,
2271 1159 2412 1229 quod
2436 1175 2502 1214 cx
2527 1160 2697 1214 Adam
2727 1161 2978 1224 trahitur,
3009 1163 3101 1216 Sed
3126 1163 3393 1231 baptismo

1818 1265 1912 1322 per
1941 1253 2169 1323 gratiam
2201 1252 2294 1306 Dei
2324 1251 2663 1322 puriﬁcatur.

1819 1363 1848 1415 7
1961 1363 2097 1418 Ecce
2121 1364 2257 1417 enim
2284 1364 2546 1428 veritatem
2571 1361 2802 1417 dilexisti
2824 1378 2844 1418 :

1956 1452 2170 1507 Incerta
2225 1462 2273 1506 et
2326 1451 2528 1506 occulta
2579 1451 2851 1521 sapientia!
2902 1461 3005 1505 tua:
3046 1451 3399 1522 manifestasti

2027 1543 2175 1598 mihi.

1887 1628 1927 1688 C
1966 1631 2081 1686 Non
2123 1632 2268 1686 enim
2306 1628 2607 1688 delectatur
2633 1631 2776 1686 Deus
2816 1632 2993 1702 pcenis
3038 1632 3257 1698 nostris,
3300 1635 3396 1689 scd

1820 1722 2221 1778 confessionem
2267 1738 2452 1778 veram
2498 1723 2694 1793 quierit
2735 1724 2962 1778 erroris.
3016 1724 3184 1778 David
3233 1726 3396 1796 igitur

1821 1827 2103 1889 peccatum
2125 1832 2230 1872 non
2252 1833 2475 1888 negans,
2504 1818 2784 1872 veritatem
2807 1817 3087 1872 confessus
3109 1826 3212 1883 est,
3235 1834 3398 1888 quam

1821 1905 1964 1961 Deus
1989 1921 2148 1976 supra
2179 1905 2448 1961 sacriﬁcia
2482 1907 2679 1976 quaerit
2703 1915 2757 1961 et
2796 1907 2989 1978 diligit.
3029 1905 3240 1963 Incerta
3271 1924 3410 1979 ergo,

1820 2005 1874 2051 ct
1905 1997 2117 2052 occulta
2157 2006 2306 2063 sunt,
2340 2013 2458 2068 qua:
2499 1999 2638 2052 Deus
2683 1999 2956 2068 propheta:
2988 1998 3156 2055 David
3201 2001 3254 2055 in
3303 2000 3401 2056 lilii

1821 2089 1902 2142 sui
1941 2088 2378 2144 manifestationc
2416 2089 2698 2155 revelavi‘t,
2748 2089 2800 2144 id
2849 2100 2953 2154 est,
3006 2101 3062 2145 ut
3095 2081 3418 2160 passionem:

1820 2179 1937 2250 ejus
1969 2183 2207 2237 futuram
2252 2183 2573 2252 praediceret
2613 2190 2667 2238 et
2715 2181 3136 2237 resurrectionis
3171 2183 3398 2253 gloriam

1820 2273 2116 2337 nuntiaret,
2158 2282 2212 2329 et
2249 2272 2375 2326 inde
2415 2273 2548 2328 dicit
2591 2287 2650 2326 se
2687 2288 2795 2326 non
2827 2267 3078 2327 debuisse
3121 2289 3401 2344 peccasse,
3467 2334 3470 2337 _

1820 2347 1944 2417 cum
1997 2361 2120 2415 talia
2180 2362 2472 2416 meruisset
2533 2377 2851 2432 agnoscere.
2910 2362 3122 2417 Incerta
3183 2367 3415 2438 proprie,

1819 2461 1945 2507 sunt
1970 2467 2089 2523 qum
2116 2453 2336 2508 omnino
2362 2453 2596 2508 discerni
2619 2467 2724 2505 non
2751 2464 2998 2523 possunt,
3017 2455 3109 2507 sed
3131 2453 3411 2533 aliquibus.

1820 2543 2262 2615 ambiguitatibus
2287 2544 2633 2616 colliguntur.
2662 2543 2885 2599 Occulta
2919 2559 3047 2598 vero
3071 2554 3198 2599 sunt
3231 2564 3242 2600 :
3279 2561 3401 2616 quae

1822 2647 1922 2686 nec
1964 2632 2153 2688 oculus
2195 2634 2462 2702 conspicit
2502 2647 2604 2688 nec
2634 2649 2786 2688 meus
2824 2635 3058 2688 humana
3122 2633 3406 2703 dijudicat.

1819 2743 1854 2800 8
1964 2745 2213 2815 Asper-ges
2231 2761 2329 2810 me,
2358 2744 2600 2812 Domine,
2629 2747 2851 2817 hyssopo
2882 2757 2929 2801 et
2961 2748 3255 2803 mundabor
3277 2766 3298 2805 :

1964 2835 2184 2890 Lavabis
2207 2853 2288 2890 me
2316 2848 2365 2890 et
2395 2854 2552 2907 super
2576 2839 2747 2892 nivem
2778 2837 3084 2895 dealbabor.

1893 2925 1937 2980 ll
1971 2927 2122 2982 Sicut
2145 2929 2288 2982 enim
2320 2929 2630 3000 hyssopum,
2664 2931 2715 2986 id
2753 2941 2836 2996 est
2867 2933 3085 2988 humilis
3112 2935 3276 2991 herba
3307 2951 3406 2994 eu-

1823 3020 2008 3076 randis
2037 3020 2383 3090 pulmonibus
2423 3031 2607 3091 aptum
2646 3034 2755 3090 est,
2798 3022 2874 3078 ita
2915 3027 3122 3082 ctefesti
3167 3029 3290 3097 quis
3322 3045 3408 3084 re-

1746 3135 1791 3196 ε
1823 3107 2040 3182 spersus
2073 3112 2335 3184 hyssopo,
2369 3114 2421 3168 id
2461 3123 2541 3169 est
2584 3115 2890 3170 hmnilitate
2914 3117 3116 3180 cordis,
3159 3119 3228 3174 ab
3254 3121 3403 3176 omni

1825 3204 2091 3273 superbiae
2118 3205 2455 3274 malignitate
2478 3215 2758 3275 purgatur.
2793 3205 3026 3263 Lavabis
3055 3223 3161 3273 me,
3193 3210 3294 3265 hoc
3317 3220 3407 3265 est:

1825 3314 1920 3370 per
1961 3299 2360 3370 ptenitentiam.
2407 3299 2451 3354 C
2502 3299 2606 3355 Per
2649 3302 2943 3372 hyssopum
2995 3302 3160 3373 igitur
3200 3302 3404 3362 Christi

1823 3390 2146 3460 sanguinem
2186 3391 2456 3462 intelligit,
2504 3393 2593 3462 qui
2641 3406 2745 3446 non
2792 3392 2966 3446 solum
2997 3393 3403 3462 inquinamenta

1823 3483 2074 3554 detergit,
2099 3473 2190 3538 sed
2215 3483 2378 3539 etiam
2399 3499 2572 3554 super
2597 3484 2773 3538 nivem
2799 3484 3085 3554 puritatem
3111 3485 3405 3540 relucentis

1824 3573 2020 3627 anima:
2062 3574 2317 3639 ostendit,
2359 3573 2485 3644 quia
2526 3573 2784 3642 spiritalis
2827 3574 3006 3629 anima
3042 3575 3198 3644 longe
3239 3591 3405 3645 supra

1822 3680 2051 3737 corpora
2083 3666 2353 3721 mundana
2386 3667 2650 3737 (quorum
2683 3665 2893 3720 nullum
2929 3667 3052 3722 nive
3082 3667 3258 3724 albius
3281 3671 3407 3737 est)‘

1825 3757 2154 3828 resplendet.
2357 3763 2359 3766 ‘
2712 3752 2721 3775 ·’
2798 3753 2802 3760 ’

1823 3849 1858 3902 9
1967 3847 2184 3902 Auditui
2217 3864 2329 3902 meo
2357 3841 2506 3903 dabis
2532 3849 2785 3919 gaudium
2813 3857 2862 3904 et
2891 3847 3130 3903 (mitium
3151 3863 3177 3901 :
3273 3869 3278 3874 ·

1969 3939 2036 3994 Et
2059 3941 2391 3994 exsultabant
2421 3958 2538 3994 ossa
2567 3941 2867 3995 humiliata.
3045 3981 3048 3984 .
3132 3958 3134 3960 ν

1896 4031 1942 4088 Η
1972 4033 2189 4088 Auditui
2220 4031 2357 4096 meo,
2392 4033 2444 4088 id
2478 4042 2580 4096 est,
2604 4049 2725 4088 cum
2757 4029 2946 4099 jaccns
2993 4031 3044 4085 in
3090 4029 3406 4086 infirmitate

1822 4122 2031 4192 peccati
2081 4123 2272 4178 audire
2313 4122 2828 4186 ‘meruero':llomo,
2856 4120 3074 4173 dimissa
3120 4131 3246 4175 sunt
3303 4123 3407 4177 tibi

1824 4223 2044 4284 peccata
2071 4223 2159 4267 tua
2186 4229 2200 4266 :
2229 4213 2380 4268 dabis
2399 4215 2654 4283 gaudium
2681 4212 2884 4267 auditni
2911 4211 3030 4266 meo
3051 4219 3106 4266 et
3133 4211 3397 4265 lanitium.

1825 4306 1865 4361 (ἒ
1894 4305 2160 4361 Gaudium
2205 4305 2443 4375 pertinet
2480 4304 2546 4357 ad
2589 4302 2979 4358 absolutionem
3029 4315 3407 4371 peccatorum.~

1826 4397 2034 4451 Laetitia
2066 4413 2196 4451 vero
2226 4396 2292 4450 ad
2324 4393 2580 4466 perpetua
2626 4395 2845 4465 praemia
2878 4393 3217 4464 possidenda.
3266 4393 3400 4450 Ossa

153 4498 199 4539 el
220 4498 401 4543 contra
424 4504 483 4544 se
511 4495 662 4546 stare
693 4469 1064 4550 dieituelifm.
1089 4485 1242 4554 (Ιιιίιεῖ
1272 4485 1560 4552 quamdam
1588 4484 1720 4537 ίιηιι·
1753 4485 1800 4544 D
1826 4505 1956 4546 vero
2008 4487 2319 4561 signiﬁcant
2362 4487 2526 4542 animi
2586 4488 2926 4540 firmamenta
2949 4525 2964 4550 ,
3013 4500 3134 4554 qua:
3181 4498 3404 4538 necesse

154 4580 315 4647 ginem
328 4580 642 4653 ﬁguratam,
660 4587 716 4632 et
742 4577 846 4630 hoc
861 4592 963 4630 non
982 4576 1145 4632 semel
1163 4585 1256 4630 aut
1275 4575 1357 4630 bis
1375 4575 1466 4629 scd
1483 4591 1716 4649 semper.

153 4691 184 4743 5
283 4692 398 4746 Tibi
425 4691 526 4747 soli
549 4689 762 4761 peccaui
797 4698 844 4741 et
874 4688 1066 4742 malum
1095 4705 1272 4744 coram
1305 4698 1351 4752 te
1376 4687 1476 4756 feci
1503 4702 1522 4743 :
1581 4733 1601 4758 _

285 4781 688 4854 L’t‘justi/iceris
721 4780 775 4833 in
803 4781 1121 4834 sermonibus
1155 4782 1263 4836 tuis
1307 4791 1354 4833 et
1397 4782 1571 4836 vincas
1601 4797 1719 4834 cum

350 4877 630 4950 judicaris.

217 4967 256 5023 C
291 4967 348 5024 Si
377 4969 494 5037 quis
517 4971 666 5023 enim
694 4967 763 5018 de
791 4963 986 5033 populo
1011 4966 1304 5022 erraverit.
1329 4973 1382 5019 et
1403 4967 1512 5020 Deo
1534 4973 1722 5038 peccat

157 5068 204 5111 et
233 5061 359 5130 regi.
402 5059 532 5115 Nam
572 5054 811 5130 quando
840 5069 933 5109 rex
977 5055 1266 5129 delinquit,
1310 5056 1406 5112 soli
1449 5056 1558 5112 Deo
1598 5070 1722 5111 reus

156 5163 244 5208 est.
278 5157 373 5213 Isle
419 5157 581 5228 igitur
625 5167 726 5208 rex
769 5147 867 5202 soli
893 5148 1000 5204 Deo
1043 5165 1276 5218 peccare
1313 5166 1372 5206 se
1411 5151 1562 5217 dicit,
1594 5152 1718 5221 quia

161 5243 410 5301 hominem
454 5263 559 5302 non
616 5240 797 5297 habet
833 5237 920 5304 qui
964 5237 1080 5307 ejus
1149 5244 1296 5299 facta
1341 5239 1618 5310 dijudicet.
1655 5239 1722 5294 Et

159 5334 270 5398 quia
305 5337 438 5391 illum
473 5336 688 5404 ubique
717 5341 842 5381 esse
878 5339 1118 5396 noverat,
1141 5334 1270 5403 jure
1300 5327 1484 5386 coram
1514 5345 1580 5386 eo
1610 5345 1722 5383 ma-

1831 4581 2008 4636 luerat
2038 4580 2333 4642 humiliari,
2360 4594 2532 4648 usque
2562 4579 2688 4633 dum
2719 4576 2992 4647 paenitens
3013 4575 3279 4646 potuisset
3304 4575 3402 4628 ah-

1830 4673 1985 4729 solvi.
2020 4671 2061 4726 H
2088 4670 2246 4734 Ossa,
2278 4671 2329 4724 id
2367 4678 2471 4733 est,
2495 4670 2726 4724 virtutes
2755 4683 2877 4739 quae
2903 4665 3140 4737 peCcatis
3187 4663 3411 4718 fuerant;

1829 4764 2143 4827 humiliatte,
2172 4763 2256 4816 Vel
2283 4751 2718 4832 speiaeternitas,
2743 4767 2826 4815 est
2848 4773 2970 4812 ossa
2995 4755 3294 4809 bumiliata.
3319 4757 3322 4762 '

1830 4856 1898 4913 10
1969 4858 2152 4909 Averte
2179 4852 2367 4922 faciem
2395 4861 2542 4906 tuam
2571 4848 2608 4907 α’
2626 4845 2846 4922 peccatis
2875 4847 2998 4902 meis
3028 4857 3046 4895 .'
3138 4847 3142 4852 ’

1971 4948 2038 5002 Et
2065 4961 2238 5001 omnes
2258 4944 2557 5014 iniquitates
2579 4960 2718 4998 meas
2745 4941 2876 4996 deie.

1903 5039 1946 5094 H
1977 5041 2176 5094 Averte
2215 5035 2408 5091 faciem
2441 5045 2614 5102 tuam,
2650 5035 2700 5091 id
2731 5044 2834 5098 est,
2866 5047 2933 5087 ne
2963 5027 3149 5081 videas
3187 5029 3412 5095 peccata

1829 5150 1974 5198 mea,
2005 5149 2072 5188 ne
2103 5129 2406 5188 recorderis
2443 5128 2537 5185 illa
2563 5149 2576 5186 :
2617 5139 2672 5184 et
2704 5142 2895 5184 omnes
2923 5116 3241 5185 iniquitates
3267 5127 3421 5184 pne-

1832 5227 2024 5286 teritas
2046 5235 2102 5281 et
2129 5231 2425 5294 praesentes
2454 5233 2620 5294 atque
2649 5223 2856 5277 futuras
2885 5215 3027 5272 dele.

1831 5325 1890 5380 11
1973 5319 2076 5374 Cor
2099 5315 2352 5388 mundum
2379 5329 2503 5369 crea
2530 5317 2586 5370 in
2614 5331 2712 5375 me.
2748 5313 2923 5366 Deus:
3065 5387 3090 5412 ι
