3986 5412
522 423 623 479 907

1447 408 1501 463 S.
1545 402 1894 463 BRUNONIS
1932 399 2480 459 HERBIPOLENSIS
2520 397 2825 458 EPISCOPI

3680 388 3784 446 ξοδ

522 540 754 588 rectum.
811 525 947 579 Nam
993 522 1054 576 ut
1102 512 1198 590 per
1260 518 1432 573 Adam
1487 512 1701 574 veteres
1756 530 1977 580 sumus,
2026 513 2099 568 ita
2125 513 2383 579 Aﬁcium
2417 513 2528 570 Deo
2551 525 2905 576 namus,cutn
2922 504 3458 580 spiritumgsuperbia-
3482 503 3789 561 humilitate

522 619 723 679 Christi
757 614 969 673 Domini
1012 610 1291 670 beneﬁciis
1334 610 1679 667 innovamur.
1720 606 1763 662 11
1809 607 1906 664 Vel
1947 606 2106 678 spiri.

525 723 644 768 tam
669 716 873 765 rectmn
899 703 1041 774 quod
1085 710 1234 757 recte
1260 700 1544 766 conﬁtear,
1573 697 1659 754 vel
1687 705 1896 754 rectum
1926 697 1994 752 ad
2022 696 2104 749 vi-

522 805 753 861 dendum
771 807 825 854 et
841 795 1256 854 discernendum
1275 793 1415 851 sicut
1436 801 1596 849 antea
1615 799 1795 847 rectus
1809 788 1978 844 fuitin
1995 804 2101 844 me.

522 899 591 956 12
664 895 748 952 Ne
782 891 1033 964 proficias
1063 906 1143 944 me
1164 908 1195 943 ιι
1228 888 1363 958 {acie
1393 895 1484 942 tua
1511 902 1529 940 :

667 976 734 1032 Et
763 974 1018 1044 Spiritum
1038 979 1279 1027 sanctum
1309 977 1458 1023 tuum
1484 983 1547 1022 ne
1569 967 1781 1035 auferas
1804 983 1834 1019 a
1863 980 1963 1018 me.

556 1107 566 1134 ,-
592 1070 637 1125 Η
661 1067 738 1124 Ne
759 1063 1013 1138 projieias
1038 1077 1146 1127 me,
1170 1069 1231 1117 ut
1250 1060 1392 1116 sicut
1410 1057 1544 1125 Cain
1575 1056 1727 1113 exsul
1753 1054 1909 1126 (Gen.
1931 1054 2009 1125 tv)
2030 1052 2107 1108 ef-

522 1165 677 1220 ﬁciar
714 1177 746 1217 a
775 1158 1017 1231 potentia
1049 1166 1164 1212 tua.
1210 1154 1278 1210 Et
1304 1167 1374 1209 ne
1430 1150 1647 1208 auferas
1681 1148 1945 1220 Spiritum
1975 1162 2106 1203 san-

522 1268 668 1313 ctum
703 1264 853 1329 tuum
886 1265 917 1306 a
949 1263 1057 1315 me,
1087 1248 1182 1305 sed
1212 1246 1281 1302 ab
1314 1260 1380 1301 eo
1399 1241 1737 1312 consumptis
1758 1238 1994 1304 delictis,
2016 1245 2110 1291 tuo

522 1361 607 1400 me
657 1352 866 1401 statuas
911 1338 1245 1410 conspectui.
1281 1334 1379 1391 Vel
1409 1334 1672 1405 Spiritum
1706 1339 1976 1394 sanctum,
2004 1329 2111 1384 hoc

466 1474 471 1487 .
519 1446 602 1492 est
630 1436 881 1507 spiritum
911 1431 1233 1504 pr0phetite.

522 1528 588 1582 l5
660 1524 838 1581 Redde
859 1524 987 1579 mihi
1014 1521 1250 1577 Imtitiam
1274 1519 1523 1575 salutaris
1551 1518 1630 1571 tui
1660 1529 1679 1568 :

666 1606 733 1659 Et
756 1604 944 1676 spiritu
970 1600 1249 1673 principali
1272 1598 1526 1668 conﬁrma
1555 1615 1654 1652 me.

595 1697 640 1752 ll
674 1696 856 1753 Redde
907 1694 1037 1749 mihi
1071 1692 1313 1747 lzetitiam
1333 1731 1349 1757 ,
1378 1691 1482 1745 hoc
1504 1697 1590 1744 est
1615 1688 1763 1744 illam
1788 1685 2110 1741 exsultatio-

526 1805 650 1856 nem
674 1786 875 1844 Christi
908 1784 1004 1849 tui,
1034 1796 1195 1854 quam
1219 1782 1271 1836 in
1294 1797 1359 1837 eo
1386 1779 1550 1836 habui
1580 1779 1894 1849 priusquam
1923 1789 2112 1847 pecca-

2207 606 2568 663 confessionis
2605 614 2910 662 mactamus
2940 620 2956 657 :
2988 600 3131 657 unde
3171 614 3279 661 non
3318 596 3542 669 sanguis
3574 598 3786 669 egredi-

2207 710 2316 767 tur,
2342 700 2436 756 sed
2467 699 2831 770 laerymarum
2858 695 3069 769 ﬂuenta.
3090 693 3410 749 decurrunt.
3441 689 3553 746 Cor
3579 690 3791 751 eontri.

2205 802 2319 848 tum
2360 791 2494 847 dicit
2527 806 2542 844 :
2582 789 2859 844 laboribus
2894 784 3226 858 poenitentia:
3258 785 3613 839 vehementer
3660 778 3793 834 afﬂi-

2213 892 2383 940 ctum.
2430 881 2783 938 Humiliatum
2816 881 2929 937 Deo
2955 877 3203 943 scilicet,
3235 891 3344 932 non
3369 875 3516 929 enim
3545 880 3796 943 potuerat

2207 988 2303 1028 cor
2333 971 2628 1036 humiliari,
2652 970 2757 1026 nisi
2788 968 2980 1025 luisset
3003 965 3270 1037 frequenti
3292 962 3645 1021 tribulatione
3667 976 3795 1017 con-

2210 1065 2417 1121 tritum.
2454 1061 2612 1120 Tales
2633 1060 2937 1117 oblationes
2965 1059 3108 1114 Deus
3134 1070 3241 1112 non
3266 1054 3502 1129 spernit.

2211 1154 2280 1210 19
2349 1153 2581 1224 Benigne
2626 1152 2713 1222 [ac
2783 1148 3027 1207 Domine.
3073 1149 3129 1203 in
3188 1148 3324 1203 bona
3378 1144 3649 1202 voluntate
3708 1154 3796 1198 tua

2422 1246 2558 1302 Sion
2596 1257 2615 1298 :

2356 1340 2426 1395 Ut
2453 1337 2779 1407 aediﬁcentur
2809 1334 2949 1390 muri
2968 1331 3289 1391 Jerusalem.

2281 1432 2323 1489 C
2349 1430 2630 1502 Supplicat
2646 1429 2830 1499 itaque
2848 1426 3133 1499 propheta,
3156 1433 3218 1482 ut
3236 1422 3494 1495 quoniam
3517 1436 3796 1495 synagoga

2211 1525 2459 1597 peccavit
2484 1522 2586 1579 sub
2607 1522 2724 1593 lege
2746 1521 2943 1592 posita,
2970 1520 3267 1577 succedens
3289 1518 3421 1574 Sion
3441 1532 3539 1588 per
3564 1517 3801 1589 gratiam

2212 1616 2439 1685 Christi,
2463 1615 2565 1670 hoc
2586 1621 2670 1670 est
2698 1611 2964 1668 catholica
2999 1610 3248 1666 ﬁrmetur
3270 1607 3533 1667 Ecclesia.
3579 1606 3801 1682 Emedi-

2214 1710 2446 1765 ﬁcentur
2473 1707 2637 1772 muri,
2669 1705 2715 1761 si
2763 1702 3065 1761 secundum
3112 1700 3398 1759 historiam
3438 1698 3575 1755 velis
3608 1679 3804 1754 adver.

2215 1810 2351 1866 tere,
2376 1798 2647 1870 signiﬁcat
2670 1796 2809 1851 forte
2839 1804 3083 1866 tempora
3112 1790 3424 1857 Theodosii,
3451 1788 3675 1860 quando
3703 1787 3806 1842 Eu-

525 1899 663 1939 rem.
695 1879 899 1951 Spiritu
931 1875 1211 1950 principali
1238 1874 1392 1939 dixit,
1420 1874 1475 1929 id
1501 1881 1585 1928 est
1605 1880 1664 1927 ut
1694 1872 1808 1944 ipse
1837 1869 2051 1961 inme:
2057 1875 2113 1923 et
2142 1875 2189 1935 Β
2216 1893 2376 1950 dom,
2404 1889 2522 1961 eius
2569 1888 2807 1960 coniunx
2858 1886 3186 1942 feminarum
3231 1881 3667 1954 religiosissima,
3696 1893 3806 1933 am,

527 1987 634 2027 non
668 1970 796 2025 vitia
836 1967 1228 2038 principentnr.
1263 1964 1360 2019 Vel
1410 1963 1604 2035 spiritu
1655 1960 1940 2033 principali
1970 1974 1986 2013 :
2019 1958 2119 2012 Pa-

502 2073 693 2127 'trem,
721 2076 820 2133 per
846 2059 1108 2131 Spiritum
1157 2066 1367 2114 rectum
1399 2075 1413 2117 :
1446 2054 1666 2118 Filium,
1706 2068 1802 2125 per
1851 2050 2117 2122 Spiritum

529 2150 775 2215 sanctum
806 2173 820 2212 :
855 2156 1030 2224 ipsum
1060 2150 1322 2224 Spiritum
1346 2156 1593 2207 sanctum
1623 2149 1826 2217 accipe.

530 2251 596 2307 14
670 2248 1101 2320 Doceb'oiniquos
1131 2246 1242 2300 vias
1273 2255 1391 2299 tuas
1430 2262 1449 2304 ς

678 2329 745 2384 Et
770 2328 917 2399 impii
944 2327 1012 2380 ad
1038 2335 1087 2380 te
1125 2334 1508 2399 convertentur.

552 2422 560 2431 '
602 2420 649 2476 Η
699 2396 915 2475 Docebo
943 2415 1180 2486 iniquos,
1208 2396 1312 2470 hoc
1336 2421 1423 2469 est
1455 2413 1675 2483 puuiam
1706 2424 1792 2467 me
1832 2411 2030 2482 ipsum,
2061 2416 2119 2462 ut

529 2498 709 2570 meum
733 2507 1039 2579 exemplum
1069 2506 1374 2561 imitentur.
1401 2503 1442 2560 C
1469 2502 1737 2571 Quoniam
1764 2501 1809 2557 si
1842 2501 2120 2572 propheta:

530 2598 806 2675 parcatur,
840 2600 1078 2657 maxima
1122 2596 1247 2668 spes
1296 2595 1638 2653 remissionis
1687 2590 2122 2664 delinquentibus

531 2694 868 2754 conceditur.
892 2689 1108 2746 Docebo
1140 2686 1302 2760 igitur
1322 2687 1568 2757 exemplo
1599 2685 1938 2741 remissionis
1964 2696 2120 2746 meae,

532 2782 754 2857 sperare
803 2792 1141 2853 peccatores,
1190 2791 1238 2836 et
1281 2782 1447 2835 verbo
1498 2776 1805 2849 praedicabo
1834 2770 2122 2829 mirabilia

535 2871 900 2933 miserationis
933 2882 1056 2928 tum.

535 2971 602 3026 13
676 2968 859 3023 Libera
910 2983 988 3019 me
1042 2967 1107 3019 de
1155 2964 1528 3035 sanguinibus,
1578 2959 1715 3015 Deus
1754 2959 1891 3014 Deus
1936 2956 2124 3013 salutis

752 3053 879 3091 mea!
915 3053 932 3090 ἶ

550 3166 561 3173 .
684 3134 745 3175 -ε-
781 3113 841 3169 Et
875 3118 894 3188 ζ
925 3116 1203 3172 exsultabit
1225 3115 1405 3186 lingua
1436 3131 1549 3168 mea
1565 3112 1830 3185 justitiam
1853 3122 2016 3165 tuam.
2120 3162 2123 3165 .

555 3270 559 3277 ,
607 3215 649 3267 (ἱ
680 3211 923 3267 Liberari
952 3225 1011 3265 se
1032 3207 1305 3279 Propheta
1332 3206 1464 3279 petit
1489 3205 1558 3261 de
1583 3203 1957 3274 sanguinibus,
1980 3200 2124 3274 quod

533 3314 731 3365 contra
756 3297 1008 3356 Latinam
1048 3298 1285 3371 regulam
1302 3298 1546 3368 positum
1574 3306 1678 3360 est,
1705 3293 1799 3350 sed
1826 3292 2124 3349 laudandus

534 3398 767 3459 omnino
821 3394 1116 3452 translator
1176 3402 1286 3455 est,
1337 3389 1430 3461 qui
1493 3388 1658 3459 elegit
1729 3383 1931 3455 aliquid
1997 3397 2113 3438 con-

541 3502 625 3547 tra
648 3500 819 3548 artem
840 3485 1179 3546 saecularium
1205 3496 1409 3554 ponere
1434 3493 1599 3551 quam
1623 3494 1655 3532 a
1685 3476 1917 3533 veritate
1949 3474 2126 3545 posita

532 3585 875 3656 discrepare.
932 3579 1070 3636 Nam
1118 3576 1163 3634 si
1210 3575 1415 3633 diceret
1467 3587 1497 3628 a
1551 3569 1849 3640 sanguine,
1899 3566 2128 3623 forsitan

542 3692 714 3734 unum
733 3681 1015 3747 peccatum
1047 3668 1327 3726 videretur
1347 3662 1633 3723 ostendere
1650 3702 1667 3729 ,
1687 3660 1782 3718 sed
1804 3674 1925 3716 cum
1949 3657 2130 3729 plura-

541 3772 651 3827 lem
683 3781 965 3824 numerum
1014 3761 1192 3834 ponit,
1236 3756 1404 3814 multa
1448 3769 1570 3812 esse
1595 3752 1716 3811 sine
1745 3750 1909 3809 dubio
1931 3747 2130 3805 delicta

544 3859 854 3916 conﬁtetur.
899 3853 1044 3910 Deus
1086 3848 1309 3915 salutis,
1340 3845 1612 3919 signiﬁcat
1659 3841 1948 3904 Dominum
1976 3837 2133 3895 Chri-

546 3962 712 4017 stum,
739 3961 838 4020 per
865 3955 1027 4016 quem
1057 3941 1208 3997 salus
1232 3938 1320 4011 pie
1360 3931 1716 3992 credentibus
1735 3928 2136 4020 datur.iExsulo

547 4042 703 4106 tavit,
734 4019 789 4095 id
813 4044 920 4104 est,
962 4034 1008 4090 si
1033 4047 1121 4089 me
1157 4026 1474 4087 liberaveris
1515 4025 1582 4083 de
1625 4021 1885 4095 peccatis,
1920 4019 2132 4075 laudem

548 4144 697 4191 tuam
719 4132 903 4204 lingua
930 4143 1051 4185 mea
1077 4125 1227 4198 iuste
1251 4122 1760 4193 loquetur,propter
1780 4113 1885 4169 hoc
1908 4109 2132 4204 quodin

546 4201 826 4296 praeterito
841 4220 1050 4294 psalmo
1070 4218 1277 4275 dictum
1301 4219 1425 4271 est:
1460 4205 1739 4267 Peccatori
1768 4213 1949 4260 autem
1976 4201 2134 4269 dixit,

550 4293 715 4380 Deus,
747 4293 854 4370 etc.
878 4312 1170 4369 Absolutus
1194 4307 1343 4368 enim
1368 4311 1519 4360 recte
1546 4298 1694 4370 loqui
1722 4296 1897 4369 potuit
1927 4293 2081 4359 illud,
2104 4308 2137 4351 a

550 4424 659 4478 quo
686 4416 1027 4478 peccatorem
1056 4400 1239 4459 divina
1262 4399 1351 4455 lex
1378 4393 1679 4466 suspendit.

558 4503 623 4555 l6
694 4498 938 4561 Domine,
961 4493 1105 4549 labia
1132 4508 1251 4547 mea
1272 4490 1474 4560 aperies
1510 4502 1533 4542 ε

694 4581 764 4638 Et
792 4596 850 4634 os
875 4592 1045 4633 meum
1067 4570 1402 4628 annuntialn‘t
1431 4564 1640 4624 tandem
1684 4578 1850 4623 tuam.

568 4712 571 4715 -
622 4674 667 4731 Η
695 4668 910 4744 Aperiri
957 4666 1065 4723 sibi
1104 4662 1242 4736 petit
1284 4661 1455 4727 labia,
1482 4674 1602 4732 quas
1628 4658 1810 4713 clausa
1855 4661 2009 4707 crant
2039 4665 2138 4720 per

553 4775 860 4837 peccatum.
888 4759 1025 4829 Quia
1066 4773 1173 4815 non
1201 4762 1288 4812 est
1327 4752 1556 4825 pulchra
1576 4748 1696 4805 laus
1720 4762 1785 4802 ex
1821 4758 1917 4801 ore
1948 4756 2137 4813 pecca-

554 4858 688 4918 toris
728 4854 928 4929 (Eccle.
972 4853 1088 4925 xv).
1119 4847 1162 4906 C
1204 4846 1283 4905 0s
1319 4855 1500 4902 autem
1529 4842 1729 4900 dicitur
1756 4837 1939 4896 cordis
1978 4851 2138 4895 arca.

554 4969 709 5010 num.
730 4948 873 5005 unde
899 4945 1167 5005 veraciter
1195 4941 1317 4997 laus
1336 4938 1518 4995 divina
1551 4942 1821 4995 cantatur.

2217 1983 2378 2056 pliori
2411 1996 2690 2038 murorum
2714 1976 2918 2035 circulo
2937 1973 3237 2033 Jerusalem
3262 1972 3567 2029 coronavit.

2218 2077 2288 2133 20
2363 2074 2509 2131 Tunc
2530 2070 2821 2143 acceptabis
2841 2067 3164 2137 sacriﬁcium
3187 2066 3434 2138 justitiaz.

2361 2165 2664 2222 Oblationes
2711 2172 2760 2218 et
2800 2160 3150 2216 holocausta:
3180 2166 3304 2215 tunc
3345 2157 3615 2226 imponent
3654 2168 3808 2208 suuer

2429 2256 2599 2311 altare
2626 2264 2776 2328 tuum
2798 2249 3010 2307 vitulos.

2288 2351 2330 2408 C
2351 2350 2509 2413 Tunc,
2529 2345 2858 2417 aceeptabis,
2878 2359 2913 2399 ο
2934 2342 3117 2407 Pater,
3137 2335 3482 2398 sacrificium,
3507 2335 3682 2400 idest,
3699 2332 3808 2404 glo-

2222 2445 2574 2503 riosissimam
2600 2439 2908 2512 passionem
2927 2435 3051 2491 Filii
3069 2433 3169 2501 tui,
3189 2431 3280 2503 qui
3297 2428 3628 2486 sacriﬁcium
3642 2441 3811 2495 sepro

2221 2538 2476 2595 omnibus
2490 2533 2708 2597 obtulit,
2724 2538 2875 2587 etest
2895 2527 3014 2598 ejus
3028 2526 3207 2597 passio
3225 2521 3554 2581 sacriﬁcium
3570 2519 3812 2574 veracis.

2223 2632 2420 2687 simum
2456 2626 2697 2698 iustitiae.
2733 2621 3049 2679 Oblati'ones
3085 2626 3141 2673 et
3165 2616 3507 2677 holocausta,
3534 2610 3813 2683 pertinent

2224 2722 2289 2778 ad
2312 2718 2669 2783 Christianos,
2698 2712 2789 2787 qui
2812 2720 2966 2768 erant
2990 2717 3112 2782 post
3145 2708 3432 2763 adventum
3456 2701 3675 2759 Domini
3697 2712 3815 2755 cre-

2225 2812 2411 2879 dituri,
2435 2809 2750 2883 signiﬁcans
2776 2801 3105 2861 immolanda
3127 2799 3291 2856 corda
3318 2796 3601 2852 hominum
3631 2792 3816 2846 viven-

2227 2907 2382 2972 tium,
2429 2880 2535 2960 uo'n
2584 2899 2851 2973 pecudum
2903 2893 3146 2951 membra
3198 2896 3558 2946 mortuorum.
3605 2880 3817 2939 Vitulos

2226 2998 2425 3069 quippe
2454 2972 2654 3066 posuit,
2674 2998 2767 3048 aut
2800 3004 2900 3060 pro
2945 2983 3345 3046 innocentibus,
3376 2987 3469 3034 aut
3497 2990 3595 3048 pro
3622 2972 3819 3046 praedi-

2228 3092 2523 3159 catoribus,
2544 3102 2776 3161 quorum
2806 3083 3097 3156 imaginem
3122 3078 3177 3133 in
3200 3073 3351 3131 vituli
3382 3072 3552 3143 ﬁgura
3578 3079 3819 3137 evange-

2229 3185 2349 3240 lista
2393 3156 2577 3237 Lucas
2617 3176 2880 3247 suscepit.
2920 3162 3014 3229 Vel
3071 3168 3192 3225 illos
3222 3165 3314 3237 qui
3351 3164 3562 3219 animas
3604 3172 3737 3214 suas
3767 3156 3819 3211 iu

2228 3274 2453 3330 hostiam
2476 3268 2760 3339 suavitatis
2780 3266 2951 3323 sacris
2972 3260 3234 3317 altaribus
3256 3252 3590 3313 obtulerunt.

2723 3393 2924 3438 ORATIO
2960 3391 3027 3432 El
3073 3388 3224 3430 PSA!»
3264 3388 3318 3427 ι..

2298 3471 2921 3539 Proﬂuae'miserationis
2949 3463 3221 3524 iueﬁ‘abile
3267 3472 3467 3516 nomen
3505 3450 3819 3513 Trinitatis,

2232 3579 2395 3639 Deus,
2425 3572 2517 3645 qui
2547 3566 2773 3626 humani
2803 3560 3041 3635 pectoris
3066 3565 3285 3613 antrum
3315 3546 3622 3607 emundans
3649 3542 3819 3645 vitiis,

2231 3680 2398 3738 super
2421 3630 2719 3719 candorem
2747 3653 2915 3712 ellicis
2946 3650 3088 3707 nivis
3106 3688 3122 3716 ,
3154 3646 3369 3706 innova,
3399 3647 3739 3738 quaesumus:
3768 3630 3819 3683 in

2233 3721 2540 3813 visceribus
2578 3747 2783 3815 nostris
2810 3741 3072 3815 Spiritum
3110 3742 3357 3793 sanctum
3383 3769 3399 3797 ,
3448 3742 3558 3798 quo
3604 3721 3822 3815 laudem

2236 3812 2381 3905 tuam
2429 3812 2757 3898 annuntiare
2784 3812 3057 3908 possimus
3102 3847 3116 3884 :
3148 3835 3210 3883 ut
3248 3832 3399 3880 recto
3429 3812 3824 3908 principalique

2234 3937 2426 4011 spiritu
2457 3899 3116 3994 conﬁrmat-mereamur
3152 3916 3371 3976 aeternis
3395 3910 3618 3970 sedibus
3648 3908 3702 3963 iu
3735 3899 3826 3960 Je-

2236 4009 2471 4086 rusalem
2509 4022 2718 4083 omlesti
2755 4016 3034 4090 componi.
3063 4013 3169 4070 Per
3195 4009 3462 4080 ejusdem.

2802 4146 3122 4209 PSALMUS
3170 4144 3255 4200 LI.

2701 4254 3068 4301 ABGUIENTUI
3101 4252 3250 4295 PSAL.
3281 4250 3357 4289 ιι.

2308 4369 2351 4425 C
2382 4368 2422 4423 Β
2453 4367 2569 4426 Vox
2600 4362 2877 4435 propheta
2916 4359 2984 4415 de
3014 4354 3154 4412 Juda
3185 4351 3271 4407 vel
3295 4344 3655 4405 Antichristo.

2241 4459 3427 4610 ΤἏυῶᾍὲἓθωενξξίιῖῗιᾝῖαὲῗἛρβἫ
3460 4465 3619 4610 ⁵’ἒῖἷςξέἔι
3654 4449 3829 4576 ξῖἦθέ

2162 4616 2214 4677 Ῐ)
2312 4601 2613 4680 EZEE'Fc'n'n
2650 4601 2814 4672 David
2846 4614 2902 4668 in
2939 4612 3155 4666 domum
3192 4601 3507 4659 Abimeleclt.

2314 4734 2356 4791 C
2415 4733 2587 4790 Totus
2640 4730 2728 4785 hic
2779 4724 2971 4780 titulus
3016 4720 3085 4776 ad
3132 4718 3423 4774 adventum
3470 4706 3690 4768 Domini
3746 4724 3830 4764 se-

2246 4826 2481 4884 cundum
2505 4864 2521 4887 ,
2571 4836 2669 4893 per
2723 4828 2934 4888 tempus
2970 4806 3294 4871 Antichristi
3334 4804 3459 4876 jure
3513 4796 3837 4858 referendus

2245 4926 2364 4981 est,
2419 4892 2675 4986 quoniam
2727 4907 2911 4966 omnia
2959 4905 3028 4960 ad
3077 4894 3281 4957 Christi
3333 4892 3835 4952 manili-stationem

3440 5005 3458 5010 -
3492 5000 3597 5010 ..Δ-Α
3635 4986 3814 5010 ΔΞ---Α
