3986 5412
190 315 292 374 eos
713 287 798 354 λεί
830 320 858 331 κ

191 398 278 507 ll!
296 433 425 490 Cor.
448 451 527 499 ιη,
565 446 708 488 nunc
728 432 992 502 Pmpbeta
1022 433 1342 487 sceleratum
1375 431 1550 484 virum
1590 429 1768 484 redar-
1797 428 1841 488 Α
1871 427 1900 477 7

193 526 328 598 gnit,
362 524 432 580 de
471 523 586 579 sola
617 538 676 579 se
701 523 1037 594 malignitate
1059 521 1382 592 iactantem,
1405 535 1503 576 cur
1531 518 1661 575 velit
1697 519 1766 574 de

193 615 351 672 inalis
378 613 628 686 gloriari,
666 615 811 669 unde
842 613 1032 669 debuit
1075 615 1352 670 confundi.

189 723 224 779 2
328 723 465 779 Tota
495 725 579 780 die
607 725 913 796 injustitiam
944 726 1184 797 cogitavit
1207 729 1384 799 lingua
1416 739 1503 782 tua
1535 740 1553 780 :

325 814 482 870 Sicut
526 814 780 870 novacula
817 827 970 870 acuta
1002 813 1170 885 fecisti
1205 818 1404 871 dolum.

255 925 294 981 C
333 925 474 981 Tota
510 925 618 992 die,
671 935 838 982 totum
889 935 1098 996 tempus
1133 927 1258 982 vitae
1297 927 1588 999 signillcat,
1636 928 1763 998 quia

188 1017 301 1074 sine
329 1017 514 1088 aliqua
548 1017 950 1073 intermissione
997 1032 1210 1087 semper
1248 1018 1420 1072 malus
1467 1018 1667 1073 malum
1710 1025 1766 1074 et

187 1117 445 1177 operatur
488 1116 545 1162 et
574 1108 798 1179 cogitat.
833 1107 1156 1180 lnjustitiam
1195 1104 1470 1182 cogitavit,
1495 1109 1584 1164 liic
1618 1109 1762 1165 enim

188 1199 423 1267 linguam
468 1197 604 1253 dicit
644 1198 929 1270 cogitasse,
959 1200 1084 1270 quia
1113 1200 1470 1271 pessimorum
1501 1209 1584 1256 est
1636 1216 1766 1256 con-

187 1289 435 1356 suetudo,
481 1297 544 1344 ut
582 1298 710 1345 ante
752 1288 1044 1360 loquantur
1089 1291 1271 1364 lingua
1317 1306 1478 1362 quam
1527 1293 1766 1364 cogitent

187 1379 347 1435 corde
375 1421 390 1444 ,
457 1379 512 1435 id
567 1388 653 1436 est
706 1379 1010 1437 inconsulta
1068 1383 1332 1454 proferre.
1383 1381 1530 1440 Bene
1582 1394 1763 1440 autem

188 1473 523 1542 comparavit
565 1472 692 1528 mali
739 1474 975 1530 hominis
1013 1474 1193 1530 dolum
1241 1485 1413 1533 acuta:
1443 1477 1760 1546 novaculae,

189 1567 309 1633 quia
338 1567 484 1621 sicut
517 1566 605 1620 illa
656 1567 792 1638 pilos
828 1567 990 1633 radit,
1029 1579 1084 1624 et
1119 1570 1390 1625 hominem
1422 1586 1528 1625 non
1575 1571 1760 1627 laedit:

191 1644 256 1710 ita
287 1670 388 1710 nec
417 1654 593 1720 dolus,
633 1657 830 1712 animae
873 1654 1006 1726 justi
1041 1673 1238 1716 nocere
1277 1661 1502 1728 valebit,
1547 1662 1764 1732 quando

191 1745 235 1800 ei
288 1745 485 1801 nititur
531 1746 749 1803 auferre
793 1749 1086 1806 mundana.
1135 1751 1375 1809 Terrena
1422 1753 1568 1810 enim
1620 1756 1762 1810 bona
1791 1778 1839 1838 Β

190 1836 307 1908 pilis
349 1848 757 1907 comparantur,
785 1840 911 1911 quia
941 1839 1033 1910 pili
1078 1841 1476 1912 superﬂuitates
1516 1844 1764 1915 quzedam

192 1935 310 1981 sunt
333 1927 581 1999 corporis
614 1946 626 1982 :
661 1938 717 1984 et
749 1932 1065 2000 temporalia
1090 1932 1230 1987 bona
1267 1934 1480 1988 animae.

193 2061 225 2113 5
326 2061 569 2116 Dilea’isti
607 2064 865 2119 malitiam
893 2083 1051 2136 super
1083 2067 1448 2139 benignitatem
1473 2084 1491 2121 :

322 2153 667 2224 Iniquitatem
705 2158 871 2227 magis
907 2175 1064 2229 quant
1104 2159 1247 2229 loqui
1279 2162 1594 2231 (equitatem.
1630 2162 1760 2220 Dia-

323 2245 532 2314 psalmo

255 2355 294 2410 C
320 2354 415 2410 llle
443 2355 589 2411 enim
619 2357 814 2431 diligit,
851 2362 942 2431 qui
981 2363 1326 2433 cognoscitur
1356 2364 1577 2437 diligere
1626 2383 1768 2422 sem-

191 2458 280 2513 per
302 2460 548 2515 peccare.
591 2447 766 2519 Super
793 2450 1197 2522 benignitatem,
1229 2455 1282 2510 id
1311 2463 1415 2522 est,
1439 2458 1484 2512 si
1525 2459 1762 2514 animum

195 2533 434 2592 malevoli
479 2537 786 2608 benignitas
827 2544 1020 2614 tangit,
1057 2561 1180 2600 mox
1220 2553 1340 2600 eam
1372 2556 1434 2602 ut
1464 2547 1653 2604 vitium
1676 2550 1767 2604 de-

193 2625 437 2681 testabile
464 2630 699 2700 projicit,
728 2641 785 2686 et
816 2634 986 2705 magis
1015 2635 1189 2706 diligit
1219 2637 1366 2708 loqui
1400 2638 1763 2708 iniquitatem,

189 2729 344 2781 quam
377 2717 540 2772 verba
576 2721 848 2790 aequitatis
875 2723 1137 2794 proferre.

190 2824 220 2878 4
324 2827 574 2885 Dilexisti
607 2833 782 2888 omnia
810 2837 958 2890 verba
989 2838 1418 2908 prteripitationis
1440 2854 1460 2890 .·

321 2920 530 2994 Lingua
560 2925 762 2983 dolosa.

255 3036 296 3091 C
323 3036 400 3092 De
429 3039 766 3098 Antichristo
806 3059 934 3100 vero
980 3046 1196 3112 dicitur,
1242 3049 1332 3120 qui
1365 3049 1603 3104 confusis
1650 3066 1766 3104 mo-

192 3127 340 3183 ribus
392 3130 567 3202 diligit
618 3133 992 3206 iniquitatem,
1038 3141 1213 3197 currit
1257 3143 1325 3197 ad
1369 3143 1550 3197 omnia
1606 3143 1767 3198 verba

191 3221 669 3292 pra-cipitationis,
705 3227 863 3298 jubet
912 3231 1055 3300 quod
1106 3233 1311 3288 nullum
1349 3232 1539 3302 juvat,
1586 3244 1643 3290 et
1691 3244 1772 3290 to-

194 3320 300 3366 tum
330 3329 458 3368 cum
490 3313 615 3371 dolo
641 3315 904 3387 loquitur,
933 3339 965 3376 a
1001 3338 1103 3393 quo
1148 3322 1278 3378 nulli
1324 3323 1606 3394 profutura
1638 3339 1768 3380 cen-

191 3411 394 3459 sentnr.

191 3513 223 3568 5
329 3515 618 3589 Propterea
671 3521 809 3577 Deus
841 3524 1073 3579 destruet
1110 3535 1158 3580 te
1187 3527 1240 3580 in
1267 3526 1425 3596 ﬁnem
1453 3541 1472 3579 :
1501 3526 1679 3581 evellet
1724 3538 1771 3580 te

400 3618 449 3662 et
482 3612 757 3682 emigrabit
805 3623 854 3668 te
897 3615 962 3669 de
1001 3616 1342 3672 tabernaculo
1383 3628 1508 3673 tuo:
1560 3634 1572 3649 ·

332 3719 400 3773 Et
419 3723 646 3777 radicem
670 3733 816 3810 tuam
846 3726 911 3780 de
940 3737 1080 3782 terra
1108 3729 1408 3784 viventium.
1433 3729 1766 3802 Diapsalms.

255 3827 301 3883 ﬂ
335 3828 530 3886 Omnia
551 3833 669 3888 haec
698 3834 751 3888 in
783 3833 1007 3893 Judaico
1027 3839 1224 3910 populo
1251 3839 1470 3912 impleta
1501 3850 1648 3909 sunt,
1679 3844 1772 3913 qui

188 3933 217 3973 a
263 3919 399 4003 legis
436 3921 616 3979 littera
669 3927 994 3996 destructus,
1025 3938 1081 3986 et
1129 3932 1348 3989 evulsus
1398 3934 1467 3990 de
1516 3934 1774 4003 civitate,

188 3999 484 4080 emigratus
511 4024 596 4071 est
623 4016 690 4071 de
723 4018 1070 4078 tabernaculo
1100 4022 1196 4080 Dei
1227 4024 1561 4095 temporibus
1586 4023 1690 4080 Titi
1719 3999 1774 4081 et

189 4095 529 4169 Vespasiani.
584 4102 627 4159 C
670 4101 732 4159 In
783 4104 947 4164 linem
997 4117 1180 4165 autem
1237 4111 1330 4182 qui
1391 4111 1706 4168 destruetur
1756 4132 1769 4167 :

190 4191 408 4246 aeternis
438 4193 722 4264 suppliciis
754 4196 1064 4267 deputatur.
1089 4199 1155 4256 Et
1182 4201 1420 4258 radicem
1442 4210 1612 4267 tuam,
1645 4204 1772 4275 quia

189 4282 326 4338 sicut
359 4284 534 4340 sancti
566 4293 906 4354 sanctorum,
948 4288 1023 4344 ita
1059 4289 1364 4347 imitatores
1408 4293 1773 4363 peccantium,

191 4376 399 4434 radices
420 4393 612 4434 eorum
641 4379 1005 4450 appellantur.
1038 4380 1272 4440 Radices
1300 4392 1456 4440 erant
1493 4384 1771 4442 Antichri-

1300 312 1662 373 EXPOSITIO
1700 305 2142 366 PSALMORUM.

3337 303 3453 356 2W

2012 424 2113 480 Sed
2134 425 2356 495 sperauit
2383 425 2436 477 in
2459 422 2798 492 multitudine
2819 421 3124 476 divitiarum
3149 429 3400 471 suarum:

2015 515 2081 570 Et
2110 515 2380 586 praevaluit
2403 516 2458 568 in
2485 515 2716 570 vanitate
2754 529 2872 570 sua.

1935 607 1977 662 C
2008 607 2228 662 Divitias
2258 622 2384 662 vero
2415 606 2504 662 hic
2533 605 2814 662 universas
2839 619 3063 676 pompas
3079 601 3262 658 πουιὶ
3289 601 3449 656 debe-

1866 713 1987 752 mus
2021 697 2288 767 accipere.
2327 695 2429 764 Qui
2454 697 2505 750 in
2545 696 2667 751 illas
2688 710 2841 766 spent
2882 711 3033 752 suam
3077 694 3230 766 ponit
3255 700 3312 748 et
3341 708 3450 746 non

1868 789 1921 844 in
1947 789 2144 846 Deum:
2195 789 2545 858 semetipsum
2602 785 2810 843 fefellit.
2851 787 2970 856 Ipse
2999 787 3142 841 enim
3190 782 3452 854 praevalet

1865 878 1922 933 in
1948 879 2182 934 vanitate
2196 893 2315 944 sua,
2336 878 2458 947 quia
2487 875 2591 931 sibi
2616 874 2895 947 profutura
2933 874 3236 931 nullatenus
3263 870 3452 942 acqui-

1865 970 1958 1026 rit.
1991 969 2202 1025 Vanum
2237 971 2380 1025 enim
2409 969 2607 1024 dicitur
2632 967 2775 1037 quod
2799 975 2882 1021 est
2919 967 3098 1030 inane,
3131 962 3324 1036 fragile
3367 962 3450 1017 vel

1864 1062 2150 1125 caducum,
2195 1069 2247 1115 et
2275 1059 2345 1114 ab
2367 1059 2480 1128 ipsa
2513 1056 2823 1112 ﬁrmissima
2856 1055 3088 1110 veritate
3119 1053 3451 1109 discretum.

1864 1149 1898 1205 8
2007 1147 2119 1220 Ego
2137 1159 2385 1206 +autem
2419 1202 2435 1218 ,
2467 1148 2598 1202 sicut
2626 1145 2761 1201 oliuo
2789 1144 3060 1215 fructifera
3086 1144 3136 1199 in
3150 1145 3302 1198 domo
3329 1143 3456 1198 Dei:

2006 1244 2217 1315 Speraui
2251 1245 2303 1298 in
2340 1241 2699 1296 misericordia
2745 1239 2840 1294 Dei
2886 1240 2942 1292 in
3000 1246 3250 1292 retentum
3299 1245 3347 1294 ct
3401 1235 3457 1288 in

2145 1335 2390 1392 saeculum
2418 1349 2478 1390 ατη
2505 1332 2683 1390 siccati
2715 1331 2734 1404 ζ
3047 1376 3049 1378 .

1941 1430 1982 1485 ll
2009 1428 2303 1500 Comparat
2335 1441 2392 1483 se
2419 1427 2681 1497 prepheta
2703 1423 2860 1480 olivze
2888 1419 3210 1477 fructiferae:
3234 1424 3458 1489 propter

1865 1523 2244 1596 pinguedinem
2269 1521 2567 1593 sapientiae.
2586 1520 2807 1591 Speravi
2832 1519 2884 1572 in
2908 1514 3299 1574 misericordia,
3327 1511 3457 1582 quia

1865 1634 1971 1672 non
2001 1626 2084 1672 est
2116 1615 2365 1671 bumanze
2391 1611 2702 1684 fragilitatis
2730 1610 2982 1676 facultas,
3014 1616 3072 1664 ut
3101 1623 3198 1678 per
3227 1621 3284 1661 se
3332 1604 3458 1674 quis

1865 1706 2048 1761 salvus
2072 1705 2186 1770 flat,
2213 1705 2307 1760 sed
2343 1718 2439 1773 per
2463 1702 2889 1761 misericordiam
2922 1699 3157 1756 Domini.

1868 1798 1902 1854 9
2009 1798 2308 1867 Conﬁtebor
2328 1797 2421 1850 tibi
2445 1797 2499 1850 in
2528 1794 2777 1850 swculum
2803 1795 2893 1865 qui
2924 1793 3126 1863 fecisti:

2010 1887 2077 1941 Et
2135 1887 2444 1958 exspectabo
2506 1901 2695 1940 nomen
2760 1897 2908 1939 tuum
2961 1884 3212 1955 quoniam
3261 1881 3459 1937 bonum

2081 1989 2154 2034 est
2192 1979 2246 2032 in
2269 1987 2546 2048 conspectu
2573 1986 2875 2032 sanctorum
2904 1986 3137 2030 tuorum.

1938 2073 1980 2129 (1
2008 2071 2104 2127 llic
2119 2073 2261 2127 enim
2287 2073 2469 2127 datum
2492 2079 2574 2126 est
2600 2068 3044 2133 contiterinobis,
3071 2067 3158 2123 ubi
3183 2079 3456 2121 meremur

1874 2166 2100 2222 absolvi.
2133 2164 2267 2232 Quia
2301 2164 2508 2219 fecisti:
2554 2163 2624 2218 ibi
2655 2161 3058 2233 intelligendum
3106 2170 3208 2223 est,
3242 2157 3460 2220 miseri-

1870 2256 2129 2313 cordiam.
2157 2254 2421 2322 Quoniam
2447 2254 2668 2308 bonum.
2698 2252 2848 2320 Quod
2867 2250 2989 2320 jure
3012 2251 3208 2305 dicitur
3233 2248 3454 2310 bonum,

1870 2346 1959 2402 ubi
1986 2355 2042 2401 et
2068 2359 2191 2414 spes
2218 2343 2427 2403 salutis,
2461 2351 2514 2397 et
2547 2343 2710 2397 totius
2744 2341 2868 2395 vita:
2923 2340 3098 2410 palma
3145 2336 3469 2407 suscipitur:

1870 2437 2128 2493 Additum
2183 2444 2267 2490 cst
2316 2447 2531 2504 quoque
2580 2442 2705 2486 ante
2746 2441 3092 2500 conspectum
3142 2435 3464 2482 sanctorum

1872 2537 2105 2589 tuorum,
2140 2526 2189 2580 id
2219 2534 2323 2589 est,
2355 2521 2702 2594 quandojam
2726 2522 2980 2592 gaudium
3016 2513 3456 2591 generalejustov

1875 2615 2192 2690 rumpest‘.‘H
2224 2615 2315 2670 Vel
2341 2614 2468 2683 quia
2501 2612 2698 2678 fecisti,
2725 2611 2931 2668 scilicet
2976 2609 3116 2680 quod
3142 2623 3261 2664 sum
3309 2605 3451 2660 oliva

1871 2705 2168 2770 fructifera,
2201 2704 2342 2774 quod
2371 2705 2581 2774 speravi
2606 2704 2657 2758 in
2690 2701 3184 2758 misericordia.Dei
3219 2700 3270 2753 in
3295 2708 3460 2753 teter-

1872 2810 2021 2861 mun,
2053 2803 2109 2848 et
2134 2794 2254 2850 ideo
2283 2793 2604 2863 exspectabo
2630 2807 2824 2847 nomen
2862 2800 3031 2855 tuum,
3063 2798 3167 2843 ctc.

2390 2918 2589 2958 ORATIO
2615 2919 2683 2956 EX
2712 2917 2858 2956 PSAL.
2887 2918 2957 2955 LI.

1948 3018 2136 3075 Totius
2149 3019 2431 3074 mundana:
2457 3016 2716 3072 vanitatis
2735 3016 3062 3078 destructor,
3081 3012 3457 3080 Omnipotens,

1797 3133 1843 3196 ρ
1876 3111 1963 3168 fac
1990 3112 2158 3168 nosiu
2190 3111 2348 3167 domo
2375 3118 2464 3163 tua
2493 3109 2635 3164 sicut
2657 3109 2854 3164 olivam
2879 3105 3210 3161 fructiferam
3242 3104 3454 3164 llorerc,

1877 3213 1934 3260 ut
1965 3204 2018 3258 in
2052 3213 2198 3259 tuam
2238 3201 2670 3259 misericordiam
2716 3209 3018 3272 sperantes,
3059 3199 3127 3253 ab
3160 3195 3478 3266 iniquitatis.

1875 3293 2164 3352 maledicto
2190 3291 2477 3348 salvemur.
2501 3291 2607 3348 Per
2632 3292 2915 3359 Dominum
2947 3299 3208 3353 nostrum,
3242 3297 3348 3342 etc.

2432 3403 2754 3460 PSALMUS
2793 3402 2896 3458 ιιι.

2334 3535 2696 3576 Αιῑσωιεκτωι
2723 3534 2868 3574 ΡεΑι.
2896 3535 2990 3574 ιιι.

1947 3636 1988 3691 C
2017 3635 2260 3691 Ecclesia
2293 3634 2538 3704 increpat
2570 3648 2664 3688 eos
2692 3632 2784 3702 qui
2813 3633 2976 3686 corde
3018 3629 3100 3686 vel
3141 3643 3300 3698 opere
3337 3641 3456 3680 cor-

1878 3733 2224 3796 rumpuntur,
2251 3733 2306 3780 et
2330 3724 2516 3780 ﬁdeles
2546 3709 2725 3778 monet
2765 3733 2822 3778 ut
2850 3721 3229 3793 mquanimitcr
3275 3718 3478 3774 saeculi.

1878 3819 2151 3877 molestias
2181 3818 2462 3875 sull'erant.

1947 3931 2056 3988 TT.
2089 3933 2157 3988 Ita
2185 3932 2342 4004 ﬁnem
2370 3949 2463 4005 pro
2496 3931 2764 3985 Amalech.
2797 3929 3097 3984 Intellectus
3139 3928 3236 3996 ipsi
3261 3923 3478 3978 David..

1946 4045 1988 4099 (ι
2015 4043 2072 4098 ln
2097 4042 2257 4098 linem
2276 4043 2406 4115 quid
2433 4041 2700 4114 signiﬁcat
2714 4039 2828 4109 jam
2851 4049 3035 4094 notum
3073 4046 3173 4093 est.
3201 4036 3460 4090 Amalech

1877 4142 2057 4189 autem
2087 4147 2220 4202 gens
2245 4133 2366 4200 fuit,
2399 4149 2518 4205 qua:
2547 4141 2738 4187 contra
2770 4131 2861 4184 Dei
2900 4129 3150 4199 populum
3177 4128 3455 4198 pugnavit.

1878 4225 2006 4295 Ejus
2031 4223 2266 4280 nominis
2295 4223 2672 4294 interpretatio
2700 4221 2820 4276 talis
2843 4229 2954 4276 est:
2992 4235 3088 4291 pro
3126 4218 3461 4289 partui-lente

1876 4321 1993 4375 sive
2020 4317 2256 4384 dolente,
2286 4326 2342 4375 et
2374 4315 2646 4388 significat
2687 4313 3003 4378 Ecclesiam,
3037 4328 3157 4383 qua:
3207 4320 3461 4379 tanquam

1877 4412 2064 4468 dolens
2091 4418 2252 4482 atque
2278 4410 2611 4481 parturiens,
2641 4406 2894 4478 populum
2944 4406 3199 4461 admonet
3229 4401 3464 4474 perﬁdo--

187 4467 682 4570 ﬁ’fonsemaneff
707 4480 787 4570 et.
806 4470 929 4527 ideo
976 4471 1212 4570 "idicem
1254 4474 1424 4546 ίρδίυδ
1455 4490 1602 4570 Aelim
1654 4477 1773 4570 ips?
1801 4495 1852 4556 D
1882 4518 2019 4568 rum,
2044 4509 2103 4558 ut
2129 4467 2304 4557 {suis
2333 4467 3080 4570 iniquitatibusconquiescat

191 4555 318 4613 dicit
367 4573 492 4615 esse
536 4559 878 4617 evellendam
907 4575 924 4616 :
955 4562 1082 4633 quia
1114 4578 1240 4618 cum
1294 4564 1500 4620 sanctis
1535 4565 1770 4635 Domini,
1804 4555 1824 4556 ί

195 4663 290 4704 nec
333 4651 714 4719 antichristus,
756 4666 858 4708 nec
903 4654 1170 4711 ministris
1199 4653 1318 4724 ejus
1348 4656 1623 4713 habebunt
1670 4658 1771 4712 ali-

193 4754 349 4807 quam
373 4742 680 4811 portionem
710 4743 766 4799 in
797 4758 964 4815 regno
993 4745 1235 4802 beatum.

194 4857 226 4907 ti
335 4853 590 4914 Videbunt
608 4859 753 4930 justi
790 4867 836 4913 et
873 4860 1128 4915 timebunt
1161 4876 1181 4914 :
1209 4872 1258 4916 et
1303 4879 1460 4932 super
1484 4880 1602 4919 eum
1636 4864 1777 4919 ride-

400 4947 568 5004 bunt:

334 5055 390 5094 σε-
416 5039 481 5096 Et
513 5043 688 5098 dicent
780 5040 908 5100 Ecce
936 5045 1094 5098 homo
1127 5062 1214 5118 qui
1255 5061 1359 5099 non
1395 5049 1569 5115 posuit
1601 5047 1772 5104 Deum

396 5133 690 5203 adjutorem
739 5150 909 5192 suum.

271 5243 521 5284 νὶιὶμιιιιηο

557 5248 688 5284 inci:
746 5247 846 5284 '10:!
875 5259 955 5284 ΔΩ.
992 5250 1295 5284 ἶηίοηῖηηηο
1342 5253 1450 5284 :nm
1502 5254 1768 5284 mn'A-onm

2015 4613 2164 4670 Dixit
2188 4614 2437 4685 insipiens
2464 4614 2518 4667 in
2548 4612 2706 4667 corde
2733 4624 2861 4665 suo:

2024 4706 2145 4762 Non
2166 4717 2241 4762 est
2270 4707 2431 4762 Deus.

1950 4799 1991 4852 C
2010 4796 2294 4870 Proprium
2315 4803 2397 4854 est
2416 4796 2634 4869 linguae,
2657 4802 2878 4850 vernum
2908 4796 3108 4857 dicere,
3135 4806 3240 4846 non
3262 4788 3474 4844 cordis.

1885 4893 1990 4949 Sed
2037 4893 2164 4965 quia
2212 4891 2573 4962 cogitationes
2622 4897 2840 4948 nostras
2883 4885 3123 4957 potentia
3167 4877 3482 4939 divinitatis

1883 4982 2158 5056 intelligit,
2190 4993 2338 5040 recte
2362 4981 2571 5038 dictum
2612 4989 2696 5037 est
2725 4977 3042 5048 insipientes
3068 4974 3233 5029 corde
3262 4972 3481 5024 dicere.

1883 5077 2026 5146 quod
2067 5076 2134 5131 ad
2187 5089 2349 5130 aures
2392 5072 2611 5130 Domini
2661 5073 2834 5142 potuit
2879 5066 3185 5139 pervenire,
3236 5078 3372 5117 non.
3411 5056 3477 5108 ad

1881 5169 2287 5242 ignoscendum,
2317 5167 2412 5223 sed
2461 5166 2867 5226 vindicandum.
2917 5161 2962 5214 ll
3008 5157 3145 5211 Dicit
3194 5165 3377 5209 autem
3423 5149 3476 5201 in

2097 5262 2325 5284 ιε-ι.-ι.-,,
2349 5261 2432 5284 -.ιι
2464 5261 2525 5284 ι.-
2551 5266 2676 5284 ιη---
2721 5273 2820 5284 ..ιη-
2846 5263 2920 5284 ncl
2956 5253 3090 5284 hanc
3133 5261 3196 5284 nn
3227 5247 3268 5284 εἰ
3298 5247 3476 5284 (linat:
