3986 5412
523 365 618 422 QII

521 485 552 538 3
655 482 900 552 σοι-ηιριὲ
935 490 1053 536 sunt
1085 489 1132 534 et
1159 479 1530 534 abominabiles
1563 480 1690 548 facti
1732 488 1851 534 sunt
1899 477 1960 534 in.
1993 475 2091 529 ἱιιὲη
2122 478 2170 541 Α
2196 473 2226 526 '1

727 574 888 643 quitat
897 573 1010 626 ibus
1025 585 1043 621 :

661 663 786 718 Non
807 676 882 718 est
909 665 997 735 qui
1022 664 1181 733 faciat
1209 665 1422 718 bonum.

586 756 628 811 C
656 756 924 826 Corrupti.
955 754 1089 811 Sunt
1112 771 1298 811 omnes
1323 756 1566 811 haeretici»
1585 772 1692 811 uno
1711 758 1877 813 verbo
1903 757 2094 822 notati,

521 863 642 901 sam
678 847 786 902 Deo
828 856 975 902 recte
1026 863 1130 902 non
1185 848 1480 903 credidisse
1531 850 1807 919 corruptio
1845 859 1946 904 est.
1989 849 2097 906 llos

516 937 865 1007 subsequitur
916 952 1073 1008 pinna
1115 938 1436 1007 justissima,
1495 948 1553 991 ut
1604 939 1992 994 abominabiles
2041 940 2098 994 in

515 1030 884 1100 voluptatibus
913 1031 1028 1086 suis
1064 1030 1214 1086 ﬁant.
1248 1030 1362 1085 Non
1404 1041 1489 1086 est
1516 1031 1606 1100 qui
1655 1031 1822 1085 faciat
1864 1032 2094 1086 bonum:

512 1119 618 1174 hoc
653 1130 737 1176 est
765 1122 908 1191 quod
937 1122 1274 1191 parturiebat
1323 1119 1564 1176 Ecclesia
1605 1121 1760 1192 plena
1799 1121 2097 1185 doloribus,

517 1213 644 1266 utin
663 1220 808 1266 tanta
837 1212 1177 1267 multitudine
1193 1212 1525 1282 perditorum
1547 1227 1654 1267 non
1681 1213 1752 1267 sit
1783 1213 1873 1268 ιιιιί
1897 1213 2105 1267 bonum

514 1303 686 1370 possit
724 1302 938 1372 operari
971 1302 1063 1356 vel
1089 1303 1308 1358 imitari.

512 1393 549 1446 3
659 1393 799 1447 Deus
829 1394 892 1448 de
917 1393 1043 1448 calo
1067 1394 1329 1464 prospexit
1355 1411 1510 1470 super
1526 1394 1666 1465 ﬁlios
1691 1395 1990 1450 hominum:

662 1480 730 1536 Ut
780 1483 948 1538 videat
1008 1485 1061 1537 si
1107 1493 1180 1537 est
1231 1484 1530 1546 intelligens
1561 1499 1623 1540 -t—
1663 1499 1751 1540 aut
1785 1484 1806 1556 ξ
1836 1488 2099 1556 requirens

728 1573 917 1629 Deum.

587 1667 630 1723 C
665 1667 950 1740 Prospexit
988 1665 1249 1726 Dominus
1281 1671 1530 1737 decurio,
1557 1671 1608 1728 id
1630 1681 1739 1738 est,
1767 1674 1833 1728 de
1855 1689 2101 1744 unoquo-a

516 1773 622 1829 que
645 1757 1002 1829 praedicatore
1035 1777 1157 1827 suo,
1185 1771 1238 1817 et
1267 1764 1544 1834 prospexit
1573 1779 1737 1835 super
1762 1765 1900 1820 ﬁlios
1929 1766 2101 1820 homi-

521 1871 682 1911 num:
719 1857 818 1912 sub
858 1873 1051 1929 magna
1080 1859 1303 1927 pietate,
1329 1869 1389 1913 ut
1418 1875 1526 1914 non
1557 1868 1805 1916 errantes
1828 1859 2098 1929 perderet,
2130 1844 2177 1903 Β

517 1946 613 2000 sed
650 1947 975 2016 pcenitentes
999 1947 1252 2003 salvaret.
1283 1948 1579 2015 Ut'videat,
1617 1950 1668 2006 id
1695 1958 1796 2015 est,
1831 1959 1890 2005 ut
1919 1951 2101 2007 videre

518 2039 682 2094 taciat
733 2050 968 2106 sanctos,
1028 2043 1151 2111 quis
1187 2042 1622 2113 praulicationem
1680 2057 1866 2098 eorum
1909 2043 2104 2098 intelli-

521 2144 632 2204 gat,
665 2135 715 2189 id
747 2146 858 2203 est,
881 2135 1120 2197 intus.in
1152 2138 1338 2208 seipso
1365 2138 1508 2209 legat
1528 2147 1620 2194 aut
1651 2139 1893 2210 requirat
1937 2153 2102 2210 apere

518 2228 709 2283 Deum.

516 2343 551 2394 ι
662 2343 853 2398 Omnes
882 2345 1292 2400 declinaverunt.
1324 2345 1507 2402 Simul
1529 2346 1739 2402 inutiles
1768 2346 1898 2415 facti
1926 2355 2049 2400 sunt
2083 2361 2101 2398 :

665 2433 787 2488 Non
821 2446 893 2490 est
922 2437 1012 2506 qui
1040 2437 1204 2505 faciat
1238 2437 1448 2492 bonum.

664 2525 787 2584 Non
816 2537 888 2581 est
920 2544 1084 2600 usque
1111 2529 1185 2582 ad
1210 2546 1394 2584 unum.

589 2637 629 2691 C
659 2635 782 2695 Illos
815 2653 1007 2694 omnes
1048 2639 1193 2693 enim
1239 2640 1539 2696 declinasse
1579 2641 1732 2706 dicit,
1775 2641 1866 2712 qni
1908 2643 2102 2697 durato

519 2728 682 2782 corde
729 2728 792 2783 in:
836 2729 1100 2784 scelerato
1149 2731 1422 2801 pr0posito
1467 2741 1903 2802 permanserunt.
1943 2732 2102 2788 Prius

520 2815 664 2872 enim
697 2819 795 2874 fuit
843 2830 901 2874 ut
942 2821 1307 2888 declinarent;
1369 2834 1610 2879 secutum
1658 2833 1742 2880 est
1789 2835 1848 2880 ut
1883 2826 2102 2882 inutiles

522 2916 720 2968 ﬁerem-
744 2915 866 2968 sibi.
897 2913 1078 2984 Usque
1114 2916 1180 2969 ad
1210 2931 1373 2970 unum
1404 2933 1534 2972 vero
1579 2918 1704 2971 dum
1742 2917 1955 2979 dicitur,
1986 2933 2101 2973 om-

522 3019 618 3057 nes
650 3013 932 3077 negantur.
967 3004 1099 3059 Nam
1138 3006 1182 3060 si
1229 3005 1460 3077 aliquem
1497 2999 1696 3062 bonum
1728 3009 1986 3063 voluisset
2025 3009 2102 3062 in-

521 3094 706 3165 telligi,
756 3110 860 3149 non
909 3096 1158 3150 diceret:
1192 3111 1363 3166 usque
1412 3098 1478 3152 ad
1531 3113 1718 3165 unum,
1760 3100 1853 3154 sed
1905 3107 2103 3168 praeter

519 3201 707 3241 unum.
737 3186 781 3240 II
810 3186 1012 3243 Omnes
1039 3187 1091 3242 hi
1124 3188 1441 3258 insipientes
1470 3187 1560 3258 qui
1603 3203 1706 3243 non
1755 3189 2102 3259 requirebant
2129 3206 2172 3265 (ς

520 3278 714 3344 Deum,
743 3279 960 3335 inutiles
989 3279 1112 3335 facti
1144 3291 1290 3345 sunt,
1321 3281 1444 3350 quia
1476 3281 1727 3335 mandata
1758 3279 1850 3335 Dei
1881 3281 2103 3350 implere

520 3369 730 3434 nolunt,
781 3380 836 3425 et
880 3371 1000 3426 ideo
1047 3371 1398 3440 sibimetipsis
1429 3372 1645 3427 inutiles
1692 3381 1747 3427 et
1793 3374 1933 3437 aliis,
1978 3376 2101 3442 quia

522 3459 730 3516 inutilis
760 3471 839 3515 est
875 3462 966 3530 qui
1009 3477 1115 3516 non
1147 3471 1402 3531 operatur
1439 3462 1642 3532 aliquid
1683 3461 1830 3528 boni,
1878 3463 2104 3532 ideoque

523 3550 809 3620 projicitur
830 3552 881 3606 in
914 3551 1162 3614 tenebras
1190 3542 1492 3609 exteriores
1508 3553 1724 3626 (Matth.
1744 3554 1902 3626 nn),
1927 3555 2105 3609 Evan-

523 3643 662 3713 gelio
690 3652 857 3706 teste.

526 3757 562 3810 5
678 3756 867 3817 Nonne
905 3761 1066 3814 scient
1101 3773 1161 3815 -ι-
1191 3777 1367 3816 omnes
1401 3762 1426 3834 ξς
1450 3760 1537 3830 qui
1583 3771 1870 3831 operantur
1910 3762 2105 3832 iniqui.-

737 3862 893 3906 tatent
918 3866 937 3904 .'

673 3943 777 4010 Qui
802 3945 1052 4000 devorant
1077 3945 1272 4017 plebem
1304 3963 1471 4001 meam
1508 3957 1562 4001 ut
1590 3948 1758 4001 cibum
1790 3964 1968 4016 panis.

595 4034 640 4088 II
676 4033 1025 4106 Cognoscunt
1076 4037 1226 4106 impii
1270 4052 1328 4092 se
1380 4053 1540 4107 agere
1582 4053 1858 4109 perverse,
1901 4046 1956 4094 et
1999 4052 2104 4091 non

522 4126 696 4181 solttm
751 4143 810 4183 se
859 4143 963 4182 non
1017 4128 1327 4191 emendant,
1379 4130 1472 4184 sed
1515 4131 1678 4184 etiam
1726 4129 1825 4184 Dei
1851 4129 2105 4200 populum

524 4224 790 4276 devorant
825 4223 1075 4278 dentibus
1120 4239 1232 4278 sum
1267 4223 1503 4278 malitiae.
1535 4222 1687 4279 Sicut
1718 4237 1900 4279 escam
1930 4221 2103 4292 panis,

524 4313 615 4382 qui
649 4329 861 4384 semper
911 4315 1280 4371 desideranter
1310 4315 1364 4371 in
1403 4332 1501 4370 usu
1546 4325 1648 4371 est.
1684 4315 1817 4369 Nam
1855 4313 2107 4384 quamvis

523 4403 753 4474 singulis
783 4406 1085 4475 quibusque
1125 4409 1458 4478 temporibus
1494 4409 1809 4463 diversitate
1859 4423 2106 4463 escarum

524 4495 807 4559 saticmur,
831 4492 1032 4564 jugiter
1060 4503 1245 4550 tamen
1268 4499 1424 4553 nobis
1456 4500 1613 4568 panis
1638 4499 1873 4554 edulium
1899 4509 2001 4564 est,
2031 4501 2106 4554 ita

525 4599 741 4655 semper
803 4585 1112 4642 desiderant
1161 4588 1288 4643 mali
1335 4591 1595 4644 devorare
1641 4590 1831 4646 bonos.
1875 4591 1919 4644 A
1972 4590 2104 4657 Vel,

526 4691 704 4731 nonne
749 4677 923 4733 scient
960 4693 1148 4734 omnes
1192 4679 1318 4734 mali
1370 4681 1423 4736 in
1469 4681 1652 4735 futuro
1687 4681 1890 4750 judicio
1933 4681 2102 4739 Deum

524 4784 666 4836 esse,
693 4771 784 4842 qui
810 4773 920 4843 jam
951 4773 1091 4828 seire
1117 4772 1340 4828 nolunt?
1378 4775 1550 4830 scient
1579 4776 1788 4844 utique,
1822 4791 2102 4846 poenarum

524 4863 915 4932 experimento.

523 4976 557 5031 ϐ
662 4978 831 5032 Deum
859 4995 960 5034 non
989 4981 1356 5036 invocaverunt
1385 4998 1403 5035 :

667 5068 790 5123 Illic
819 5070 1210 5141 trepidaverunt
1237 5072 1421 5125 timore
1445 5071 1534 5125 ubi
1564 5087 1666 5125 non
1694 5071 1794 5141 fuit
1821 5069 2026 5124 timor.‘

594 5158 635 5214 C
665 5158 834 5214 Deum
864 5175 968 5216 non
993 5161 1402 5217 invocaverunt.
1421 5159 1516 5216 Illa
1546 5160 1690 5216 enim
1717 5174 1838 5230 quae
1861 5175 1889 5213 a
1917 5174 2106 5230 pecea-

522 5249 730 5288 InI-ihne
753 5259 938 5288 nnntrn
963 5251 1294 5288 unlnnlatnm
1325 5249 1451 5288 ﬁunt
1481 5249 1574 5288 “ai
1621 5250 1764 5288 volnt
1798 5249 1976 5288 fnmnc
2001 5248 2107 5288 {inn

1440 367 1493 421 S.
1536 364 1881 422 BRUNONIS
1922 359 2458 418 IIERBIPOLENSIS
2495 365 2802 422 EPISCOPI‘

3669 360 3773 428 ili

2338 475 2596 540 Quoniam
2623 476 2763 530 Deus
2793 476 3058 546 dissipavit
3088 492 3215 530 ossa-
3233 491 3412 530 eorum
3440 488 3458 524 :
3481 473 3572 544 qui
3603 474 3772 526 horni-

2413 568 2562 623 nibus
2584 568 2784 638 placent

2338 658 2558 729 Confusi
2585 669 2727 712 sunt.
2759 660 3021 724 Quoniam
3046 661 3185 713 Deus
3211 659 3399 729 spreuit
3426 675 3542 714 eos.

2265 755 2305 810 C
2337 753 2477 809 Deus
2503 755 2646 808 enim
2671 754 2897 823 dissipat
2926 768 3047 810 ossa
3094 751 3378 814 malorum,
3408 751 3462 806 id
3488 758 3574 806 est
3603 749 3779 806 obstio

2198 845 2444 899 nationes
2468 843 2806 898 durissimas.
2839 845 2882 898 11
2917 842 3008 897 Vel
3035 856 3184 912 spem
3208 841 3530 896 aeternitatis
3554 832 3777 905 eorum,

2198 939 2368 1010 quiin
2404 937 2520 1006 ejus
2570 926 2947 992 contumeliam
2989 936 3269 1006 insurgere
3317 933 3435 988 ausi
3481 939 3631 988 sunt.
3677 931 3779 998 Qui

2199 1032 2507 1089 hominibus
2533 1032 2744 1101 placent
2773 1039 2827 1086 et
2860 1046 2964 1084 non
2995 1029 3129 1094 Deo,
3165 1037 3311 1083 recte
3347 1025 3556 1082 confusi
3584 1026 3786 1080 dicun-.

2201 1132 2310 1186 tur,
2342 1121 2595 1192 quoniam
2625 1135 2720 1176 eos
2760 1121 2900 1175 Deus
2941 1118 3163 1190 Sprevit.
3192 1116 3380 1172 Merito
3411 1131 3540 1170 vero
3571 1114 3782 1184 sperni-

2201 1220 2291 1267 tur
2323 1228 2352 1266 a
2385 1214 2515 1278 Deo,
2554 1212 2646 1288 qui
2688 1211 2968 1290 reliquerit
3007 1209 3204 1274 Deum;
3235 1216 3290 1263 et
3327 1207 3454 1278 quia
3492 1221 3618 1261 eum
3658 1203 3785 1258 reli-

2199 1305 2336 1374 quit,
2372 1305 2531 1376 digue
2577 1315 2833 1382 tanquam
2867 1305 3081 1374 ignotus
3109 1302 3177 1357 ab
3209 1316 3274 1359 eo
3307 1297 3676 1361 confunditur,
3702 1296 3786 1348 di-

2202 1403 2356 1449 cente
2393 1395 2648 1464 Apostolo
2682 1413 2693 1449 :
2728 1395 2983 1464 ignorans
3022 1391 3358 1463 ignorabitur
3395 1388 3449 1458 (Ι
3483 1388 3608 1448 Cor.
3647 1385 3782 1454 ιμ’).

2236 1487 2269 1540 8
2345 1484 2477 1550 Quis
2504 1487 2647 1540 dabit
2675 1503 2740 1540 ea:
2769 1485 2895 1540 Sion
2925 1484 3155 1539 salutare
3185 1481 3397 1536 Israel?

2345 1580 2476 1641 Cum
2523 1581 2828 1634 conuerterit
2876 1579 3010 1633 Deus
3048 1577 3395 1646 captivitatem
3438 1572 3599 1643 plebis
3650 1586 3793 1635 sua,

2419 1673 2695 1728 exsultabit
2719 1669 2884 1724 Iacob
2907 1682 2952 1725 et
2978 1669 3242 1723 lwtabitur
3269 1664 3439 1719 Israel

2274 1767 2315 1824 C
2353 1767 2484 1834 Quis
2521 1766 2692 1831 dabit,
2734 1765 3040 1820 addendum
3086 1771 3190 1826 est,
3239 1760 3342 1815 nisi
3395 1769 3476 1823 tu,
3521 1756 3782 1821 Domine;

2205 1860 2476 1914 credentis
2496 1858 2638 1912 enim
2671 1857 2831 1912 verba
2859 1866 3002 1917 sunt,
3035 1870 3140 1909 non
3168 1851 3482 1908 dubitantis.
3515 1848 3594 1902 Ex
3629 1847 3783 1910 Sion,

2205 1951 2348 2004 illam
2381 1950 2506 2005 dicit
2537 1947 2956 2018 speculationem
2985 1944 3194 1999 felicem
3224 1943 3274 1997 in
3316 1957 3421 2011 qua
3464 1941 3607 1994 Deus
3641 1937 3786 2005 aspi-

2203 2044 2362 2099 citur.
2396 2041 2511 2112 Ipse
2545 2041 2709 2096 etiam
2755 2039 2806 2094 in
2859 2040 2962 2094 hoc
2999 2036 3194 2092 saaculo
3227 2035 3319 2089 dat
3355 2033 3596 2088 salutare
3620 2027 3789 2085 Israel

2203 2149 2265 2190 ex
2299 2133 2451 2198 Sion,
2485 2149 2609 2189 eum
2641 2132 2854 2188 labores
2875 2139 3184 2185 sanctorum
3212 2127 3325 2182 suis
3346 2123 3630 2180 beneﬁciis
3660 2138 3792 2177 conp

2203 2225 2429 2280 solatur.
2467 2222 2509 2276 11
2541 2223 2659 2292 Ipse
2687 2236 2900 2291 quoque
2931 2235 3029 2276 nos
3053 2233 3241 2272 aversa
3277 2215 3594 2286 captivitate
3627 2213 3791 2267 vitio-

2203 2329 2324 2369 rum
2349 2313 2520 2368 erexit
2551 2311 2603 2366 in
2629 2310 2931 2365 libertatem
2956 2309 3238 2363 virtutum.
3265 2305 3570 2361 Exsultabit
3597 2302 3798 2367 Iacob,~

2205 2409 2256 2464 id
2278 2417 2362 2462 est
2387 2405 2728 2460 Christianus
2750 2402 2998 2474 populus,
3019 2400 3146 2462 dum
3175 2398 3483 2470 supplantat
3503 2395 3790 2450 Iudaicum

2204 2500 2456 2572 pupulum
2490 2499 3026 2566 benedictionemque
3072 2495 3187 2564 ejus
3227 2491 3444 2562 accipit.
3483 2490 3548 2554 Et
3581 2489 3792 2550 Izetabi:

2205 2603 2292 2652 tur
2318 2591 2501 2657 Israel,
2532 2591 2658 2646 dum
2686 2589 2852 2644 Deum
2877 2587 3048 2642 oculis
3072 2584 3195 2640 ﬁdei
3220 2585 3475 2639 intuetur.

2679 2697 2877 2738 οιιΑτιο
2916 2696 2983 2735 EX
3021 2691 3172 2734 PSAL.
3215 2694 3309 2732 LII.

2275 2776 2591 2848 Respiciens
2643 2775 2708 2830 de
2746 2773 2883 2829 caalo
2937 2780 3125 2827 saneto
3169 2778 3284 2834 tuo,
3335 2767 3584 2838 piissime
3623 2763 3796 2828 Deus,

2203 2884 2342 2940 pone
2379 2867 2669 2921 terminum
2714 2862 3035 2933 insipientia:
3073 2870 3292 2924 noslrm,
3327 2868 3384 2912 ut
3417 2873 3448 2912 a
3485 2855 3795 2918 terroribus

2205 2961 2358 3016 vanis
2395 2959 2555 3025 eruti,
2595 2958 2686 3011 tibi
2720 2955 2816 3010 soli
2853 2955 2919 3009 de
2949 2954 3184 3025 puritate
3213 2951 3392 3007 cordis
3423 2949 3637 3018 integra
3673 2946 3800 3017 pla...

2204 3069 2443 3107 ceamus.
2475 3049 2578 3103 Per
2608 3048 2894 3104 Dominum
2929 3053 3172 3099 nostrum
3198 3041 3405 3106 Iesum,
3431 3048 3539 3094 etc.

2754 3139 3073 3195 PSALMUS
3111 3135 3238 3191 LIII.

2639 3250 3000 3290 ARGUMENTUM
3040 3249 3186 3288 PSAL.
3225 3246 3340 3284 LIII.

2275 3327 2315 3381 (ἶ
2348 3326 2460 3382 ‘lov
2499 3326 2755 3380 Ecelesim
2783 3325 2849 3380 de
2889 3322 3153 3378 lucretieis
3177 3321 3241 3376 ad
3263 3321 3564 3375 Christum.

2206 3437 2315 3492 TT.
2355 3436 2419 3490 In
2460 3437 2615 3507 ﬁnem
2657 3437 2710 3490 in
2750 3435 3066 3488 carminibus
3109 3431 3397 3507 intellectus
3430 3429 3621 3507 David.
3658 3429 3802 3492 Cum

2276 3500 2532 3561 venissent
2561 3506 2762 3574 Zipha’i
2797 3515 2845 3559 et
2878 3507 3128 3558 dixissent
3165 3505 3233 3556 ad
3267 3500 3416 3556 Saul.
3457 3500 3651 3554 Nonne
3676 3517 3795 3554 ecce

2277 3579 2445 3637 David
2470 3578 2804 3632 absconditus
2828 3586 2904 3629 est
2932 3576 3072 3644 apud
3104 3591 3217 3628 nos.

2277 3671 2317 3727 C
2343 3672 2398 3725 In
2433 3671 2591 3729 linem
2613 3670 2885 3727 Christum
2916 3668 3203 3738 signiﬁcat.
3233 3666 3373 3732 Istud
3396 3665 3542 3718 enim
3569 3678 3806 3720 carmen.

2209 3767 2400 3826 Iaudes
2439 3765 2641 3828 Christi
2684 3757 2980 3822 denuntiat...
3028 3761 3338 3816 Intellectus
3381 3760 3571 3825 David,
3608 3759 3795 3813 Domi-

2208 3873 2334 3910 num
2382 3855 2718 3910 Salvatorem
2767 3853 2990 3917 indicat,
3034 3865 3193 3922 quem
3239 3850 3325 3904 ille
3362 3849 3603 3920 proﬁcue
3637 3848 3795 3903 intel-

2209 3951 2339 4005 lexit
2360 3949 2595 4011 evenire.
2623 3947 2756 4002 Nam
2779 3947 2980 4017 Ziphaei
3006 3963 3035 4000 a
3061 3947 3178 4001 vicn
3209 3943 3394 4015 Syria),
3424 3945 3475 3997 in
3503 3959 3611 4014 quo
3643 3943 3797 4006 habi,

2212 4044 2358 4099 tabat
2396 4043 2550 4112 Ziph,
2583 4041 2708 4096 dicti
2752 4050 2898 4101 sunt,
2930 4040 3019 4108 qui
3061 4039 3414 4111 prodiderunt
3447 4037 3613 4092 David
3652 4025 3795 4106 apud

2207 4151 2265 4190 se
2307 4150 2426 4190 esse
2467 4134 2722 4193 celatum.
2767 4130 2870 4187 IIC
2897 4130 3098 4200 Ziphzei
3142 4139 3321 4195 autem
3375 4130 3791 4198 interpretatum

2209 4225 2475 4295 signiﬁcat
2500 4227 2760 4294 ﬂorentes,
2796 4224 2936 4294 quod
2974 4222 3025 4276 in
3060 4221 3163 4282 isto
3192 4221 3388 4276 mundo
3416 4221 3794 4297 pecnatoribus

2210 4318 2394 4374 datum
2417 4325 2516 4373 est.
2547 4313 2586 4370 C
2618 4313 2782 4367 David
2825 4315 3049 4384 ﬁguram
3087 4311 3286 4368 Christi
3335 4311 3589 4380 gerebat;
3630 4309 3675 4362 II
3705 4308 3794 4377 qui

2212 4411 2311 4473 [uit
2356 4406 2704 4463 absconditus
2747 4405 2798 4458 in
2835 4402 3092 4457 inferiore
3121 4413 3275 4471 parte
3305 4411 3492 4464 tet-rte,
3520 4408 3575 4454 et
3606 4400 3794 4460 Dami-

2213 4520 2313 4558 nus
2344 4504 2394 4557 in
2433 4510 2586 4556 utero
2619 4509 2820 4554 sancta:
2850 4497 3052 4560 Mariae,
3081 4503 3134 4548 et
3159 4495 3209 4548 in
3248 4508 3350 4546 una
3389 4501 3547 4565 gente
3577 4489 3798 4553 Ind-aro-

2214 4614 2352 4659 rtun,
2385 4605 2441 4650 et
2466 4594 2718 4656 divinitas
2746 4592 2798 4645 in
2828 4607 2995 4645 carne
3019 4586 3240 4644 Christi.

2210 4690 2232 4742 I
2348 4686 2489 4740 Deus
2521 4687 2574 4738 in
2600 4683 2805 4736 nomine
2830 4691 2918 4735 tuo
2947 4681 3148 4735 salvum
3174 4693 3253 4730 me
3280 4676 3364 4745 [ac
3389 4691 3417 4738 ε,

2350 4796 2413 4836 αξ-
2445 4780 2511 4834 Et
2545 4777 2561 4846 ζ
2594 4776 2648 4832 in
2675 4777 2863 4838 virtute
2894 4783 2983 4827 tua
3012 4771 3172 4827 libera
3195 4785 3293 4821 me.
3775 4832 3778 4833 ν

2277 4875 2318 4934 C
2346 4875 2482 4930 Orat
2528 4874 2671 4928 enim
2732 4870 3023 4939 Propheta,
3055 4877 3114 4920 ut
3152 4866 3204 4919 in
3251 4864 3470 4920 nomine
3507 4860 3722 4916 Domini
3770 4875 3810 4915 a.

2208 4965 2647 5036 persequentium
2702 4959 3035 5030 malignitate
3078 4957 3356 5019 liberetur,
3403 4967 3634 5023 sperans
3692 4963 3797 5004 non

2212 5059 2426 5124 aliunde
2455 5057 2794 5126 sospitatem,
2819 5051 2910 5107 sed
2944 5065 3063 5121 qua:
3085 5065 3113 5102 a
3147 5049 3257 5103 Deo
3287 5047 3466 5110 venit;
3501 5054 3559 5100 et
3597 5045 3797 5099 iterum

2211 5159 2384 5222 rogat,
2414 5159 2470 5203 nt
2519 5149 2569 5202 in
2598 5146 2802 5216 judicio
2832 5144 3010 5199 futuro
3042 5141 3159 5219 ejus
3195 5140 3394 5194 virtute
3437 5138 3720 5192 liberetur.
3755 5133 3800 5190 II

2209 5240 2264 5288 In
2315 5239 2530 5288 nomine
2581 5247 2691 5288 tuo.
2723 5235 2773 5288 id
2823 5241 2908 5287 est
2948 5233 3002 5286 in
3048 5229 3262 5284 nomine
3313 5228 3402 5282 illo
3445 5227 3798 5288 humilitatis,
