3986 5412
233 291 340 345 213

1402 289 1762 348 EXPOSITIO
1798 290 2242 348 PSALMORUM.

3387 288 3496 356 ait

236 402 499 458 auxilium
546 402 712 460 ferre.
763 393 830 458 η’
864 403 1098 460 Auribus
1125 405 1368 475 percipe,
1409 419 1566 458 aures
1595 403 1803 458 Domini
1835 414 1878 467 Α
1909 404 2037 474 quid
2072 405 2360 460 obstinatis
2405 403 2605 462 Judaeis
2632 421 2684 460 tu
2716 421 2828 460 suts
2854 399 3152 460 sceleribus
3197 401 3494 472 persisten-

235 495 514 561 dicuntur,
545 496 764 565 quando
802 496 1062 552 exaudire
1087 495 1357 567 dignatur.
1384 494 1425 550 C
1451 494 1544 549 Vel
1574 494 1814 558 auribus,

235 587 286 640 id
306 595 390 642 est
409 577 619 642 mente.

226 677 277 732 -3
383 678 654 746 Quoniam
683 681 844 736 atteni
883 691 1278 737 insurrexerunt
1308 681 1581 735 adversum
1607 695 1687 733 me
1716 695 1733 734 :
1765 689 1815 732 et

450 771 615 840 fortes
645 773 962 842 qutcsierunt
989 773 1218 827 animant
1249 788 1416 825 meam
1441 783 1462 823 .°

373 859 447 913 Et
497 855 606 914 nari
656 871 1040 932 proposuerunt
1088 861 1256 916 Deum
1306 872 1426 916 ante
1486 870 1812 929 conspectum

445 965 625 1004 suum.
702 950 1028 1020 Diapsalma.

295 1038 339 1094 ε
370 1038 574 1094 Verum
606 1040 697 1095 hie
726 1041 930 1097 alienos
977 1058 1086 1097 non
1134 1041 1251 1097 vult
1299 1043 1569 1114 peregrini
1599 1042 1812 1114 generis

229 1132 376 1188 viros
398 1131 648 1204 intelligi,
675 1134 769 1189 sed
807 1123 1062 1203 operibus
1091 1149 1122 1188 a
1164 1135 1393 1190 Domino
1427 1135 1599 1190 tactos
1627 1143 1812 1189 estra-

229 1239 378 1280 neos.
424 1223 623 1281 Merito
652 1226 780 1281 dum
809 1225 1009 1297 Ziphzei
1036 1228 1101 1282 de
1126 1226 1266 1281 tribu
1309 1224 1444 1281 Iuda
1481 1224 1720 1291 fuerunt,
1741 1226 1810 1281 ab

229 1315 329 1371 illis
350 1317 616 1372 auxilium
640 1319 911 1389 quaesivit.
937 1319 1092 1390 Apud
1109 1319 1254 1390 ipsos
1277 1319 1458 1376 tamen
1483 1319 1656 1388 magis
1685 1319 1814 1374 insi-

227 1408 343 1463 dias
358 1411 686 1480 proditionis
703 1412 926 1466 invenit.
941 1411 1132 1466 Fortes
1146 1411 1312 1477 enim,
1336 1410 1551 1466 Saulem
1575 1410 1810 1479 intellige

230 1513 348 1554 cum
371 1500 640 1557 ministris
665 1503 799 1558 suis.
829 1502 1031 1559 Perditi
1054 1503 1174 1558 ideo
1190 1517 1295 1558 non
1320 1510 1625 1573 proponunt
1641 1501 1806 1556 Deum

231 1601 350 1647 ante
378 1592 571 1649 oculos
596 1609 746 1660 suos,
786 1595 913 1665 quia
955 1595 1103 1651 illum
1143 1595 1392 1666 ignorare
1423 1593 1649 1648 credunt
1687 1609 1806 1663 qtae

232 1685 485 1743 scelerata
518 1698 697 1742 mente
727 1689 1055 1758 concipiunt.

231 1775 266 1830 ι
367 1762 505 1831 Ecce
534 1778 671 1832 enim
700 1777 840 1833 Deus
865 1779 1082 1847 adiuvat
1111 1794 1192 1832 me
1218 1794 1238 1834 :

365 1867 437 1920 Et
463 1867 722 1924 Dominus
757 1880 1023 1939 susceptor
1045 1879 1120 1925 est
1157 1871 1348 1924 animm
1367 1885 1516 1923 mea.

294 1956 335 2012 C
358 1956 611 2036 Adjuvat,
660 1959 799 2014 dixit
841 1961 1027 2029 utique
1056 1960 1412 2025 laborantem,
1441 1969 1498 2013 ut
1544 1959 1806 2029 potuisset

232 2047 368 2104 ferre
391 2063 517 2119 qua:
541 2065 706 2120 super
752 2065 874 2106 eum
907 2051 1221 2106 nitebantur
1261 2050 1410 2121 impii
1447 2064 1803 2119 congregare.

232 2140 489 2210 Sequitur
513 2142 678 2197 etiam
712 2143 856 2212 quod
885 2143 956 2199 sit
987 2142 1127 2198 istud
1174 2143 1519 2213 adjutorium,
1563 2141 1616 2197 id
1646 2150 1728 2197 est
1750 2151 1802 2196 et

233 2231 482 2287 Dominus
506 2242 589 2289 est
621 2243 906 2304 susceptor
925 2235 1118 2289 anima:
1145 2249 1299 2289 mea}.

233 2322 263 2376 5
368 2325 554 2380 Arerte
577 2317 717 2379 mala
737 2326 962 2380 inimicis
989 2328 1114 2380 meis
1137 2333 1166 2377 :'

360 2414 429 2469 In
453 2418 666 2471 veritate
688 2427 779 2470 tua
803 2417 1040 2488 disperde
1063 2417 1202 2472 illos.

291 2505 331 2562 C
352 2504 488 2563 Orat
508 2521 635 2577 ergo
670 2506 961 2578 Propheta,
993 2517 1053 2562 ut
1087 2506 1225 2562 mala
1253 2507 1498 2564 voluntas
1525 2523 1803 2566 removea-

230 2607 310 2652 tur
335 2597 405 2652 ab
442 2597 679 2653 inimicis
701 2598 839 2669 ejus,
874 2600 1012 2655 unde
1033 2614 1128 2656 eos
1166 2609 1492 2670 cognoverat
1516 2600 1810 2672 ingravan«

228 2690 334 2743 dos.
363 2686 487 2743 Mali
517 2689 661 2744 enim
689 2703 813 2744 cum
837 2689 905 2744 ad
929 2691 1212 2746 veritatem
1243 2691 1482 2755 veniunt,
1509 2706 1539 2744 a
1569 2691 1798 2763 pristina

225 2783 496 2839 voluntate
519 2784 853 2854 dispereunt,
889 2793 943 2842 et
981 2787 1083 2841 nisi
1115 2803 1143 2840 a
1188 2787 1329 2842 mala
1362 2787 1661 2844 intentione
1687 2789 1799 2843 dis-

223 2874 431 2939 cedant,
459 2874 640 2930 locum
688 2875 740 2929 iu
770 2876 925 2932 bonis
955 2876 1166 2931 actibus
1199 2892 1304 2932 non
1335 2877 1629 2934 habebunt.
1681 2879 1801 2934 Dis-

220 2972 402 3033 pereat
447 2963 598 3032 Saul,
631 2981 698 3020 ne
741 2976 1095 3036 persequatur
1127 2967 1448 3034 innoxium;
1492 2969 1802 3040 dispereunt

221 3055 420 3128 Ziphaei
445 3073 516 3114 ne
541 3059 772 3129 prodant
801 3059 1050 3115 celatum.

219 3152 250 3202 6
368 3145 681 3204 Voluntaria
705 3152 1016 3222 sacriﬁcabo
1040 3153 1176 3206 tibi:

357 3239 431 3294 Et
461 3241 749 3310 conﬁtebor
767 3244 964 3298 nomini
986 3252 1108 3306 tuo,
1136 3244 1385 3312 Domine,
1412 3263 1659 3303 ouomant
1707 3247 1801 3302 bo-

430 3345 558 3384 num
586 3339 686 3386 est.

284 3419 326 3474 C
360 3420 678 3477 Voluntarie
709 3424 816 3480 Deo
843 3425 1139 3494 sacriﬁcat,
1161 3428 1254 3499 qui
1287 3443 1385 3498 pro
1420 3429 1653 3484 inimicis
1682 3429 1796 3484 suis

219 3519 430 3567 exorat.
483 3512 806 3572 Sacriﬁcare
857 3517 1186 3584 voluntarie,
1214 3529 1302 3575 est
1348 3521 1458 3575 Deo
1506 3521 1797 3590 puritatem

220 3601 371 3659 bona:
411 3604 710 3666 voluntatis
738 3607 952 3664 oﬂ‘erre.
983 3611 1244 3667 Conﬁteri
1276 3627 1508 3683 quoque,
1563 3615 1650 3670 hic
1686 3615 1801 3669 lana

222 3695 346 3749 dare
375 3696 663 3765 signiﬁcat.
694 3697 843 3753 Illum
867 3701 1014 3755 enim
1063 3700 1198 3756 velle
1229 3701 1473 3767 laudare,
1506 3705 1800 3759 inaestima-

221 3785 323 3842 bile
355 3789 554 3844 bonum
595 3796 702 3844 est.
752 3790 905 3846 Unde
944 3800 1002 3848 et
1040 3807 1193 3848 mens
1223 3803 1408 3848 sancta
1455 3794 1696 3850 reﬁcitur
1745 3805 1801 3850 et

220 3876 395 3947 cumis
425 3879 731 3934 adversitas
755 3879 912 3935 istius
935 3882 1119 3936 mundi
1142 3867 1426 3954 eﬁugatur.

223 3966 252 4024 ’ἱ
361 3967 624 4040 Quoniam
656 3987 723 4026 ea:
742 3973 883 4026 omni
914 3974 1250 4030 tribulatione
1274 3977 1508 4047 eripuisti
1537 3994 1616 4032 me
1642 3997 1653 4031 ε

361 4073 426 4116 -t-
482 4061 548 4115 Et
591 4061 617 4132 ζ
653 4079 812 4135 super
865 4063 1102 4119 inimicos
1160 4083 1299 4122 meos
1343 4067 1573 4137 despexit
1617 4069 1799 4124 oculus

428 4170 598 4208 meus.

290 4243 329 4299 C
357 4243 434 4299 Ex
460 4247 714 4301 omnibus
733 4246 1170 4303 tribulationibus
1194 4263 1252 4304 se
1283 4256 1511 4305 testatur
1533 4233 1798 4321 Propheta

227 4346 484 4408 ereptum,
507 4340 650 4408 quod
675 4339 730 4393 in
764 4339 868 4394 isto
897 4339 1091 4395 sacculo
1115 4355 1218 4394 non
1243 4349 1419 4411 potest
1444 4341 1677 4406 evenire,
1699 4343 1799 4398 nisi

225 4429 298 4488 eis
321 4431 412 4500 qui
467 4431 520 4485 in
571 4430 788 4486 Domini
838 4431 1128 4488 dilectione
1175 4434 1492 4503 persistnnt.
1540 4434 1800 4507 Respexit

226 4521 404 4576 oculus
427 4521 640 4577 Domini
672 4537 839 4592 super
868 4524 1116 4578 inimicos
1142 4502 1329 4592 David,
1349 4526 1399 4579 id
1422 4534 1505 4581 est
1536 4502 1804 4598 Ziphzeos,
1835 4502 1882 4560 ι)

224 4612 429 4680 quando
477 4624 572 4666 eos
631 4611 874 4667 nefarias
925 4613 1230 4669 voluntates
1262 4615 1482 4669 minime
1529 4617 1806 4689 complere

223 4700 492 4767 permisit;
526 4703 844 4773 frequenter
864 4703 1005 4756 enim
1025 4703 1289 4775 propitius
1320 4704 1461 4759 Deus
1489 4705 1671 4776 iniqua
1695 4722 1802 4762 non

223 4791 480 4858 [mrtttillil
507 4789 724 4847 efficere
769 4801 827 4845 ut
851 4794 1156 4865 compuncti
1186 4793 1480 4851 debeamus
1507 4796 1573 4852 de
1603 4799 1810 4854 nostris

224 4883 490 4938 erroribus
509 4883 846 4956 supplicare.

697 4989 903 5030 οιιΑτιο
933 4990 997 5030 ex
1029 4992 1174 5032 PSAL.
1205 4991 1318 5034 LIII.

293 5063 320 5074 Α
361 5065 373 5074 ο
415 5065 466 5074 ,Δ
601 5067 638 5074 —
755 5065 767 5074 ι
903 5066 942 5074 ο.

1920 494 2061 550 tibus
2081 497 2272 550 debeat
2293 496 2510 552 evenire
2539 495 2793 552 ostendit.
2939 557 2956 565 η

2059 586 2168 642 ΤΤ.
2202 587 2269 643 In
2289 588 2444 656 ﬁnem
2475 589 2528 642 in
2556 589 2872 646 carminibus
2900 586 3190 644 intellectus
3222 589 3419 643 David.

1984 679 2047 734 C.
2078 678 2223 734 Bene
2243 679 2367 734 ﬁnis
2400 679 2602 735 dicitur
2622 677 2886 743 Christus,
2913 677 3038 748 quia
3055 677 3313 748 quidquid
3345 687 3494 732 recte

1916 784 1980 824 ac
2008 769 2239 825 ﬁdeliter
2265 769 2495 840 agimus,
2547 768 2616 824 ad
2665 769 2841 838 ipsum
2869 775 3082 824 constat
3124 766 3241 822 sine
3286 765 3496 821 dubita-

1915 861 2062 919 tione
2097 860 2459 916 referendum.
2489 860 2543 915 In
2574 861 2927 926 carminibus,
2965 860 3018 915 in
3050 859 3298 914 laudibus
3339 859 3492 914 dicit.

1911 952 2218 1008 Intellectus
2246 952 2349 1007 iste
2375 961 2555 1007 certus
2585 960 2688 1017 est,
2715 960 2774 1006 ut
2795 966 2914 1006 cum
2961 951 3127 1006 David
3176 959 3386 1021 patrem
3421 951 3498 1014 di-_

1913 1059 2099 1099 camus
2130 1043 2340 1098 Domini
2372 1042 2570 1098 Christi
2602 1051 2684 1114 (ut
2727 1057 2902 1098 caecus
2937 1042 2988 1096 in
3029 1041 3317 1112 Evangelio
3349 1059 3362 1094 :
3397 1039 3496 1095 Mi-

1911 1147 2091 1188 serere
2119 1133 2244 1197 tnei,
2270 1132 2341 1186 ﬁli
2359 1132 2521 1186 David
2554 1131 2706 1203 [Luc.
2736 1130 3250 1204 xvut]),secuudum
3270 1145 3493 1186 carnem

1910 1225 2304 1295 intelligamus;
2333 1227 2626 1282 secundum
2679 1226 3014 1280 divinitatem
3061 1240 3217 1288 vero,
3275 1240 3499 1302 servum.

1909 1317 2177 1373 fateamur
2202 1333 2325 1373 esse
2355 1318 2528 1387 ipsum
2585 1317 2752 1372 David
2790 1316 3016 1380 Christi,
3045 1315 3186 1370 sicut
3224 1315 3339 1385 ipse
3375 1315 3453 1373 ait
3475 1330 3499 1394 ξ

1911 1407 2057 1464 Dixit
2085 1409 2347 1464 Dominus
2370 1408 2600 1463 Domino
2628 1423 2749 1463 meo
2779 1405 2951 1480 (Psal.
2975 1406 3106 1476 etx).

1909 1505 1932 1556 l
2047 1501 2284 1564 Exaudi,
2317 1501 2480 1565 Deus,
2504 1499 2792 1553 orationem
2823 1514 2989 1552 meam
3020 1515 3038 1553 :
3073 1506 3118 1552 et
3150 1513 3213 1551 ne
3242 1497 3498 1567 despexe:

2126 1593 2195 1645 ris
2224 1591 2640 1661 deprecationem
2669 1606 2835 1644 meum
2864 1602 2883 1641 :

2054 1685 2275 1740 Intende
2295 1685 2422 1739 mihi
2444 1693 2490 1738 et
2517 1682 2709 1736 exaudi
2744 1699 2846 1736 me.

1835 1777 1882 1837 Β
1980 1781 2022 1837 C
2061 1779 2240 1834 Prima
2270 1785 2423 1847 parte
2459 1776 2590 1847 petit
2621 1775 2886 1845 Propheta
2915 1773 3157 1830 exaudiri
3191 1741 3499 1844 orationeur

1909 1890 2081 1939 suam,
2108 1871 2300 1928 deinde
2323 1869 2555 1940 postulat
2580 1883 2644 1922 ne
2665 1866 2786 1937 ejus
2803 1866 3113 1938 deprecatio
3137 1865 3499 1937 despiciatur.

1910 1965 1953 2020 ll
1993 1965 2108 2032 Qua
2140 1963 2350 2018 ratione
2396 1959 2636 2030 intellige
2667 1959 2848 2023 homo,
2876 1959 3006 2027 quia
3052 1957 3154 2011 nisi
3190 1972 3324 2027 pura
3361 1972 3492 2011 con-

1908 2055 2133 2112 scientia
2165 2053 2473 2124 depreceris
2501 2051 2692 2119 Deum,
2733 2067 2956 2122 prorsus
2985 2066 3014 2105 a
3044 2049 3152 2106 Deo
3181 2065 3288 2105 non
3328 2065 3495 2105 exau-

1906 2149 2092 2205 dieris.

1905 2241 1939 2294 2
2045 2239 2396 2294 Contristatus
2427 2255 2543 2294 sunt
2571 2239 2622 2292 in
2652 2239 3017 2293 exercitatione
3049 2254 3160 2290 mea
3189 2251 3206 2291 :

2045 2329 2112 2384 Et
2137 2329 2476 2384 conturbatus
2512 2345 2628 2383 sum
2667 2345 2700 2398 ᾳ
2739 2340 2861 2383 voce
2891 2326 3088 2380 inimici
3126 2335 3174 2379 et
3211 2343 3242 2378 a
3271 2324 3504 2380 tribulat-

2117 2423 2258 2477 tione
2291 2421 2598 2492 peccatoris.
3491 2487 3497 2494 θ

1977 2515 2019 2571 C
2057 2501 2424 2570 Pulcherrime
2451 2512 2667 2568 Domini
2699 2527 2889 2567 cursus
2925 2511 3067 2576 vitae,
3102 2525 3210 2566 uno
3241 2523 3500 2580 sermone

1909 2609 2218 2680 exponitur.
2262 2605 2717 2662 Exercitationem
2750 2604 2981 2660 dicimus
3026 2618 3146 2673 qua:
3193 2601 3339 2657 nullo
3383 2601 3496 2656 otio

1905 2697 2258 2767 conquiescit.
2307 2695 2725 2751 Exercitabatur
2778 2692 3057 2748 miraculis
3105 2701 3160 2746 et
3205 2691 3496 2746 sanctitate

1905 2789 2184 2853 doctrinae,
2211 2785 2730 2850 etcontristabatur,
2749 2781 2892 2854 qubd
2921 2781 3394 2854 praedicationibus
3411 2796 3499 2836 sa-

1905 2879 2213 2936 luberrimis
2262 2878 2495 2934 vaesania
2540 2877 2798 2934 obstinati
2849 2875 3032 2946 populi
3061 2891 3167 2930 non
3218 2874 3496 2928 credebat.

1903 2973 1950 3027 Α
1979 2988 2110 3028 voce
2137 2971 2342 3026 inimici
2375 2971 2419 3025 Η
2449 2968 2709 3033 dicentis;
2739 2966 3114 3023 Samaritanus
3140 2980 3199 3022 es
3220 2973 3274 3020 et
3300 2965 3503 3019 dmmo—

1905 3067 2056 3121 nium
2085 3064 2255 3120 babes
2287 3063 2468 3134 (Joan.
2499 3061 2643 3132 vin),
2674 3061 3031 3116 conturbatus
3060 3074 3202 3114 sum.
3229 3056 3271 3113 C
3301 3056 3504 3111 Tribu-

1829 3131 1872 3194 θ
1906 3159 2034 3214 latio
2075 3165 2194 3212 erat
2225 3131 2546 3225 peccatoris,
2581 3131 2801 3223 quando
2827 3167 2951 3207 eum
2981 3165 3078 3206 ore
3104 3148 3504 3220 conspuebant.

1904 3244 2184 3305 caedebant
2213 3246 2402 3318 alapis,
2430 3254 2486 3300 et
2512 3244 2616 3299 alia
2647 3243 2819 3299 multa
2845 3240 3190 3313 ingerebant.

1903 3359 1960 3430 3.
2045 3359 2308 3431 Quoniam
2338 3356 2724 3412 declinaverunt
2753 3355 2808 3408 in
2836 3370 2917 3408 me
2941 3351 3240 3426 iniquitates
3271 3367 3289 3406 :

2047 3449 2113 3504 Et
2152 3449 2206 3503 in
2236 3449 2316 3503 ira
2346 3447 2548 3501 molesti
2573 3455 2721 3500 erant
2755 3445 2904 3498 mihi.

1973 3540 2014 3598 (Σ
2053 3539 2469 3599 Declinaveruut
2511 3536 2656 3594 enim
2698 3535 2751 3589 in
2798 3533 3084 3589 Dominum
3130 3531 3496 3602 iniquitatem,

1903 3634 2029 3706 quia
2061 3632 2266 3687 nullam
2292 3629 2539 3684 Voleutes
2570 3627 2814 3696 recipere
2853 3625 3144 3690 rationem,
3174 3619 3499 3676 eﬂ'usionem
3537 3621 3542 3625 ’

1903 3722 2183 3794 sanguinis
2212 3719 2513 3776 innocentis
2539 3715 2885 3788 expetebant.
2915 3715 3149 3770 Audiam
3177 3711 3498 3794 insipientes

1901 3788 2092 3878 Judaei,
2115 3821 2321 3867 tantam
2348 3825 2405 3865 se
2429 3808 2656 3866 Domino
2683 3807 2878 3863 fecisse
2923 3788 3248 3860 molestiam.
3267 3815 3495 3858 accensa

1903 3905 1982 3962 ira
2015 3915 2072 3960 ut
2097 3906 2199 3961 sibi
2225 3913 2540 3976 perpetuam
2568 3909 2940 3971 praepararent
2965 3897 3197 3952 ruinam.
3226 3895 3270 3949 Il
3301 3896 3357 3948 lu
3389 3895 3495 3957 ira;

1867 4050 1872 4055 .
1904 3999 1982 4052 ira
2016 3996 2253 4061 festuca;
2283 3995 2450 4057 trabs,
2495 3992 2698 4047 odium.
2729 3989 2810 4044 Ira
2858 3988 3165 4052 conturbat,
3209 3986 3357 4040 trabs
3403 3995 3497 4039 ex-

1902 4093 2090 4149 ezecat,
2120 4093 2180 4137 ut
2209 4083 2338 4137 illud
2367 4099 2380 4135 :
2411 4080 2682 4135 Turbatus
2713 4086 2796 4133 est
2827 4092 2937 4147 prae
2966 4078 3046 4130 ira
3081 4074 3271 4130 oculus
3319 4089 3495 4130 meus.

1903 4175 2180 4239 Molestus,
2213 4173 2266 4227 id
2293 4181 2376 4228 est
2405 4185 2598 4226 saevus.
2625 4167 2667 4223 Ο
2706 4166 2801 4222 Vel
2847 4165 3096 4222 molestia
3132 4174 3237 4231 est,
3274 4164 3512 4236 quando.

1902 4267 2234 4340 procacitate
2265 4263 2539 4335 superflua
2569 4262 2846 4317 reddimur
2869 4261 3119 4332 inquieti.

1903 4383 1938 4436 4
2046 4380 2149 4434 Cor
2171 4394 2341 4433 meum
2371 4377 2738 4432 conturbatum
2768 4385 2843 4431 est
2871 4375 2926 4430 in
2965 4391 3044 4429 me
3081 4391 3113 4437 τ,

2053 4470 2118 4524 Et
2149 4471 2374 4541 formido
2401 4469 2581 4522 mortis
2613 4467 2794 4520 cecidit
2827 4482 2982 4535 super
3011 4483 3114 4523 me.

1983 4564 2028 4618 Η
2062 4564 2167 4619 Cor
2206 4577 2384 4617 meum
2422 4559 2808 4616 conturbatum
2845 4566 2932 4613 est
2963 4558 3018 4612 in
3047 4574 3172 4629 .me,
3201 4560 3503 4615 secundum

1912 4657 2184 4713 hominem
2218 4673 2232 4709 :
2263 4653 2355 4709 sed
2403 4653 2606 4708 virtute
2647 4650 2828 4706 divina
2878 4648 3242 4705 confortatum
3285 4660 3391 4708 est.
3442 4651 3508 4703 Et

1911 4749 2164 4814 formido,
2188 4757 2294 4802 etc.
2321 4747 2360 4802 C
2393 4745 2500 4802 Sua
2527 4748 2644 4802 suis
2672 4755 2795 4815 apte
2820 4744 3138 4808 redduntur,
3162 4757 3509 4813 consequens

1914 4839 2059 4894 enim
2098 4845 2234 4902 erat,
2285 4848 2344 4892 ut
2388 4836 2544 4905 cujus
2591 4851 2686 4893 cor
2729 4833 3109 4891 conturbatqu
3148 4831 3346 4896 fuerat,
3385 4847 3512 4886 eum

1914 4933 2147 4988 formido
2188 4933 2381 4986 mortis
2423 4931 2730 4988 invaderet.
2778 4929 2987 4985 Revera
3035 4926 3252 4989 cecidit,
3286 4925 3510 4992 quando

1909 5038 2073 5074 suner
2100 5038 2226 5074 eum
2260 5022 2427 5074 Vettii.
2469 5020 2701 5074 ulterius
2745 5035 2851 5074 non
2905 5017 3154 5074 valitura.
3197 5026 3316 5074 ante
3362 5014 3507 5074 prius
