  <div class='ocr_page' id='page_1' title='image "/cluster/home/n/w/nwhite01/storage/ocr_20150623/142/hvd.32044015471808/113.png"; bbox 0 0 3986 5412; ppageno 0'>
   <div class='ocr_carea' id='block_1_1' title="bbox 527 413 630 467">
    <p class='ocr_par' dir='ltr' id='par_1_1' title="bbox 527 413 630 467">
     <span class='ocr_line' id='line_1_1' title="bbox 527 413 630 467; baseline -0.049 0"><span class='ocrx_word' id='word_1_1' title='bbox 527 413 630 467; x_wconf 65' lang='lat' dir='ltr'><strong>Elii</strong></span> 
     </span>
    </p>
   </div>
   <div class='ocr_carea' id='block_1_2' title="bbox 1442 371 2804 449">
    <p class='ocr_par' dir='ltr' id='par_1_2' title="bbox 1442 371 2804 449">
     <span class='ocr_line' id='line_1_2' title="bbox 1442 371 2804 449; baseline -0.009 -1"><span class='ocrx_word' id='word_1_2' title='bbox 1442 394 1496 449; x_wconf 85' lang='lat' dir='ltr'><strong>s.</strong></span> <span class='ocrx_word' id='word_1_3' title='bbox 1542 371 1888 447; x_wconf 72' lang='lat' dir='ltr'><strong>BRUNONlS</strong></span> <span class='ocrx_word' id='word_1_4' title='bbox 1929 377 2467 438; x_wconf 77' lang='lat' dir='ltr'><strong>llEltBlPOLENSlS</strong></span> <span class='ocrx_word' id='word_1_5' title='bbox 2499 382 2804 440; x_wconf 79' lang='lat' dir='ltr'><strong>EPISCOPI</strong></span> 
     </span>
    </p>
   </div>
   <div class='ocr_carea' id='block_1_3' title="bbox 3679 378 3780 435">
    <p class='ocr_par' dir='ltr' id='par_1_3' title="bbox 3679 378 3780 435">
     <span class='ocr_line' id='line_1_3' title="bbox 3679 378 3780 435; baseline 0 -1"><span class='ocrx_word' id='word_1_6' title='bbox 3679 378 3780 435; x_wconf 73' lang='lat' dir='ltr'><strong>2l6</strong></span> 
     </span>
    </p>
   </div>
   <div class='ocr_carea' id='block_1_4' title="bbox 528 475 2102 596">
    <p class='ocr_par' dir='ltr' id='par_1_4' title="bbox 528 504 2102 596">
     <span class='ocr_line' id='line_1_4' title="bbox 528 504 2102 596; baseline -0.022 -12"><span class='ocrx_word' id='word_1_7' title='bbox 528 529 578 596; x_wconf 83' lang='grc' dir='ltr'><strong>(Ι</strong></span> <span class='ocrx_word' id='word_1_8' title='bbox 593 527 753 582; x_wconf 84' lang='lat' dir='ltr'><strong>Joan.</strong></span> <span class='ocrx_word' id='word_1_9' title='bbox 780 525 862 593; x_wconf 87' lang='grc' dir='ltr'><strong>ιι).</strong></span> <span class='ocrx_word' id='word_1_10' title='bbox 895 513 1510 582; x_wconf 77' lang='lat' dir='ltr'><strong>Contcxeruutquideui,</strong></span> <span class='ocrx_word' id='word_1_11' title='bbox 1537 507 1627 562; x_wconf 88' lang='lat' dir='ltr'><strong>sed</strong></span> <span class='ocrx_word' id='word_1_12' title='bbox 1653 505 1777 576; x_wconf 85' lang='lat' dir='ltr'><strong>quia</strong></span> <span class='ocrx_word' id='word_1_13' title='bbox 1817 504 1904 556; x_wconf 80' lang='lat' dir='ltr'><strong>lux</strong></span> <span class='ocrx_word' id='word_1_14' title='bbox 1933 513 2102 561; x_wconf 90' lang='lat' dir='ltr'><strong>eram,</strong></span> 
     </span>
    </p>
   </div>
   <div class='ocr_carea' id='block_1_5' title="bbox 2216 475 3781 596">
    <p class='ocr_par' dir='ltr' id='par_1_5' title="bbox 2216 489 3781 564">
     <span class='ocr_line' id='line_1_5' title="bbox 2216 489 3781 564; baseline -0.001 -17"><span class='ocrx_word' id='word_1_15' title='bbox 2216 493 2338 548; x_wconf 84' lang='lat' dir='ltr'><strong>talia</strong></span> <span class='ocrx_word' id='word_1_16' title='bbox 2361 493 2526 550; x_wconf 76' lang='lat' dir='ltr'><strong>fuisse</strong></span> <span class='ocrx_word' id='word_1_17' title='bbox 2551 495 2865 559; x_wconf 86' lang='lat' dir='ltr'><strong>commissa,</strong></span> <span class='ocrx_word' id='word_1_18' title='bbox 2911 509 3030 564; x_wconf 76' lang='lat' dir='ltr'><strong>quie</strong></span> <span class='ocrx_word' id='word_1_19' title='bbox 3063 495 3147 548; x_wconf 78' lang='lat' dir='ltr'><strong>lex</strong></span> <span class='ocrx_word' id='word_1_20' title='bbox 3196 493 3379 548; x_wconf 82' lang='lat' dir='ltr'><strong>divina</strong></span> <span class='ocrx_word' id='word_1_21' title='bbox 3414 491 3711 546; x_wconf 75' lang='lat' dir='ltr'><strong>damnavit.</strong></span> <span class='ocrx_word' id='word_1_22' title='bbox 3739 489 3781 545; x_wconf 84' lang='lat' dir='ltr'><strong>ll</strong></span> 
     </span>
    </p>
   </div>
   <div class='ocr_carea' id='block_1_6' title="bbox 526 606 1246 688">
    <p class='ocr_par' dir='ltr' id='par_1_6' title="bbox 526 606 1246 688">
     <span class='ocr_line' id='line_1_6' title="bbox 526 606 1246 688; baseline -0.022 -14"><span class='ocrx_word' id='word_1_23' title='bbox 526 633 632 674; x_wconf 89' lang='lat' dir='ltr'><strong>non</strong></span> <span class='ocrx_word' id='word_1_24' title='bbox 661 608 1202 688; x_wconf 82' lang='lat' dir='ltr'><strong>comprehenderunt.</strong></span> <span class='ocrx_word' id='word_1_25' title='bbox 1230 606 1246 616; x_wconf 84' lang='lat'><em>&quot;</em></span> 
     </span>
    </p>
   </div>
   <div class='ocr_carea' id='block_1_7' title="bbox 524 685 2103 776">
    <p class='ocr_par' dir='ltr' id='par_1_7' title="bbox 524 685 2103 776">
     <span class='ocr_line' id='line_1_7' title="bbox 524 685 2103 776; baseline -0.018 -14"><span class='ocrx_word' id='word_1_26' title='bbox 524 707 557 776; x_wconf 74' lang='grc'>6</span> <span class='ocrx_word' id='word_1_27' title='bbox 619 691 735 758; x_wconf 66' lang='grc' dir='ltr'>Ἐι</span> <span class='ocrx_word' id='word_1_28' title='bbox 761 701 874 755; x_wconf 73' lang='lat' dir='ltr'><strong>dixi</strong></span> <span class='ocrx_word' id='word_1_29' title='bbox 899 717 911 752; x_wconf 91' lang='lat'>:</span> <span class='ocrx_word' id='word_1_30' title='bbox 944 698 1075 766; x_wconf 84' lang='lat' dir='ltr'><strong>Quis</strong></span> <span class='ocrx_word' id='word_1_31' title='bbox 1106 685 1251 751; x_wconf 84' lang='lat' dir='ltr'><strong>dabit</strong></span> <span class='ocrx_word' id='word_1_32' title='bbox 1280 693 1415 748; x_wconf 83' lang='lat' dir='ltr'><strong>mihi</strong></span> <span class='ocrx_word' id='word_1_33' title='bbox 1447 707 1644 763; x_wconf 77' lang='lat' dir='ltr'><strong>pennas</strong></span> <span class='ocrx_word' id='word_1_34' title='bbox 1693 699 1754 743; x_wconf 62' lang='grc' dir='ltr'><strong>σι»</strong></span> <span class='ocrx_word' id='word_1_35' title='bbox 1799 689 1930 740; x_wconf 88' lang='lat' dir='ltr'><strong>sicut</strong></span> <span class='ocrx_word' id='word_1_36' title='bbox 1965 685 1983 755; x_wconf 73' lang='grc' dir='ltr'>ζ</span> <span class='ocrx_word' id='word_1_37' title='bbox 2015 701 2103 736; x_wconf 82' lang='lat' dir='ltr'><strong>co-</strong></span> 
     </span>
    </p>
   </div>
   <div class='ocr_carea' id='block_1_8' title="bbox 740 782 2020 838">
    <p class='ocr_par' dir='ltr' id='par_1_8' title="bbox 740 782 2020 838">
     <span class='ocr_line' id='line_1_8' title="bbox 740 782 2020 838; baseline -0.006 -2"><span class='ocrx_word' id='word_1_38' title='bbox 740 782 929 838; x_wconf 66' lang='lat' dir='ltr'><strong>lumba</strong></span> <span class='ocrx_word' id='word_1_39' title='bbox 960 797 984 835; x_wconf 64' lang='grc' dir='ltr'><strong><em>ε</em></strong></span> <span class='ocrx_word' id='word_1_40' title='bbox 2017 799 2020 801; x_wconf 54' lang='grc' dir='ltr'>λ</span> 
     </span>
    </p>
   </div>
   <div class='ocr_carea' id='block_1_9' title="bbox 663 855 1432 927">
    <p class='ocr_par' dir='ltr' id='par_1_9' title="bbox 663 855 1432 927">
     <span class='ocr_line' id='line_1_9' title="bbox 663 855 1432 927; baseline -0.013 -9"><span class='ocrx_word' id='word_1_41' title='bbox 663 857 733 918; x_wconf 78' lang='lat' dir='ltr'><strong>Et</strong></span> <span class='ocrx_word' id='word_1_42' title='bbox 765 861 948 918; x_wconf 82' lang='lat' dir='ltr'><strong>volabo</strong></span> <span class='ocrx_word' id='word_1_43' title='bbox 983 869 1030 914; x_wconf 89' lang='lat' dir='ltr'><strong>et</strong></span> <span class='ocrx_word' id='word_1_44' title='bbox 1067 858 1383 927; x_wconf 74' lang='lat' dir='ltr'><strong>requiescam</strong></span> <span class='ocrx_word' id='word_1_45' title='bbox 1406 855 1432 907; x_wconf 81' lang='lat'><strong>.’</strong></span> 
     </span>
    </p>
   </div>
   <div class='ocr_carea' id='block_1_10' title="bbox 589 941 2106 1025">
    <p class='ocr_par' dir='ltr' id='par_1_10' title="bbox 589 941 2106 1025">
     <span class='ocr_line' id='line_1_10' title="bbox 589 941 2106 1025; baseline -0.014 -11"><span class='ocrx_word' id='word_1_46' title='bbox 589 945 631 1014; x_wconf 71' lang='grc' dir='ltr'><strong><em>ε</em></strong></span> <span class='ocrx_word' id='word_1_47' title='bbox 657 955 790 1025; x_wconf 82' lang='lat' dir='ltr'><strong>Quis</strong></span> <span class='ocrx_word' id='word_1_48' title='bbox 812 953 964 1010; x_wconf 83' lang='lat' dir='ltr'><strong>dabit</strong></span> <span class='ocrx_word' id='word_1_49' title='bbox 986 951 1141 1016; x_wconf 82' lang='lat' dir='ltr'><strong>mihi,</strong></span> <span class='ocrx_word' id='word_1_50' title='bbox 1166 949 1375 1005; x_wconf 88' lang='lat' dir='ltr'><strong>scilicet</strong></span> <span class='ocrx_word' id='word_1_51' title='bbox 1403 947 1506 1002; x_wconf 90' lang='lat' dir='ltr'><strong>nisi</strong></span> <span class='ocrx_word' id='word_1_52' title='bbox 1537 955 1591 1000; x_wconf 92' lang='lat' dir='ltr'><strong>tu</strong></span> <span class='ocrx_word' id='word_1_53' title='bbox 1616 944 1776 998; x_wconf 82' lang='lat' dir='ltr'><strong>Pater</strong></span> <span class='ocrx_word' id='word_1_54' title='bbox 1799 941 1891 1012; x_wconf 84' lang='lat' dir='ltr'><strong>qui</strong></span> <span class='ocrx_word' id='word_1_55' title='bbox 1916 942 2106 995; x_wconf 79' lang='lat' dir='ltr'><strong>huma-</strong></span> 
     </span>
    </p>
   </div>
   <div class='ocr_carea' id='block_1_11' title="bbox 520 1037 2106 1115">
    <p class='ocr_par' dir='ltr' id='par_1_11' title="bbox 520 1037 2106 1115">
     <span class='ocr_line' id='line_1_11' title="bbox 520 1037 2106 1115; baseline -0.013 -6"><span class='ocrx_word' id='word_1_56' title='bbox 520 1070 643 1109; x_wconf 88' lang='lat' dir='ltr'><strong>nam</strong></span> <span class='ocrx_word' id='word_1_57' title='bbox 674 1061 921 1107; x_wconf 87' lang='lat' dir='ltr'><strong>naturam</strong></span> <span class='ocrx_word' id='word_1_58' title='bbox 951 1049 1016 1103; x_wconf 90' lang='lat' dir='ltr'><strong>ad</strong></span> <span class='ocrx_word' id='word_1_59' title='bbox 1044 1050 1305 1103; x_wconf 70' lang='lat' dir='ltr'><strong>caelorum</strong></span> <span class='ocrx_word' id='word_1_60' title='bbox 1333 1057 1493 1115; x_wconf 79' lang='lat' dir='ltr'><strong>regna</strong></span> <span class='ocrx_word' id='word_1_61' title='bbox 1538 1039 1806 1112; x_wconf 80' lang='lat' dir='ltr'><strong>perducis.</strong></span> <span class='ocrx_word' id='word_1_62' title='bbox 1844 1037 2043 1093; x_wconf 62' lang='lat' dir='ltr'><strong>Pennas</strong></span> <span class='ocrx_word' id='word_1_63' title='bbox 2073 1050 2106 1088; x_wconf 75' lang='grc' dir='ltr'><strong>ιι</strong></span> 
     </span>
    </p>
   </div>
   <div class='ocr_carea' id='block_1_12' title="bbox 516 1132 2105 1215">
    <p class='ocr_par' dir='ltr' id='par_1_12' title="bbox 516 1132 2105 1215">
     <span class='ocr_line' id='line_1_12' title="bbox 516 1132 2105 1215; baseline -0.009 -21"><span class='ocrx_word' id='word_1_64' title='bbox 516 1143 793 1215; x_wconf 74' lang='lat' dir='ltr'><strong>pendentia</strong></span> <span class='ocrx_word' id='word_1_65' title='bbox 841 1142 1020 1196; x_wconf 75' lang='lat' dir='ltr'><strong>dieue.</strong></span> <span class='ocrx_word' id='word_1_66' title='bbox 1078 1137 1286 1208; x_wconf 88' lang='lat' dir='ltr'><strong>lnspice</strong></span> <span class='ocrx_word' id='word_1_67' title='bbox 1349 1151 1481 1191; x_wconf 84' lang='lat' dir='ltr'><strong>vero</strong></span> <span class='ocrx_word' id='word_1_68' title='bbox 1534 1132 1678 1203; x_wconf 88' lang='lat' dir='ltr'><strong>quod</strong></span> <span class='ocrx_word' id='word_1_69' title='bbox 1729 1143 1936 1201; x_wconf 80' lang='lat' dir='ltr'><strong>pennas</strong></span> <span class='ocrx_word' id='word_1_70' title='bbox 1997 1141 2105 1181; x_wconf 88' lang='lat' dir='ltr'><strong>non</strong></span> 
     </span>
    </p>
   </div>
   <div class='ocr_carea' id='block_1_13' title="bbox 516 1219 2106 1308">
    <p class='ocr_par' dir='ltr' id='par_1_13' title="bbox 516 1219 2106 1308">
     <span class='ocr_line' id='line_1_13' title="bbox 516 1219 2106 1308; baseline -0.013 -15"><span class='ocrx_word' id='word_1_71' title='bbox 516 1238 736 1308; x_wconf 63' lang='lat' dir='ltr'><strong>aquilas,</strong></span> <span class='ocrx_word' id='word_1_72' title='bbox 763 1251 867 1291; x_wconf 88' lang='lat' dir='ltr'><strong>nou</strong></span> <span class='ocrx_word' id='word_1_73' title='bbox 895 1232 1169 1304; x_wconf 87' lang='lat' dir='ltr'><strong>accipitris</strong></span> <span class='ocrx_word' id='word_1_74' title='bbox 1193 1231 1364 1300; x_wconf 88' lang='lat' dir='ltr'><strong>petiit,</strong></span> <span class='ocrx_word' id='word_1_75' title='bbox 1389 1229 1483 1284; x_wconf 84' lang='lat' dir='ltr'><strong>sed</strong></span> <span class='ocrx_word' id='word_1_76' title='bbox 1509 1225 1790 1286; x_wconf 71' lang='lat' dir='ltr'><strong>columbze,</strong></span> <span class='ocrx_word' id='word_1_77' title='bbox 1816 1237 1938 1292; x_wconf 68' lang='lat' dir='ltr'><strong>quae</strong></span> <span class='ocrx_word' id='word_1_78' title='bbox 1962 1219 2106 1274; x_wconf 76' lang='lat' dir='ltr'><strong>dicta</strong></span> 
     </span>
    </p>
   </div>
   <div class='ocr_carea' id='block_1_14' title="bbox 517 1318 2106 1399">
    <p class='ocr_par' dir='ltr' id='par_1_14' title="bbox 517 1318 2106 1399">
     <span class='ocr_line' id='line_1_14' title="bbox 517 1318 2106 1399; baseline -0.016 -13"><span class='ocrx_word' id='word_1_79' title='bbox 517 1339 603 1386; x_wconf 83' lang='lat' dir='ltr'><strong>est</strong></span> <span class='ocrx_word' id='word_1_80' title='bbox 641 1327 796 1399; x_wconf 84' lang='lat' dir='ltr'><strong>quasi</strong></span> <span class='ocrx_word' id='word_1_81' title='bbox 842 1326 992 1382; x_wconf 61' lang='lat' dir='ltr'><strong>cellte</strong></span> <span class='ocrx_word' id='word_1_82' title='bbox 1025 1323 1264 1387; x_wconf 82' lang='lat' dir='ltr'><strong>alumna,</strong></span> <span class='ocrx_word' id='word_1_83' title='bbox 1313 1322 1430 1376; x_wconf 87' lang='lat' dir='ltr'><strong>avis</strong></span> <span class='ocrx_word' id='word_1_84' title='bbox 1479 1319 1766 1378; x_wconf 86' lang='lat' dir='ltr'><strong>innocens,</strong></span> <span class='ocrx_word' id='word_1_85' title='bbox 1801 1318 2106 1375; x_wconf 80' lang='lat' dir='ltr'><strong>mansueta,</strong></span> 
     </span>
    </p>
   </div>
   <div class='ocr_carea' id='block_1_15' title="bbox 517 1400 2104 1490">
    <p class='ocr_par' dir='ltr' id='par_1_15' title="bbox 517 1400 2104 1490">
     <span class='ocr_line' id='line_1_15' title="bbox 517 1400 2104 1490; baseline -0.012 -19"><span class='ocrx_word' id='word_1_86' title='bbox 517 1433 638 1490; x_wconf 74' lang='lat' dir='ltr'><strong>quie</strong></span> <span class='ocrx_word' id='word_1_87' title='bbox 691 1415 994 1472; x_wconf 88' lang='lat' dir='ltr'><strong>l-nnullum</strong></span> <span class='ocrx_word' id='word_1_88' title='bbox 1033 1410 1233 1469; x_wconf 79' lang='lat' dir='ltr'><strong>animal</strong></span> <span class='ocrx_word' id='word_1_89' title='bbox 1278 1411 1444 1466; x_wconf 74' lang='lat' dir='ltr'><strong>fellita</strong></span> <span class='ocrx_word' id='word_1_90' title='bbox 1485 1406 1759 1462; x_wconf 88' lang='lat' dir='ltr'><strong>voluntate</strong></span> <span class='ocrx_word' id='word_1_91' title='bbox 1806 1400 2104 1470; x_wconf 85' lang='lat' dir='ltr'><strong>consurgit,</strong></span> 
     </span>
    </p>
   </div>
   <div class='ocr_carea' id='block_1_16' title="bbox 517 1491 2110 1575">
    <p class='ocr_par' dir='ltr' id='par_1_16' title="bbox 517 1491 2110 1575">
     <span class='ocr_line' id='line_1_16' title="bbox 517 1491 2110 1575; baseline -0.013 -10"><span class='ocrx_word' id='word_1_92' title='bbox 517 1508 715 1565; x_wconf 85' lang='lat' dir='ltr'><strong>merito</strong></span> <span class='ocrx_word' id='word_1_93' title='bbox 743 1507 882 1563; x_wconf 92' lang='lat' dir='ltr'><strong>illius</strong></span> <span class='ocrx_word' id='word_1_94' title='bbox 911 1517 1114 1575; x_wconf 82' lang='lat' dir='ltr'><strong>pennas</strong></span> <span class='ocrx_word' id='word_1_95' title='bbox 1138 1503 1385 1559; x_wconf 75' lang='lat' dir='ltr'><strong>Christus</strong></span> <span class='ocrx_word' id='word_1_96' title='bbox 1414 1499 1590 1570; x_wconf 90' lang='lat' dir='ltr'><strong>petiit,</strong></span> <span class='ocrx_word' id='word_1_97' title='bbox 1631 1495 1686 1549; x_wconf 90' lang='lat' dir='ltr'><strong>in</strong></span> <span class='ocrx_word' id='word_1_98' title='bbox 1725 1492 1880 1560; x_wconf 84' lang='lat' dir='ltr'><strong>cujus</strong></span> <span class='ocrx_word' id='word_1_99' title='bbox 1924 1491 2110 1560; x_wconf 70' lang='lat' dir='ltr'><strong>specie</strong></span> 
     </span>
    </p>
   </div>
   <div class='ocr_carea' id='block_1_17' title="bbox 517 1583 2104 1672">
    <p class='ocr_par' dir='ltr' id='par_1_17' title="bbox 517 1583 2104 1672">
     <span class='ocr_line' id='line_1_17' title="bbox 517 1583 2104 1672; baseline -0.014 -16"><span class='ocrx_word' id='word_1_100' title='bbox 517 1616 683 1672; x_wconf 80' lang='lat' dir='ltr'><strong>super</strong></span> <span class='ocrx_word' id='word_1_101' title='bbox 726 1615 849 1656; x_wconf 88' lang='lat' dir='ltr'><strong>eum</strong></span> <span class='ocrx_word' id='word_1_102' title='bbox 895 1598 1131 1669; x_wconf 86' lang='lat' dir='ltr'><strong>Spiritus</strong></span> <span class='ocrx_word' id='word_1_103' title='bbox 1175 1605 1396 1652; x_wconf 87' lang='lat' dir='ltr'><strong>sanctus</strong></span> <span class='ocrx_word' id='word_1_104' title='bbox 1444 1588 1695 1660; x_wconf 79' lang='lat' dir='ltr'><strong>apparuit</strong></span> <span class='ocrx_word' id='word_1_105' title='bbox 1743 1585 1962 1658; x_wconf 77' lang='lat' dir='ltr'><strong>(Matth.</strong></span> <span class='ocrx_word' id='word_1_106' title='bbox 2001 1583 2104 1653; x_wconf 90' lang='grc' dir='ltr'>ιιι).</span> 
     </span>
    </p>
   </div>
   <div class='ocr_carea' id='block_1_18' title="bbox 516 1685 2108 1759">
    <p class='ocr_par' dir='ltr' id='par_1_18' title="bbox 516 1685 2108 1759">
     <span class='ocr_line' id='line_1_18' title="bbox 516 1685 2108 1759; baseline -0.014 -8"><span class='ocrx_word' id='word_1_107' title='bbox 516 1695 741 1759; x_wconf 72' lang='lat' dir='ltr'><strong>Volabo,</strong></span> <span class='ocrx_word' id='word_1_108' title='bbox 763 1696 814 1750; x_wconf 86' lang='lat' dir='ltr'><strong>id</strong></span> <span class='ocrx_word' id='word_1_109' title='bbox 842 1702 923 1748; x_wconf 90' lang='lat' dir='ltr'><strong>est</strong></span> <span class='ocrx_word' id='word_1_110' title='bbox 952 1692 1238 1748; x_wconf 86' lang='lat' dir='ltr'><strong>celerrima</strong></span> <span class='ocrx_word' id='word_1_111' title='bbox 1262 1703 1348 1742; x_wconf 90' lang='lat' dir='ltr'><strong>me</strong></span> <span class='ocrx_word' id='word_1_112' title='bbox 1369 1685 1646 1739; x_wconf 81' lang='lat' dir='ltr'><strong>voluntate</strong></span> <span class='ocrx_word' id='word_1_113' title='bbox 1668 1686 2108 1748; x_wconf 86' lang='lat' dir='ltr'><strong>transponam,ut</strong></span> 
     </span>
    </p>
   </div>
   <div class='ocr_carea' id='block_1_19' title="bbox 515 1775 2108 1854">
    <p class='ocr_par' dir='ltr' id='par_1_19' title="bbox 515 1775 2108 1854">
     <span class='ocr_line' id='line_1_19' title="bbox 515 1775 2108 1854; baseline -0.016 -11"><span class='ocrx_word' id='word_1_114' title='bbox 515 1789 586 1843; x_wconf 84' lang='lat' dir='ltr'><strong>ah</strong></span> <span class='ocrx_word' id='word_1_115' title='bbox 611 1801 800 1842; x_wconf 89' lang='lat' dir='ltr'><strong>eorum</strong></span> <span class='ocrx_word' id='word_1_116' title='bbox 832 1785 1122 1854; x_wconf 87' lang='lat' dir='ltr'><strong>iniquitate</strong></span> <span class='ocrx_word' id='word_1_117' title='bbox 1139 1780 1420 1854; x_wconf 84' lang='lat' dir='ltr'><strong>quiescam</strong></span> <span class='ocrx_word' id='word_1_118' title='bbox 1451 1775 1544 1846; x_wconf 86' lang='lat' dir='ltr'><strong>qui</strong></span> <span class='ocrx_word' id='word_1_119' title='bbox 1567 1787 1659 1829; x_wconf 82' lang='lat' dir='ltr'><strong>me</strong></span> <span class='ocrx_word' id='word_1_120' title='bbox 1686 1776 2108 1842; x_wconf 81' lang='lat' dir='ltr'><strong>persequuntur,</strong></span> 
     </span>
    </p>
   </div>
   <div class='ocr_carea' id='block_1_20' title="bbox 515 1877 1076 1935">
    <p class='ocr_par' dir='ltr' id='par_1_20' title="bbox 515 1877 1076 1935">
     <span class='ocr_line' id='line_1_20' title="bbox 515 1877 1076 1935; baseline -0.009 -1"><span class='ocrx_word' id='word_1_121' title='bbox 515 1880 720 1935; x_wconf 77' lang='lat' dir='ltr'><strong>scilicet</strong></span> <span class='ocrx_word' id='word_1_122' title='bbox 747 1877 1076 1933; x_wconf 64' lang='lat' dir='ltr'><strong>Iudaeorum.</strong></span> 
     </span>
    </p>
   </div>
   <div class='ocr_carea' id='block_1_21' title="bbox 513 1965 1340 2036">
    <p class='ocr_par' dir='ltr' id='par_1_21' title="bbox 513 1965 1340 2036">
     <span class='ocr_line' id='line_1_21' title="bbox 513 1965 1340 2036; baseline -0.01 -11"><span class='ocrx_word' id='word_1_123' title='bbox 513 1971 552 2024; x_wconf 86' lang='lat'><strong>7</strong></span> <span class='ocrx_word' id='word_1_124' title='bbox 658 1969 795 2025; x_wconf 76' lang='lat' dir='ltr'><strong>Ecce</strong></span> <span class='ocrx_word' id='word_1_125' title='bbox 824 1968 1064 2036; x_wconf 82' lang='lat' dir='ltr'><strong>elongavi</strong></span> <span class='ocrx_word' id='word_1_126' title='bbox 1083 1965 1286 2035; x_wconf 77' lang='lat' dir='ltr'><strong>fugiens</strong></span> <span class='ocrx_word' id='word_1_127' title='bbox 1318 1978 1340 2016; x_wconf 80' lang='lat'><strong>.&#39;</strong></span> 
     </span>
    </p>
   </div>
   <div class='ocr_carea' id='block_1_22' title="bbox 658 2049 1716 2119">
    <p class='ocr_par' dir='ltr' id='par_1_22' title="bbox 658 2049 1716 2119">
     <span class='ocr_line' id='line_1_22' title="bbox 658 2049 1716 2119; baseline -0.011 -7"><span class='ocrx_word' id='word_1_128' title='bbox 658 2057 725 2112; x_wconf 82' lang='lat' dir='ltr'><strong>Et</strong></span> <span class='ocrx_word' id='word_1_129' title='bbox 766 2059 936 2112; x_wconf 80' lang='lat' dir='ltr'><strong>mansi</strong></span> <span class='ocrx_word' id='word_1_130' title='bbox 966 2060 1020 2111; x_wconf 88' lang='lat' dir='ltr'><strong>in</strong></span> <span class='ocrx_word' id='word_1_131' title='bbox 1049 2055 1352 2110; x_wconf 74' lang='lat' dir='ltr'><strong>solitudine.</strong></span> <span class='ocrx_word' id='word_1_132' title='bbox 1387 2049 1716 2119; x_wconf 83' lang='lat' dir='ltr'><strong>Diapsa‘lma.</strong></span> 
     </span>
    </p>
   </div>
   <div class='ocr_carea' id='block_1_23' title="bbox 524 2131 2110 2218">
    <p class='ocr_par' dir='ltr' id='par_1_23' title="bbox 524 2131 2110 2218">
     <span class='ocr_line' id='line_1_23' title="bbox 524 2131 2110 2218; baseline -0.015 -11"><span class='ocrx_word' id='word_1_133' title='bbox 524 2150 526 2152; x_wconf 70' lang='grc'>’</span> <span class='ocrx_word' id='word_1_134' title='bbox 588 2147 634 2206; x_wconf 84' lang='grc' dir='ltr'><strong>Π</strong></span> <span class='ocrx_word' id='word_1_135' title='bbox 671 2149 814 2205; x_wconf 81' lang='lat' dir='ltr'><strong>Ecce</strong></span> <span class='ocrx_word' id='word_1_136' title='bbox 837 2146 1087 2218; x_wconf 78' lang='lat' dir='ltr'><strong>elongavi</strong></span> <span class='ocrx_word' id='word_1_137' title='bbox 1108 2161 1136 2201; x_wconf 88' lang='lat' dir='ltr'><strong>a</strong></span> <span class='ocrx_word' id='word_1_138' title='bbox 1165 2143 1390 2208; x_wconf 67' lang='lat' dir='ltr'><strong>Iudicis,</strong></span> <span class='ocrx_word' id='word_1_139' title='bbox 1421 2140 1623 2196; x_wconf 85' lang='lat' dir='ltr'><strong>scilicet</strong></span> <span class='ocrx_word' id='word_1_140' title='bbox 1661 2136 1787 2205; x_wconf 83' lang='lat' dir='ltr'><strong>quia</strong></span> <span class='ocrx_word' id='word_1_141' title='bbox 1836 2131 1994 2200; x_wconf 86' lang='lat' dir='ltr'><strong>longe</strong></span> <span class='ocrx_word' id='word_1_142' title='bbox 2025 2136 2110 2184; x_wconf 91' lang='lat' dir='ltr'><strong>est</strong></span> 
     </span>
    </p>
   </div>
   <div class='ocr_carea' id='block_1_24' title="bbox 513 2220 2108 2310">
    <p class='ocr_par' dir='ltr' id='par_1_24' title="bbox 513 2220 2108 2310">
     <span class='ocr_line' id='line_1_24' title="bbox 513 2220 2108 2310; baseline -0.013 -14"><span class='ocrx_word' id='word_1_143' title='bbox 513 2259 544 2296; x_wconf 89' lang='lat' dir='ltr'><strong>a</strong></span> <span class='ocrx_word' id='word_1_144' title='bbox 595 2239 974 2310; x_wconf 87' lang='lat' dir='ltr'><strong>peccatoribus</strong></span> <span class='ocrx_word' id='word_1_145' title='bbox 1025 2236 1192 2292; x_wconf 87' lang='lat' dir='ltr'><strong>salus.</strong></span> <span class='ocrx_word' id='word_1_146' title='bbox 1232 2236 1302 2290; x_wconf 89' lang='lat' dir='ltr'><strong>Et</strong></span> <span class='ocrx_word' id='word_1_147' title='bbox 1346 2249 1468 2288; x_wconf 90' lang='lat' dir='ltr'><strong>cum</strong></span> <span class='ocrx_word' id='word_1_148' title='bbox 1515 2225 1768 2300; x_wconf 88' lang='lat' dir='ltr'><strong>gentibus</strong></span> <span class='ocrx_word' id='word_1_149' title='bbox 1815 2220 2108 2276; x_wconf 83' lang='lat' dir='ltr'><strong>incredulis</strong></span> 
     </span>
    </p>
   </div>
   <div class='ocr_carea' id='block_1_25' title="bbox 513 2313 2107 2399">
    <p class='ocr_par' dir='ltr' id='par_1_25' title="bbox 513 2313 2107 2399">
     <span class='ocr_line' id='line_1_25' title="bbox 513 2313 2107 2399; baseline -0.011 -15"><span class='ocrx_word' id='word_1_150' title='bbox 513 2330 714 2395; x_wconf 86' lang='lat' dir='ltr'><strong>mansi,</strong></span> <span class='ocrx_word' id='word_1_151' title='bbox 743 2343 876 2399; x_wconf 82' lang='lat' dir='ltr'><strong>quas</strong></span> <span class='ocrx_word' id='word_1_152' title='bbox 924 2328 977 2383; x_wconf 90' lang='lat' dir='ltr'><strong>in</strong></span> <span class='ocrx_word' id='word_1_153' title='bbox 1014 2327 1248 2381; x_wconf 89' lang='lat' dir='ltr'><strong>adventu</strong></span> <span class='ocrx_word' id='word_1_154' title='bbox 1284 2339 1405 2378; x_wconf 89' lang='lat' dir='ltr'><strong>meo</strong></span> <span class='ocrx_word' id='word_1_155' title='bbox 1433 2322 1628 2375; x_wconf 87' lang='lat' dir='ltr'><strong>ﬂorere</strong></span> <span class='ocrx_word' id='word_1_156' title='bbox 1653 2316 1781 2372; x_wconf 78' lang='lat' dir='ltr'><strong>feci.</strong></span> <span class='ocrx_word' id='word_1_157' title='bbox 1808 2316 1884 2370; x_wconf 87' lang='lat' dir='ltr'><strong>De</strong></span> <span class='ocrx_word' id='word_1_158' title='bbox 1910 2313 2107 2383; x_wconf 84' lang='lat' dir='ltr'><strong>quibus</strong></span> 
     </span>
    </p>
   </div>
   <div class='ocr_carea' id='block_1_26' title="bbox 515 2410 2105 2494">
    <p class='ocr_par' dir='ltr' id='par_1_26' title="bbox 515 2410 2105 2494">
     <span class='ocr_line' id='line_1_26' title="bbox 515 2410 2105 2494; baseline -0.013 -15"><span class='ocrx_word' id='word_1_159' title='bbox 515 2424 656 2479; x_wconf 76' lang='lat' dir='ltr'><strong>alius</strong></span> <span class='ocrx_word' id='word_1_160' title='bbox 705 2425 782 2478; x_wconf 85' lang='lat' dir='ltr'><strong>ait</strong></span> <span class='ocrx_word' id='word_1_161' title='bbox 831 2423 1094 2494; x_wconf 82' lang='lat' dir='ltr'><strong>propheta</strong></span> <span class='ocrx_word' id='word_1_162' title='bbox 1144 2438 1157 2474; x_wconf 93' lang='lat'>:</span> <span class='ocrx_word' id='word_1_163' title='bbox 1208 2417 1447 2473; x_wconf 70' lang='lat' dir='ltr'><strong>Lietetur</strong></span> <span class='ocrx_word' id='word_1_164' title='bbox 1488 2424 1545 2470; x_wconf 89' lang='lat' dir='ltr'><strong>et</strong></span> <span class='ocrx_word' id='word_1_165' title='bbox 1591 2411 1782 2468; x_wconf 78' lang='lat' dir='ltr'><strong>ﬂoreat</strong></span> <span class='ocrx_word' id='word_1_166' title='bbox 1831 2410 2105 2463; x_wconf 86' lang='lat' dir='ltr'><strong>desertum</strong></span> 
     </span>
    </p>
   </div>
   <div class='ocr_carea' id='block_1_27' title="bbox 513 2513 891 2585">
    <p class='ocr_par' dir='ltr' id='par_1_27' title="bbox 513 2513 891 2585">
     <span class='ocr_line' id='line_1_27' title="bbox 513 2513 891 2585; baseline -0.003 -16"><span class='ocrx_word' id='word_1_167' title='bbox 513 2513 671 2585; x_wconf 80' lang='lat' dir='ltr'><strong>(Isai.</strong></span> <span class='ocrx_word' id='word_1_168' title='bbox 704 2516 891 2584; x_wconf 75' lang='lat' dir='ltr'><strong>xxxv).</strong></span> 
     </span>
    </p>
   </div>
   <div class='ocr_carea' id='block_1_28' title="bbox 513 2596 1816 2676">
    <p class='ocr_par' dir='ltr' id='par_1_28' title="bbox 513 2596 1816 2676">
     <span class='ocr_line' id='line_1_28' title="bbox 513 2596 1816 2676; baseline -0.008 -17"><span class='ocrx_word' id='word_1_169' title='bbox 513 2603 552 2659; x_wconf 82' lang='lat'><strong>8</strong></span> <span class='ocrx_word' id='word_1_170' title='bbox 654 2603 1037 2676; x_wconf 73' lang='lat' dir='ltr'><strong>Exspectabam</strong></span> <span class='ocrx_word' id='word_1_171' title='bbox 1059 2621 1175 2658; x_wconf 87' lang='lat' dir='ltr'><strong>eum</strong></span> <span class='ocrx_word' id='word_1_172' title='bbox 1200 2603 1292 2667; x_wconf 90' lang='lat' dir='ltr'><strong>qui</strong></span> <span class='ocrx_word' id='word_1_173' title='bbox 1316 2599 1515 2655; x_wconf 78' lang='lat' dir='ltr'><strong>salvum</strong></span> <span class='ocrx_word' id='word_1_174' title='bbox 1545 2613 1626 2651; x_wconf 86' lang='lat' dir='ltr'><strong>me</strong></span> <span class='ocrx_word' id='word_1_175' title='bbox 1647 2596 1768 2665; x_wconf 84' lang='lat' dir='ltr'><strong>fecit</strong></span> <span class='ocrx_word' id='word_1_176' title='bbox 1798 2609 1816 2648; x_wconf 85' lang='lat'><strong>:</strong></span> 
     </span>
    </p>
   </div>
   <div class='ocr_carea' id='block_1_29' title="bbox 659 2681 1826 2765">
    <p class='ocr_par' dir='ltr' id='par_1_29' title="bbox 659 2681 1826 2765">
     <span class='ocr_line' id='line_1_29' title="bbox 659 2681 1826 2765; baseline -0.011 -17"><span class='ocrx_word' id='word_1_177' title='bbox 659 2696 699 2748; x_wconf 73' lang='grc' dir='ltr'><em>Α</em></span> <span class='ocrx_word' id='word_1_178' title='bbox 728 2681 1162 2765; x_wconf 72' lang='lat' dir='ltr'><strong>pusillanimitate</strong></span> <span class='ocrx_word' id='word_1_179' title='bbox 1189 2691 1402 2761; x_wconf 70' lang='lat' dir='ltr'><strong>spiritus</strong></span> <span class='ocrx_word' id='word_1_180' title='bbox 1429 2699 1477 2742; x_wconf 90' lang='lat' dir='ltr'><strong>et</strong></span> <span class='ocrx_word' id='word_1_181' title='bbox 1506 2693 1826 2754; x_wconf 79' lang='lat' dir='ltr'><strong>tempestate.</strong></span> 
     </span>
    </p>
   </div>
   <div class='ocr_carea' id='block_1_30' title="bbox 588 2772 2105 2850">
    <p class='ocr_par' dir='ltr' id='par_1_30' title="bbox 588 2772 2105 2850">
     <span class='ocr_line' id='line_1_30' title="bbox 588 2772 2105 2850; baseline -0.01 -10"><span class='ocrx_word' id='word_1_182' title='bbox 588 2787 628 2840; x_wconf 85' lang='lat' dir='ltr'><strong>C</strong></span> <span class='ocrx_word' id='word_1_183' title='bbox 665 2785 989 2840; x_wconf 78' lang='lat' dir='ltr'><strong>PrOqutt&#39;rat</strong></span> <span class='ocrx_word' id='word_1_184' title='bbox 1027 2783 1170 2838; x_wconf 79' lang='lat' dir='ltr'><strong>enim</strong></span> <span class='ocrx_word' id='word_1_185' title='bbox 1201 2797 1259 2837; x_wconf 81' lang='lat' dir='ltr'><strong>se</strong></span> <span class='ocrx_word' id='word_1_186' title='bbox 1299 2778 1606 2850; x_wconf 65' lang='lat' dir='ltr'><strong>praesidium</strong></span> <span class='ocrx_word' id='word_1_187' title='bbox 1644 2782 1958 2843; x_wconf 75' lang='lat' dir='ltr'><strong>exspectare</strong></span> <span class='ocrx_word' id='word_1_188' title='bbox 2002 2772 2105 2826; x_wconf 81' lang='lat' dir='ltr'><strong>Pa-</strong></span> 
     </span>
    </p>
   </div>
   <div class='ocr_carea' id='block_1_31' title="bbox 514 2861 2099 2943">
    <p class='ocr_par' dir='ltr' id='par_1_31' title="bbox 514 2861 2099 2943">
     <span class='ocr_line' id='line_1_31' title="bbox 514 2861 2099 2943; baseline -0.008 -15"><span class='ocrx_word' id='word_1_189' title='bbox 514 2878 637 2940; x_wconf 84' lang='lat' dir='ltr'><strong>tris,</strong></span> <span class='ocrx_word' id='word_1_190' title='bbox 663 2874 755 2943; x_wconf 85' lang='lat' dir='ltr'><strong>qui</strong></span> <span class='ocrx_word' id='word_1_191' title='bbox 785 2890 906 2929; x_wconf 88' lang='lat' dir='ltr'><strong>eum</strong></span> <span class='ocrx_word' id='word_1_192' title='bbox 934 2880 1148 2942; x_wconf 84' lang='lat' dir='ltr'><strong>poterat</strong></span> <span class='ocrx_word' id='word_1_193' title='bbox 1175 2889 1202 2926; x_wconf 89' lang='lat' dir='ltr'><strong>a</strong></span> <span class='ocrx_word' id='word_1_194' title='bbox 1235 2883 1495 2940; x_wconf 84' lang='lat' dir='ltr'><strong>corporea</strong></span> <span class='ocrx_word' id='word_1_195' title='bbox 1524 2864 1840 2920; x_wconf 83' lang='lat' dir='ltr'><strong>inﬁrmitate</strong></span> <span class='ocrx_word' id='word_1_196' title='bbox 1868 2861 2099 2925; x_wconf 87' lang='lat' dir='ltr'><strong>salvare,</strong></span> 
     </span>
    </p>
   </div>
   <div class='ocr_carea' id='block_1_32' title="bbox 513 2952 2103 3037">
    <p class='ocr_par' dir='ltr' id='par_1_32' title="bbox 513 2952 2103 3037">
     <span class='ocr_line' id='line_1_32' title="bbox 513 2952 2103 3037; baseline -0.009 -16"><span class='ocrx_word' id='word_1_197' title='bbox 513 2979 570 3021; x_wconf 84' lang='lat' dir='ltr'><strong>et</strong></span> <span class='ocrx_word' id='word_1_198' title='bbox 610 2966 736 3037; x_wconf 85' lang='lat' dir='ltr'><strong>quia</strong></span> <span class='ocrx_word' id='word_1_199' title='bbox 788 2965 1037 3033; x_wconf 85' lang='lat' dir='ltr'><strong>superius</strong></span> <span class='ocrx_word' id='word_1_200' title='bbox 1091 2963 1228 3018; x_wconf 73' lang='lat' dir='ltr'><strong>dixit</strong></span> <span class='ocrx_word' id='word_1_201' title='bbox 1276 2975 1397 3016; x_wconf 88' lang='lat' dir='ltr'><strong>esse</strong></span> <span class='ocrx_word' id='word_1_202' title='bbox 1453 2957 1751 3018; x_wconf 86' lang='lat' dir='ltr'><strong>turbatum,</strong></span> <span class='ocrx_word' id='word_1_203' title='bbox 1799 2952 1919 3008; x_wconf 88' lang='lat' dir='ltr'><strong>ideo</strong></span> <span class='ocrx_word' id='word_1_204' title='bbox 1959 2967 2103 3006; x_wconf 88' lang='lat' dir='ltr'><strong>nunc</strong></span> 
     </span>
    </p>
   </div>
   <div class='ocr_carea' id='block_1_33' title="bbox 511 3043 2101 3114">
    <p class='ocr_par' dir='ltr' id='par_1_33' title="bbox 511 3043 2101 3114">
     <span class='ocr_line' id='line_1_33' title="bbox 511 3043 2101 3114; baseline -0.009 -3"><span class='ocrx_word' id='word_1_205' title='bbox 511 3057 713 3112; x_wconf 83' lang='lat' dir='ltr'><strong>modici</strong></span> <span class='ocrx_word' id='word_1_206' title='bbox 744 3056 929 3110; x_wconf 73' lang='lat' dir='ltr'><strong>animi.</strong></span> <span class='ocrx_word' id='word_1_207' title='bbox 969 3069 1093 3110; x_wconf 90' lang='lat' dir='ltr'><strong>esse</strong></span> <span class='ocrx_word' id='word_1_208' title='bbox 1136 3068 1194 3108; x_wconf 77' lang='lat' dir='ltr'><strong>te</strong></span> <span class='ocrx_word' id='word_1_209' title='bbox 1245 3059 1498 3106; x_wconf 82' lang='lat' dir='ltr'><strong>testatur.</strong></span> <span class='ocrx_word' id='word_1_210' title='bbox 1541 3047 1916 3114; x_wconf 86' lang='lat' dir='ltr'><strong>Tempestates</strong></span> <span class='ocrx_word' id='word_1_211' title='bbox 1969 3043 2101 3099; x_wconf 86' lang='lat' dir='ltr'><strong>dicit</strong></span> 
     </span>
    </p>
   </div>
   <div class='ocr_carea' id='block_1_34' title="bbox 511 3138 1974 3216">
    <p class='ocr_par' dir='ltr' id='par_1_34' title="bbox 511 3138 1974 3216">
     <span class='ocr_line' id='line_1_34' title="bbox 511 3138 1974 3216; baseline -0.01 -13"><span class='ocrx_word' id='word_1_212' title='bbox 511 3147 780 3216; x_wconf 73' lang='lat' dir='ltr'><strong>procellas</strong></span> <span class='ocrx_word' id='word_1_213' title='bbox 808 3148 1134 3204; x_wconf 84' lang='lat' dir='ltr'><strong>seditionum</strong></span> <span class='ocrx_word' id='word_1_214' title='bbox 1165 3161 1300 3215; x_wconf 85' lang='lat' dir='ltr'><strong>quas</strong></span> <span class='ocrx_word' id='word_1_215' title='bbox 1338 3143 1508 3199; x_wconf 65' lang='lat' dir='ltr'><strong>Judaei</strong></span> <span class='ocrx_word' id='word_1_216' title='bbox 1539 3138 1974 3196; x_wconf 78' lang='lat' dir='ltr'><strong>commovebant.</strong></span> 
     </span>
    </p>
   </div>
   <div class='ocr_carea' id='block_1_35' title="bbox 511 3234 1927 3310">
    <p class='ocr_par' dir='ltr' id='par_1_35' title="bbox 511 3234 1927 3310">
     <span class='ocr_line' id='line_1_35' title="bbox 511 3234 1927 3310; baseline -0.011 -14"><span class='ocrx_word' id='word_1_217' title='bbox 511 3243 551 3296; x_wconf 68' lang='grc' dir='ltr'><strong>θ</strong></span> <span class='ocrx_word' id='word_1_218' title='bbox 660 3237 962 3310; x_wconf 72' lang='grc' dir='ltr'><strong>Ργιῑιεὶρὶια,</strong></span> <span class='ocrx_word' id='word_1_219' title='bbox 991 3237 1232 3299; x_wconf 86' lang='lat' dir='ltr'><strong>Domine,</strong></span> <span class='ocrx_word' id='word_1_220' title='bbox 1259 3235 1430 3290; x_wconf 76' lang='lat' dir='ltr'><strong>divide</strong></span> <span class='ocrx_word' id='word_1_221' title='bbox 1461 3234 1668 3304; x_wconf 80' lang='lat' dir='ltr'><strong>linguas</strong></span> <span class='ocrx_word' id='word_1_222' title='bbox 1695 3243 1872 3310; x_wconf 79' lang='lat' dir='ltr'><strong>eorum</strong></span> <span class='ocrx_word' id='word_1_223' title='bbox 1904 3244 1927 3282; x_wconf 85' lang='lat'><strong><em>:</em></strong></span> 
     </span>
    </p>
   </div>
   <div class='ocr_carea' id='block_1_36' title="bbox 484 3307 2104 3386">
    <p class='ocr_par' dir='ltr' id='par_1_36' title="bbox 484 3307 2104 3386">
     <span class='ocr_line' id='line_1_36' title="bbox 484 3307 2104 3386; baseline -0.009 -11"><span class='ocrx_word' id='word_1_224' title='bbox 484 3325 500 3332; x_wconf 77' lang='grc'><em>“</em></span> <span class='ocrx_word' id='word_1_225' title='bbox 662 3307 924 3386; x_wconf 76' lang='lat' dir='ltr'><strong>Quoniam</strong></span> <span class='ocrx_word' id='word_1_226' title='bbox 951 3318 1058 3373; x_wconf 76' lang='lat' dir='ltr'><strong>ridi</strong></span> <span class='ocrx_word' id='word_1_227' title='bbox 1099 3316 1425 3386; x_wconf 68' lang='lat' dir='ltr'><strong>iniquitatem</strong></span> <span class='ocrx_word' id='word_1_228' title='bbox 1460 3325 1506 3368; x_wconf 86' lang='lat' dir='ltr'><strong>et</strong></span> <span class='ocrx_word' id='word_1_229' title='bbox 1538 3309 2003 3367; x_wconf 82' lang='lat' dir='ltr'><strong>contradictionem</strong></span> <span class='ocrx_word' id='word_1_230' title='bbox 2050 3307 2104 3362; x_wconf 86' lang='lat' dir='ltr'><strong>in</strong></span> 
     </span>
    </p>
   </div>
   <div class='ocr_carea' id='block_1_37' title="bbox 737 3403 1367 3456">
    <p class='ocr_par' dir='ltr' id='par_1_37' title="bbox 737 3403 1367 3456">
     <span class='ocr_line' id='line_1_37' title="bbox 737 3403 1367 3456; baseline -0.01 0"><span class='ocrx_word' id='word_1_231' title='bbox 737 3403 962 3456; x_wconf 80' lang='lat' dir='ltr'><strong>civitate.</strong></span> <span class='ocrx_word' id='word_1_232' title='bbox 1361 3445 1367 3450; x_wconf 95' lang='lat'><strong>.</strong></span> 
     </span>
    </p>
   </div>
   <div class='ocr_carea' id='block_1_38' title="bbox 586 3487 2105 3562">
    <p class='ocr_par' dir='ltr' id='par_1_38' title="bbox 586 3487 2105 3562">
     <span class='ocr_line' id='line_1_38' title="bbox 586 3487 2105 3562; baseline -0.009 -14"><span class='ocrx_word' id='word_1_233' title='bbox 586 3493 627 3548; x_wconf 87' lang='lat' dir='ltr'><strong>C</strong></span> <span class='ocrx_word' id='word_1_234' title='bbox 651 3493 750 3547; x_wconf 85' lang='lat' dir='ltr'><strong>Hic</strong></span> <span class='ocrx_word' id='word_1_235' title='bbox 782 3491 1014 3547; x_wconf 82' lang='lat' dir='ltr'><strong>.l-udaico</strong></span> <span class='ocrx_word' id='word_1_236' title='bbox 1054 3489 1251 3562; x_wconf 83' lang='lat' dir='ltr'><strong>populo</strong></span> <span class='ocrx_word' id='word_1_237' title='bbox 1287 3487 1599 3543; x_wconf 79' lang='lat' dir='ltr'><strong>salutariter</strong></span> <span class='ocrx_word' id='word_1_238' title='bbox 1631 3487 1982 3557; x_wconf 84' lang='lat' dir='ltr'><strong>imprccatu&#39;r,</strong></span> <span class='ocrx_word' id='word_1_239' title='bbox 2044 3490 2105 3535; x_wconf 82' lang='lat' dir='ltr'><strong>nt</strong></span> 
     </span>
    </p>
   </div>
   <div class='ocr_carea' id='block_1_39' title="bbox 515 3577 2106 3658">
    <p class='ocr_par' dir='ltr' id='par_1_39' title="bbox 515 3577 2106 3658">
     <span class='ocr_line' id='line_1_39' title="bbox 515 3577 2106 3658; baseline -0.008 -17"><span class='ocrx_word' id='word_1_240' title='bbox 515 3586 785 3658; x_wconf 70' lang='lat' dir='ltr'><strong>divisione</strong></span> <span class='ocrx_word' id='word_1_241' title='bbox 819 3584 1150 3652; x_wconf 83' lang='lat' dir='ltr'><strong>linguarum,</strong></span> <span class='ocrx_word' id='word_1_242' title='bbox 1173 3597 1282 3638; x_wconf 90' lang='lat' dir='ltr'><strong>nou</strong></span> <span class='ocrx_word' id='word_1_243' title='bbox 1311 3580 1600 3649; x_wconf 86' lang='lat' dir='ltr'><strong>implerent</strong></span> <span class='ocrx_word' id='word_1_244' title='bbox 1621 3577 1953 3632; x_wconf 79' lang='lat' dir='ltr'><strong>voluntatem</strong></span> <span class='ocrx_word' id='word_1_245' title='bbox 1989 3590 2106 3630; x_wconf 87' lang='lat' dir='ltr'><strong>ina-</strong></span> 
     </span>
    </p>
   </div>
   <div class='ocr_carea' id='block_1_40' title="bbox 469 3671 2103 3740">
    <p class='ocr_par' dir='ltr' id='par_1_40' title="bbox 469 3671 2103 3740">
     <span class='ocr_line' id='line_1_40' title="bbox 469 3671 2103 3740; baseline -0.009 -5"><span class='ocrx_word' id='word_1_246' title='bbox 469 3690 472 3694; x_wconf 90' lang='lat'>&#39;</span> <span class='ocrx_word' id='word_1_247' title='bbox 513 3677 648 3735; x_wconf 63' lang='lat' dir='ltr'><strong>lilia:</strong></span> <span class='ocrx_word' id='word_1_248' title='bbox 681 3688 819 3739; x_wconf 71' lang='lat' dir='ltr'><strong>cute,</strong></span> <span class='ocrx_word' id='word_1_249' title='bbox 843 3677 984 3730; x_wconf 90' lang='lat' dir='ltr'><strong>sicut</strong></span> <span class='ocrx_word' id='word_1_250' title='bbox 1014 3674 1066 3728; x_wconf 85' lang='lat' dir='ltr'><strong>in</strong></span> <span class='ocrx_word' id='word_1_251' title='bbox 1091 3673 1177 3728; x_wconf 84' lang='lat' dir='ltr'><strong>illa</strong></span> <span class='ocrx_word' id='word_1_252' title='bbox 1212 3674 1348 3727; x_wconf 86' lang='lat' dir='ltr'><strong>turri</strong></span> <span class='ocrx_word' id='word_1_253' title='bbox 1382 3671 1584 3728; x_wconf 77' lang='lat' dir='ltr'><strong>factum</strong></span> <span class='ocrx_word' id='word_1_254' title='bbox 1615 3680 1719 3734; x_wconf 86' lang='lat' dir='ltr'><strong>est,</strong></span> <span class='ocrx_word' id='word_1_255' title='bbox 1753 3683 1915 3740; x_wconf 84' lang='lat' dir='ltr'><strong>quam</strong></span> <span class='ocrx_word' id='word_1_256' title='bbox 1955 3677 2103 3722; x_wconf 89' lang='lat' dir='ltr'><strong>metu</strong></span> 
     </span>
    </p>
   </div>
   <div class='ocr_carea' id='block_1_41' title="bbox 514 3760 2100 3824">
    <p class='ocr_par' dir='ltr' id='par_1_41' title="bbox 514 3760 2100 3824">
     <span class='ocr_line' id='line_1_41' title="bbox 514 3760 2100 3824; baseline -0.005 0"><span class='ocrx_word' id='word_1_257' title='bbox 514 3765 756 3824; x_wconf 79' lang='lat' dir='ltr'><strong>recentis</strong></span> <span class='ocrx_word' id='word_1_258' title='bbox 783 3765 966 3820; x_wconf 90' lang='lat' dir='ltr'><strong>diluvii</strong></span> <span class='ocrx_word' id='word_1_259' title='bbox 1001 3767 1052 3818; x_wconf 90' lang='lat' dir='ltr'><strong>in</strong></span> <span class='ocrx_word' id='word_1_260' title='bbox 1101 3766 1272 3820; x_wconf 87' lang='lat' dir='ltr'><strong>altum</strong></span> <span class='ocrx_word' id='word_1_261' title='bbox 1315 3763 1564 3820; x_wconf 83' lang='lat' dir='ltr'><strong>homines</strong></span> <span class='ocrx_word' id='word_1_262' title='bbox 1599 3763 1891 3818; x_wconf 75' lang='lat' dir='ltr'><strong>extendere</strong></span> <span class='ocrx_word' id='word_1_263' title='bbox 1919 3760 2100 3816; x_wconf 86' lang='lat' dir='ltr'><strong>conati</strong></span> 
     </span>
    </p>
   </div>
   <div class='ocr_carea' id='block_1_42' title="bbox 515 3853 2100 3929">
    <p class='ocr_par' dir='ltr' id='par_1_42' title="bbox 515 3853 2100 3929">
     <span class='ocr_line' id='line_1_42' title="bbox 515 3853 2100 3929; baseline -0.004 -17"><span class='ocrx_word' id='word_1_264' title='bbox 515 3867 645 3920; x_wconf 79' lang='lat' dir='ltr'><strong>sunt</strong></span> <span class='ocrx_word' id='word_1_265' title='bbox 680 3854 833 3926; x_wconf 79' lang='lat' dir='ltr'><strong>(Gen.</strong></span> <span class='ocrx_word' id='word_1_266' title='bbox 865 3858 941 3926; x_wconf 71' lang='grc' dir='ltr'><strong>χ).</strong></span> <span class='ocrx_word' id='word_1_267' title='bbox 994 3857 1166 3929; x_wconf 83' lang='lat' dir='ltr'><strong>Digne</strong></span> <span class='ocrx_word' id='word_1_268' title='bbox 1208 3857 1374 3925; x_wconf 83' lang='lat' dir='ltr'><strong>igitur</strong></span> <span class='ocrx_word' id='word_1_269' title='bbox 1403 3855 1521 3912; x_wconf 87' lang='lat' dir='ltr'><strong>illos</strong></span> <span class='ocrx_word' id='word_1_270' title='bbox 1553 3856 1716 3910; x_wconf 79' lang='lat' dir='ltr'><strong>dividi</strong></span> <span class='ocrx_word' id='word_1_271' title='bbox 1772 3853 2100 3924; x_wconf 84' lang='lat' dir='ltr'><strong>postulabat,</strong></span> 
     </span>
    </p>
   </div>
   <div class='ocr_carea' id='block_1_43' title="bbox 515 3944 2102 4020">
    <p class='ocr_par' dir='ltr' id='par_1_43' title="bbox 515 3944 2102 4020">
     <span class='ocr_line' id='line_1_43' title="bbox 515 3944 2102 4020; baseline -0.003 -18"><span class='ocrx_word' id='word_1_272' title='bbox 515 3964 657 4020; x_wconf 70' lang='lat' dir='ltr'><strong>quos</strong></span> <span class='ocrx_word' id='word_1_273' title='bbox 686 3949 900 4019; x_wconf 87' lang='lat' dir='ltr'><strong>iniquos</strong></span> <span class='ocrx_word' id='word_1_274' title='bbox 923 3963 1042 4005; x_wconf 87' lang='lat' dir='ltr'><strong>esse</strong></span> <span class='ocrx_word' id='word_1_275' title='bbox 1057 3950 1110 4003; x_wconf 89' lang='lat' dir='ltr'><strong>in</strong></span> <span class='ocrx_word' id='word_1_276' title='bbox 1134 3948 1414 4019; x_wconf 82' lang='lat' dir='ltr'><strong>sacrilegis</strong></span> <span class='ocrx_word' id='word_1_277' title='bbox 1434 3944 1947 4018; x_wconf 79' lang='lat' dir='ltr'><strong>congregationibus</strong></span> <span class='ocrx_word' id='word_1_278' title='bbox 1965 3960 2102 4016; x_wconf 73' lang='lat' dir='ltr'><strong>prte-</strong></span> 
     </span>
    </p>
   </div>
   <div class='ocr_carea' id='block_1_44' title="bbox 513 4038 2100 4109">
    <p class='ocr_par' dir='ltr' id='par_1_44' title="bbox 513 4038 2100 4109">
     <span class='ocr_line' id='line_1_44' title="bbox 513 4038 2100 4109; baseline -0.003 -14"><span class='ocrx_word' id='word_1_279' title='bbox 513 4040 756 4103; x_wconf 83' lang='lat' dir='ltr'><strong>sciebat;</strong></span> <span class='ocrx_word' id='word_1_280' title='bbox 813 4040 936 4094; x_wconf 84' lang='lat' dir='ltr'><strong>ideo</strong></span> <span class='ocrx_word' id='word_1_281' title='bbox 983 4039 1280 4108; x_wconf 69' lang='lat' dir='ltr'><strong>subiunxit,</strong></span> <span class='ocrx_word' id='word_1_282' title='bbox 1312 4038 1564 4109; x_wconf 87' lang='lat' dir='ltr'><strong>quoniam</strong></span> <span class='ocrx_word' id='word_1_283' title='bbox 1600 4038 1705 4092; x_wconf 88' lang='lat' dir='ltr'><strong>vidi</strong></span> <span class='ocrx_word' id='word_1_284' title='bbox 1761 4038 2100 4106; x_wconf 84' lang='lat' dir='ltr'><strong>iniquitatem</strong></span> 
     </span>
    </p>
   </div>
   <div class='ocr_carea' id='block_1_45' title="bbox 513 4128 2101 4202">
    <p class='ocr_par' dir='ltr' id='par_1_45' title="bbox 513 4128 2101 4202">
     <span class='ocr_line' id='line_1_45' title="bbox 513 4128 2101 4202; baseline -0.002 -16"><span class='ocrx_word' id='word_1_285' title='bbox 513 4132 832 4194; x_wconf 74' lang='lat' dir='ltr'><strong>incivitate.</strong></span> <span class='ocrx_word' id='word_1_286' title='bbox 887 4131 938 4187; x_wconf 80' lang='lat' dir='ltr'><strong>id</strong></span> <span class='ocrx_word' id='word_1_287' title='bbox 993 4140 1076 4187; x_wconf 87' lang='lat' dir='ltr'><strong>est</strong></span> <span class='ocrx_word' id='word_1_288' title='bbox 1123 4130 1166 4185; x_wconf 77' lang='lat' dir='ltr'><strong>il</strong></span> <span class='ocrx_word' id='word_1_289' title='bbox 1217 4130 1670 4202; x_wconf 82' lang='lat' dir='ltr'><strong>congregatione;</strong></span> <span class='ocrx_word' id='word_1_290' title='bbox 1723 4128 2101 4198; x_wconf 84' lang='lat' dir='ltr'><strong>iniquitatem,</strong></span> 
     </span>
    </p>
   </div>
   <div class='ocr_carea' id='block_1_46' title="bbox 513 4227 2101 4294">
    <p class='ocr_par' dir='ltr' id='par_1_46' title="bbox 513 4227 2101 4294">
     <span class='ocr_line' id='line_1_46' title="bbox 513 4227 2101 4294; baseline -0.003 -12"><span class='ocrx_word' id='word_1_291' title='bbox 513 4243 638 4283; x_wconf 79' lang='lat' dir='ltr'><strong>eum</strong></span> <span class='ocrx_word' id='word_1_292' title='bbox 677 4244 779 4284; x_wconf 86' lang='lat' dir='ltr'><strong>non</strong></span> <span class='ocrx_word' id='word_1_293' title='bbox 805 4228 1182 4291; x_wconf 86' lang='lat' dir='ltr'><strong>crediderunt;</strong></span> <span class='ocrx_word' id='word_1_294' title='bbox 1217 4227 1726 4291; x_wconf 82' lang='lat' dir='ltr'><strong>contradictionem,</strong></span> <span class='ocrx_word' id='word_1_295' title='bbox 1758 4241 1879 4281; x_wconf 89' lang='lat' dir='ltr'><strong>cum</strong></span> <span class='ocrx_word' id='word_1_296' title='bbox 1904 4240 2101 4294; x_wconf 66' lang='lat' dir='ltr'><strong>capro-</strong></span> 
     </span>
    </p>
   </div>
   <div class='ocr_carea' id='block_1_47' title="bbox 514 4301 2099 4383">
    <p class='ocr_par' dir='ltr' id='par_1_47' title="bbox 514 4301 2099 4383">
     <span class='ocr_line' id='line_1_47' title="bbox 514 4301 2099 4383; baseline -0.003 -12"><span class='ocrx_word' id='word_1_297' title='bbox 514 4317 676 4371; x_wconf 86' lang='lat' dir='ltr'><strong>braut</strong></span> <span class='ocrx_word' id='word_1_298' title='bbox 693 4301 711 4370; x_wconf 61' lang='grc' dir='ltr'>Ξ</span> <span class='ocrx_word' id='word_1_299' title='bbox 731 4316 920 4372; x_wconf 77' lang='lat' dir='ltr'><strong>Nonne</strong></span> <span class='ocrx_word' id='word_1_300' title='bbox 951 4318 1040 4372; x_wconf 86' lang='lat' dir='ltr'><strong>hic</strong></span> <span class='ocrx_word' id='word_1_301' title='bbox 1062 4327 1145 4373; x_wconf 89' lang='lat' dir='ltr'><strong>est</strong></span> <span class='ocrx_word' id='word_1_302' title='bbox 1168 4317 1308 4373; x_wconf 79' lang='lat' dir='ltr'><strong>[ilius</strong></span> <span class='ocrx_word' id='word_1_303' title='bbox 1329 4315 1466 4372; x_wconf 73' lang='lat' dir='ltr'><strong>fabri</strong></span> <span class='ocrx_word' id='word_1_304' title='bbox 1487 4315 1702 4370; x_wconf 70' lang='lat' dir='ltr'><strong>(Matth.</strong></span> <span class='ocrx_word' id='word_1_305' title='bbox 1741 4317 1890 4383; x_wconf 76' lang='lat' dir='ltr'><strong>xm),</strong></span> <span class='ocrx_word' id='word_1_306' title='bbox 1907 4325 1962 4371; x_wconf 87' lang='lat' dir='ltr'><strong>et</strong></span> <span class='ocrx_word' id='word_1_307' title='bbox 1991 4314 2099 4368; x_wconf 81' lang='lat' dir='ltr'><strong>alia</strong></span> 
     </span>
    </p>
   </div>
   <div class='ocr_carea' id='block_1_48' title="bbox 515 4408 705 4462">
    <p class='ocr_par' dir='ltr' id='par_1_48' title="bbox 515 4408 705 4462">
     <span class='ocr_line' id='line_1_48' title="bbox 515 4408 705 4462; baseline -0.005 -1"><span class='ocrx_word' id='word_1_308' title='bbox 515 4408 705 4462; x_wconf 87' lang='lat' dir='ltr'><strong>multa.</strong></span> 
     </span>
    </p>
   </div>
   <div class='ocr_carea' id='block_1_49' title="bbox 517 4486 2096 4556">
    <p class='ocr_par' dir='ltr' id='par_1_49' title="bbox 517 4486 2096 4556">
     <span class='ocr_line' id='line_1_49' title="bbox 517 4486 2096 4556; baseline -0.001 -17"><span class='ocrx_word' id='word_1_309' title='bbox 517 4486 586 4540; x_wconf 71' lang='grc'><strong>10</strong></span> <span class='ocrx_word' id='word_1_310' title='bbox 657 4488 759 4543; x_wconf 81' lang='lat' dir='ltr'><strong>Die</strong></span> <span class='ocrx_word' id='word_1_311' title='bbox 788 4506 850 4542; x_wconf 89' lang='lat' dir='ltr'><strong>ac</strong></span> <span class='ocrx_word' id='word_1_312' title='bbox 872 4500 1018 4544; x_wconf 80' lang='lat' dir='ltr'><strong>nocte</strong></span> <span class='ocrx_word' id='word_1_313' title='bbox 1053 4490 1394 4543; x_wconf 81' lang='lat' dir='ltr'><strong>circumdabit</strong></span> <span class='ocrx_word' id='word_1_314' title='bbox 1425 4504 1539 4543; x_wconf 86' lang='lat' dir='ltr'><strong>eam</strong></span> <span class='ocrx_word' id='word_1_315' title='bbox 1594 4503 1749 4556; x_wconf 80' lang='lat' dir='ltr'><strong>super</strong></span> <span class='ocrx_word' id='word_1_316' title='bbox 1780 4501 1958 4539; x_wconf 83' lang='lat' dir='ltr'><strong>muros</strong></span> <span class='ocrx_word' id='word_1_317' title='bbox 1984 4486 2096 4554; x_wconf 83' lang='lat' dir='ltr'><strong>ejus</strong></span> 
     </span>
    </p>
   </div>
   <div class='ocr_carea' id='block_1_50' title="bbox 729 4569 1015 4638">
    <p class='ocr_par' dir='ltr' id='par_1_50' title="bbox 729 4569 1015 4638">
     <span class='ocr_line' id='line_1_50' title="bbox 729 4569 1015 4638; baseline 0.003 -17"><span class='ocrx_word' id='word_1_318' title='bbox 729 4569 980 4638; x_wconf 81' lang='lat' dir='ltr'><strong>iniquitas</strong></span> <span class='ocrx_word' id='word_1_319' title='bbox 1000 4587 1015 4622; x_wconf 90' lang='lat'><strong>:</strong></span> 
     </span>
    </p>
   </div>
   <div class='ocr_carea' id='block_1_51' title="bbox 660 4647 1701 4720">
    <p class='ocr_par' dir='ltr' id='par_1_51' title="bbox 660 4647 1701 4720">
     <span class='ocr_line' id='line_1_51' title="bbox 660 4647 1701 4720; baseline -0.001 -17"><span class='ocrx_word' id='word_1_320' title='bbox 660 4647 730 4703; x_wconf 84' lang='lat' dir='ltr'><strong>Et</strong></span> <span class='ocrx_word' id='word_1_321' title='bbox 753 4649 902 4704; x_wconf 82' lang='lat' dir='ltr'><strong>labor</strong></span> <span class='ocrx_word' id='word_1_322' title='bbox 926 4653 981 4706; x_wconf 88' lang='lat' dir='ltr'><strong>in</strong></span> <span class='ocrx_word' id='word_1_323' title='bbox 1009 4651 1178 4706; x_wconf 87' lang='lat' dir='ltr'><strong>medio</strong></span> <span class='ocrx_word' id='word_1_324' title='bbox 1199 4652 1310 4718; x_wconf 79' lang='lat' dir='ltr'><strong>eius</strong></span> <span class='ocrx_word' id='word_1_325' title='bbox 1332 4658 1379 4705; x_wconf 83' lang='lat' dir='ltr'><strong>et</strong></span> <span class='ocrx_word' id='word_1_326' title='bbox 1418 4651 1701 4720; x_wconf 85' lang='lat' dir='ltr'><strong>injustitia.</strong></span> 
     </span>
    </p>
   </div>
   <div class='ocr_carea' id='block_1_52' title="bbox 588 4738 2093 4806">
    <p class='ocr_par' dir='ltr' id='par_1_52' title="bbox 588 4738 2093 4806">
     <span class='ocr_line' id='line_1_52' title="bbox 588 4738 2093 4806; baseline -0.002 -12"><span class='ocrx_word' id='word_1_327' title='bbox 588 4738 638 4794; x_wconf 76' lang='grc' dir='ltr'><strong>Β</strong></span> <span class='ocrx_word' id='word_1_328' title='bbox 657 4740 800 4796; x_wconf 83' lang='lat' dir='ltr'><strong>Dicit</strong></span> <span class='ocrx_word' id='word_1_329' title='bbox 823 4742 965 4795; x_wconf 87' lang='lat' dir='ltr'><strong>enim</strong></span> <span class='ocrx_word' id='word_1_330' title='bbox 993 4742 1080 4796; x_wconf 89' lang='lat' dir='ltr'><strong>die</strong></span> <span class='ocrx_word' id='word_1_331' title='bbox 1130 4758 1192 4796; x_wconf 85' lang='lat' dir='ltr'><strong>ac</strong></span> <span class='ocrx_word' id='word_1_332' title='bbox 1242 4751 1420 4806; x_wconf 88' lang='lat' dir='ltr'><strong>nocte,</strong></span> <span class='ocrx_word' id='word_1_333' title='bbox 1445 4741 1495 4794; x_wconf 89' lang='lat' dir='ltr'><strong>id</strong></span> <span class='ocrx_word' id='word_1_334' title='bbox 1525 4749 1629 4805; x_wconf 89' lang='lat' dir='ltr'><strong>est,</strong></span> <span class='ocrx_word' id='word_1_335' title='bbox 1653 4739 1801 4794; x_wconf 88' lang='lat' dir='ltr'><strong>omni</strong></span> <span class='ocrx_word' id='word_1_336' title='bbox 1851 4747 2093 4806; x_wconf 89' lang='lat' dir='ltr'><strong>tempore</strong></span> 
     </span>
    </p>
   </div>
   <div class='ocr_carea' id='block_1_53' title="bbox 518 4831 2092 4901">
    <p class='ocr_par' dir='ltr' id='par_1_53' title="bbox 518 4831 2092 4901">
     <span class='ocr_line' id='line_1_53' title="bbox 518 4831 2092 4901; baseline -0.003 -14"><span class='ocrx_word' id='word_1_337' title='bbox 518 4831 854 4888; x_wconf 85' lang='lat' dir='ltr'><strong>circumdare</strong></span> <span class='ocrx_word' id='word_1_338' title='bbox 879 4849 1024 4899; x_wconf 88' lang='lat' dir='ltr'><strong>eam,</strong></span> <span class='ocrx_word' id='word_1_339' title='bbox 1061 4836 1162 4889; x_wconf 88' lang='lat' dir='ltr'><strong>hoc</strong></span> <span class='ocrx_word' id='word_1_340' title='bbox 1192 4833 1651 4889; x_wconf 81' lang='lat' dir='ltr'><strong>estllierusalem.</strong></span> <span class='ocrx_word' id='word_1_341' title='bbox 1689 4831 1866 4901; x_wconf 87' lang='lat' dir='ltr'><strong>Super</strong></span> <span class='ocrx_word' id='word_1_342' title='bbox 1909 4843 2092 4883; x_wconf 91' lang='lat' dir='ltr'><strong>muros</strong></span> 
     </span>
    </p>
   </div>
   <div class='ocr_carea' id='block_1_54' title="bbox 517 4921 2089 4996">
    <p class='ocr_par' dir='ltr' id='par_1_54' title="bbox 517 4921 2089 4996">
     <span class='ocr_line' id='line_1_54' title="bbox 517 4921 2089 4996; baseline -0.003 -18"><span class='ocrx_word' id='word_1_343' title='bbox 517 4923 633 4995; x_wconf 71' lang='lat' dir='ltr'><strong>ejus</strong></span> <span class='ocrx_word' id='word_1_344' title='bbox 659 4925 935 4996; x_wconf 74' lang='lat' dir='ltr'><strong>iniquitas,</strong></span> <span class='ocrx_word' id='word_1_345' title='bbox 964 4937 1021 4980; x_wconf 88' lang='lat' dir='ltr'><strong>ut</strong></span> <span class='ocrx_word' id='word_1_346' title='bbox 1050 4937 1308 4996; x_wconf 86' lang='lat' dir='ltr'><strong>quantum</strong></span> <span class='ocrx_word' id='word_1_347' title='bbox 1340 4941 1616 4980; x_wconf 83' lang='lat' dir='ltr'><strong>murorum</strong></span> <span class='ocrx_word' id='word_1_348' title='bbox 1648 4922 1896 4976; x_wconf 82' lang='lat' dir='ltr'><strong>machina</strong></span> <span class='ocrx_word' id='word_1_349' title='bbox 1924 4921 1975 4974; x_wconf 90' lang='lat' dir='ltr'><strong>in</strong></span> <span class='ocrx_word' id='word_1_350' title='bbox 2009 4921 2058 4974; x_wconf 88' lang='lat' dir='ltr'><strong>al</strong></span> <span class='ocrx_word' id='word_1_351' title='bbox 2078 4950 2089 4962; x_wconf 76' lang='grc' dir='ltr'><strong><em>ο</em></strong></span> 
     </span>
    </p>
   </div>
   <div class='ocr_carea' id='block_1_55' title="bbox 2208 582 3784 658">
    <p class='ocr_par' dir='ltr' id='par_1_55' title="bbox 2208 582 3784 658">
     <span class='ocr_line' id='line_1_55' title="bbox 2208 582 3784 658; baseline -0.005 -14"><span class='ocrx_word' id='word_1_352' title='bbox 2208 589 2386 644; x_wconf 81' lang='lat' dir='ltr'><strong>Usura</strong></span> <span class='ocrx_word' id='word_1_353' title='bbox 2404 597 2486 644; x_wconf 87' lang='lat' dir='ltr'><strong>est</strong></span> <span class='ocrx_word' id='word_1_354' title='bbox 2514 588 2634 657; x_wconf 80' lang='lat' dir='ltr'><strong>plus</strong></span> <span class='ocrx_word' id='word_1_355' title='bbox 2645 587 2894 658; x_wconf 77' lang='lat' dir='ltr'><strong>accipere</strong></span> <span class='ocrx_word' id='word_1_356' title='bbox 2907 601 3066 657; x_wconf 88' lang='lat' dir='ltr'><strong>quam</strong></span> <span class='ocrx_word' id='word_1_357' title='bbox 3089 586 3251 642; x_wconf 83' lang='lat' dir='ltr'><strong>dare:</strong></span> <span class='ocrx_word' id='word_1_358' title='bbox 3277 583 3471 642; x_wconf 88' lang='lat' dir='ltr'><strong>Omnia</strong></span> <span class='ocrx_word' id='word_1_359' title='bbox 3495 582 3644 637; x_wconf 87' lang='lat' dir='ltr'><strong>enim</strong></span> <span class='ocrx_word' id='word_1_360' title='bbox 3669 597 3784 652; x_wconf 68' lang='lat' dir='ltr'><strong>qua:</strong></span> 
     </span>
    </p>
   </div>
   <div class='ocr_carea' id='block_1_56' title="bbox 2205 673 3787 750">
    <p class='ocr_par' dir='ltr' id='par_1_56' title="bbox 2205 673 3787 750">
     <span class='ocr_line' id='line_1_56' title="bbox 2205 673 3787 750; baseline -0.006 -18"><span class='ocrx_word' id='word_1_361' title='bbox 2205 680 2258 733; x_wconf 92' lang='lat' dir='ltr'><strong>in</strong></span> <span class='ocrx_word' id='word_1_362' title='bbox 2289 680 2406 750; x_wconf 89' lang='lat' dir='ltr'><strong>lege</strong></span> <span class='ocrx_word' id='word_1_363' title='bbox 2435 678 2704 749; x_wconf 85' lang='lat' dir='ltr'><strong>prohibita</strong></span> <span class='ocrx_word' id='word_1_364' title='bbox 2736 689 2883 742; x_wconf 89' lang='lat' dir='ltr'><strong>sunt,</strong></span> <span class='ocrx_word' id='word_1_365' title='bbox 2914 679 2980 732; x_wconf 91' lang='lat' dir='ltr'><strong>ad</strong></span> <span class='ocrx_word' id='word_1_366' title='bbox 3011 677 3312 748; x_wconf 84' lang='lat' dir='ltr'><strong>augendum</strong></span> <span class='ocrx_word' id='word_1_367' title='bbox 3342 673 3556 745; x_wconf 81' lang='lat' dir='ltr'><strong>peccati</strong></span> <span class='ocrx_word' id='word_1_368' title='bbox 3601 686 3787 726; x_wconf 87' lang='lat' dir='ltr'><strong>eumu-</strong></span> 
     </span>
    </p>
   </div>
   <div class='ocr_carea' id='block_1_57' title="bbox 2206 761 3787 840">
    <p class='ocr_par' dir='ltr' id='par_1_57' title="bbox 2206 761 3787 840">
     <span class='ocr_line' id='line_1_57' title="bbox 2206 761 3787 840; baseline -0.005 -16"><span class='ocrx_word' id='word_1_369' title='bbox 2206 771 2314 825; x_wconf 88' lang='lat' dir='ltr'><strong>lum</strong></span> <span class='ocrx_word' id='word_1_370' title='bbox 2369 781 2744 827; x_wconf 79' lang='lat' dir='ltr'><strong>excreverunt.</strong></span> <span class='ocrx_word' id='word_1_371' title='bbox 2792 771 2848 825; x_wconf 89' lang='lat' dir='ltr'><strong>ln</strong></span> <span class='ocrx_word' id='word_1_372' title='bbox 2878 769 2994 840; x_wconf 80' lang='lat' dir='ltr'><strong>lege</strong></span> <span class='ocrx_word' id='word_1_373' title='bbox 3017 769 3160 824; x_wconf 89' lang='lat' dir='ltr'><strong>enim</strong></span> <span class='ocrx_word' id='word_1_374' title='bbox 3190 783 3369 822; x_wconf 82' lang='lat' dir='ltr'><strong>usurae</strong></span> <span class='ocrx_word' id='word_1_375' title='bbox 3395 763 3571 837; x_wconf 83' lang='lat' dir='ltr'><strong>accipi</strong></span> <span class='ocrx_word' id='word_1_376' title='bbox 3598 761 3787 834; x_wconf 59' lang='lat' dir='ltr'><strong>probi.</strong></span> 
     </span>
    </p>
   </div>
   <div class='ocr_carea' id='block_1_58' title="bbox 2205 854 3788 934">
    <p class='ocr_par' dir='ltr' id='par_1_58' title="bbox 2205 854 3788 934">
     <span class='ocr_line' id='line_1_58' title="bbox 2205 854 3788 934; baseline -0.005 -17"><span class='ocrx_word' id='word_1_377' title='bbox 2205 865 2416 917; x_wconf 89' lang='lat' dir='ltr'><strong>bentur.</strong></span> <span class='ocrx_word' id='word_1_378' title='bbox 2451 863 2604 919; x_wconf 76' lang='lat' dir='ltr'><strong>Unde</strong></span> <span class='ocrx_word' id='word_1_379' title='bbox 2631 864 2926 934; x_wconf 85' lang='lat' dir='ltr'><strong>propheta:</strong></span> <span class='ocrx_word' id='word_1_380' title='bbox 2955 861 3072 918; x_wconf 80' lang='lat' dir='ltr'><strong>Non</strong></span> <span class='ocrx_word' id='word_1_381' title='bbox 3096 860 3383 926; x_wconf 72' lang='lat' dir='ltr'><strong>fieneravi,</strong></span> <span class='ocrx_word' id='word_1_382' title='bbox 3407 872 3590 928; x_wconf 90' lang='lat' dir='ltr'><strong>neque</strong></span> <span class='ocrx_word' id='word_1_383' title='bbox 3615 854 3788 912; x_wconf 69' lang='lat' dir='ltr'><strong>fane-</strong></span> 
     </span>
    </p>
   </div>
   <div class='ocr_carea' id='block_1_59' title="bbox 2206 945 3426 1028">
    <p class='ocr_par' dir='ltr' id='par_1_59' title="bbox 2206 945 3426 1028">
     <span class='ocr_line' id='line_1_59' title="bbox 2206 945 3426 1028; baseline -0.001 -17"><span class='ocrx_word' id='word_1_384' title='bbox 2206 957 2346 1011; x_wconf 86' lang='lat' dir='ltr'><strong>ravit</strong></span> <span class='ocrx_word' id='word_1_385' title='bbox 2369 957 2498 1012; x_wconf 87' lang='lat' dir='ltr'><strong>mihi</strong></span> <span class='ocrx_word' id='word_1_386' title='bbox 2523 957 2810 1027; x_wconf 85' lang='lat' dir='ltr'><strong>quisquam</strong></span> <span class='ocrx_word' id='word_1_387' title='bbox 2843 958 2975 1028; x_wconf 83' lang='lat' dir='ltr'><strong>(Jer.</strong></span> <span class='ocrx_word' id='word_1_388' title='bbox 3005 957 3116 1028; x_wconf 81' lang='lat' dir='ltr'><strong>xv).</strong></span> <span class='ocrx_word' id='word_1_389' title='bbox 3419 945 3426 950; x_wconf 71' lang='grc'><em>’</em></span> 
     </span>
    </p>
   </div>
   <div class='ocr_carea' id='block_1_60' title="bbox 2208 1047 3504 1113">
    <p class='ocr_par' dir='ltr' id='par_1_60' title="bbox 2208 1047 3504 1113">
     <span class='ocr_line' id='line_1_60' title="bbox 2208 1047 3504 1113; baseline 0.003 -13"><span class='ocrx_word' id='word_1_390' title='bbox 2208 1048 2275 1100; x_wconf 70' lang='lat' dir='ltr'><strong>i9.</strong></span> <span class='ocrx_word' id='word_1_391' title='bbox 2346 1047 2606 1113; x_wconf 82' lang='lat' dir='ltr'><strong>Quoniam</strong></span> <span class='ocrx_word' id='word_1_392' title='bbox 2628 1050 2671 1102; x_wconf 90' lang='lat' dir='ltr'><strong>si</strong></span> <span class='ocrx_word' id='word_1_393' title='bbox 2697 1050 2938 1103; x_wconf 88' lang='lat' dir='ltr'><strong>inimicus</strong></span> <span class='ocrx_word' id='word_1_394' title='bbox 2961 1049 3315 1104; x_wconf 74' lang='lat' dir='ltr'><strong>maledixisset</strong></span> <span class='ocrx_word' id='word_1_395' title='bbox 3338 1050 3504 1104; x_wconf 75' lang='lat' dir='ltr'><strong>mihi:</strong></span> 
     </span>
    </p>
   </div>
   <div class='ocr_carea' id='block_1_61' title="bbox 2353 1144 2969 1215">
    <p class='ocr_par' dir='ltr' id='par_1_61' title="bbox 2353 1144 2969 1215">
     <span class='ocr_line' id='line_1_61' title="bbox 2353 1144 2969 1215; baseline 0 -16"><span class='ocrx_word' id='word_1_396' title='bbox 2353 1144 2732 1199; x_wconf 87' lang='lat' dir='ltr'><strong>Sustinuissem</strong></span> <span class='ocrx_word' id='word_1_397' title='bbox 2771 1147 2969 1215; x_wconf 82' lang='lat' dir='ltr'><strong>utique.</strong></span> 
     </span>
    </p>
   </div>
   <div class='ocr_carea' id='block_1_62' title="bbox 2274 1235 3787 1306">
    <p class='ocr_par' dir='ltr' id='par_1_62' title="bbox 2274 1235 3787 1306">
     <span class='ocr_line' id='line_1_62' title="bbox 2274 1235 3787 1306; baseline -0.002 -13"><span class='ocrx_word' id='word_1_398' title='bbox 2274 1236 2314 1293; x_wconf 69' lang='grc' dir='ltr'><strong>(ἰ</strong></span> <span class='ocrx_word' id='word_1_399' title='bbox 2341 1235 2438 1292; x_wconf 84' lang='lat' dir='ltr'><strong>llic</strong></span> <span class='ocrx_word' id='word_1_400' title='bbox 2463 1246 2796 1292; x_wconf 88' lang='lat' dir='ltr'><strong>monstratur</strong></span> <span class='ocrx_word' id='word_1_401' title='bbox 2815 1253 3022 1304; x_wconf 66' lang='lat' dir='ltr'><strong>magna:</strong></span> <span class='ocrx_word' id='word_1_402' title='bbox 3048 1237 3321 1306; x_wconf 68' lang='lat' dir='ltr'><strong>patientiae</strong></span> <span class='ocrx_word' id='word_1_403' title='bbox 3345 1237 3684 1306; x_wconf 79' lang='lat' dir='ltr'><strong>exemplum,</strong></span> <span class='ocrx_word' id='word_1_404' title='bbox 3712 1236 3787 1301; x_wconf 86' lang='lat' dir='ltr'><strong>at,</strong></span> 
     </span>
    </p>
   </div>
   <div class='ocr_carea' id='block_1_63' title="bbox 2206 1327 3790 1398">
    <p class='ocr_par' dir='ltr' id='par_1_63' title="bbox 2206 1327 3790 1398">
     <span class='ocr_line' id='line_1_63' title="bbox 2206 1327 3790 1398; baseline -0.002 -13"><span class='ocrx_word' id='word_1_405' title='bbox 2206 1328 2444 1385; x_wconf 74' lang='lat' dir='ltr'><strong>inimicis</strong></span> <span class='ocrx_word' id='word_1_406' title='bbox 2468 1328 2739 1384; x_wconf 86' lang='lat' dir='ltr'><strong>contraria</strong></span> <span class='ocrx_word' id='word_1_407' title='bbox 2768 1327 2927 1383; x_wconf 87' lang='lat' dir='ltr'><strong>nobis</strong></span> <span class='ocrx_word' id='word_1_408' title='bbox 2949 1329 3317 1398; x_wconf 83' lang='lat' dir='ltr'><strong>loquentibus,</strong></span> <span class='ocrx_word' id='word_1_409' title='bbox 3339 1343 3446 1382; x_wconf 91' lang='lat' dir='ltr'><strong>non</strong></span> <span class='ocrx_word' id='word_1_410' title='bbox 3475 1328 3530 1382; x_wconf 90' lang='lat' dir='ltr'><strong>in</strong></span> <span class='ocrx_word' id='word_1_411' title='bbox 3561 1336 3790 1382; x_wconf 82' lang='lat' dir='ltr'><strong>conten-</strong></span> 
     </span>
    </p>
   </div>
   <div class='ocr_carea' id='block_1_64' title="bbox 2207 1418 3792 1487">
    <p class='ocr_par' dir='ltr' id='par_1_64' title="bbox 2207 1418 3792 1487">
     <span class='ocr_line' id='line_1_64' title="bbox 2207 1418 3792 1487; baseline 0.001 -14"><span class='ocrx_word' id='word_1_412' title='bbox 2207 1421 2406 1474; x_wconf 84' lang='lat' dir='ltr'><strong>tionem</strong></span> <span class='ocrx_word' id='word_1_413' title='bbox 2453 1433 2758 1487; x_wconf 80' lang='lat' dir='ltr'><strong>erumpere,</strong></span> <span class='ocrx_word' id='word_1_414' title='bbox 2815 1419 2900 1474; x_wconf 83' lang='lat' dir='ltr'><strong>vel</strong></span> <span class='ocrx_word' id='word_1_415' title='bbox 2950 1419 3131 1474; x_wconf 86' lang='lat' dir='ltr'><strong>verbis</strong></span> <span class='ocrx_word' id='word_1_416' title='bbox 3173 1419 3445 1484; x_wconf 83' lang='lat' dir='ltr'><strong>resistere,</strong></span> <span class='ocrx_word' id='word_1_417' title='bbox 3479 1421 3577 1474; x_wconf 85' lang='lat' dir='ltr'><strong>sed</strong></span> <span class='ocrx_word' id='word_1_418' title='bbox 3614 1418 3792 1475; x_wconf 86' lang='lat' dir='ltr'><strong>locum</strong></span> 
     </span>
    </p>
   </div>
   <div class='ocr_carea' id='block_1_65' title="bbox 2208 1509 3170 1580">
    <p class='ocr_par' dir='ltr' id='par_1_65' title="bbox 2208 1509 3170 1580">
     <span class='ocr_line' id='line_1_65' title="bbox 2208 1509 3170 1580; baseline 0 -15"><span class='ocrx_word' id='word_1_419' title='bbox 2208 1511 2411 1565; x_wconf 88' lang='lat' dir='ltr'><strong>insanis</strong></span> <span class='ocrx_word' id='word_1_420' title='bbox 2438 1509 2667 1580; x_wconf 81' lang='lat' dir='ltr'><strong>loquelis</strong></span> <span class='ocrx_word' id='word_1_421' title='bbox 2692 1511 2820 1565; x_wconf 78' lang='lat' dir='ltr'><strong>dare</strong></span> <span class='ocrx_word' id='word_1_422' title='bbox 2840 1512 3170 1566; x_wconf 83' lang='lat' dir='ltr'><strong>studeamus.</strong></span> 
     </span>
    </p>
   </div>
   <div class='ocr_carea' id='block_1_66' title="bbox 2208 1599 3798 1673">
    <p class='ocr_par' dir='ltr' id='par_1_66' title="bbox 2208 1599 3798 1673">
     <span class='ocr_line' id='line_1_66' title="bbox 2208 1599 3798 1673; baseline 0 -18"><span class='ocrx_word' id='word_1_423' title='bbox 2208 1600 2275 1655; x_wconf 76' lang='grc'><strong>15</strong></span> <span class='ocrx_word' id='word_1_424' title='bbox 2349 1599 2414 1653; x_wconf 77' lang='lat' dir='ltr'><strong>Et</strong></span> <span class='ocrx_word' id='word_1_425' title='bbox 2439 1601 2486 1654; x_wconf 77' lang='lat' dir='ltr'><strong>si</strong></span> <span class='ocrx_word' id='word_1_426' title='bbox 2508 1601 2552 1654; x_wconf 86' lang='lat' dir='ltr'><strong>is</strong></span> <span class='ocrx_word' id='word_1_427' title='bbox 2574 1601 2662 1671; x_wconf 88' lang='lat' dir='ltr'><strong>qui</strong></span> <span class='ocrx_word' id='word_1_428' title='bbox 2687 1600 2869 1657; x_wconf 81' lang='lat' dir='ltr'><strong>oderat</strong></span> <span class='ocrx_word' id='word_1_429' title='bbox 2911 1618 2992 1655; x_wconf 87' lang='lat' dir='ltr'><strong>me</strong></span> <span class='ocrx_word' id='word_1_430' title='bbox 3035 1618 3193 1657; x_wconf 72' lang='lat' dir='ltr'><strong>super</strong></span> <span class='ocrx_word' id='word_1_431' title='bbox 3237 1617 3317 1658; x_wconf 89' lang='lat' dir='ltr'><strong>me</strong></span> <span class='ocrx_word' id='word_1_432' title='bbox 3339 1617 3535 1673; x_wconf 80' lang='lat' dir='ltr'><strong>magna</strong></span> <span class='ocrx_word' id='word_1_433' title='bbox 3584 1601 3798 1657; x_wconf 75' lang='lat' dir='ltr'><strong>locutus</strong></span> 
     </span>
    </p>
   </div>
   <div class='ocr_carea' id='block_1_67' title="bbox 2419 1693 2638 1762">
    <p class='ocr_par' dir='ltr' id='par_1_67' title="bbox 2419 1693 2638 1762">
     <span class='ocr_line' id='line_1_67' title="bbox 2419 1693 2638 1762; baseline 0.014 -16"><span class='ocrx_word' id='word_1_434' title='bbox 2419 1693 2602 1762; x_wconf 81' lang='lat' dir='ltr'><strong>fuisset</strong></span> <span class='ocrx_word' id='word_1_435' title='bbox 2620 1709 2638 1749; x_wconf 90' lang='lat'><strong><em>:</em></strong></span> 
     </span>
    </p>
   </div>
   <div class='ocr_carea' id='block_1_68' title="bbox 2350 1784 3291 1855">
    <p class='ocr_par' dir='ltr' id='par_1_68' title="bbox 2350 1784 3291 1855">
     <span class='ocr_line' id='line_1_68' title="bbox 2350 1784 3291 1855; baseline 0.002 -17"><span class='ocrx_word' id='word_1_436' title='bbox 2350 1784 2749 1839; x_wconf 75' lang='lat' dir='ltr'><strong>Abscondissem</strong></span> <span class='ocrx_word' id='word_1_437' title='bbox 2772 1801 2853 1839; x_wconf 86' lang='lat' dir='ltr'><strong>me</strong></span> <span class='ocrx_word' id='word_1_438' title='bbox 2877 1785 3101 1855; x_wconf 75' lang='lat' dir='ltr'><strong>forsitan</strong></span> <span class='ocrx_word' id='word_1_439' title='bbox 3125 1786 3189 1840; x_wconf 83' lang='lat' dir='ltr'><strong>ab</strong></span> <span class='ocrx_word' id='word_1_440' title='bbox 3210 1801 3291 1840; x_wconf 85' lang='lat' dir='ltr'><strong>eo.</strong></span> 
     </span>
    </p>
   </div>
   <div class='ocr_carea' id='block_1_69' title="bbox 2281 1875 3794 1946">
    <p class='ocr_par' dir='ltr' id='par_1_69' title="bbox 2281 1875 3794 1946">
     <span class='ocr_line' id='line_1_69' title="bbox 2281 1875 3794 1946; baseline -0.001 -14"><span class='ocrx_word' id='word_1_441' title='bbox 2281 1875 2322 1932; x_wconf 92' lang='lat' dir='ltr'><strong>C</strong></span> <span class='ocrx_word' id='word_1_442' title='bbox 2353 1876 2407 1931; x_wconf 91' lang='lat' dir='ltr'><strong>In</strong></span> <span class='ocrx_word' id='word_1_443' title='bbox 2433 1878 2536 1932; x_wconf 87' lang='lat' dir='ltr'><strong>isto</strong></span> <span class='ocrx_word' id='word_1_444' title='bbox 2552 1876 2822 1932; x_wconf 83' lang='lat' dir='ltr'><strong>versiculo</strong></span> <span class='ocrx_word' id='word_1_445' title='bbox 2843 1885 2898 1930; x_wconf 91' lang='lat' dir='ltr'><strong>et</strong></span> <span class='ocrx_word' id='word_1_446' title='bbox 2924 1876 3248 1946; x_wconf 55' lang='lat' dir='ltr'><strong>praecedenti</strong></span> <span class='ocrx_word' id='word_1_447' title='bbox 3275 1891 3338 1931; x_wconf 88' lang='lat' dir='ltr'><strong>ac</strong></span> <span class='ocrx_word' id='word_1_448' title='bbox 3353 1875 3604 1944; x_wconf 87' lang='lat' dir='ltr'><strong>sequenti</strong></span> <span class='ocrx_word' id='word_1_449' title='bbox 3626 1875 3794 1931; x_wconf 70' lang='lat' dir='ltr'><strong>ludas</strong></span> 
     </span>
    </p>
   </div>
   <div class='ocr_carea' id='block_1_70' title="bbox 2206 1967 3793 2040">
    <p class='ocr_par' dir='ltr' id='par_1_70' title="bbox 2206 1967 3793 2040">
     <span class='ocr_line' id='line_1_70' title="bbox 2206 1967 3793 2040; baseline -0.001 -16"><span class='ocrx_word' id='word_1_450' title='bbox 2206 1970 2444 2040; x_wconf 78' lang='lat' dir='ltr'><strong>perﬁdus</strong></span> <span class='ocrx_word' id='word_1_451' title='bbox 2475 1971 2806 2038; x_wconf 88' lang='lat' dir='ltr'><strong>increpatur,</strong></span> <span class='ocrx_word' id='word_1_452' title='bbox 2837 1970 2928 2039; x_wconf 91' lang='lat' dir='ltr'><strong>qui</strong></span> <span class='ocrx_word' id='word_1_453' title='bbox 2950 1969 3130 2025; x_wconf 89' lang='lat' dir='ltr'><strong>caveri</strong></span> <span class='ocrx_word' id='word_1_454' title='bbox 3159 1969 3446 2038; x_wconf 88' lang='lat' dir='ltr'><strong>potuisset,</strong></span> <span class='ocrx_word' id='word_1_455' title='bbox 3467 1968 3513 2024; x_wconf 88' lang='lat' dir='ltr'><strong>si</strong></span> <span class='ocrx_word' id='word_1_456' title='bbox 3545 1967 3793 2038; x_wconf 85' lang='lat' dir='ltr'><strong>publicus</strong></span> 
     </span>
    </p>
   </div>
   <div class='ocr_carea' id='block_1_71' title="bbox 2209 2059 3792 2130">
    <p class='ocr_par' dir='ltr' id='par_1_71' title="bbox 2209 2059 3792 2130">
     <span class='ocr_line' id='line_1_71' title="bbox 2209 2059 3792 2130; baseline -0.002 -15"><span class='ocrx_word' id='word_1_457' title='bbox 2209 2061 2397 2116; x_wconf 78' lang='lat' dir='ltr'><strong>luisset</strong></span> <span class='ocrx_word' id='word_1_458' title='bbox 2423 2061 2692 2123; x_wconf 86' lang='lat' dir='ltr'><strong>inimicus,</strong></span> <span class='ocrx_word' id='word_1_459' title='bbox 2721 2061 2958 2116; x_wconf 82' lang='lat' dir='ltr'><strong>humano</strong></span> <span class='ocrx_word' id='word_1_460' title='bbox 2983 2063 3142 2115; x_wconf 90' lang='lat' dir='ltr'><strong>modo</strong></span> <span class='ocrx_word' id='word_1_461' title='bbox 3170 2059 3472 2130; x_wconf 84' lang='lat' dir='ltr'><strong>loquendo;</strong></span> <span class='ocrx_word' id='word_1_462' title='bbox 3516 2074 3681 2130; x_wconf 74' lang='lat' dir='ltr'><strong>quem</strong></span> <span class='ocrx_word' id='word_1_463' title='bbox 3715 2066 3792 2112; x_wconf 84' lang='lat' dir='ltr'><strong>ta-</strong></span> 
     </span>
    </p>
   </div>
   <div class='ocr_carea' id='block_1_72' title="bbox 2208 2151 3790 2217">
    <p class='ocr_par' dir='ltr' id='par_1_72' title="bbox 2208 2151 3790 2217">
     <span class='ocr_line' id='line_1_72' title="bbox 2208 2151 3790 2217; baseline -0.003 -8"><span class='ocrx_word' id='word_1_464' title='bbox 2208 2168 2329 2209; x_wconf 90' lang='lat' dir='ltr'><strong>men</strong></span> <span class='ocrx_word' id='word_1_465' title='bbox 2355 2154 2602 2210; x_wconf 86' lang='lat' dir='ltr'><strong>Christus</strong></span> <span class='ocrx_word' id='word_1_466' title='bbox 2627 2153 2670 2209; x_wconf 90' lang='lat' dir='ltr'><strong>si</strong></span> <span class='ocrx_word' id='word_1_467' title='bbox 2697 2155 3256 2217; x_wconf 82' lang='lat' dir='ltr'><strong>voluisset,oceultum</strong></span> <span class='ocrx_word' id='word_1_468' title='bbox 3284 2170 3389 2209; x_wconf 91' lang='lat' dir='ltr'><strong>non</strong></span> <span class='ocrx_word' id='word_1_469' title='bbox 3413 2153 3516 2209; x_wconf 90' lang='lat' dir='ltr'><strong>sibi</strong></span> <span class='ocrx_word' id='word_1_470' title='bbox 3533 2153 3628 2208; x_wconf 90' lang='lat' dir='ltr'><strong>sed</strong></span> <span class='ocrx_word' id='word_1_471' title='bbox 3651 2151 3790 2213; x_wconf 80' lang='lat' dir='ltr'><strong>aliis,</strong></span> 
     </span>
    </p>
   </div>
   <div class='ocr_carea' id='block_1_73' title="bbox 2207 2243 3792 2316">
    <p class='ocr_par' dir='ltr' id='par_1_73' title="bbox 2207 2243 3792 2316">
     <span class='ocr_line' id='line_1_73' title="bbox 2207 2243 3792 2316; baseline -0.001 -16"><span class='ocrx_word' id='word_1_472' title='bbox 2207 2262 2400 2302; x_wconf 86' lang='lat' dir='ltr'><strong>cavere</strong></span> <span class='ocrx_word' id='word_1_473' title='bbox 2424 2247 2710 2316; x_wconf 87' lang='lat' dir='ltr'><strong>potuisset.</strong></span> <span class='ocrx_word' id='word_1_474' title='bbox 2741 2245 2784 2300; x_wconf 89' lang='lat' dir='ltr'><strong>H</strong></span> <span class='ocrx_word' id='word_1_475' title='bbox 2822 2245 2935 2301; x_wconf 87' lang='lat' dir='ltr'><strong>Non</strong></span> <span class='ocrx_word' id='word_1_476' title='bbox 2959 2247 3047 2301; x_wconf 87' lang='lat' dir='ltr'><strong>hic</strong></span> <span class='ocrx_word' id='word_1_477' title='bbox 3072 2255 3280 2301; x_wconf 88' lang='lat' dir='ltr'><strong>tantum</strong></span> <span class='ocrx_word' id='word_1_478' title='bbox 3309 2245 3377 2301; x_wconf 88' lang='lat' dir='ltr'><strong>de</strong></span> <span class='ocrx_word' id='word_1_479' title='bbox 3405 2245 3661 2314; x_wconf 87' lang='lat' dir='ltr'><strong>passione</strong></span> <span class='ocrx_word' id='word_1_480' title='bbox 3693 2243 3792 2298; x_wconf 71' lang='lat' dir='ltr'><strong>Do—</strong></span> 
     </span>
    </p>
   </div>
   <div class='ocr_carea' id='block_1_74' title="bbox 2209 2335 3792 2409">
    <p class='ocr_par' dir='ltr' id='par_1_74' title="bbox 2209 2335 3792 2409">
     <span class='ocr_line' id='line_1_74' title="bbox 2209 2335 3792 2409; baseline -0.003 -17"><span class='ocrx_word' id='word_1_481' title='bbox 2209 2339 2386 2392; x_wconf 91' lang='lat' dir='ltr'><strong>minus</strong></span> <span class='ocrx_word' id='word_1_482' title='bbox 2419 2338 2689 2409; x_wconf 88' lang='lat' dir='ltr'><strong>queritur,</strong></span> <span class='ocrx_word' id='word_1_483' title='bbox 2744 2337 2841 2392; x_wconf 89' lang='lat' dir='ltr'><strong>sed</strong></span> <span class='ocrx_word' id='word_1_484' title='bbox 2883 2346 2939 2392; x_wconf 85' lang='lat' dir='ltr'><strong>et</strong></span> <span class='ocrx_word' id='word_1_485' title='bbox 2983 2338 3048 2393; x_wconf 86' lang='lat' dir='ltr'><strong>dc</strong></span> <span class='ocrx_word' id='word_1_486' title='bbox 3101 2336 3366 2406; x_wconf 88' lang='lat' dir='ltr'><strong>discipulo</strong></span> <span class='ocrx_word' id='word_1_487' title='bbox 3417 2335 3720 2406; x_wconf 86' lang='lat' dir='ltr'><strong>proditore,</strong></span> <span class='ocrx_word' id='word_1_488' title='bbox 3762 2352 3792 2387; x_wconf 84' lang='lat' dir='ltr'><strong>a</strong></span> 
     </span>
    </p>
   </div>
   <div class='ocr_carea' id='block_1_75' title="bbox 2207 2428 3790 2500">
    <p class='ocr_par' dir='ltr' id='par_1_75' title="bbox 2207 2428 3790 2500">
     <span class='ocr_line' id='line_1_75' title="bbox 2207 2428 3790 2500; baseline 0 -18"><span class='ocrx_word' id='word_1_489' title='bbox 2207 2447 2314 2500; x_wconf 88' lang='lat' dir='ltr'><strong>quo</strong></span> <span class='ocrx_word' id='word_1_490' title='bbox 2345 2444 2404 2485; x_wconf 89' lang='lat' dir='ltr'><strong>se</strong></span> <span class='ocrx_word' id='word_1_491' title='bbox 2425 2445 2528 2483; x_wconf 91' lang='lat' dir='ltr'><strong>non</strong></span> <span class='ocrx_word' id='word_1_492' title='bbox 2554 2430 2854 2494; x_wconf 86' lang='lat' dir='ltr'><strong>abscondit,</strong></span> <span class='ocrx_word' id='word_1_493' title='bbox 2888 2431 3014 2486; x_wconf 90' lang='lat' dir='ltr'><strong>licet</strong></span> <span class='ocrx_word' id='word_1_494' title='bbox 3039 2447 3067 2484; x_wconf 90' lang='lat' dir='ltr'><strong>a</strong></span> <span class='ocrx_word' id='word_1_495' title='bbox 3092 2429 3292 2485; x_wconf 69' lang='lat' dir='ltr'><strong>Iudicis</strong></span> <span class='ocrx_word' id='word_1_496' title='bbox 3326 2429 3422 2500; x_wconf 90' lang='lat' dir='ltr'><strong>(ut</strong></span> <span class='ocrx_word' id='word_1_497' title='bbox 3455 2430 3506 2484; x_wconf 89' lang='lat' dir='ltr'><strong>in</strong></span> <span class='ocrx_word' id='word_1_498' title='bbox 3551 2428 3790 2500; x_wconf 84' lang='lat' dir='ltr'><strong>Evange-</strong></span> 
     </span>
    </p>
   </div>
   <div class='ocr_carea' id='block_1_76' title="bbox 2210 2519 3792 2590">
    <p class='ocr_par' dir='ltr' id='par_1_76' title="bbox 2210 2519 3792 2590">
     <span class='ocr_line' id='line_1_76' title="bbox 2210 2519 3792 2590; baseline 0.001 -17"><span class='ocrx_word' id='word_1_499' title='bbox 2210 2520 2279 2573; x_wconf 84' lang='lat' dir='ltr'><strong>lio</strong></span> <span class='ocrx_word' id='word_1_500' title='bbox 2311 2519 2558 2589; x_wconf 79' lang='lat' dir='ltr'><strong>legimus)</strong></span> <span class='ocrx_word' id='word_1_501' title='bbox 2578 2519 2759 2589; x_wconf 85' lang='lat' dir='ltr'><strong>(Joan.</strong></span> <span class='ocrx_word' id='word_1_502' title='bbox 2788 2519 2920 2590; x_wconf 83' lang='lat' dir='ltr'><strong>vui)</strong></span> <span class='ocrx_word' id='word_1_503' title='bbox 2969 2536 3028 2576; x_wconf 88' lang='lat' dir='ltr'><strong>se</strong></span> <span class='ocrx_word' id='word_1_504' title='bbox 3068 2520 3414 2576; x_wconf 86' lang='lat' dir='ltr'><strong>absconderit</strong></span> <span class='ocrx_word' id='word_1_505' title='bbox 3481 2521 3577 2574; x_wconf 83' lang='lat' dir='ltr'><strong>sed</strong></span> <span class='ocrx_word' id='word_1_506' title='bbox 3627 2520 3792 2575; x_wconf 86' lang='lat' dir='ltr'><strong>etiam</strong></span> 
     </span>
    </p>
   </div>
   <div class='ocr_carea' id='block_1_77' title="bbox 2207 2611 2912 2667">
    <p class='ocr_par' dir='ltr' id='par_1_77' title="bbox 2207 2611 2912 2667">
     <span class='ocr_line' id='line_1_77' title="bbox 2207 2611 2912 2667; baseline 0.003 -3"><span class='ocrx_word' id='word_1_507' title='bbox 2207 2611 2454 2666; x_wconf 87' lang='lat' dir='ltr'><strong>convivio</strong></span> <span class='ocrx_word' id='word_1_508' title='bbox 2485 2623 2677 2667; x_wconf 89' lang='lat' dir='ltr'><strong>sancto</strong></span> <span class='ocrx_word' id='word_1_509' title='bbox 2701 2613 2912 2667; x_wconf 77' lang='lat' dir='ltr'><strong>ascivit.</strong></span> 
     </span>
    </p>
   </div>
   <div class='ocr_carea' id='block_1_78' title="bbox 2202 2702 3074 2760">
    <p class='ocr_par' dir='ltr' id='par_1_78' title="bbox 2202 2702 3074 2760">
     <span class='ocr_line' id='line_1_78' title="bbox 2202 2702 3074 2760; baseline 0 -2"><span class='ocrx_word' id='word_1_510' title='bbox 2202 2704 2273 2759; x_wconf 68' lang='grc'><strong>14</strong></span> <span class='ocrx_word' id='word_1_511' title='bbox 2349 2702 2428 2758; x_wconf 84' lang='lat' dir='ltr'><strong>Tu</strong></span> <span class='ocrx_word' id='word_1_512' title='bbox 2461 2721 2577 2759; x_wconf 81' lang='lat' dir='ltr'><strong>vero</strong></span> <span class='ocrx_word' id='word_1_513' title='bbox 2603 2706 2755 2759; x_wconf 81' lang='lat' dir='ltr'><strong>homo</strong></span> <span class='ocrx_word' id='word_1_514' title='bbox 2777 2706 3074 2760; x_wconf 85' lang='lat' dir='ltr'><strong>unanimis:</strong></span> 
     </span>
    </p>
   </div>
   <div class='ocr_carea' id='block_1_79' title="bbox 2265 2795 3070 2852">
    <p class='ocr_par' dir='ltr' id='par_1_79' title="bbox 2265 2795 3070 2852">
     <span class='ocr_line' id='line_1_79' title="bbox 2265 2795 3070 2852; baseline 0.004 -3"><span class='ocrx_word' id='word_1_515' title='bbox 2265 2831 2274 2849; x_wconf 70' lang='grc' dir='ltr'><em>ρ</em></span> <span class='ocrx_word' id='word_1_516' title='bbox 2348 2795 2470 2849; x_wconf 79' lang='lat' dir='ltr'><strong>Dux</strong></span> <span class='ocrx_word' id='word_1_517' title='bbox 2491 2813 2634 2850; x_wconf 88' lang='lat' dir='ltr'><strong>meus</strong></span> <span class='ocrx_word' id='word_1_518' title='bbox 2655 2805 2702 2850; x_wconf 85' lang='lat' dir='ltr'><strong>et</strong></span> <span class='ocrx_word' id='word_1_519' title='bbox 2724 2805 2875 2851; x_wconf 87' lang='lat' dir='ltr'><strong>notus</strong></span> <span class='ocrx_word' id='word_1_520' title='bbox 2906 2814 3070 2852; x_wconf 86' lang='lat' dir='ltr'><strong>meus.</strong></span> 
     </span>
    </p>
   </div>
   <div class='ocr_carea' id='block_1_80' title="bbox 2275 2887 3792 2961">
    <p class='ocr_par' dir='ltr' id='par_1_80' title="bbox 2275 2887 3792 2961">
     <span class='ocr_line' id='line_1_80' title="bbox 2275 2887 3792 2961; baseline 0.004 -18"><span class='ocrx_word' id='word_1_521' title='bbox 2275 2887 2315 2942; x_wconf 89' lang='lat' dir='ltr'><strong>C</strong></span> <span class='ocrx_word' id='word_1_522' title='bbox 2341 2887 2627 2943; x_wconf 86' lang='lat' dir='ltr'><strong>Uuanimis</strong></span> <span class='ocrx_word' id='word_1_523' title='bbox 2649 2887 2825 2942; x_wconf 80' lang='lat' dir='ltr'><strong>dictus</strong></span> <span class='ocrx_word' id='word_1_524' title='bbox 2851 2898 2933 2941; x_wconf 90' lang='lat' dir='ltr'><strong>est</strong></span> <span class='ocrx_word' id='word_1_525' title='bbox 2961 2888 3149 2952; x_wconf 85' lang='lat' dir='ltr'><strong>Judas,</strong></span> <span class='ocrx_word' id='word_1_526' title='bbox 3190 2890 3314 2958; x_wconf 83' lang='lat' dir='ltr'><strong>quia</strong></span> <span class='ocrx_word' id='word_1_527' title='bbox 3347 2891 3487 2946; x_wconf 90' lang='lat' dir='ltr'><strong>inter</strong></span> <span class='ocrx_word' id='word_1_528' title='bbox 3512 2895 3792 2961; x_wconf 88' lang='lat' dir='ltr'><strong>apostolos</strong></span> 
     </span>
    </p>
   </div>
   <div class='ocr_carea' id='block_1_81' title="bbox 2206 2978 3796 3056">
    <p class='ocr_par' dir='ltr' id='par_1_81' title="bbox 2206 2978 3796 3056">
     <span class='ocr_line' id='line_1_81' title="bbox 2206 2978 3796 3056; baseline 0.007 -24"><span class='ocrx_word' id='word_1_529' title='bbox 2206 2978 2307 3032; x_wconf 80' lang='lat' dir='ltr'><strong>fuit</strong></span> <span class='ocrx_word' id='word_1_530' title='bbox 2327 2989 2662 3035; x_wconf 87' lang='lat' dir='ltr'><strong>numeratus.</strong></span> <span class='ocrx_word' id='word_1_531' title='bbox 2693 2979 2833 3043; x_wconf 77' lang='lat' dir='ltr'><strong>Dux,</strong></span> <span class='ocrx_word' id='word_1_532' title='bbox 2863 2981 2987 3049; x_wconf 85' lang='lat' dir='ltr'><strong>quia</strong></span> <span class='ocrx_word' id='word_1_533' title='bbox 3013 2983 3080 3036; x_wconf 88' lang='lat' dir='ltr'><strong>ad</strong></span> <span class='ocrx_word' id='word_1_534' title='bbox 3121 2985 3272 3038; x_wconf 85' lang='lat' dir='ltr'><strong>vicos</strong></span> <span class='ocrx_word' id='word_1_535' title='bbox 3294 2991 3349 3038; x_wconf 88' lang='lat' dir='ltr'><strong>et</strong></span> <span class='ocrx_word' id='word_1_536' title='bbox 3384 2985 3608 3040; x_wconf 83' lang='lat' dir='ltr'><strong>castella</strong></span> <span class='ocrx_word' id='word_1_537' title='bbox 3657 3002 3796 3056; x_wconf 66' lang='lat' dir='ltr'><strong>prac-</strong></span> 
     </span>
    </p>
   </div>
   <div class='ocr_carea' id='block_1_82' title="bbox 2206 3071 3796 3140">
    <p class='ocr_par' dir='ltr' id='par_1_82' title="bbox 2206 3071 3796 3140">
     <span class='ocr_line' id='line_1_82' title="bbox 2206 3071 3796 3140; baseline 0.005 -17"><span class='ocrx_word' id='word_1_538' title='bbox 2206 3071 2404 3125; x_wconf 86' lang='lat' dir='ltr'><strong>iuissus</strong></span> <span class='ocrx_word' id='word_1_539' title='bbox 2425 3079 2526 3131; x_wconf 82' lang='lat' dir='ltr'><strong>est,</strong></span> <span class='ocrx_word' id='word_1_540' title='bbox 2563 3078 2621 3124; x_wconf 92' lang='lat' dir='ltr'><strong>ut</strong></span> <span class='ocrx_word' id='word_1_541' title='bbox 2671 3071 3056 3140; x_wconf 73' lang='lat' dir='ltr'><strong>prtedicatioue</strong></span> <span class='ocrx_word' id='word_1_542' title='bbox 3111 3073 3261 3128; x_wconf 85' lang='lat' dir='ltr'><strong>verbi</strong></span> <span class='ocrx_word' id='word_1_543' title='bbox 3315 3074 3584 3130; x_wconf 88' lang='lat' dir='ltr'><strong>imbueret</strong></span> <span class='ocrx_word' id='word_1_544' title='bbox 3633 3078 3796 3133; x_wconf 89' lang='lat' dir='ltr'><strong>rudes</strong></span> 
     </span>
    </p>
   </div>
   <div class='ocr_carea' id='block_1_83' title="bbox 2133 3159 3792 3248">
    <p class='ocr_par' dir='ltr' id='par_1_83' title="bbox 2133 3159 3792 3248">
     <span class='ocr_line' id='line_1_83' title="bbox 2133 3159 3792 3248; baseline 0.004 -34"><span class='ocrx_word' id='word_1_545' title='bbox 2133 3184 2183 3248; x_wconf 64' lang='grc' dir='ltr'>ο</span> <span class='ocrx_word' id='word_1_546' title='bbox 2209 3162 2440 3217; x_wconf 86' lang='lat' dir='ltr'><strong>animos.</strong></span> <span class='ocrx_word' id='word_1_547' title='bbox 2472 3159 2662 3225; x_wconf 84' lang='lat' dir='ltr'><strong>Notus,</strong></span> <span class='ocrx_word' id='word_1_548' title='bbox 2685 3163 2810 3231; x_wconf 85' lang='lat' dir='ltr'><strong>quia</strong></span> <span class='ocrx_word' id='word_1_549' title='bbox 2843 3161 2968 3230; x_wconf 79' lang='lat' dir='ltr'><strong>ejus</strong></span> <span class='ocrx_word' id='word_1_550' title='bbox 2986 3163 3224 3232; x_wconf 88' lang='lat' dir='ltr'><strong>proditio</strong></span> <span class='ocrx_word' id='word_1_551' title='bbox 3248 3172 3374 3219; x_wconf 86' lang='lat' dir='ltr'><strong>nota</strong></span> <span class='ocrx_word' id='word_1_552' title='bbox 3406 3174 3524 3220; x_wconf 87' lang='lat' dir='ltr'><strong>erat</strong></span> <span class='ocrx_word' id='word_1_553' title='bbox 3550 3166 3792 3222; x_wconf 87' lang='lat' dir='ltr'><strong>Christo.</strong></span> 
     </span>
    </p>
   </div>
   <div class='ocr_carea' id='block_1_84' title="bbox 2206 3252 3797 3324">
    <p class='ocr_par' dir='ltr' id='par_1_84' title="bbox 2206 3252 3797 3324">
     <span class='ocr_line' id='line_1_84' title="bbox 2206 3252 3797 3324; baseline 0.003 -17"><span class='ocrx_word' id='word_1_554' title='bbox 2206 3252 2254 3307; x_wconf 85' lang='lat' dir='ltr'><strong>ll</strong></span> <span class='ocrx_word' id='word_1_555' title='bbox 2284 3252 2400 3317; x_wconf 87' lang='lat' dir='ltr'><strong>Vel,</strong></span> <span class='ocrx_word' id='word_1_556' title='bbox 2430 3253 2558 3323; x_wconf 87' lang='lat' dir='ltr'><strong>quia</strong></span> <span class='ocrx_word' id='word_1_557' title='bbox 2593 3269 2716 3308; x_wconf 90' lang='lat' dir='ltr'><strong>cum</strong></span> <span class='ocrx_word' id='word_1_558' title='bbox 2747 3253 2868 3308; x_wconf 91' lang='lat' dir='ltr'><strong>aliis</strong></span> <span class='ocrx_word' id='word_1_559' title='bbox 2898 3253 2965 3309; x_wconf 91' lang='lat' dir='ltr'><strong>ad</strong></span> <span class='ocrx_word' id='word_1_560' title='bbox 2999 3254 3400 3324; x_wconf 51' lang='lat' dir='ltr'><strong>praedicandum</strong></span> <span class='ocrx_word' id='word_1_561' title='bbox 3448 3257 3650 3313; x_wconf 84' lang='lat' dir='ltr'><strong>missus</strong></span> <span class='ocrx_word' id='word_1_562' title='bbox 3673 3256 3797 3324; x_wconf 79' lang='lat' dir='ltr'><strong>fuit,</strong></span> 
     </span>
    </p>
   </div>
   <div class='ocr_carea' id='block_1_85' title="bbox 2207 3345 2759 3416">
    <p class='ocr_par' dir='ltr' id='par_1_85' title="bbox 2207 3345 2759 3416">
     <span class='ocr_line' id='line_1_85' title="bbox 2207 3345 2759 3416; baseline -0.002 -17"><span class='ocrx_word' id='word_1_563' title='bbox 2207 3355 2366 3400; x_wconf 87' lang='lat' dir='ltr'><strong>notus</strong></span> <span class='ocrx_word' id='word_1_564' title='bbox 2395 3346 2513 3416; x_wconf 86' lang='lat' dir='ltr'><strong>ejus</strong></span> <span class='ocrx_word' id='word_1_565' title='bbox 2543 3345 2759 3400; x_wconf 88' lang='lat' dir='ltr'><strong>dicitur.</strong></span> 
     </span>
    </p>
   </div>
   <div class='ocr_carea' id='block_1_86' title="bbox 2206 3435 3703 3510">
    <p class='ocr_par' dir='ltr' id='par_1_86' title="bbox 2206 3435 3703 3510">
     <span class='ocr_line' id='line_1_86' title="bbox 2206 3435 3703 3510; baseline 0.001 -19"><span class='ocrx_word' id='word_1_566' title='bbox 2206 3435 2274 3491; x_wconf 74' lang='grc'><strong>15</strong></span> <span class='ocrx_word' id='word_1_567' title='bbox 2348 3435 2612 3502; x_wconf 85' lang='lat' dir='ltr'><strong>Quoniam</strong></span> <span class='ocrx_word' id='word_1_568' title='bbox 2639 3436 2798 3491; x_wconf 77' lang='lat' dir='ltr'><strong>simul</strong></span> <span class='ocrx_word' id='word_1_569' title='bbox 2822 3455 3024 3494; x_wconf 80' lang='lat' dir='ltr'><strong>mecum</strong></span> <span class='ocrx_word' id='word_1_570' title='bbox 3047 3438 3226 3493; x_wconf 85' lang='lat' dir='ltr'><strong>dulces</strong></span> <span class='ocrx_word' id='word_1_571' title='bbox 3247 3439 3488 3510; x_wconf 75' lang='lat' dir='ltr'><strong>cupiebas</strong></span> <span class='ocrx_word' id='word_1_572' title='bbox 3519 3440 3666 3496; x_wconf 84' lang='lat' dir='ltr'><strong>cibos</strong></span> <span class='ocrx_word' id='word_1_573' title='bbox 3682 3453 3703 3493; x_wconf 89' lang='lat'><strong><em>:</em></strong></span> 
     </span>
    </p>
   </div>
   <div class='ocr_carea' id='block_1_87' title="bbox 2346 3521 3559 3587">
    <p class='ocr_par' dir='ltr' id='par_1_87' title="bbox 2346 3521 3559 3587">
     <span class='ocr_line' id='line_1_87' title="bbox 2346 3521 3559 3587; baseline 0.004 -5"><span class='ocrx_word' id='word_1_574' title='bbox 2346 3527 2413 3582; x_wconf 89' lang='lat' dir='ltr'><strong>In</strong></span> <span class='ocrx_word' id='word_1_575' title='bbox 2434 3528 2589 3582; x_wconf 87' lang='lat' dir='ltr'><strong>domo</strong></span> <span class='ocrx_word' id='word_1_576' title='bbox 2609 3527 2708 3583; x_wconf 86' lang='lat' dir='ltr'><strong>Dei</strong></span> <span class='ocrx_word' id='word_1_577' title='bbox 2731 3521 3113 3586; x_wconf 80' lang='lat' dir='ltr'><strong>ambulavimus</strong></span> <span class='ocrx_word' id='word_1_578' title='bbox 3142 3548 3258 3585; x_wconf 88' lang='lat' dir='ltr'><strong>cum</strong></span> <span class='ocrx_word' id='word_1_579' title='bbox 3280 3549 3559 3587; x_wconf 78' lang='lat' dir='ltr'><strong>consensu.</strong></span> 
     </span>
    </p>
   </div>
   <div class='ocr_carea' id='block_1_88' title="bbox 2274 3617 3795 3693">
    <p class='ocr_par' dir='ltr' id='par_1_88' title="bbox 2274 3617 3795 3693">
     <span class='ocr_line' id='line_1_88' title="bbox 2274 3617 3795 3693; baseline 0.005 -20"><span class='ocrx_word' id='word_1_580' title='bbox 2274 3618 2318 3673; x_wconf 77' lang='lat' dir='ltr'><strong>ll</strong></span> <span class='ocrx_word' id='word_1_581' title='bbox 2348 3617 2450 3686; x_wconf 85' lang='lat' dir='ltr'><strong>Qui</strong></span> <span class='ocrx_word' id='word_1_582' title='bbox 2478 3617 2871 3675; x_wconf 84' lang='lat' dir='ltr'><strong>simulmecum</strong></span> <span class='ocrx_word' id='word_1_583' title='bbox 2902 3619 3086 3677; x_wconf 85' lang='lat' dir='ltr'><strong>dulces</strong></span> <span class='ocrx_word' id='word_1_584' title='bbox 3119 3622 3374 3693; x_wconf 72' lang='lat' dir='ltr'><strong>cupiebas</strong></span> <span class='ocrx_word' id='word_1_585' title='bbox 3395 3623 3571 3690; x_wconf 90' lang='lat' dir='ltr'><strong>cibos,</strong></span> <span class='ocrx_word' id='word_1_586' title='bbox 3603 3623 3663 3678; x_wconf 87' lang='lat' dir='ltr'><strong>id</strong></span> <span class='ocrx_word' id='word_1_587' title='bbox 3689 3633 3795 3693; x_wconf 91' lang='lat' dir='ltr'><strong>est,</strong></span> 
     </span>
    </p>
   </div>
   <div class='ocr_carea' id='block_1_89' title="bbox 2204 3709 3794 3784">
    <p class='ocr_par' dir='ltr' id='par_1_89' title="bbox 2204 3709 3794 3784">
     <span class='ocr_line' id='line_1_89' title="bbox 2204 3709 3794 3784; baseline 0.003 -18"><span class='ocrx_word' id='word_1_588' title='bbox 2204 3725 2400 3780; x_wconf 89' lang='lat' dir='ltr'><strong>corpus</strong></span> <span class='ocrx_word' id='word_1_589' title='bbox 2425 3719 2479 3766; x_wconf 93' lang='lat' dir='ltr'><strong>et</strong></span> <span class='ocrx_word' id='word_1_590' title='bbox 2506 3709 2822 3781; x_wconf 88' lang='lat' dir='ltr'><strong>sanguinem</strong></span> <span class='ocrx_word' id='word_1_591' title='bbox 2847 3709 3078 3776; x_wconf 86' lang='lat' dir='ltr'><strong>Christi,</strong></span> <span class='ocrx_word' id='word_1_592' title='bbox 3105 3714 3247 3782; x_wconf 92' lang='lat' dir='ltr'><strong>quod</strong></span> <span class='ocrx_word' id='word_1_593' title='bbox 3277 3713 3390 3783; x_wconf 89' lang='lat' dir='ltr'><strong>ipse</strong></span> <span class='ocrx_word' id='word_1_594' title='bbox 3412 3716 3622 3784; x_wconf 86' lang='lat' dir='ltr'><strong>accepit</strong></span> <span class='ocrx_word' id='word_1_595' title='bbox 3639 3715 3710 3770; x_wconf 87' lang='lat' dir='ltr'><strong>ab</strong></span> <span class='ocrx_word' id='word_1_596' title='bbox 3730 3731 3794 3772; x_wconf 88' lang='lat' dir='ltr'><strong>eo</strong></span> 
     </span>
    </p>
   </div>
   <div class='ocr_carea' id='block_1_90' title="bbox 2204 3801 3797 3878">
    <p class='ocr_par' dir='ltr' id='par_1_90' title="bbox 2204 3801 3797 3878">
     <span class='ocr_line' id='line_1_90' title="bbox 2204 3801 3797 3878; baseline 0.003 -22"><span class='ocrx_word' id='word_1_597' title='bbox 2204 3802 2476 3874; x_wconf 87' lang='lat' dir='ltr'><strong>indignus.</strong></span> <span class='ocrx_word' id='word_1_598' title='bbox 2521 3801 2676 3872; x_wconf 67' lang='grc' dir='ltr'><strong>διξερε</strong></span> <span class='ocrx_word' id='word_1_599' title='bbox 2703 3803 2868 3857; x_wconf 88' lang='lat' dir='ltr'><strong>etiam</strong></span> <span class='ocrx_word' id='word_1_600' title='bbox 2911 3817 3034 3859; x_wconf 88' lang='lat' dir='ltr'><strong>cum</strong></span> <span class='ocrx_word' id='word_1_601' title='bbox 3092 3803 3207 3872; x_wconf 85' lang='lat' dir='ltr'><strong>ipso</strong></span> <span class='ocrx_word' id='word_1_602' title='bbox 3250 3804 3478 3860; x_wconf 82' lang='lat' dir='ltr'><strong>Domino</strong></span> <span class='ocrx_word' id='word_1_603' title='bbox 3511 3804 3562 3859; x_wconf 92' lang='lat' dir='ltr'><strong>iu</strong></span> <span class='ocrx_word' id='word_1_604' title='bbox 3593 3805 3797 3878; x_wconf 89' lang='lat' dir='ltr'><strong>templo</strong></span> 
     </span>
    </p>
   </div>
   <div class='ocr_carea' id='block_1_91' title="bbox 2203 3893 3791 3966">
    <p class='ocr_par' dir='ltr' id='par_1_91' title="bbox 2203 3893 3791 3966">
     <span class='ocr_line' id='line_1_91' title="bbox 2203 3893 3791 3966; baseline 0.003 -18"><span class='ocrx_word' id='word_1_605' title='bbox 2203 3893 2513 3949; x_wconf 84' lang='lat' dir='ltr'><strong>Salomonis</strong></span> <span class='ocrx_word' id='word_1_606' title='bbox 2539 3909 2661 3949; x_wconf 87' lang='lat' dir='ltr'><strong>cum</strong></span> <span class='ocrx_word' id='word_1_607' title='bbox 2701 3909 2970 3950; x_wconf 88' lang='lat' dir='ltr'><strong>consensu</strong></span> <span class='ocrx_word' id='word_1_608' title='bbox 2997 3897 3399 3966; x_wconf 64' lang='lat' dir='ltr'><strong>praadicationis</strong></span> <span class='ocrx_word' id='word_1_609' title='bbox 3424 3896 3579 3952; x_wconf 86' lang='lat' dir='ltr'><strong>abiit.</strong></span> <span class='ocrx_word' id='word_1_610' title='bbox 3610 3897 3654 3953; x_wconf 90' lang='lat' dir='ltr'><strong>C</strong></span> <span class='ocrx_word' id='word_1_611' title='bbox 3697 3899 3791 3953; x_wconf 89' lang='lat' dir='ltr'><strong>Isti</strong></span> 
     </span>
    </p>
   </div>
   <div class='ocr_carea' id='block_1_92' title="bbox 2205 3984 3800 4056">
    <p class='ocr_par' dir='ltr' id='par_1_92' title="bbox 2205 3984 3800 4056">
     <span class='ocr_line' id='line_1_92' title="bbox 2205 3984 3800 4056; baseline 0.004 -20"><span class='ocrx_word' id='word_1_612' title='bbox 2205 3984 2296 4055; x_wconf 93' lang='lat' dir='ltr'><strong>(ut</strong></span> <span class='ocrx_word' id='word_1_613' title='bbox 2319 3984 3170 4056; x_wconf 77' lang='lat' dir='ltr'><strong>superiori}versuijungeudum</strong></span> <span class='ocrx_word' id='word_1_614' title='bbox 3195 3994 3307 4041; x_wconf 88' lang='lat' dir='ltr'><strong>est:</strong></span> <span class='ocrx_word' id='word_1_615' title='bbox 3338 4001 3435 4041; x_wconf 91' lang='lat' dir='ltr'><strong>cur</strong></span> <span class='ocrx_word' id='word_1_616' title='bbox 3467 4002 3554 4042; x_wconf 92' lang='lat' dir='ltr'><strong>me</strong></span> <span class='ocrx_word' id='word_1_617' title='bbox 3586 3987 3800 4044; x_wconf 72' lang='lat' dir='ltr'><strong>tradis?</strong></span> 
     </span>
    </p>
   </div>
   <div class='ocr_carea' id='block_1_93' title="bbox 2203 4074 3794 4146">
    <p class='ocr_par' dir='ltr' id='par_1_93' title="bbox 2203 4074 3794 4146">
     <span class='ocr_line' id='line_1_93' title="bbox 2203 4074 3794 4146; baseline 0.003 -18"><span class='ocrx_word' id='word_1_618' title='bbox 2203 4085 2280 4137; x_wconf 85' lang='lat' dir='ltr'><strong>ut,</strong></span> <span class='ocrx_word' id='word_1_619' title='bbox 2308 4085 2362 4127; x_wconf 89' lang='lat' dir='ltr'><strong>tu</strong></span> <span class='ocrx_word' id='word_1_620' title='bbox 2393 4074 2557 4130; x_wconf 84' lang='lat' dir='ltr'><strong>homo</strong></span> <span class='ocrx_word' id='word_1_621' title='bbox 2581 4074 2854 4130; x_wconf 88' lang='lat' dir='ltr'><strong>unanimis</strong></span> <span class='ocrx_word' id='word_1_622' title='bbox 2883 4075 2992 4130; x_wconf 81' lang='lat' dir='ltr'><strong>dux</strong></span> <span class='ocrx_word' id='word_1_623' title='bbox 3020 4090 3172 4131; x_wconf 85' lang='lat' dir='ltr'><strong>tuens</strong></span> <span class='ocrx_word' id='word_1_624' title='bbox 3201 4084 3257 4130; x_wconf 91' lang='lat' dir='ltr'><strong>et</strong></span> <span class='ocrx_word' id='word_1_625' title='bbox 3290 4077 3382 4146; x_wconf 85' lang='lat' dir='ltr'><strong>qui</strong></span> <span class='ocrx_word' id='word_1_626' title='bbox 3411 4089 3627 4131; x_wconf 89' lang='lat' dir='ltr'><strong>mecum</strong></span> <span class='ocrx_word' id='word_1_627' title='bbox 3677 4079 3794 4132; x_wconf 84' lang='lat' dir='ltr'><strong>dul-</strong></span> 
     </span>
    </p>
   </div>
   <div class='ocr_carea' id='block_1_94' title="bbox 2202 4169 3432 4239">
    <p class='ocr_par' dir='ltr' id='par_1_94' title="bbox 2202 4169 3432 4239">
     <span class='ocr_line' id='line_1_94' title="bbox 2202 4169 3432 4239; baseline -0.001 -14"><span class='ocrx_word' id='word_1_628' title='bbox 2202 4183 2292 4225; x_wconf 70' lang='grc' dir='ltr'><strong>ους</strong></span> <span class='ocrx_word' id='word_1_629' title='bbox 2322 4169 2472 4224; x_wconf 90' lang='lat' dir='ltr'><strong>cibos</strong></span> <span class='ocrx_word' id='word_1_630' title='bbox 2492 4169 2792 4239; x_wconf 84' lang='lat' dir='ltr'><strong>suiupsisti,</strong></span> <span class='ocrx_word' id='word_1_631' title='bbox 2813 4179 2947 4235; x_wconf 90' lang='lat' dir='ltr'><strong>etc.,</strong></span> <span class='ocrx_word' id='word_1_632' title='bbox 2973 4185 3074 4226; x_wconf 85' lang='lat' dir='ltr'><strong>cur</strong></span> <span class='ocrx_word' id='word_1_633' title='bbox 3103 4184 3188 4224; x_wconf 88' lang='lat' dir='ltr'><strong>me</strong></span> <span class='ocrx_word' id='word_1_634' title='bbox 3218 4170 3432 4226; x_wconf 75' lang='lat' dir='ltr'><strong>tradis?</strong></span> 
     </span>
    </p>
   </div>
   <div class='ocr_carea' id='block_1_95' title="bbox 2208 4259 3055 4329">
    <p class='ocr_par' dir='ltr' id='par_1_95' title="bbox 2208 4259 3055 4329">
     <span class='ocr_line' id='line_1_95' title="bbox 2208 4259 3055 4329; baseline -0.002 -15"><span class='ocrx_word' id='word_1_635' title='bbox 2208 4265 2269 4316; x_wconf 82' lang='lat' dir='ltr'><strong>lb‘</strong></span> <span class='ocrx_word' id='word_1_636' title='bbox 2353 4259 2536 4315; x_wconf 84' lang='lat' dir='ltr'><strong>Veniat</strong></span> <span class='ocrx_word' id='word_1_637' title='bbox 2560 4277 2699 4316; x_wconf 87' lang='lat' dir='ltr'><strong>mors</strong></span> <span class='ocrx_word' id='word_1_638' title='bbox 2720 4276 2877 4329; x_wconf 84' lang='lat' dir='ltr'><strong>super</strong></span> <span class='ocrx_word' id='word_1_639' title='bbox 2897 4260 3015 4316; x_wconf 87' lang='lat' dir='ltr'><strong>illas</strong></span> <span class='ocrx_word' id='word_1_640' title='bbox 3036 4276 3055 4312; x_wconf 94' lang='lat'><strong><em>:</em></strong></span> 
     </span>
    </p>
   </div>
   <div class='ocr_carea' id='block_1_96' title="bbox 2347 4353 3574 4426">
    <p class='ocr_par' dir='ltr' id='par_1_96' title="bbox 2347 4353 3574 4426">
     <span class='ocr_line' id='line_1_96' title="bbox 2347 4353 3574 4426; baseline -0.001 -14"><span class='ocrx_word' id='word_1_641' title='bbox 2347 4371 2409 4412; x_wconf 87' lang='lat' dir='ltr'><strong>-t—</strong></span> <span class='ocrx_word' id='word_1_642' title='bbox 2439 4353 2506 4410; x_wconf 87' lang='lat' dir='ltr'><strong>Et</strong></span> <span class='ocrx_word' id='word_1_643' title='bbox 2552 4355 2571 4426; x_wconf 71' lang='grc' dir='ltr'>ζ</span> <span class='ocrx_word' id='word_1_644' title='bbox 2613 4354 2930 4409; x_wconf 86' lang='lat' dir='ltr'><strong>descendant</strong></span> <span class='ocrx_word' id='word_1_645' title='bbox 2957 4355 3010 4409; x_wconf 88' lang='lat' dir='ltr'><strong>in</strong></span> <span class='ocrx_word' id='word_1_646' title='bbox 3034 4353 3300 4425; x_wconf 86' lang='lat' dir='ltr'><strong>infernum</strong></span> <span class='ocrx_word' id='word_1_647' title='bbox 3330 4357 3574 4411; x_wconf 81' lang='lat' dir='ltr'><strong>viventes.</strong></span> 
     </span>
    </p>
   </div>
   <div class='ocr_carea' id='block_1_97' title="bbox 2275 4445 3798 4506">
    <p class='ocr_par' dir='ltr' id='par_1_97' title="bbox 2275 4445 3798 4506">
     <span class='ocr_line' id='line_1_97' title="bbox 2275 4445 3798 4506; baseline 0.001 -3"><span class='ocrx_word' id='word_1_648' title='bbox 2275 4449 2314 4503; x_wconf 89' lang='lat' dir='ltr'><strong>C</strong></span> <span class='ocrx_word' id='word_1_649' title='bbox 2349 4447 2537 4503; x_wconf 71' lang='lat' dir='ltr'><strong>Veniat</strong></span> <span class='ocrx_word' id='word_1_650' title='bbox 2570 4461 2715 4501; x_wconf 86' lang='lat' dir='ltr'><strong>mors</strong></span> <span class='ocrx_word' id='word_1_651' title='bbox 2741 4457 2790 4500; x_wconf 90' lang='lat' dir='ltr'><strong>et</strong></span> <span class='ocrx_word' id='word_1_652' title='bbox 2817 4447 3098 4502; x_wconf 88' lang='lat' dir='ltr'><strong>devorabit</strong></span> <span class='ocrx_word' id='word_1_653' title='bbox 3147 4462 3243 4502; x_wconf 89' lang='lat' dir='ltr'><strong>eos</strong></span> <span class='ocrx_word' id='word_1_654' title='bbox 3288 4459 3429 4502; x_wconf 86' lang='lat' dir='ltr'><strong>terra</strong></span> <span class='ocrx_word' id='word_1_655' title='bbox 3459 4451 3654 4504; x_wconf 88' lang='lat' dir='ltr'><strong>vivos:</strong></span> <span class='ocrx_word' id='word_1_656' title='bbox 3683 4445 3798 4506; x_wconf 77' lang='lat' dir='ltr'><strong>Hoc</strong></span> 
     </span>
    </p>
   </div>
   <div class='ocr_carea' id='block_1_98' title="bbox 2124 4540 3799 4622">
    <p class='ocr_par' dir='ltr' id='par_1_98' title="bbox 2124 4540 3799 4622">
     <span class='ocr_line' id='line_1_98' title="bbox 2124 4540 3799 4622; baseline 0.005 -28"><span class='ocrx_word' id='word_1_657' title='bbox 2124 4543 2179 4604; x_wconf 72' lang='grc' dir='ltr'><strong><em>Β</em></strong></span> <span class='ocrx_word' id='word_1_658' title='bbox 2207 4543 2404 4595; x_wconf 73' lang='lat' dir='ltr'><strong>factum</strong></span> <span class='ocrx_word' id='word_1_659' title='bbox 2435 4540 2537 4622; x_wconf 75' lang='lat' dir='ltr'><strong>fuit</strong></span> <span class='ocrx_word' id='word_1_660' title='bbox 2566 4542 2777 4597; x_wconf 83' lang='lat' dir='ltr'><strong>Dathau</strong></span> <span class='ocrx_word' id='word_1_661' title='bbox 2803 4552 2858 4599; x_wconf 89' lang='lat' dir='ltr'><strong>et</strong></span> <span class='ocrx_word' id='word_1_662' title='bbox 2886 4543 3123 4610; x_wconf 83' lang='lat' dir='ltr'><strong>Abiron;</strong></span> <span class='ocrx_word' id='word_1_663' title='bbox 3160 4545 3305 4598; x_wconf 83' lang='lat' dir='ltr'><strong>venit</strong></span> <span class='ocrx_word' id='word_1_664' title='bbox 3339 4543 3518 4599; x_wconf 86' lang='lat' dir='ltr'><strong>subito</strong></span> <span class='ocrx_word' id='word_1_665' title='bbox 3549 4545 3695 4616; x_wconf 81' lang='lat' dir='ltr'><strong>ignis</strong></span> <span class='ocrx_word' id='word_1_666' title='bbox 3740 4561 3799 4602; x_wconf 79' lang='lat' dir='ltr'><strong>et</strong></span> 
     </span>
    </p>
   </div>
   <div class='ocr_carea' id='block_1_99' title="bbox 2204 4635 3802 4711">
    <p class='ocr_par' dir='ltr' id='par_1_99' title="bbox 2204 4635 3802 4711">
     <span class='ocr_line' id='line_1_99' title="bbox 2204 4635 3802 4711; baseline 0.003 -21"><span class='ocrx_word' id='word_1_667' title='bbox 2204 4636 2402 4691; x_wconf 90' lang='lat' dir='ltr'><strong>mortui</strong></span> <span class='ocrx_word' id='word_1_668' title='bbox 2427 4644 2573 4689; x_wconf 90' lang='lat' dir='ltr'><strong>sunt.</strong></span> <span class='ocrx_word' id='word_1_669' title='bbox 2601 4635 2642 4691; x_wconf 77' lang='grc' dir='ltr'><strong>Ο</strong></span> <span class='ocrx_word' id='word_1_670' title='bbox 2671 4636 2819 4690; x_wconf 82' lang='lat' dir='ltr'><strong>More</strong></span> <span class='ocrx_word' id='word_1_671' title='bbox 2847 4636 2992 4690; x_wconf 87' lang='lat' dir='ltr'><strong>enim</strong></span> <span class='ocrx_word' id='word_1_672' title='bbox 3015 4651 3114 4691; x_wconf 91' lang='lat' dir='ltr'><strong>suo</strong></span> <span class='ocrx_word' id='word_1_673' title='bbox 3151 4636 3583 4692; x_wconf 78' lang='lat' dir='ltr'><strong>emendationem</strong></span> <span class='ocrx_word' id='word_1_674' title='bbox 3621 4641 3802 4711; x_wconf 78' lang='lat' dir='ltr'><strong>magis</strong></span> 
     </span>
    </p>
   </div>
   <div class='ocr_carea' id='block_1_100' title="bbox 2203 4724 3798 4797">
    <p class='ocr_par' dir='ltr' id='par_1_100' title="bbox 2203 4724 3798 4797">
     <span class='ocr_line' id='line_1_100' title="bbox 2203 4724 3798 4797; baseline 0.004 -21"><span class='ocrx_word' id='word_1_675' title='bbox 2203 4740 2364 4796; x_wconf 89' lang='lat' dir='ltr'><strong>quam</strong></span> <span class='ocrx_word' id='word_1_676' title='bbox 2389 4724 2852 4795; x_wconf 87' lang='lat' dir='ltr'><strong>cousumptionem</strong></span> <span class='ocrx_word' id='word_1_677' title='bbox 2869 4725 3099 4795; x_wconf 89' lang='lat' dir='ltr'><strong>postulat</strong></span> <span class='ocrx_word' id='word_1_678' title='bbox 3123 4724 3389 4797; x_wconf 83' lang='lat' dir='ltr'><strong>Propheta</strong></span> <span class='ocrx_word' id='word_1_679' title='bbox 3412 4728 3798 4796; x_wconf 72' lang='lat' dir='ltr'><strong>venirejuimi-</strong></span> 
     </span>
    </p>
   </div>
   <div class='ocr_carea' id='block_1_101' title="bbox 2203 4803 3796 4889">
    <p class='ocr_par' dir='ltr' id='par_1_101' title="bbox 2203 4803 3796 4889">
     <span class='ocr_line' id='line_1_101' title="bbox 2203 4803 3796 4889; baseline 0.003 -17"><span class='ocrx_word' id='word_1_680' title='bbox 2203 4820 2300 4872; x_wconf 89' lang='lat' dir='ltr'><strong>cis.</strong></span> <span class='ocrx_word' id='word_1_681' title='bbox 2338 4818 2482 4873; x_wconf 81' lang='lat' dir='ltr'><strong>Mors</strong></span> <span class='ocrx_word' id='word_1_682' title='bbox 2508 4819 2651 4874; x_wconf 88' lang='lat' dir='ltr'><strong>enim</strong></span> <span class='ocrx_word' id='word_1_683' title='bbox 2674 4819 2797 4872; x_wconf 72' lang='lat' dir='ltr'><strong>vitae</strong></span> <span class='ocrx_word' id='word_1_684' title='bbox 2827 4819 3030 4874; x_wconf 89' lang='lat' dir='ltr'><strong>dicitur</strong></span> <span class='ocrx_word' id='word_1_685' title='bbox 3054 4820 3199 4885; x_wconf 84' lang='lat' dir='ltr'><strong>linis,</strong></span> <span class='ocrx_word' id='word_1_686' title='bbox 3224 4829 3276 4874; x_wconf 90' lang='lat' dir='ltr'><strong>et</strong></span> <span class='ocrx_word' id='word_1_687' title='bbox 3298 4820 3388 4889; x_wconf 89' lang='lat' dir='ltr'><strong>qui</strong></span> <span class='ocrx_word' id='word_1_688' title='bbox 3431 4821 3481 4875; x_wconf 93' lang='lat' dir='ltr'><strong>in</strong></span> <span class='ocrx_word' id='word_1_689' title='bbox 3507 4803 3796 4876; x_wconf 72' lang='lat' dir='ltr'><strong>meliorcui</strong></span> 
     </span>
    </p>
   </div>
   <div class='ocr_carea' id='block_1_102' title="bbox 2201 4910 3791 4980">
    <p class='ocr_par' dir='ltr' id='par_1_102' title="bbox 2201 4910 3791 4980">
     <span class='ocr_line' id='line_1_102' title="bbox 2201 4910 3791 4980; baseline 0.003 -16"><span class='ocrx_word' id='word_1_690' title='bbox 2201 4915 2410 4980; x_wconf 83' lang='lat' dir='ltr'><strong>partem</strong></span> <span class='ocrx_word' id='word_1_691' title='bbox 2441 4910 2798 4973; x_wconf 87' lang='lat' dir='ltr'><strong>convertitur,</strong></span> <span class='ocrx_word' id='word_1_692' title='bbox 2825 4911 2985 4965; x_wconf 85' lang='lat' dir='ltr'><strong>linem</strong></span> <span class='ocrx_word' id='word_1_693' title='bbox 3011 4911 3207 4980; x_wconf 84' lang='lat' dir='ltr'><strong>prioris</strong></span> <span class='ocrx_word' id='word_1_694' title='bbox 3235 4913 3674 4969; x_wconf 88' lang='lat' dir='ltr'><strong>conversationis</strong></span> <span class='ocrx_word' id='word_1_695' title='bbox 3706 4931 3791 4968; x_wconf 88' lang='lat' dir='ltr'><strong>re-</strong></span> 
     </span>
    </p>
   </div>
   <div class='ocr_carea' id='block_1_103' title="bbox 3157 5002 3768 5030">
    <p class='ocr_par' dir='ltr' id='par_1_103' title="bbox 3157 5002 3768 5030">
     <span class='ocr_line' id='line_1_103' title="bbox 3157 5002 3768 5030; baseline 0 0"><span class='ocrx_word' id='word_1_696' title='bbox 3157 5002 3487 5030; x_wconf 55' lang='lat' dir='ltr'><strong>:‘annIII‘A-In.</strong></span> <span class='ocrx_word' id='word_1_697' title='bbox 3522 5003 3768 5030; x_wconf 60' lang='lat' dir='ltr'><strong>&quot;:.-An.l\n</strong></span> 
     </span>
    </p>
   </div>
   <div class='ocr_carea' id='block_1_104' title="bbox 2253 5000 3106 5030">
    <p class='ocr_par' dir='ltr' id='par_1_104' title="bbox 2253 5000 3106 5030">
     <span class='ocr_line' id='line_1_104' title="bbox 2253 5000 3106 5030; baseline 0 0"><span class='ocrx_word' id='word_1_698' title='bbox 2253 5004 2402 5030; x_wconf 58' lang='lat' dir='ltr'><strong>lm:hhh</strong></span> <span class='ocrx_word' id='word_1_699' title='bbox 2431 5001 2703 5030; x_wconf 63' lang='lat' dir='ltr'><strong>:lll&#39;:lenllln</strong></span> <span class='ocrx_word' id='word_1_700' title='bbox 2746 5000 2801 5030; x_wconf 75' lang='lat' dir='ltr'><strong>&#39;Il</strong></span> <span class='ocrx_word' id='word_1_701' title='bbox 2840 5000 3106 5030; x_wconf 56' lang='lat' dir='ltr'><strong>:n‘rﬂn-IIII|\</strong></span> 
     </span>
    </p>
   </div>
  </div>
