3986 5412
190 289 291 342 217

193 406 252 457 ιδ
337 405 453 477 Ego
487 421 543 464 -ε-
583 421 754 464 au:em
791 415 805 482 ξ
839 415 907 467 ad
937 414 1097 470 Deum
1129 418 1381 475 clamata:

336 497 409 551 Et
446 497 704 556 Dominus
730 505 993 560 exaudivit
1022 524 1120 563 me.

260 589 306 644 ll
346 589 619 648 Clamavit
647 593 810 665 igitur
854 613 921 652 ex
945 598 1120 656 forma
1151 607 1289 659 servi
1310 607 1559 664 Christus
1575 609 1777 682 jugiter

188 682 253 735 ad
280 682 451 737 Deum
483 697 584 753 pro
629 686 824 756 populo
848 687 1181 758 Christiano,
1209 705 1264 749 et
1283 711 1627 769 consequens
1651 715 1770 756 erat

189 771 337 826 illum
386 776 672 843 exaudiri,
724 779 849 847 quia
894 797 1000 835 non
1028 795 1241 853 poterat
1283 803 1314 841 a
1357 805 1454 844 sua
1489 793 1772 862 majestate

184 865 485 933 segrege-ri.

185 953 267 1009 l9.
359 955 583 1026 Vespere
611 970 659 1014 et
682 977 835 1018 mane
867 975 915 1018 et
948 968 1166 1022 meridie
1195 975 1422 1028 narrabo
1463 989 1512 1030 et
1557 996 1767 1034 annus-

417 1053 565 1107 tiabo
593 1070 612 1109 :

361 1142 429 1196 Et
457 1148 907 1204 exaudicteoceut
940 1170 1130 1207 meum.

245 1232 285 1285 C
331 1231 596 1304 Vespere,
628 1239 899 1310 signiticet
925 1253 1139 1314 tempus
1170 1250 1480 1308 traditionis
1501 1295 1518 1317 ,
1549 1257 1769 1325 quando

179 1342 300 1380 eum
335 1326 508 1383 .ludas
547 1332 760 1386 cohorti
787 1336 1030 1392 tradidit.
1062 1338 1239 1402 Mane,
1266 1357 1389 1397 cum
1413 1345 1481 1399 ad
1509 1345 1762 1405 Pontiqu

179 1416 410 1473 Pilatum
441 1421 640 1476 ductus
668 1434 771 1478 est.
817 1424 1064 1493 Meridie,
1095 1433 1312 1499 quando
1335 1434 1468 1490 hora
1497 1447 1647 1492 sexta
1675 1456 1765 1494 su-

179 1523 405 1575 spensus
433 1520 540 1564 cst.
573 1513 824 1570 Meridies
854 1518 1032 1575 dictus
1060 1523 1214 1592 quasi
1254 1526 1464 1582 medius
1497 1529 1633 1584 dies.
1668 1530 1763 1587 His

178 1605 455 1670 sequentia
477 1607 639 1660 verba
671 1609 982 1674 redduntur,
1009 1630 1132 1668 nam
1161 1619 1398 1674 narrabo
1429 1623 1656 1689 pertinet
1693 1625 1762 1680 ad

178 1705 490 1762 vesperum,
530 1699 750 1766 quando
783 1703 963 1756 omnia
996 1706 1268 1774 prmdixit,
1299 1724 1418 1779 qua:
1445 1709 1614 1767 Judas
1639 1730 1762 1785 pes-

178 1784 338 1840 simus
368 1785 555 1844 l'acere
584 1790 872 1860 disposuit.
904 1794 1255 1854 Annuntiaho
1305 1803 1372 1855 ad
1407 1819 1564 1860 mane
1589 1847 1604 1872 ,
1629 1784 1756 1876 quia
1791 1791 1836 1850 Β

180 1890 327 1929 mane
355 1881 702 1936 annuntiavit
734 1886 1109 1954 respondendo
1138 1887 1312 1946 Pilato
1337 1910 1351 1946 :
1384 1893 1439 1947 lu
1467 1895 1570 1950 hoc
1597 1908 1758 1955 natus

177 1980 284 2017 sum
307 1966 492 2037 (Joan.
523 1972 704 2043 xvtu),
731 1983 838 2030 etc.
863 1975 1129 2035 Exaudiet
1153 1997 1336 2038 vocem
1383 1989 1449 2041 ad
1471 1989 1754 2046 meridiem

176 2059 420 2127 pertinet,
437 2078 564 2118 cum
594 2067 734 2122 dixit
751 2083 766 2121 :
784 2067 1232 2131 Consummatum
1244 2086 1345 2142 est,
1360 2089 1418 2135 et
1437 2082 1620 2138 emisit
1647 2085 1760 2155 spi-

177 2151 324 2205 ritum
355 2153 540 2223 (Joan.
573 2159 712 2229 six).

174 2237 236 2291 ω
305 2240 544 2298 Redimet
595 2250 650 2301 in
695 2267 821 2320 pace
848 2255 1077 2310 animum
1111 2273 1280 2314 meum
1315 2262 1380 2316 ab
1410 2263 1490 2318 his
1526 2267 1617 2335 qui
1661 2285 1754 2337 up-

367 2341 726 2412 propinquant
756 2348 902 2400 mihi.

301 2425 570 2491 Quoniam
601 2432 738 2486 inter
767 2437 954 2492 multos
976 2453 1125 2496 erant
1149 2460 1370 2500 mecum.

235 2515 272 2569 ll
294 2517 551 2576 Reditnct
574 2524 626 2577 in
652 2540 803 2594 pace,
825 2542 1010 2586 narrat
1031 2533 1282 2592 videlicet
1297 2539 1440 2608 quod
1455 2555 1577 2595 eum
1603 2542 1750 2599 velo-

171 2608 292 2663 citer
329 2613 642 2681 exaudivit,
679 2631 801 2672 cum
823 2634 948 2676 eum
973 2625 1040 2679 de
1080 2626 1517 2686 tribulationibus
1558 2635 1751 2691 mortis

170 2698 355 2768 eripuit
384 2702 436 2756 iu
484 2710 902 2783 resurrectione.
927 2711 982 2766 In
1012 2730 1166 2782 pace,
1211 2718 1314 2774 hoc
1353 2731 1435 2775 est
1470 2721 1523 2776 in
1547 2734 1750 2779 semet-
1820 2753 1826 2756 -

171 2789 289 2858 ipso.
327 2795 413 2848 Ab
443 2796 528 2851 his
576 2800 666 2869 qui
697 2807 1173 2878 appropinquant,
1223 2827 1448 2883 corpore
1484 2832 1591 2872 non
1633 2820 1740 2876 vita

169 2894 212 2936 ct
233 2888 449 2942 merito.
502 2889 648 2946 Inter
685 2897 886 2952 multos
911 2940 925 2964 ,
966 2902 1255 2959 credentes
1293 2917 1692 2975 eraut_ntecum
1722 2954 1738 2978 ,

167 2983 213 3027 et
245 2986 426 3034 tamen
469 2997 574 3037 non
614 2988 931 3057 credebant.
987 2991 1080 3047 Vel
1128 2997 1273 3050 inter
1304 2997 1438 3054 istos
1473 3001 1564 3069 qui
1616 3013 1742 3058 sunt

167 3072 340 3141 multi,
368 3075 421 3128 id
449 3087 569 3142 eat,
619 3080 762 3136 inter
815 3086 984 3142 malos
1022 3099 1076 3143 et
1107 3104 1212 3144 non
1248 3091 1390 3147 inter
1420 3110 1650 3164 paucos,
1687 3097 1738 3152 id

165 3175 253 3232 est,
279 3169 430 3223 inter
460 3170 632 3228 bonos
660 3176 751 3244 qui
776 3187 904 3233 sunt
931 3181 1111 3250 pauci.
1138 3179 1232 3236 Vel
1258 3183 1310 3236 in
1334 3159 1539 3251 multis,
1559 3187 1610 3241 id
1631 3159 1738 3253 est,
1768 3159 1813 3221 C

165 3257 207 3310 in
232 3261 504 3329 baptismo
532 3276 584 3320 et
619 3266 723 3324 (ide
753 3271 897 3326 licta.
929 3271 986 3326 lu
1013 3275 1199 3344 paucis
1243 3291 1348 3331 non
1379 3288 1527 3346 sunt,
1553 3279 1603 3335 id
1632 3291 1739 3348 est,

163 3349 206 3400 iu
231 3350 334 3406 title
364 3354 543 3421 firma,
582 3373 678 3428 spe
705 3375 830 3415 vera
853 3373 908 3416 et
942 3365 1228 3420 charitate.

161 3438 210 3493 2|
291 3442 560 3500 Exaudiet
595 3449 733 3505 Deus
757 3462 805 3506 et
835 3453 1132 3510 humiliabit
1155 3456 1274 3512 illos
1306 3477 1319 3513 :

291 3537 395 3603 Qui
424 3551 498 3594 est
525 3553 645 3596 ante
671 3544 884 3600 sa'cula.
917 3546 1244 3618 Diapsalma.

216 3629 284 3684 ﬂ.
329 3631 593 3688 Exaudiet
640 3636 787 3692 Deus
825 3655 908 3695 me
960 3643 1403 3712 benedicentem,
1457 3664 1562 3703 non
1615 3650 1735 3708 illos
1807 3677 1814 3680 ·

161 3718 551 3778 maledicentes.
584 3724 651 3780 Et
679 3728 986 3786 humiliabit
1007 3748 1136 3799 eos,
1191 3735 1292 3789 hoc
1322 3746 1406 3791 est
1443 3740 1729 3809 superbos.

160 3810 250 3878 Qui
271 3822 494 3871 estanle
522 3819 744 3885 smcula,
777 3819 938 3878 Pater
966 3825 1148 3895 utique
1180 3844 1193 3879 :
1227 3843 1387 3898 quem
1417 3828 1469 3882 in
1496 3845 1581 3886 me
1609 3847 1728 3886 ma-

161 3917 360 3975 nentem
388 3926 494 3966 non
524 3924 917 3985 cognoverunt.

157 3995 216 4051 εἳ
289 3998 408 4055 Non
447 4006 587 4058 enim
624 4017 699 4060 est
727 4007 832 4062 illis
863 4016 1201 4069 commutatio
1224 4027 1271 4070 et
1300 4033 1403 4071 non
1443 4019 1728 4075 timuerunt

339 4094 503 4150 Deum
533 4111 554 4149 :

287 4184 535 4245 Extendit
567 4209 784 4249 manum
807 4211 958 4251 suum
989 4201 1042 4253 in
1069 4201 1421 4259 retribuendo.

138 4291 142 4294 ·
215 4277 262 4334 Ii
296 4279 408 4337 Non
442 4295 528 4340 est
559 4287 666 4343 illis
692 4293 1046 4348 commutatio
1069 4335 1084 4358 ,
1119 4295 1185 4350 de
1228 4297 1369 4353 malo
1405 4299 1456 4353 in
1496 4299 1721 4356 bonum.

157 4370 213 4424 Et
241 4389 337 4429 non
376 4379 678 4435 timuerunt
708 4381 898 4449 Deum,
944 4394 1001 4441 et
1024 4404 1086 4442 ea
1119 4403 1307 4453 causa,
1351 4389 1418 4444 ad
1461 4389 1721 4448 ultionem

134 4464 412 4525 descendit
440 4471 616 4538 Deus,
649 4475 792 4531 sicut
821 4479 1096 4548 sequitur,
1133 4483 1375 4538 extendit
1411 4499 1630 4539 manum
1667 4485 1720 4540 in

158 4560 503 4617 retribuendo.
567 4564 707 4632 Quia
734 4582 856 4622 cum
907 4569 986 4624 eis
1046 4573 1113 4625 ad
1166 4574 1425 4628 auxilium
1475 4583 1724 4644 porrecta

158 4648 366 4718 inisset,
421 4671 526 4710 non
569 4673 690 4712 eam
741 4672 1082 4730 receperunt.
1131 4665 1184 4719 In
1218 4667 1565 4722 retribucndo
1592 4684 1722 4740 ergo
1780 4719 1796 4734 ,

157 4739 288 4806 dicit,
317 4745 368 4799 id
397 4755 500 4812 est,
533 4746 585 4802 in
614 4748 853 4806 vindicta
881 4752 934 4807 in
959 4753 1046 4808 die
1068 4752 1280 4822 judicii,
1310 4757 1409 4812 hoc
1437 4767 1558 4824 est,
1593 4739 1719 4829 quia

156 4830 421 4890 uoluerunt
447 4839 691 4893 converti
729 4847 787 4894 et
811 4842 1052 4911 recipere
1083 4859 1110 4897 a
1145 4862 1307 4900 manu
1334 4846 1720 4906 misericordia:

157 4926 400 4993 gratiam,
449 4931 700 4986 extendit
747 4947 970 4987 manum
1013 4935 1063 4989 in
1091 4953 1185 4994 eos
1219 4939 1489 5005 vindictas,
1520 4950 1579 4996 ut
1623 4941 1717 5012 qui

157 5019 421 5078 noluerant
447 5028 695 5097 recipere
733 5026 786 5080 in
821 5027 1136 5099 tribuendo,
1179 5033 1450 5104 accipiant
1477 5035 1528 5089 in
1561 5036 1720 5092 retri-

157 5107 360 5171 latendo.

154 5199 206 5256 33
267 5206 770 5268 Contaminaverunt
827 5221 1185 5273 testamentum
1212 5219 1330 5288 ejus
1379 5219 1529 5274 divisi
1592 5230 1715 5275 sunt

334 5303 396 5358 ab
428 5305 506 5360 ira
529 5306 716 5362 vultus
747 5303 864 5362 eius
887 5318 906 5356 .-

272 5393 325 5412 Π.

1381 304 1744 364 ΕΧΡΟΞΙΤΙΟ
1785 308 2226 372 ΡδΑωιυιιυκ.

3353 297 3458 392 2l8

1805 432 1854 490 Δ
1883 433 1965 488 lra
1996 434 2140 490 enim
2162 436 2250 491 hic
2277 452 2375 507 pro
2400 439 2636 498 vindicta
2660 443 2898 512 ponitur,
2930 462 3093 514 quam
3123 450 3269 520 impii
3295 455 3459 508 susti-

1881 527 2102 580 nebunt.
2153 526 2219 581 Et
2275 530 2721 601 appropinquavit
2767 550 2862 590 cor
2918 537 3064 593 illius
3110 540 3163 594 in
3209 539 3452 609 judicio,

1877 619 2094 686 quando
2144 634 2239 674 cor
2269 619 2477 678 Domini
2529 625 2655 693 (hoc
2681 635 2769 682 est
2810 628 3057 685 voluntas
3087 633 3203 702 ejus
3240 634 3292 688 in
3325 649 3452 706 ονο-

1843 753 1851 762 .
1876 707 2055 775 phetis
2074 717 2126 764 et
2153 711 2412 779 apostolis
2449 714 2758 788 praedicata)
2786 719 3035 776 omnibus
3064 721 3372 780 innotescit.
3403 723 3453 782 Η

1879 798 1972 853 Vel
2001 803 2509 859 contaminaverunt
2528 803 2697 863 .ludzei
2729 818 3107 866 testamentum
3133 854 3148 878 ,
3177 814 3302 884 quia
3345 830 3451 870 non

1878 890 2259 948 intellexerunt
2317 885 2598 951 Dominum
2641 898 2822 954 lcsum
2870 903 2921 956 in
2963 903 3081 975 lege
3100 906 3449 975 promissum,

1873 993 1928 1038 et
1951 983 2093 1052 quod
2126 984 2431 1055 intelligunt
2455 988 2519 1042 de
2544 985 2882 1060 Scripturis;
2910 992 2962 1046 in
2986 995 3182 1050 malum
3211 1005 3452 1063 vertunt,

1872 1075 1998 1144 quia
2026 1074 2348 1146 Trinitatem
2386 1095 2491 1136 non
2539 1083 2768 1139 credunt
2804 1091 2859 1139 et
2899 1084 3020 1141 ideo
3068 1087 3226 1143 divisi
3259 1097 3388 1144 sunt
3420 1106 3452 1143 a

1872 1165 2139 1234 spirituali
2184 1168 2562 1241 intelligentia.
2598 1173 2643 1228 Α
2675 1173 2742 1228 Et
2768 1189 2836 1230 ex
2882 1191 3070 1232 eorum
3099 1177 3360 1233 divisione
3395 1187 3454 1234 et

1870 1257 2328 1316 contaminatione
2351 1301 2364 1327 ,
2408 1266 2748 1334 appropiavit
2803 1266 3052 1324 voluntas
3089 1268 3186 1325 Dei
3220 1270 3452 1326 creden-

1871 1347 2015 1403 tibus
2038 1391 2052 1414 ,
2093 1350 2165 1404 ita
2198 1361 2254 1406 ut
2287 1361 2342 1407 et
2381 1353 2434 1408 in
2462 1355 2760 1427 Scripturis
2789 1356 2885 1414 Dei
2919 1345 3253 1416 voluntatém
3281 1400 3296 1426 ,
3327 1375 3449 1432 qua:

1869 1438 2096 1508 latebat,
2125 1443 2444 1514 intelligant.

1865 1555 1937 1610 24
2010 1557 2206 1614 Molliti
2231 1571 2355 1616 sunt
2385 1580 2648 1620 sermones
2673 1567 2786 1637 ejus
2809 1585 2966 1639 super
2987 1567 3158 1623 oleum
3192 1585 3213 1634 ;

2007 1649 2076 1703 Et
2103 1653 2203 1722 ipsi
2229 1664 2349 1708 sunt
2365 1655 2573 1725 jacula.

1935 1741 1978 1797 C
2019 1741 2204 1799 Molliti
2252 1756 2379 1801 sunt
2435 1764 2718 1806 sermones
2761 1753 3090 1822 perﬁdorum
3141 1753 3446 1812 Judaeorum

1865 1831 2158 1890 dicentium
2203 1853 2218 1891 :
2257 1835 2534 1910 Magister,
2585 1841 2784 1897 scimus
2835 1844 2962 1913 quia
2999 1859 3029 1898 a
3092 1844 3202 1900 Deo
3252 1846 3448 1900 venisti

1863 1921 2080 1992 (Matth.
2123 1927 2279 1998 χχιι).
2311 1929 2488 2000 Super
2511 1930 2706 1998 oleum,
2735 1949 2800 1988 ne
2826 1944 2976 1988 tanto
3005 1936 3194 1992 sceleri
3219 1951 3317 2008 par
3345 1953 3444 2008 po-

1867 2014 2062 2069 tuisset
2100 2015 2316 2087 aliquod
2358 2020 2628 2088 inveniri,
2681 2024 2807 2094 quia
2857 2026 2930 2079 nil
2959 2026 3128 2082 levius
3175 2037 3258 2082 est
3301 2028 3443 2084 oleo.

1857 2105 1960 2175 lpsi
2012 2106 2174 2162 etiam
2221 2108 2442 2167 fuerunt
2481 2112 2693 2182 jacula,
2725 2118 2940 2185 quando
2969 2119 3220 2175 dixerunt
3256 2119 3446 2178 :Reus

1854 2209 1941 2252 est
1983 2202 2170 2257 mortis
2204 2201 2422 2272 (Matth.
2453 2207 2588 2276 xw).
2623 2205 2667 2261 Η
2711 2209 2803 2264 Vel
2845 2212 3137 2267 revertitur
3166 2228 3345 2267 sermo
3374 2213 3443 2267 ad

1856 2291 2074 2355 ludam.
2107 2295 2263 2365 cujus
2291 2299 2473 2352 sermo
2505 2318 2517 2352 :
2543 2299 2657 2355 Ave
2687 2300 2835 2355 rabbi
2863 2342 2879 2367 ,
2910 2318 3071 2373 super
3097 2305 3272 2358 oleum
3301 2315 3439 2371 erat,

1855 2389 1907 2436 et
1930 2383 2114 2438 osculo
2138 2385 2374 2442 tradidit.
2397 2387 2526 2443 Tale
2553 2391 2730 2444 olequ
2757 2388 3082 2462 refugientes
3111 2395 3236 2448 boni
3255 2395 3307 2449 in
3333 2387 3436 2450 tri-

1853 2473 2131 2531 bulatione
2162 2477 2329 2532 Deum
2363 2479 2634 2545 invocant,
2664 2481 2782 2536 ideo
2814 2483 3059 2552 sequitur
3093 2502 3104 2537 :
3139 2483 3302 2553 iacta,
3326 2494 3435 2542 etc.

1851 2586 1920 2642 25
1991 2587 2149 2643 Jacta
2186 2607 2343 2660 super
2387 2591 2667 2647 Dominum
2722 2611 2905 2648 curam
2949 2607 3095 2650 tuam
3137 2607 3184 2651 et
3230 2597 3338 2668 ipse
3387 2606 3438 2652 te

2064 2683 2285 2736 enutriet
2313 2699 2331 2747 ,'
3382 2692 3392 2701 ’

1993 2769 2116 2824 Non
2152 2773 2293 2827 dabit
2324 2776 2377 2828 in
2407 2785 2658 2830 wternum
2682 2778 3076 2845 ﬂuctuationem
3101 2781 3272 2851 justo.

1918 2859 1957 2914 C
1995 2859 2223 2926 Quando
2273 2865 2531 2935 cogitatio
2568 2866 2812 2938 jactatur
2846 2869 2899 2922 in
2933 2870 3220 2924 Dominum
3246 2910 3263 2938 ,
3323 2886 3431 2926 non

1846 2949 2018 3004 solum
2048 2966 2145 3006 uos
2179 2969 2286 3007 non
2316 2957 2588 3010 consumit
2617 2996 2632 3022 ,
2667 2959 3123 3034 quemadmodum
3175 2961 3433 3032 cogitatio

1845 3039 2002 3095 istius
2049 3042 2227 3098 saeculi
2253 3085 2270 3110 ,
2323 3046 2416 3100 sed
2446 3048 2609 3102 etiam
2650 3048 2821 3103 nutrit
2857 3048 2950 3104 :iu
2980 3059 3240 3105 aaternum
3289 3051 3430 3105 enim

1847 3132 2009 3202 (sicut
2034 3125 2122 3189 hic
2144 3136 2296 3208 dicit)
2326 3139 2594 3194 nemiuem
2619 3140 2978 3210 justissimum
3005 3141 3270 3213 permittit
3293 3141 3432 3197 Deus

1843 3222 2126 3291 ihtctuare,
2155 3229 2372 3298 quando
2410 3246 2532 3286 cum
2571 3230 2688 3302 ipso
2720 3232 2774 3286 in
2821 3233 3126 3288 aeternitate
3153 3233 3434 3304 cognosci-

1844 3329 1932 3374 tur
1961 3335 2212 3388 regnare.

1835 3437 1908 3492 26
1983 3437 2060 3492 Tu
2086 3455 2200 3493 vero
2229 3438 2370 3494 Deus
2395 3451 2415 3491 :

1977 3531 2216 3587 Deducar
2241 3549 2328 3587 eos
2350 3534 2405 3587 in
2429 3542 2643 3603 puteum
2669 3534 2928 3588 interitus.

1904 3622 1946 3678 C
1969 3623 2124 3680 Prius
2154 3625 2337 3695 itaque
2370 3625 2779 3695 dixitdejustis,
2806 3641 2950 3681 nunc
2969 3625 3034 3682 de
3055 3627 3235 3697 impiis
3254 3627 3345 3697 qui
3369 3628 3429 3684 in

1833 3717 2091 3786 gehennae
2113 3715 2534 3785 profunditatem
2559 3717 2834 3788 mergendi
2862 3726 3010 3773 sunt.
3053 3717 3254 3774 Putetts
3284 3718 3425 3774 diei-

1835 3817 1921 3862 tur
1952 3809 2129 3863 hiatus
2161 3817 2316 3863 terra:
2339 3816 2549 3878 patens,
2578 3809 2672 3864 sed
2703 3824 2771 3864 ne
2792 3810 2936 3865 hunc
2962 3809 3177 3865 vitalem
3199 3819 3427 3880 puteum

1831 3899 2182 3971 intelligeres,
2216 3899 2423 3955 addidit
2453 3899 2728 3964 interitus,
2764 3903 2819 3956 id
2848 3911 2931 3956 est
2969 3901 3121 3956 fovea
3154 3901 3425 3958 mortalis.

1829 3992 1874 4048 0
1901 3992 2075 4061 pietas
2103 3992 2344 4048 inaudita
2371 3991 2704 4062 judicantis!
2743 4003 2914 4049 totum
2948 3993 3257 4049 hominibus
3285 4007 3423 4065 prte-

1829 4083 2062 4149 dicitur,
2111 4094 2169 4139 ut
2214 4084 2371 4156 culpa
2398 4085 2684 4156 plectibilis
2723 4087 2943 4141 vitetur.
2980 4086 3059 4140 Ex
3096 4085 3240 4156 putei
3271 4084 3424 4139 enim

1827 4177 2182 4234 similitudine
2211 4180 2472 4251 gehennae
2504 4189 2772 4236 tormenta
2799 4197 2902 4237 nos
2938 4181 3197 4236 admonet
3219 4178 3418 4235 l'ortui-
3507 4269 3514 4275 .

1826 4265 1976 4322 dare.

1825 4377 1894 4433 27
1977 4377 2090 4432 Viri
2116 4381 2436 4452 sanguiaum
2469 4391 2516 4435 et
2547 4381 2716 4436 dolosi
2764 4400 2868 4438 non
2913 4382 3267 4436 dimidiabunt
3305 4381 3420 4438 dies

2037 4489 2161 4528 81808
2184 4489 2201 4527 .'

1972 4562 2084 4634 Ego
2114 4577 2290 4620 autem
2317 4567 2534 4637 sperabo
2558 4569 2610 4622 in
2641 4578 2709 4634 te,
2737 4566 2952 4623 Domine

1901 4655 1941 4712 C
1974 4657 2083 4713 Viri
2113 4661 2436 4732 sanguinum
2468 4663 2687 4733 proprie
2714 4675 2818 4716 nou
2847 4661 3105 4716 dicuntur
3133 4661 3222 4730 qui
3266 4659 3422 4712 inno-

1830 4763 2018 4808 center
2054 4755 2351 4811 hmnanum
2380 4753 2618 4813 fundunt
2642 4769 2910 4818 cruorem,
2935 4754 3185 4825 quoniam
3213 4760 3267 4806 et
3287 4750 3425 4821 justi.

1805 4845 2032 4914 vjutlices
2054 4847 2203 4914 juste
2237 4848 2514 4912 fundunt,
2572 4858 2849 4922 propterea
2880 4844 3106 4909 addidit,
3139 4853 3192 4898 et
3229 4840 3425 4904 dolosi,

1829 4950 1886 4994 ut
1915 4941 2086 4998 solum
2119 4941 2193 4996 illi
2225 4951 2509 5009 notentur,
2552 4943 2644 5016 qui
2682 4957 2777 5012 per
2802 4937 3204 5030 iniquissimum
3242 4931 3421 5030 dolui.“

1825 5043 2074 5104 quaerunt
2104 5033 2347 5091 alienum
2375 5031 2635 5090 exitium.
2666 5029 2774 5086 llos
2802 5028 2945 5085 tales
2971 5043 3074 5083 non
3105 5023 3233 5125 dicit
3271 5020 3427 5072 dimi-

1821 5127 1974 5182 diare
2005 5128 2122 5183 dies
2147 5142 2301 5194 suos,
2336 5129 2569 5196 quando
2592 5141 2718 5182 cum
2745 5122 2844 5180 sibi
2877 5120 3089 5191 longam
3115 5120 3275 5168 vitam
3299 5124 3423 5177 pro-

1819 5220 2076 5287 mittunt,
2123 5219 2334 5275 exitum
2373 5217 2687 5276 celerrimae
2738 5213 2933 5273 mortis
2967 5205 3267 5301 inveniunt.
3305 5197 3432 5252 Ideo

1817 5319 1994 5366 autem
2022 5310 2268 5367 additum
2295 5318 2408 5374 est,
2439 5325 2600 5377 suos,
2638 5321 2696 5364 ut
2730 5303 3066 5363 voluntarios
3104 5291 3430 5360 intelliget'es

3156 5402 3214 5412 an
3261 5381 3431 5412 ‘l:l‘ll'_
