3986 5412
514 347 620 405 219

1439 336 1495 390 S.
1538 328 1888 389 BRUNONIS
1928 320 2470 383 HEBBIPOLENSIS
2500 314 2812 397 EPiSCOPl

3630 382 3633 383 γ
3668 303 3815 359 seu

515 459 644 533 pulo
669 407 912 529 proditus
930 493 949 519 ,
977 457 1205 507 mortem
1234 446 1437 507 subisti
1470 462 1568 516 pro
1596 443 1823 516 perditis
1849 482 1864 507 ,
1901 437 2100 496 exaudi
2130 440 2176 500 Α
2205 435 2237 489 6
2345 432 2718 488 Inhabitabunt
2748 438 2797 484 et
2827 427 3141 482 abscondent
3171 440 3190 478 :

516 551 821 610 orationem
848 544 1153 616 supplicum
1199 551 1256 602 et
1302 548 1520 610 praesta,
1556 546 1649 601 ut,
1700 545 1752 590 te
1776 546 2018 603 .vespere
2045 540 2101 586 et

519 658 682 702 mane
734 640 1069 707 meridieqne
1110 634 1426 695 laudantes,
1472 643 1783 686 mereamur
1826 624 1896 680 ab
1942 621 2101 692 hujus
2202 616 2232 669 Ἰ

509 736 702 794 saeculi
733 732 1145 805 tempestatibus
1169 726 1462 783 defensari.
1493 724 1596 792 Qui
1624 737 1749 779 cum
1778 721 1970 786 Patre,
1992 726 2101 775 etc.

1074 849 1396 908 PSALMUS
1434 847 1547 904 LV.

979 984 1345 1026 ARGUMENTUM
1376 984 1525 1025 PSAL.
1561 981 1651 1024 LV.

699 1067 740 1125 C
776 1067 889 1122 Vox
936 1062 1194 1120 Ecclesiae
1226 1062 1280 1117 in
1312 1058 1690 1133 persecutione
1716 1057 1927 1130 positae.

2342 523 2455 594 Ipsi
2481 521 2786 578 calcaneum
2818 532 2991 573 meum
3024 511 3382 570 obseruabant.

2344 613 2493 670 Sicut
2526 613 2885 668 sustinuerunt
2914 608 3148 663 animum
3175 614 3345 659 meam

2347 706 2456 762 Pro
2499 703 2663 759 nihilo
2711 701 2883 757 salvos
2929 698 3093 771 facies
3133 695 3284 762 illos,
3334 694 3389 748 in
3436 693 3522 748 ira
3564 689 3816 765 populos

2424 795 2745 866 confringes.

2276 889 2317 946 C
2354 887 2664 944 lnhabitare
2714 884 2964 939 videnlur
3013 877 3219 936 subdoli
3263 874 3560 934 Christiani
3603 870 3819 930 Eccle-

2207 1000 2367 1048 stam,
2396 982 2491 1039 sed
2523 980 2723 1035 malum
2753 991 2865 1034 sua:
2893 972 3267 1047 perversitatis
3294 968 3662 1033 abscondunt,
3692 978 3823 1020 nec

2207 1076 2386 1147 palam
2428 1073 2545 1129 ausi
2594 1078 2722 1128 sunt
2760 1068 3009 1141 prodere,
3038 1066 3183 1136 quod
3224 1062 3404 1119 sciunt
3437 1057 3819 1130 apostolicam

523 1180 633 1237 TT.
667 1179 734 1235 In
762 1178 920 1249 ﬁnem
950 1193 1045 1244 pro
1080 1174 1273 1249 populo
1302 1173 1406 1249 qui
1430 1190 1463 1226 a
1506 1149 1702 1227 sanctis
1748 1167 1898 1237 longe
1936 1164 2108 1249 [actus

2240 1168 2512 1227 loctrinam
2543 1180 2652 1221 non
2683 1164 2907 1219 habere.
2932 1159 3035 1231 lpsi
3064 1157 3373 1214 caleaneum
3403 1149 3817 1212 observabant,

593 1262 691 1307 est.
724 1244 896 1304 David
925 1250 979 1302 in
1003 1244 1505 1315 tituli‘inscriptione
1530 1258 1654 1301 cum
1688 1247 1962 1294 tenuerunt
1989 1251 2110 1290 eum

594 1320 859 1391 Allonyli
886 1320 942 1373 in
974 1316 1127 1372 Getlt.

594 1437 636 1494 C
664 1437 721 1491 ln
747 1435 934 1501 ﬁnem,
958 1432 1069 1504 jam
1102 1440 1290 1488 notum
1321 1439 1435 1499 est;
1473 1444 1573 1501 pro
1598 1426 1796 1499 pepulo
1825 1424 1981 1492 dicit,
2018 1423 2111 1494 qui

526 1546 557 1585 a
591 1529 794 1587 sanctis
823 1528 981 1598 longe
1029 1526 1205 1581 factus
1253 1532 1356 1589 est,
1414 1522 1539 1594 quia
1583 1519 1840 1576 Iudaicus
1886 1515 2114 1589 populus

524 1620 833 1694 postulabat
857 1635 886 1673 a
913 1617 1108 1682 Pilato,
1132 1631 1200 1671 ne
1225 1613 1634 1686 inscriptionem
1665 1609 1805 1665 tituli
1828 1608 1968 1664 sicut
1988 1621 2116 1678 pro-

526 1714 810 1786 phetarum
827 1711 925 1767 fuit
939 1711 1203 1766 scriberet
1217 1752 1231 1772 ,
1249 1708 1438 1765 nolens
1453 1707 1729 1764 Christum
1744 1719 1898 1760 suum
1930 1716 2111 1774 regem

2210 1276 2365 1319 more
2393 1258 2685 1324 diabolico,
2713 1255 2801 1312 vel
2834 1268 3023 1311 eorum
3050 1251 3143 1322 qui
3177 1247 3412 1305 ministri
3438 1244 3613 1318 ipsius
3644 1248 3816 1303 sunt.

2209 1353 2305 1426 qui
2351 1351 2538 1408 ultima
2586 1356 2776 1405 nostra
2825 1344 3088 1401 insidiosa
3134 1339 3430 1397 calliditate
3474 1333 3815 1405 respiciunt,

2213 1421 2497 1516 cupientes
2540 1454 2640 1497 nos
2666 1455 2697 1494 a
2729 1437 2838 1494 ﬁde
2870 1442 3141 1498 evertere,
3166 1439 3223 1487 et
3259 1430 3326 1485 ad
3368 1434 3557 1484 reatus
3600 1421 3817 1477 discri-

2214 1539 2362 1595 mina
2393 1535 2703 1607 pervenire,
2730 1531 2923 1588 saltem
2959 1528 3012 1584 in
3041 1524 3323 1583 extremis.

2285 1628 2333 1685 ll
2362 1627 2751 1684 Sustinuerunt
2775 1620 3012 1678 animam
3039 1615 3239 1673 Christi
3259 1610 3452 1678 Judaei,
3484 1615 3546 1664 ut
3581 1613 3818 1677 captum

2217 1722 2273 1777 in
2318 1719 2500 1776 verbis
2540 1720 2865 1772 accusarent
2907 1707 3267 1782 principibus.
3313 1701 3610 1758 Salvantur
3654 1693 3817 1750 enim

528 1783 634 1859 dici
666 1802 847 1878 (Joan.
876 1801 1013 1871 xix).
1045 1800 1136 1855 Illa
1164 1800 1417 1856 voluntas
1451 1814 1545 1854 eos
1585 1797 1744 1870 longe
1773 1795 1900 1852 fecit
1930 1811 1960 1849 a
1985 1810 2117 1849 sau-
2145 1796 2193 1858 B
2221 1826 2320 1884 pro
2345 1810 2547 1876 nihilo;
2590 1807 2719 1863 dum
2755 1819 2865 1860 ηοη
2907 1805 3314 1857 commutamur
3347 1792 3414 1848 ad
3446 1789 3701 1863 gloriam,
3737 1783 3819 1838 ad

528 1895 652 1962 etis,
682 1895 807 1966 quia
842 1894 1015 1949 sancti
1038 1892 1315 1949 Christum
1351 1907 1510 1947 suum
1550 1905 1731 1963 regem
1755 1888 1859 1945 diei
1883 1886 2118 1961 glorian-

531 1996 637 2044 tur.
667 1988 805 2044 Geth
834 1986 1103 2056 signiﬁcat
1130 1983 1386 2051 torcular,
1414 1984 1465 2039 id
1487 1992 1570 2039 est
1595 1997 1928 2054 prcssuram,
1955 1995 2117 2052 quam

535 2077 714 2133 omnis
752 2077 959 2148 patitur
985 2074 1330 2131 Christianus
1372 2075 1439 2129 ab
1468 2074 1755 2146 allophylis
1781 2113 1797 2140 ,
1840 2072 1892 2128 id
1922 2080 2008 2128 est
2050 2070 2119 2125 ab

537 2168 749 2224 alienis.
773 2166 1042 2222 Philistiui
1067 2167 1212 2221 enim
1229 2166 1356 2238 .(qui
1384 2181 1526 2222 nunc
1554 2165 1826 2222 Palaestini
1843 2161 2117 2235 dicuntur)

535 2258 641 2313 alio
671 2258 888 2314 nomine
919 2257 1173 2330 allophyli
1199 2257 1553 2329 ,‘diccbantur.
1704 2320 1715 2329 θ

537 2349 563 2403 1
675 2348 925 2405 Miserere
970 2348 1101 2416 mei,
1157 2347 1332 2414 Deus,
1381 2348 1631 2419 quoniam
1673 2346 1995 2404 conculcavit
2040 2363 2121 2401 me

749 2442 902 2496 homo
932 2455 953 2494 :

677 2530 812 2586 Tota
844 2532 929 2587 die
957 2533 1271 2603 impugnans
1296 2531 1560 2588 tribulavit
1584 2550 1685 2589 me.

607 2621 840 2693 CVirgo
885 2631 1065 2678 mater
1100 2623 1340 2679 Ecclesia
1389 2624 1669 2679 caelestem
1714 2637 1973 2694 sponsum
2019 2620 2125 2691 piis

536 2713 793 2785 lacrymis
821 2722 980 2783 rogat
999 2754 1015 2780 ,
1043 2729 1110 2769 ne
1141 2730 1199 2771 se
1225 2715 1466 2785 patiatur
1491 2716 1558 2771 ab
1591 2715 1826 2771 iuimicis
1870 2715 2124 2786 opprimi.

540 2802 586 2857 ll
614 2803 671 2858 1n
708 2803 925 2858 homine
950 2804 1301 2861 conculcante
1329 2816 1491 2876 atque
1517 2806 1867 2878 impugnante
1888 2848 1903 2873 ,
1939 2807 2126 2867 diabo-

540 2893 650 2948 lum
676 2894 762 2950 vel
799 2895 1130 2967 reliquarum
1161 2898 1524 2969 nequitiarum
1568 2898 1926 2971 spiritualium
1947 2908 2129 2955 eaten-

538 2986 621 3041 dit
644 2993 1095 3058 persecutionem.

541 3080 578 3133 2
644 3102 645 3105 η
683 3080 1131 3139 Conculcaverunt
1159 3102 1240 3141 me
1265 3086 1463 3141 inimici
1488 3086 1591 3142 mei
1619 3096 1727 3143 tota
1753 3088 1838 3143 die
1863 3101 1883 3141 :

688 3168 952 3237 Quoniam
984 3175 1135 3229 multi
1164 3175 1414 3232 bellantes
1443 3178 1720 3234 adversum
1746 3194 1848 3235 me.

541 3260 581 3317 3
683 3263 761 3318 Ab
790 3264 1065 3322 altitudine
1090 3268 1196 3322 diei
1223 3269 1410 3326 timebo
1434 3287 1456 3326 :

686 3356 801 3429 Ego
832 3378 950 3416 vero
974 3364 1027 3418 in
1058 3373 1106 3418 te
1134 3367 1371 3436 sperabo.

616 3449 660 3508 C
690 3449 890 3508 Vinum
917 3455 1063 3509 enim
1095 3472 1202 3511 non
1233 3456 1471 3527 proﬂuit,
1495 3460 1599 3516 nisi
1621 3461 1850 3531 pedibus
1871 3478 1972 3518 uva
1996 3477 2131 3520 con-

547 3541 816 3600 culcetur.
862 3545 954 3602 Sic
982 3547 1280 3604 Ecclesiam
1309 3550 1363 3605 in
1392 3552 1652 3607 membris
1695 3553 1809 3609 suis
1855 3554 2136 3611 conculeat

551 3635 826 3703 inimicus,
851 3648 913 3695 ut
936 3650 1244 3696 sanctorum
1274 3643 1465 3698 merita
1494 3644 1726 3716 gloriosa
1758 3646 1883 3701 inde
1911 3662 2136 3703 nascan-

552 3738 664 3785 tur.
692 3732 828 3788 Tota
872 3734 989 3798 die,
1033 3736 1177 3790 omni
1227 3745 1464 3808 tempore
1491 3747 1683 3794 contra
1713 3754 1833 3795 eam
1874 3740 2137 3796 rebellant

554 3821 781 3889 inimici,
814 3825 909 3880 sed
943 3825 1012 3882 de
1037 3826 1123 3881 his
1146 3866 1163 3893 ,
1212 3829 1337 3897 quia
1369 3829 1534 3900 aliqui
1573 3839 1996 3898 convertantur,
2027 3846 2135 3887 non

551 3913 688 3970 dicit
711 3929 921 3983 omnes,
952 3917 1047 3973 sed
1079 3919 1252 3974 multi.

552 4032 553 4035 η
625 4003 783 4060 CAb
804 4004 1096 4063 altitudine
1139 4008 1281 4074 diei,
1336 4007 1501 4065 istum
1548 4011 1803 4068 mundum
1850 4014 2139 4086 signiﬁcat,

557 4092 644 4149 abi
674 4102 846 4151 tumet
866 4096 1094 4153 altitudo
1121 4099 1407 4169 superbiat.
1437 4099 1574 4156 Nam
1601 4102 1742 4158 sicut
1771 4103 2018 4162 Christus
2040 4107 2141 4163 hu-

555 4184 840 4242 militatem
867 4188 1147 4259 praecipit,
1189 4191 1265 4246 ita
1306 4192 1553 4249 diabolus
1579 4194 1878 4253 altitudinis
1902 4197 2139 4254 culmina

558 4276 868 4343 persuadet.
894 4277 1001 4332 Sed
1031 4281 1173 4336 unde
1201 4282 1393 4339 timere
1423 4300 1528 4340 non
1558 4286 1751 4342 debeat
1778 4287 2016 4344 Ecclesia
2048 4306 2144 4346 nec

560 4368 736 4439 cadat,
768 4369 968 4427 subdit.
1001 4371 1113 4444 Ego
1145 4374 1198 4431 in
1231 4384 1284 4435 te
1313 4378 1562 4447 sperabo,
1585 4380 1680 4450 qui
1706 4396 1984 4452 nunquam
2010 4384 2063 4437 in
2093 4394 2146 4439 te

563 4458 767 4531 decipis
793 4460 1147 4519 conﬁdentes.

560 4545 597 4600 ι
705 4548 773 4602 In
803 4548 910 4603 Deo
936 4548 1161 4607 laudabo
1188 4571 1449 4610 sermones
1477 4575 1615 4612 meos
1646 4576 1665 4614 :

678 4712 681 4713 ν
706 4640 776 4695 In
805 4642 915 4697 Deo
938 4646 1139 4714 speravi
1164 4662 1267 4699 non
1289 4647 1474 4703 timebo
1497 4651 1622 4721 quid
1652 4652 1812 4721 faciat
1840 4654 1968 4707 tui/ti
1998 4671 2140 4709 caro.

634 4729 759 4788 Cln
804 4733 915 4791 Deo
953 4736 1133 4791 laudat
1176 4753 1456 4796 sermones
1481 4757 1628 4807 suos,
1675 4744 1765 4813 qui
1800 4759 1960 4799 omne
2003 4748 2146 4815 quod

567 4822 808 4896 loquitur
830 4828 967 4884 bene
998 4847 1012 4883 :
1045 4831 1151 4885 Deo
1179 4832 1451 4902 applicare
1474 4874 1489 4900 ,
1538 4849 1642 4887 non
1669 4834 1807 4901 sibi,
1849 4838 2141 4893 contendit.

569 4914 686 4973 Non
728 4919 945 4987 timebo,
975 4921 1100 4978 licet
1128 4925 1313 4980 saeviat
1343 4926 1656 4983 carniticum
1703 4945 1929 4996 manus,
1968 4932 2148 4986 omnia

572 5019 753 5066 tamen
787 5022 1051 5070 tormenta
1080 5016 1310 5085 despicit
1354 5018 1590 5075 Ecclesia
1636 5020 1689 5075 in
1732 5022 1991 5078 membris
2018 5023 2149 5085 suis,

570 5120 693 5175 quia:
713 5116 995 5177 exspectat
1023 5126 1247 5167 munera
1274 5113 1484 5169 Domini
1513 5113 1834 5173 Salvatoris.

565 5196 606 5252 5
716 5196 843 5254 Tota
869 5199 953 5255 die
978 5200 1128 5256 uerba
1155 5219 1269 5258 mea
1291 5206 1697 5273 exsecrabantur
1713 5208 2048 5276 stadrersum
2072 5225 2152 5262 me

2171 4524 2223 4586 ι)

2216 1881 2479 1977 supplicia
2514 1897 2937 1956 transferuntur.
2973 1891 3035 1948 In
3084 1891 3165 1947 ira
3208 1886 3436 1961 populos
3467 1881 3819 1951 confringes.

2217 1973 2344 2070 quia
2382 1994 2602 2066 impacti
2644 1998 2771 2049 sunt
2800 1991 2853 2045 in
2884 1996 3091 2060 petram
3121 1979 3453 2042 offensionis,
3482 1985 3542 2032 et
3569 1973 3815 2044 lapidem

2217 2064 2533 2157 scandalitl
2564 2082 2714 2138 Petr.
2738 2079 2824 2150 ιι).
2853 2078 2901 2133 Α
2925 2077 2967 2132 C
2992 2074 3093 2131 Vel
3114 2069 3364 2145 quamvis
3391 2067 3468 2124 illi
3497 2064 3819 2157 sustineant

2202 2178 2274 2234 .in
2300 2143 2503 2233 malum
2512 2214 2528 2243 ,
2554 2181 2610 2230 et
2651 2172 2719 2227 ab
2746 2143 2851 2227 hoc
2880 2143 3215 2239 indignos'se
3236 2160 3444 2218 faciant
3479 2143 3813 2214 salvatione.

2220 2280 2277 2328 ιιι
2308 2278 2488 2325 tamen
2515 2262 2891 2322 misericordia
2922 2259 3104 2315 omnia
3140 2262 3363 2327 peccata
3397 2262 3688 2322 superans,
3710 2259 3819 2314 pro

2221 2361 2410 2427 nihilo,
2440 2359 2493 2415 id
2521 2367 2606 2414 est
2633 2356 2825 2429 gratis,
2850 2352 3011 2408 nullis
3038 2362 3226 2405 eorum
3261 2343 3472 2402 meritis
3494 2337 3821 2412 prmceden-

2224 2453 2404 2508 tibus:
2429 2449 2608 2507 salvos
2636 2428 2772 2503 lacis
2800 2446 2875 2501 ita
2903 2452 2981 2510 ut,
3011 2440 3165 2512 quasi
3198 2439 3389 2501 iratus,
3424 2431 3609 2489 multis
3641 2428 3821 2483 tribu-

2222 2542 2517 2598 lationibus
2546 2538 2775 2612 populos
2822 2536 3077 2607 fatigatos
3124 2541 3404 2586 recurrere
3430 2524 3499 2580 ad
3538 2532 3591 2579 te
3625 2534 3814 2592 cogas.

2222 2633 2482 2689 irasceris
2515 2639 2575 2688 et
2609 2628 2856 2694 deducis,
2882 2625 3041 2682 srevis
3074 2630 3132 2680 et
3173 2619 3374 2688 salvas,
3401 2624 3579 2672 terres
3621 2620 3689 2667 et
3716 2625 3815 2664 vo-

2226 2739 2353 2791 cas;
2384 2724 2473 2781 ira
2495 2722 2732 2786 videtur,
2762 2719 2855 2775 sed
2885 2725 3135 2788 paterna.
3230 2772 3245 2785 ο

2228 2815 2267 2870 8
2318 2806 2325 2813 ’
2368 2813 2533 2878 Deus,
2556 2813 2719 2867 vitam
2747 2825 2917 2865 meam
2944 2803 3249 2863 annuntiavi
3276 2801 3368 2857 tibi
3394 2841 3407 2855 .

2376 2905 2611 2962 Posuisti
2640 2903 2901 2973 lacrymas
2930 2914 3074 2953 meas
3102 2897 3157 2951 in
3186 2900 3458 2965 conspectu
3488 2899 3603 2943 tuo.

2302 2999 2343 3057 C
2379 2996 2554 3054 Vitam
2582 3009 2735 3052 suam
2764 2990 3052 3048 annuntiat
3077 2989 3209 3051 Deo,
3236 2984 3329 3057 qui
3354 2988 3575 3054 peccata
3600 2975 3820 3050 propria

2234 3090 2480 3149 conﬁteri
2506 3102 2611 3144 non
2643 3082 2936 3142 erubescit.
2962 3080 3261 3150 Lacrymte,
3288 3089 3409 3145 quae
3438 3072 3492 3127 in
3521 3074 3820 3138 conspectu

2050 3248 2068 3265 ο
2156 3157 2203 3220 C
2234 3182 2447 3241 Domini
2474 3188 2771 3253 ponuntur,
2794 3173 3047 3248 iocunda:
3073 3178 3218 3235 sunt,
3250 3166 3376 3231 quia
3409 3178 3515 3219 non
3546 3160 3821 3221 cruciant,

2231 3276 2327 3331 sed
2358 3290 2388 3328 a
2415 3269 2746 3328 cruciatibus
2773 3266 3027 3322 liberant.

2232 3367 2265 3424 9
2379 3365 2526 3421 Sicut
2562 3373 2609 3418 et
2638 3362 2692 3415 in
2719 3355 3062 3432 promissione
3088 3361 3180 3407 tua
3210 3364 3227 3405 :

2376 3457 2522 3514 Tunc
2551 3461 2915 3513 convertentur
2941 3445 3140 3502 inimici
3163 3442 3264 3501 mei
3290 3449 3599 3496 retrorsum.

2304 3552 2347 3608 C
2383 3546 2677 3607 Proniissio
2703 3543 2904 3616 quippe
2933 3539 3027 3596 Dei
3054 3544 3162 3602 est,
3193 3541 3254 3590 ut
3276 3533 3393 3604 pias
3414 3529 3689 3600 lacrymas
3717 3540 3821 3580 non

2237 3643 2455 3700 refutet.
2489 3641 2533 3696 Η
2570 3636 2820 3709 Optando
2847 3632 2979 3688 dicit
3008 3626 3271 3691 Ecclesia,
3299 3621 3542 3681 converti
3573 3618 3824 3675 inimicos

2238 3745 2563 3796 retrorsum,
2584 3729 2637 3785 id
2671 3734 2777 3791 est,
2806 3732 2868 3779 ut
2894 3722 2987 3793 qui
3024 3724 3251 3776 currunt
3288 3713 3356 3771 ad
3386 3712 3661 3770 infernum
3689 3723 3827 3765 cono

2236 3835 2520 3885 vertantur
2545 3823 2613 3880 ad
2642 3823 2835 3878 Deum.

2242 3921 2308 3976 l0
2382 3918 2450 3974 In
2471 3930 2780 3990 quacunque
2807 3912 2889 3967 die
2918 3911 3221 3965 invocavero
3246 3914 3296 3960 te
3324 3923 3338 3959 :

2387 4012 2520 4067 Ecce
2540 4006 2753 4079 cognovi
2778 4001 3028 4075 quoniam
3054 3998 3195 4055 Deus
3223 4011 3366 4051 meus
3392 4010 3470 4049 es.

2314 4103 2357 4161 C
2396 4102 2493 4157 Hic
2524 4096 2867 4156 clementiam
2897 4089 3107 4148 Domini
3148 4085 3467 4159 pronuntiat
3497 4079 3827 4139 mirabilem-

2242 4215 2348 4271 que
2383 4197 2636 4270 pietatem
2675 4190 2970 4260 Propheta,
3001 4185 3144 4240 utin
3184 4194 3508 4255 quacunque
3548 4178 3640 4235 die
3679 4177 3825 4233 invoo

2243 4266 2400 4349 catus
2439 4288 2604 4344 fuerit
2645 4284 2921 4347 Christus,
2960 4292 3174 4349 semper
3217 4289 3276 4330 se
3314 4270 3601 4329 miseratus
3648 4266 3823 4326 indul-

2244 4394 2385 4458 geat.
2437 4381 2769 4449 Quacunque
2819 4375 2938 4440 die,
2995 4369 3265 4444 signiﬁcat
3316 4364 3518 4422 diversi
3569 4359 3825 4432 temporis

2247 4450 2692 4532 satisfactionem.
2722 4467 2875 4522 Alius
2919 4463 3066 4519 enim
3109 4469 3220 4515 toto
3268 4466 3510 4527 tempore
3555 4453 3686 4508 vitae
3729 4450 3827 4506 Do-

2252 4568 2399 4623 mino
2425 4563 2707 4634 supplicat,
2732 4558 2886 4619 alter,
2913 4554 3088 4611 media
3116 4559 3277 4608 :etate
3300 4546 3655 4606 convertitur.
3680 4543 3825 4598 Alius

2253 4660 2306 4714 in
2338 4657 2446 4714 ﬁne
2484 4657 2608 4711 vita:
2646 4651 2907 4714 salvatur,
2949 4662 3075 4703 ecce
3119 4644 3365 4716 cognovi.
3404 4640 3450 4696 Η
3477 4638 3584 4694 Alii
3628 4652 3825 4708 cognoo

2251 4757 2409 4806 scunt
2458 4748 2625 4803 Deum
2674 4758 2769 4816 per
2816 4749 3123 4797 creaturam
3174 4736 3296 4793 caeli
3347 4743 3403 4790 et
3448 4743 3639 4797 terra),
3695 4730 3826 4787 sicut

2254 4842 2450 4899 Paulus
2478 4839 2607 4895 dicit
2641 4836 2788 4893 :Per
2815 4851 2875 4891 ea
2919 4848 3042 4905 quae
3084 4830 3224 4887 facta
3256 4838 3383 4896 sunt
3409 4825 3676 4881 intellecta
3708 4838 3826 4878 con-

2255 4933 2556 5005 spiciuntur
2600 4928 2772 5001 (Rom.
2815 4928 2890 4998 t);
2942 4925 3057 4990 alii,
3095 4938 3191 4993 per
3236 4919 3644 4991 inspirationem
3693 4912 3824 4973 divi-

2255 5045 2410 5095 nam;
2445 5025 2558 5090 alii,
2591 5040 2686 5095 per
2713 5024 2898 5095 signa,
2937 5028 2997 5075 ut
3041 5017 3264 5073 Thomas
3302 5013 3440 5070 dixit
3471 5031 3484 5068 :
3520 5009 3664 5067 lul‘er
3698 5007 3826 5077 digi-

2259 5130 2368 5176 tum
2402 5127 2550 5174 tuum
2597 5116 2703 5170 huc
2737 5113 2918 5187 (Joan.
2950 5110 3077 5182 xx);
3122 5109 3244 5172 alii,
3286 5122 3384 5178 per
3427 5103 3820 5173 indulgentiam,

2255 5212 2621 5270 clementiam,
2645 5214 2701 5260 et
2734 5202 3013 5267 auxilium,
3042 5211 3101 5255 ut
3138 5198 3482 5270 pmnitcntes.
