3986 5412
123 374 221 432 εει

1320 368 1682 430 EXPOSITIO
1722 365 2169 427 PSALMORUM.

3288 374 3403 433 ξεί

126 509 368 564 sperans
420 492 479 547 in
523 506 667 557 cum,
696 505 802 546 non
850 489 1043 545 metuit
1088 487 1263 543 minas
1305 486 1597 542 adversarii
1647 484 1726 538 di-
1754 480 1801 538 Δ
1830 478 2025 547 quibus
2048 477 2255 549 protegi
2282 492 2341 533 se
2364 478 2808 550 petitPropbeta,
2832 482 3004 539 donec
3025 491 3266 542 transeat
3293 486 3398 544 iui.

128 604 303 645 cens:
340 587 400 642 in
448 601 540 641 me
582 592 728 648 sunt,
756 584 920 646 Deus,
952 589 1072 636 vota
1116 588 1225 635 tua.
1267 579 1308 636 C
1341 578 1466 643 Vel,
1513 591 1721 634 sermo-

130 695 274 743 nem,
300 679 363 732 id
393 686 480 734 est
509 674 855 745 Evangelium
885 672 954 728 ab
977 688 1073 729 ore
1101 672 1300 728 Christi
1330 670 1623 742 prolatum.

132 770 196 825 i2
266 768 345 824 In
370 785 454 824 me
481 776 624 829 sunt,
650 765 809 831 Deus,
828 775 948 822 rota
969 769 1035 833 χ(
1056 772 1151 818 tua
1182 767 1202 835 ζ

267 875 345 916 -ιν
383 859 522 926 Quae
553 858 571 927 ζ
604 858 817 912 reddam
846 855 1174 910 laudationes
1202 853 1317 907 tibi.

194 951 243 1006 11
285 949 424 1006 limo
470 957 602 1004 sunt
640 956 763 1002 vota
804 946 1105 1014 Propheta,
1135 953 1197 999 ut
1236 944 1449 998 Iaudem
1477 943 1721 999 Domini-

96 1030 245 1101 'cam
301 1042 499 1098 sedule
547 1041 808 1106 celebret,
851 1047 908 1095 et
959 1054 1061 1095 cur
1110 1038 1230 1093 lucc
1285 1036 1447 1092 faciat
1506 1036 1722 1106 adjecit,

132 1138 397 1205 quoniam
430 1134 704 1206 eripuisti.

135 1250 200 1307 15
274 1250 555 1318 Quoniam
602 1250 839 1320 eripuisti
883 1248 1114 1303 animam
1154 1261 1322 1300 meant
1362 1243 1426 1297 de
1460 1249 1644 1302 morte,
1677 1247 1725 1293 et

348 1346 513 1415 pedes
540 1361 683 1398 meos
704 1344 768 1399 de
791 1343 980 1413 lapsu:

270 1437 347 1492 Ut
372 1436 616 1506 placeam
638 1450 812 1489 coram
840 1433 950 1488 Deo
975 1434 1030 1487 in
1050 1432 1243 1487 lumine
1260 1428 1579 1485 viventium.

200 1550 243 1606 C
271 1550 552 1619 Quoniam
585 1547 830 1618 eripuisti
861 1547 1097 1602 animam
1127 1561 1325 1608 meam,
1355 1544 1407 1599 id
1427 1552 1720 1613 est,popu—

135 1642 213 1697 los
234 1641 432 1697 ﬁdeles
459 1641 527 1695 de
555 1647 727 1693 morte
753 1647 1028 1710 perpetua,
1056 1646 1110 1692 et
1139 1638 1278 1692 bene
1307 1650 1459 1690 suam
1488 1635 1725 1689 animam

142 1742 322 1789 sancta
371 1741 558 1787 mater
584 1731 715 1787 dicit
742 1740 1005 1800 ereptam,
1038 1744 1159 1799 quae
1202 1729 1253 1783 in
1302 1727 1624 1782 liberatione
1667 1724 1728 1779 ﬁ-

1824 568 2025 638 quitas,
2052 568 2105 623 id
2132 576 2219 622 est
2247 567 2496 624 diabolus
2524 585 2647 625 cum
2680 572 2794 628 suis
2824 572 3166 630 satellitibus.

1818 677 1857 732 3
1961 676 2213 732 Clamabo
2238 678 2308 732 ad
2335 677 2504 733 Deum
2522 681 2841 736 altissimum
2869 697 2890 735 :

1962 770 2130 825 Deum
2159 772 2248 843 qui
2272 770 2400 827 bene
2417 772 2535 842 fecit
2566 774 2711 829 mihi.

1893 885 1933 943 (Ι
1966 885 2175 941 Clamat
2200 884 2291 942 ille
2312 885 2382 941 ab
2410 887 2756 943 humanitate
2781 898 3055 960 suscepta,
3088 905 3117 944 a
3145 905 3252 961 quo
3303 907 3399 948 su-

1822 993 2005 1048 perum
2042 987 2309 1034 creaturae
2329 994 2436 1034 non
2460 978 2715 1035 desinunt
2745 997 2901 1052 opem
2943 982 3237 1053 postulare.
3293 983 3397 1052 Qui

1825 1068 1962 1121 bene
1994 1066 2118 1123 fecit
2152 1068 2305 1132 mibi,
2336 1070 2442 1125 hoc
2480 1069 2753 1141 signiﬁcat
2779 1086 3038 1127 arcanum
3060 1072 3397 1129 lncarna‘tio—

1824 1158 1909 1211 nis
1930 1158 2161 1224 Domini,
2203 1160 2344 1230 quod
2376 1160 2610 1216 humano
2636 1162 2822 1232 generi
2852 1162 3035 1219 divina
3076 1163 3249 1235 gratia
3280 1163 3393 1219 col-

1822 1247 1991 1301 latum
2022 1256 2127 1303 est.

1825 1358 1859 1412 4
1978 1359 2125 1415 Misit
2158 1362 2224 1417 de
2267 1362 2393 1417 ewlo
2419 1373 2466 1416 et
2502 1362 2738 1417 liberavit
2769 1380 2851 1417 me
2897 1401 2909 1415 .
3142 1377 3175 1405 ο

1993 1452 2150 1507 Dedit
2197 1454 2251 1508 in
2298 1448 2635 1524 opprobrium
2692 1453 3055 1508 conculcantes
3110 1468 3210 1507 me.
3267 1451 3400 1506 Dia-

2040 1540 2263 1611 psalma.

1898 1632 1939 1689 ϐ
1971 1632 2118 1688 Misit
2142 1634 2207 1689 de
2230 1633 2389 1701 caelo,
2422 1649 2527 1689 non
2558 1633 2830 1706 angelum,
2854 1650 2960 1689 non
2991 1634 3225 1704 aliquam
3252 1647 3405 1689 crea‘

1830 1734 2030 1790 turam,
2059 1725 2153 1781 sed
2176 1726 2411 1797 intelligo
2439 1725 2694 1780 auxilium
2726 1740 2970 1797 superna:
2998 1723 3250 1793 potentia:
3271 1737 3404 1779 suae.

142 1824 332 1880 liorum
378 1823 675 1894 gaudebat.
706 1823 844 1877 Dicit
873 1837 1001 1876 vero
1032 1823 1196 1891 pedes
1229 1831 1442 1890 ereptos
1481 1834 1511 1873 a
1550 1818 1724 1888 lapsu,
1754 1844 1801 1905 Β
1828 1817 2186 1889 Opprobrium
2259 1818 2707 1889 persequentibus
2768 1817 2901 1883 fuit,
2968 1816 3182 1886 quando
3254 1814 3406 1870 illum

144 1917 277 1984 quod
309 1932 423 1970 non
459 1914 520 1970 ﬁt
548 1914 658 1979 hic,
691 1914 783 1969 sed
815 1914 868 1968 in
914 1912 1093 1968 futuro
1133 1911 1331 1967 smculo
1359 1910 1724 1981 praestabitur.

145 2008 270 2064 Dum
326 2008 482 2063 enim
529 2006 882 2061 ambulabunt
922 2005 1054 2074 justi
1104 2006 1158 2060 in
1211 2005 1313 2060 hoc
1379 2002 1612 2066 mundo,
1672 2003 1726 2055 in

147 2098 290 2177 lapsu
322 2104 479 2163 sunt,
506 2097 598 2153 sed
629 2097 1000 2153 misericordia
1033 2096 1209 2152 divina
1247 2095 1611 2152 continentur.
1638 2092 1732 2148 Sic

146 2186 339 2259 legitur
389 2206 403 2241 :
456 2185 683 2256 Septies
714 2187 871 2242 cadet
912 2188 1090 2257 justus
1134 2194 1189 2241 et
1242 2193 1487 2255 resurget
1535 2181 1729 2249 (Prov.

151 2279 313 2346 xxtv).
355 2274 405 2330 Η
437 2274 645 2330 Luren
694 2276 991 2331 viventium
1034 2275 1287 2331 Christus
1332 2282 1436 2336 est,
1483 2273 1573 2342 qui
1627 2270 1728 2325 sibi

151 2367 425 2437 placentes
476 2366 766 2422 illuminat.
804 2367 848 2426 C
878 2367 973 2424 Vel
1018 2366 1381 2424 manifestatio
1416 2375 1730 2421 sanctorum

153 2468 228 2523 est
254 2457 443 2516 lumen
472 2460 791 2516 viventium.

648 2587 851 2629 ORATIO
872 2589 940 2628 EX
971 2589 1115 2630 PSAL.
1139 2588 1226 2628 LV.

214 2685 490 2742 Bellorum
515 2685 867 2743 invisi-bilium
893 2690 1096 2759 optime
1125 2698 1517 2760 propugnator,
1547 2690 1639 2759 qui
1673 2690 1729 2745 in

158 2787 208 2833 te
229 2776 456 2834 ﬁdentes
480 2777 552 2832 ab
575 2777 815 2834 inimicis
837 2780 993 2835 obrui
1038 2796 1145 2836 non
1179 2781 1470 2850 permittis,
1507 2788 1733 2851 exterge

161 2886 442 2940 precamur
493 2871 565 2926 ab
616 2870 790 2927 oculis
842 2873 1045 2928 nostris
1080 2872 1289 2943 peccati
1318 2872 1644 2944 lacrymam,
1674 2880 1735 2927 ut

166 2962 284 3016 dum
312 2961 564 3018 carnalia
599 2962 741 3018 bella
797 2965 1224 3035 comprimimus,
1258 2965 1478 3034 placere
1528 2964 1625 3019 tibi
1678 2964 1731 3018 in

166 3053 357 3111 lumine
401 3056 710 3110 viventium
771 3071 1098 3111 mereamur.
1154 3056 1260 3112 Per
1299 3054 1586 3111 Dominum
1638 3070 1737 3111 no-

164 3154 320 3202 strum
346 3147 562 3213 Iesum,
589 3156 698 3202 etc.

682 3257 1006 3313 PSALMUS
1059 3257 1194 3313 LVI.

608 3365 969 3406 ARGUIENTUI
1025 3365 1171 3404 PSAL.
1200 3364 1308 3404 LVI.

167 3440 201 3494 ε
223 3438 562 3499 Uthristus
612 3441 911 3498 secundum
965 3441 1360 3497 humanitatem
1392 3455 1497 3509 qua
1526 3453 1728 3510 passus

226 3544 305 3590 est
338 3543 484 3599 orat,
506 3542 562 3589 et
591 3534 1015 3589 resurrectionis
1071 3549 1181 3588 sua:
1234 3532 1460 3603 gloriam
1490 3546 1728 3587 comme-

229 3636 426 3694 morat,
446 3626 719 3698 Patrique
742 3625 932 3681 laudes
965 3626 1239 3680 decantat.

168 3735 267 3793 TT.
297 3738 359 3794 In
394 3741 553 3809 finem
587 3756 651 3793 ne
678 3738 949 3805 disperdas
980 3737 1153 3792 David
1174 3737 1383 3809 intituli
1404 3736 1741 3806 inscriptione

308 3807 431 3865 cum
473 3810 670 3882 fugeret
708 3827 740 3863 a
772 3809 907 3879 facie
968 3809 1102 3864 Saul
1153 3809 1206 3862 in
1251 3807 1574 3878 speluncam.

230 3923 267 3980 C
291 3924 367 3979 Ne
397 3925 680 3997 disperdas
701 3924 871 3980 David
906 3926 1241 3995 prohibetur.
1274 3923 1447 3979 David
1496 3940 1525 3978 a
1573 3921 1738 3979 Saulo

173 4013 413 4083 disperdi.
445 4014 503 4073 ln
537 4014 675 4070 tituli
704 4015 1079 4086 inscriptione,
1124 4016 1227 4071 hoc
1261 4030 1366 4070 non
1392 4015 1562 4070 David
1598 4014 1737 4070 :sed

176 4104 224 4159 in
249 4108 498 4176 passione
531 4107 751 4164 Christo
776 4108 975 4170 evenit,
1001 4124 1068 4163 nc
1100 4124 1131 4163 a
1174 4108 1348 4164 Pilato
1380 4110 1619 4179 scriptus
1666 4109 1737 4163 ti-

182 4196 305 4258 tulus
349 4208 659 4255 mutaretur
704 4199 883 4271 (Joan.
920 4202 1054 4274 tux).
1106 4200 1238 4257 Cum
1308 4200 1539 4266 fugeret,
1604 4209 1738 4262 etc.,

177 4291 425 4346 aetusiste
461 4300 517 4346 et
540 4292 707 4347 David
755 4301 805 4347 et
853 4292 1083 4348 Domino
1114 4292 1387 4348 convenit.
1431 4291 1563 4346 Nam
1595 4293 1739 4347 sicut

180 4373 697 4448 iugitDavidafacie
738 4379 869 4435 Saul
924 4382 977 4436 in
1027 4382 1362 4452 speluncam,
1421 4382 1499 4437 sic
1551 4382 1735 4437 Deitas

179 4467 469 4528 abscondita
536 4472 638 4529 fuit
693 4472 915 4544 perﬁdis
969 4471 1170 4528 Judwis
1223 4473 1276 4527 in
1318 4488 1545 4544 corpore
1572 4472 1734 4528 Chri-
1776 4506 1779 4509 η

1765 4549 1817 4608 Ι)
1911 4560 1952 4616 C
1998 4557 2287 4614 Exaltare:
2317 4564 2376 4609 ut
2405 4547 2645 4624 pendens
2682 4551 2734 4606 in
2763 4565 2956 4615 cruce;
2987 4562 3201 4619 semper
3245 4546 3299 4602 in
3328 4555 3419 4600 tua

180 4563 256 4618 sti.

172 4646 203 4707 ἶ
298 4656 543 4715 Miserere
570 4660 697 4723 mei,
730 4658 888 4723 Deus,
912 4660 1154 4714 miserere
1176 4661 1273 4713 mei
1296 4676 1313 4714 :

300 4746 557 4813 Quoniam
590 4750 647 4804 in
675 4759 724 4803 te
754 4748 969 4820 conﬁdit
1003 4750 1182 4803 anima
1210 4765 1345 4802 mea.

239 4857 275 4915 C
294 4860 495 4919 Clamat
520 4861 783 4919 Christus
809 4863 874 4915 ad
898 4860 1138 4926 Patrem,
1156 4878 1223 4916 ex
1245 4876 1309 4915 co
1329 4862 1472 4932 quod
1499 4861 1738 4915 futuram

182 4949 315 5011 scivit
345 4955 679 5025 passionem.
712 4951 985 5025 Repetitio
1017 4953 1115 5025 ista
1147 4970 1159 5006 :
1193 4943 1494 5023 periculum
1544 4951 1741 5007 futurae

184 5045 348 5100 mortis
397 5046 663 5103 ostendit.
718 5042 908 5100 Oravit
955 5054 1155 5101 autem.
1211 5052 1268 5097 ut
1311 5043 1551 5116 regulam
1583 5041 1743 5096 nobis

186 5143 359 5189 sanctae
400 5136 677 5201 orationis
712 5132 1027 5189 ostenderet
1061 5149 1074 5187 :
1108 5147 1300 5203 passus
1334 5144 1558 5204 propter
1620 5145 1740 5196 nos,

1832 1927 1990 1980 quem
2020 1926 2079 1967 se
2105 1913 2397 1967 credebant
2421 1911 2765 1983 exstinguere
2808 1910 3058 1965 viderunt
3099 1922 3406 1978 resurgere,

1832 2013 1888 2058 et
1912 2002 2094 2059 ﬁdeles
2122 2002 2346 2074 populos
2376 2003 2442 2057 de
2462 2002 2632 2072 ipsius
2657 2001 3053 2058 resurrectione
3078 1999 3336 2071 gaudere.

1832 2144 1868 2198 5
1966 2142 2115 2197 Misit
2164 2143 2306 2198 Deus
2346 2144 2760 2198 misericordiam
2814 2159 2968 2198 suam
3022 2151 3070 2196 et
3144 2139 3409 2194 veritatem

2044 2252 2193 2291 suam
2227 2251 2244 2288 .'

1973 2342 2033 2383 -t-
2069 2325 2136 2380 Et
2170 2325 2187 2395 ζ
2219 2327 2409 2397 eripuit
2432 2342 2662 2380 animum
2705 2342 2875 2380 meum
2914 2325 2981 2380 de
3006 2323 3175 2379 medio
3203 2318 3412 2378 catulo-

2042 2433 2159 2470 rum
2189 2415 2395 2470 leonum
2412 2430 2432 2467 :
2448 2415 2667 2469 dormivi
2689 2415 3048 2469 conturbatus.

1902 2506 1949 2562 Η
1975 2506 2340 2562 Misericordia
2369 2512 2422 2560 et
2447 2505 2651 2559 veritas
2674 2504 2926 2559 Christus
2951 2511 3058 2569 est,
3089 2516 3253 2573 quem
3290 2501 3397 2555 Pa-

1834 2609 1918 2654 ter
1935 2598 2003 2653 de
2039 2597 2176 2654 coelo
2197 2596 2346 2652 misit
2370 2596 2425 2649 in
2465 2595 2745 2659 mundum,
2790 2609 2892 2650 nec
2939 2609 3044 2649 una
3087 2592 3205 2649 sine
3227 2590 3396 2646 altera

1832 2704 1957 2746 csse
1982 2689 2175 2759 putuit.
2207 2687 2263 2743 Si
2293 2687 2406 2743 sola
2428 2686 2798 2743 misericordia
2822 2685 3034 2752 fuisset,
3058 2684 3276 2741 licentia
3296 2698 3390 2740 es-

1828 2793 1916 2840 set
1941 2782 2199 2854 peccandi
2230 2799 2244 2836 :
2271 2790 2324 2837 et
2343 2781 2391 2837 si
2420 2781 2533 2836 sola
2561 2781 2765 2836 veritas
2790 2794 3002 2850 pmnam
3034 2794 3143 2835 non
3188 2779 3402 2850 potuis—

1834 2887 1920 2932 set
1970 2877 2130 2931 homo
2174 2875 2468 2930 sustinere.
2516 2873 2559 2930 C
2608 2873 2782 2930 Catuli
2848 2874 3105 2929 leonum:
3142 2871 3415 2942 signiﬁcat

1834 2968 2043 3036 plebem
2096 2967 2424 3030 Iudaeorum,
2478 2982 2640 3037 quam
2701 2967 2977 3038 principes
3005 2973 3061 3021 et
3099 2964 3410 3021 sacerdotes

1835 3061 1948 3130 (qui
1977 3070 2104 3115 sunt
2133 3058 2339 3130 leones)
2391 3059 2543 3114 ferali
2590 3060 2869 3114 voluntate
2917 3065 3241 3129 genuerunt.
3272 3054 3412 3108 Dor-

1840 3150 2272 3205 mivitaltissima
2294 3150 2474 3219 quiete
2495 3150 2549 3205 in
2575 3164 2759 3215 cruce,
2774 3149 3131 3205 conturbatus
3146 3143 3315 3201 afrem
3338 3143 3417 3198 itu

1836 3240 2172 3296 Iudaeorum.

1840 3372 1872 3428 8
1978 3371 2104 3427 Filii
2131 3372 2397 3426 hominum
2445 3370 2620 3425 dentes
2659 3386 2838 3425 eorum
2888 3386 3037 3424 arma
3075 3378 3123 3423 et
3152 3367 3360 3439 sagitta
3393 3379 3413 3419 :

2053 3462 2117 3517 Et
2147 3461 2323 3533 lingua
2343 3478 2522 3517 eorum
2552 3460 2759 3532 gladius
2797 3472 3004 3515 acutus.

1824 3642 1829 3645 τ
1908 3579 1950 3636 C
1977 3577 2101 3634 Filii
2124 3576 2401 3633 hominum
2425 3584 2570 3641 sunt,
2597 3576 2688 3645 qui
2717 3576 2770 3631 in
2800 3588 2933 3630 nece
2974 3571 3188 3629 Domini
3245 3569 3413 3639 impia

1840 3671 2115 3727 voluntate
2142 3668 2460 3725 saeviebant.
2502 3666 2742 3735 Quorum
2772 3667 2964 3721 dentes
2994 3664 3214 3720 fuerunt
3261 3675 3415 3716 arma

1839 3776 1894 3822 et
1917 3765 2153 3836 sagittae,
2178 3762 2231 3818 id
2255 3769 2339 3818 est
2359 3760 2584 3836 consilia
2638 3759 2898 3830 pessima,
2950 3766 3007 3813 et
3032 3757 3200 3813 verba
3229 3752 3422 3810 volan-

1842 3860 1915 3913 tia
1947 3833 2015 3913 ad
2041 3855 2410 3927 operationem
2439 3833 2649 3909 mortis.
2679 3853 2854 3908 Acuta
2883 3851 3061 3922 gladio
3096 3862 3418 3919 comparan-

1842 3959 1929 4004 tur
1958 3963 2117 4004 voces
2149 3945 2265 4000 illue‘
2293 3960 2413 4015 qua:
2462 3944 2752 3998 dicebant:
2796 3940 3086 4012 Cruciﬁge,
3140 3935 3418 4007 cruciﬁge,

1839 4040 2094 4113 quoniam
2123 4039 2263 4093 sicut
2290 4029 2487 4093 acutus
2516 4035 2664 4092 ensis
2687 4034 3030 4089 celerrimum
3075 4029 3266 4086 mortis
3290 4042 3421 4097 ope-

1842 4139 1991 4185 ratur
2012 4127 2279 4190 cll‘ectum,
2309 4127 2383 4180 ita
2411 4134 2467 4180 et
2506 4125 2593 4179 illa
2620 4123 2785 4181 verba
2813 4122 3066 4177 :citatam
3093 4118 3244 4174 exitii
3266 4131 3420 4172 coui-

1824 4221 2054 4296 plevcre
2076 4218 2425 4295 sententiam.

1838 4358 1870 4411 7
1938 4392 1941 4395 -
1979 4326 2418 4423 Exultareisuper
2442 4349 2592 4405 caelos
2621 4349 2762 4403 Deus
2806 4389 2818 4402 .

1981 4461 2040 4503 -ε-
2063 4444 2127 4498 Et
2161 4442 2182 4515 ζ
2211 4443 2264 4497 in
2287 4457 2489 4497 omnem
2512 4450 2701 4494 terram
2724 4438 2891 4509 gloria
2923 4446 3035 4490 tua.

1845 4656 2123 4727 majestate
2152 4648 2498 4721 cognoscaris
2529 4660 2774 4717 regnare.
2830 4642 3006 4713 Super
3048 4641 3215 4697 melos
3261 4640 3421 4715 dixit,

1844 4747 1970 4816 quia
2003 4744 2261 4801 Dominus
2309 4755 2577 4810 supernas
2631 4738 2863 4792 virtutes
2928 4735 3169 4789 noscitur
3222 4733 3424 4805 habere

1844 4837 2136 4907 subiectas,
2167 4844 2217 4890 et
2252 4830 2509 4903 quoniam
2566 4828 2866 4884 ascendens
2903 4841 3066 4897 super
3114 4823 3281 4880 caelos
3340 4836 3424 4876 sc-

1844 4932 2083 5003 densque
2109 4929 2174 4983 ad
2210 4924 2390 4980 Patris
2415 4924 2694 4978 dexteram
2734 4919 3062 4991 gloriﬁcatus
3087 4918 3204 4972 'cst.
3245 4911 3423 4970 Glori-

1845 5022 2038 5080 ﬁcatus
2085 5029 2168 5078 est
2221 5031 2438 5091 quoque
2488 5030 2650 5086 super
2704 5021 2928 5085 tegam,
2978 5008 3194 5080 quando
3247 5014 3417 5060 totum

1847 5116 2106 5194 mundum
2144 5113 2316 5183 replet
2363 5105 2706 5169 Ecclesia,in
2747 5117 2854 5172 qua
2884 5101 3070 5156 laudes
3098 5093 3425 5163 Deojugitcr
3463 5106 3477 5154 ι
