3986 5412
555 382 660 436 τιὶῦ

543 497 586 550 «9
697 490 964 548 Foderunt
991 501 1110 547 ante
1143 489 1329 560 faciem
1353 507 1518 546 meam
1547 479 1788 562 foveant:

699 585 765 640 Et
793 586 1083 639 inciderunt
1110 585 1162 638 in
1189 601 1325 638 eam.
1361 583 1689 654 Diapsalnta.

625 677 667 733 C
706 672 1023 730 Bene'fovea
1051 675 1249 733 dicitur
1276 674 1543 730 sententia
1574 674 1790 740 mortis,
1817 690 1937 746 qua:
1964 675 2132 731 mittit

557 771 626 824 ad
655 769 886 824 foveam.
912 768 1172 822 Dixerunt
1198 769 1344 823 enim
1373 783 1388 821 :
1414 767 1559 822 Reus
1586 776 1670 824 est
1691 769 1900 835 mortis,
1931 778 1987 823 et
2013 768 2130 825 ideo

555 862 682 917 dicti
725 871 851 916 sunt
903 859 1114 918 foveam
1170 861 1375 925 fodere,
1421 860 1548 930 quia
1580 861 1678 917 visi
1701 873 1829 916 sunt
1855 875 1976 917 eum
2010 860 2129 914 neci

559 953 866 1009 tradidisse.
925 953 992 1008 Et
1042 953 1144 1025 ipsi
1177 953 1501 1009 inciderunt.
1543 951 1728 1008 Omnis
1759 968 1903 1007 enim
1933 951 2130 1022 injusta

558 1058 660 1097 vos
694 1061 706 1097 :
739 1057 866 1099 suos
897 1044 1116 1097 damnat
1172 1052 1444 1108 auctores,
1468 1052 1523 1098 et
1543 1052 1832 1112 antequam
1859 1042 2015 1097 alteri
2038 1057 2132 1096 no-

554 1141 676 1186 ceat
702 1149 716 1187 :
746 1147 803 1187 se
836 1133 989 1203 prius
1015 1133 1131 1203 ipsa
1178 1133 1520 1188 condemnat.
1572 1133 1615 1187 ll
1651 1134 1978 1197 lncideiunt,
2007 1147 2132 1187 cum

556 1234 678 1294 post
737 1226 1188 1279 resurrectionem
1218 1226 1428 1280 Domini
1472 1225 1706 1282 inimicis
1734 1225 1935 1290 traditi,
1963 1223 2134 1296 capti,

556 1315 824 1387 interfecti
859 1326 915 1372 et
943 1317 1170 1387 dispersi
1203 1325 1350 1372 sunt.

556 1406 624 1461 10
697 1386 951 1462 Ριῗηιιηηι
983 1425 1073 1462 cor
1093 1424 1264 1462 meum
1288 1408 1426 1462 Deus
1453 1417 1698 1478 paratunt
1719 1423 1812 1462 cor
1849 1423 2021 1462 meum
2041 1417 2061 1458 :
2117 1411 2123 1415 '

698 1495 934 1552 Cantabo
963 1509 1010 1552 et
1033 1499 1294 1569 psalmum
1320 1499 1515 1553 dicant.

626 1586 667 1644 C
701 1589 828 1660 Agit
852 1589 1018 1644 Filius
1044 1591 1244 1661 gratias
1271 1591 1442 1657 Patri,
1471 1606 1568 1662 per
1591 1591 1642 1646 id
1673 1606 1770 1662 per
1793 1588 1937 1661 quod
1966 1599 2023 1644 et
2048 1604 2134 1644 re-

555 1680 789 1734 surrexit
811 1697 840 1735 a
869 1681 1114 1735 mortuis.
1141 1679 1396 1735 Paratum
1419 1695 1479 1735 se
1509 1680 1638 1736 dicit
1664 1680 1731 1734 ad
1749 1677 1984 1751 agendas
2010 1694 2130 1750 gra-

560 1772 682 1838 tias,
733 1773 858 1842 quia
905 1773 1008 1830 sibi
1052 1773 1260 1828 sciebat
1286 1781 1570 1828 venturam
1606 1771 1833 1845 gloriam
1861 1785 2136 1825 resurrec-

560 1864 742 1919 tionis.
788 1865 1021 1921 Cantare
1069 1864 1323 1928 diximus,
1369 1867 1572 1938 gratias

545 1955 829 2012 'Psalmum
887 1958 1104 2026 dicere,
1162 1959 1495 2030 praedicabili
1547 1959 1760 2014 actione
1814 1957 1960 2012 illum
2011 1957 2128 2013 lau-

559 2050 709 2104 dare.
1527 2041 1530 2044 ’

559 2137 619 2192 il
697 2136 938 2211 Exsurge
981 2141 1150 2212 gloria
1175 2158 1311 2208 mea,
1353 2158 1578 2197 exsurae
1615 2139 1916 2195 osalterium
1965 2148 2012 2194 et
2060 2155 2133 2192 ct-

766 2232 921 2303 tltara
954 2249 973 2287 :

698 2321 996 2393 Exsurgam
1027 2323 1282 2378 diluculo.

629 2413 669 2468 Ο
711 2415 950 2485 Exsurge
978 2416 1178 2470 dicitur
1198 2415 1351 2485 quasi
1381 2429 1559 2484 surge,
1593 2413 1659 2468 ad
1693 2412 2013 2468 miraculum
2049 2411 2129 2465 l'a-

557 2501 808 2557 ciendutn
837 2520 851 2557 :
878 2518 1111 2576 exsurge
1135 2504 1446 2575 psalterium
1487 2513 1543 2559 et
1568 2503 1799 2558 cithara.
1832 2501 2133 2557 Psalterutn

561 2595 700 2649 fuit;
753 2599 968 2665 quando
1017 2600 1343 2668 operabatur
1384 2598 1564 2653 divina
1602 2598 1876 2652 mandata.
1917 2597 2136 2651 Cithara

561 2705 691 2745 vero
731 2690 1064 2760 :gloriosam
1109 2693 1415 2760 passionem
1458 2690 1751 2761 signiticat,
1797 2704 1916 2759 qua:
1970 2688 2138 2743 tensis

557 2778 746 2833 nervis
797 2789 852 2834 et
905 2781 1120 2835 ossibus
1164 2781 1526 2836 dinumeratis
1573 2779 1825 2835 virtutem
1866 2778 2137 2849 patientia:

560 2869 904 2937 personabat.
951 2870 1203 2926 Surrexit
1234 2871 1492 2938 diluculo,
1523 2871 1666 2940 quod
1705 2878 1790 2926 est
1820 2870 1960 2926 inter
1992 2879 2137 2924 tene-

562 2955 692 3011 bras
715 2958 887 3012 noctis
911 2969 966 3013 et
994 2959 1298 3015 claritatem
1328 2961 1443 3015 Dei.

565 3044 634 3099 12
707 3045 1004 3117 Conﬁtebor
1025 3050 1116 3103 tibi
1145 3051 1198 3104 in
1226 3049 1455 3121 populis,
1489 3051 1709 3105 Domine
1739 3066 1758 3105 :

701 3140 770 3195 Et
805 3142 1060 3212 psalmum
1090 3146 1262 3199 dicant
1290 3146 1384 3200 tibi
1409 3147 1463 3200 in
1488 3144 1744 3214 gentibus.

1485 383 1542 437 S.
1585 379 1932 438 BBUNONIS
1971 377 2514 436 HERBIPOLENSIS
2551 367 2852 438 EPISCOPI

3687 361 3793 436 sti

2155 501 2200 554 Α
2299 491 2406 546 TT.
2451 492 2516 548 In
2554 492 2708 560 ﬁnem
2749 480 2812 547 ne
2848 492 3117 561 disperdas
3171 492 3341 547 David
3380 493 3435 546 in
3471 493 3613 548 tituli
3650 499 3729 551 itt-

2820 564 3124 633 scriptione.

2298 653 2340 710 C
2376 655 2764 710 Commonetur
2794 655 2976 724 itaque
2997 653 3224 711 Pontius
3251 654 3476 722 Pilatus,
3509 673 3579 713 ne
3604 658 3799 726 disper-

2229 748 2322 802 dat
2346 748 2606 818 scriptum
2639 745 2875 812 titulum,
2907 748 2998 818 qui
3028 763 3205 819 regem
3243 747 3529 804 Dominum
3565 749 3802 804 declara-

2229 836 2338 892 bat.
2374 835 2572 906 Begem
2599 836 2743 892 enim
2775 836 2926 894 illum
2970 839 3093 908 quis
3118 838 3314 907 poterit
3359 837 3574 894 abolere
3602 851 3800 908 :quem

2229 938 2446 986 constat
2471 942 2591 984 esse
2631 929 2754 984 cdali
2782 937 3047 1000 ternaque
3069 928 3408 986 Creatorem.

2230 1023 2259 1080 1
2368 1020 2429 1078 Si
2463 1039 2579 1078 vere
2610 1023 2787 1093 utique
2807 1024 3070 1093 justitiam
3094 1023 3408 1095 loquimini:

2376 1111 2531 1167 Recte
2544 1113 2786 1183 judicate
2808 1113 2908 1183 ﬁlii
2927 1115 3216 1168 hominum.

2300 1202 2342 1258 C
2378 1201 2697 1272 Loquuntur
2723 1203 2868 1257 enim
2895 1201 3062 1259 Judaei
3088 1202 3508 1272 falsojustitiam
3535 1203 3691 1273 legis,
3719 1202 3807 1272 qui

2231 1311 2339 1353 non
2370 1305 2497 1351 sunt
2533 1304 2682 1351 recta
2705 1295 3034 1365 iudicaturi;
3093 1312 3219 1352 vere
3243 1297 3388 1352 enim
3412 1295 3559 1365 justa
3581 1295 3813 1364 loquun-

2233 1396 2341 1451 tur,
2370 1386 2622 1458 quijusta
2646 1385 2839 1441 facturi
2870 1395 3014 1441 sunt.
3045 1386 3235 1443 Sermo
3256 1388 3402 1442 enim
3433 1395 3616 1442 rectus
3644 1406 3658 1442 :
3690 1386 3811 1440 vita

2233 1477 2392 1532 debet
2437 1491 2556 1532 esse
2599 1477 2918 1534 consimilis.
2967 1477 3066 1533 Hic
3119 1481 3300 1552 arguit
3337 1479 3601 1550 propheta
3649 1493 3810 1532 voces

2229 1565 2470 1630 illorum,
2507 1567 2722 1637 quando
2745 1565 2930 1622 dolose
2954 1567 3206 1624 dicebant
3236 1587 3249 1623 :
3282 1569 3556 1641 Magister,
3609 1569 3813 1630 scimus

2233 1657 2361 1727 quia
2411 1672 2441 1711 a
2471 1656 2580 1713 Deo
2626 1658 2841 1712 venisti.
2889 1657 3004 1713 Non
3041 1669 3187 1715 recte
3207 1657 3543 1728 judicabant,
3596 1658 3815 1729 quando

2236 1746 2406 1803 Pilato
2435 1747 2685 1802 dicebant
2726 1762 2740 1803 :
2774 1746 3064 1819 Crucillge,
3103 1749 3376 1821 cruciﬁgc.

1623 1835 1845 1922 'vocibus
1894 1865 2119 1921 referre.
2155 1843 2198 1902 Β
2227 1837 2264 1893 2
2374 1835 2581 1892 Etenim
2607 1839 2659 1891 in
2686 1839 2839 1892 corde
2864 1840 3165 1910 iniquitates
3194 1839 3483 1909 operamini
3516 1839 3571 1892 in
3601 1848 3743 1891 terra
3762 1853 3780 1889 ε

2374 1926 2670 1997 lnjustitias
2699 1945 2884 1982 manus
2913 1939 3095 1982 vestra:
3123 1930 3456 1983 concinnant.

2301 2017 2343 2073 C
2372 2015 2583 2072 Etenim
2630 2019 2682 2072 in
2713 2019 2896 2086 corde,
2938 2034 3000 2074 ac
3045 2019 3088 2074 si
3136 2019 3372 2073 diceret:
3403 2019 3686 2085 Quomodo
3721 2035 3813 2087 po—

2232 2112 2413 2168 tuistis
2440 2114 2507 2166 de
2536 2125 2623 2165 me
2645 2111 2888 2181 judicare
2908 2113 2996 2180 qui
3023 2111 3076 2164 in
3104 2109 3267 2165 corde
3291 2119 3470 2164 vestro
3493 2109 3811 2178 iniquitates

2231 2203 2532 2274 operamini
2558 2203 2580 2256 ?
2609 2203 2697 2257 ubi
2729 2202 3026 2273 perfectum
3049 2211 3130 2257 est
3156 2201 3360 2257 crimen
3397 2210 3687 2270 antequam
3722 2201 3814 2254 liat

2233 2305 2621 2368 perpetratum.
2648 2294 2705 2348 lu
2738 2303 2881 2350 terra
2914 2295 3060 2358 dicit,
3095 2293 3146 2347 in
3181 2307 3381 2346 arcano
3421 2290 3691 2361 pectoris;
3721 2305 3816 2357 per

2235 2405 2427 2446 manus
2479 2387 2745 2458 signiﬁcat
2795 2399 2882 2440 res
2931 2384 3165 2439 actuales
3201 2381 3394 2445 malas,
3446 2395 3566 2450 quae
3595 2381 3816 2434 concin-

2235 2487 2436 2536 nantur
2457 2485 2664 2532 mente:
2698 2475 2913 2544 quando
2942 2489 3008 2529 es
3037 2472 3218 2528 multis
3249 2471 3494 2541 partibus
3537 2469 3640 2525 sibi
3688 2485 3817 2525 con-

2232 2573 2383 2629 venit
2412 2569 2741 2641 perversitas
2777 2567 3034 2622 adunata.

2231 2669 2269 2724 3
2373 2663 2601 2720 Alienati
2647 2671 2764 2717 sunt
2795 2671 3086 2715 peccatores
3120 2676 3150 2713 a
3191 2656 3377 2711 vulva:
3407 2665 3714 2709 erraverunt
3752 2658 3816 2708 ab

2447 2769 2591 2826 utero
2614 2769 2634 2808 :

2378 2852 2561 2907 Loculi
2587 2860 2707 2906 sunt
2734 2849 2894 2919 falsa.

2307 2946 2346 3003 C
2375 2945 2566 3000 Merito
2595 2959 2724 3015 ergo
2750 2941 3018 3013 proiectos
3047 2938 3180 2994 dicit
3218 2943 3532 3007 peccatores
3559 2940 3817 3000 tanquam

2235 3040 2509 3094 abortivos
2537 3053 2568 3092 a
2618 3035 2776 3092 vulva
2805 3031 3080 3098 Ecclesiae,
3101 3029 3193 3100 qui
3223 3027 3369 3083 nulla
3403 3024 3821 3081 doctrina-eun-

2241 3128 2545 3183 tlrmatione
2571 3125 2806 3197 perfecte
2831 3122 3024 3180 imbuti
3055 3129 3202 3188 sunt,
3236 3119 3331 3174 sed
3363 3127 3616 3186 tanquam
3665 3122 3811 3166 tene-

632 3231 676 3287 ιι
715 3197 1026 3292 οοίιηιρυίον
1071 3197 1459 3303 amisi;
1488 3197 1788 3308 postquam
1825 3251 2136 3293 resurrexe-
2164 3197 2208 3257 ε
2243 3239 2315 3278 rue
2341 3221 2560 3292 pecudis
2598 3221 2800 3274 fatuam
2831 3216 3235 3308 mollitieMw
3260 3212 3332 3268 ad
3360 3210 3531 3308 ιιξρθπξ
3573 3203 3819 3308 illaut")-

561 3331 743 3378 rozte
772 3325 824 3378 in
850 3327 1060 3396 populis
1103 3326 1428 3384 Christianis
1474 3327 1724 3384 laudabo.
1781 3327 1820 3384 C
1865 3327 2137 3382 Psalmum

563 3415 763 3481 dicant,
795 3417 921 3486 quia
946 3432 1043 3488 per
1093 3436 1284 3475 omnes
1308 3429 1500 3493 gentes
1535 3439 1548 3476 :
1590 3420 1788 3492 linguis
1814 3421 1977 3474 variis
1999 3419 2134 3491 psal-

567 3505 744 3560 modia
769 3507 995 3564 Domino
1025 3509 1213 3564 devota
1241 3523 1422 3566 mente
1444 3511 1787 3582 persolvitur.

563 3596 633 3650 15
705 3596 1323 3697 ριιοηὲαπιυιηθηὸρεαια
1347 3613 1420 3658 est
1452 3621 1613 3676 usque
1638 3603 1706 3658 ad
1743 3604 1898 3658 caelos
1936 3606 2140 3659 misert-

782 3691 960 3744 cordia
984 3701 1073 3744 tua
1090 3705 1110 3743 .'

708 3775 776 3830 Et
809 3793 972 3849 usque
1003 3782 1073 3834 ad
1096 3782 1255 3837 nubes
1279 3784 1470 3838 veritas
1501 3793 1611 3838 tua.

561 3893 563 3895 ί
640 3867 685 3923 ιι
721 3869 1062 3941 Magnificam
1118 3885 1204 3928 est
1242 3875 1636 3941 misericordia,
1665 3877 1790 3944 quia
1820 3877 2029 3931 Domini
2056 3892 2142 3932 re-

565 3962 902 4018 surreCtione
922 3965 1202 4035 paciﬁcate
1226 3976 1353 4022 sunt
1378 3967 1557 4020 omnia
1591 3966 1764 4034 Patri,
1785 3984 1903 4037 qua:
1924 3969 1975 4022 in
2006 3968 2142 4024 coelo

566 4062 622 4110 et
644 4067 763 4125 quia
792 4056 843 4111 in
876 4065 1020 4113 terra
1043 4069 1189 4114 sunt.
1217 4061 1258 4117 C
1287 4060 1467 4117 Nubes
1487 4062 1799 4130 signiﬁcant
1826 4065 2141 4134 prophetas,

555 4160 703 4218 'quos
734 4148 934 4222 irrigua
978 4153 1180 4208 veritas
1207 4154 1446 4224 Spiritus
1500 4156 1693 4217 sancti,
1721 4157 1868 4212 velut
1891 4159 2144 4228 cepiosus

567 4240 1060 4312 itnberoimplevit:
1101 4255 1154 4299 et
1176 4246 1384 4302 ctelesti
1416 4247 1565 4302 fonte
1600 4249 1804 4312 satiati,
1841 4265 2007 4321 super
2031 4259 2146 4308 ste-

568 4327 698 4384 riles
726 4341 1042 4400 peccatores
1067 4337 1362 4404 spiritualis
1386 4339 1558 4410 copias
1598 4340 1735 4397 dona
1765 4340 2035 4398 fuderunt.

569 4417 636 4473 14
709 4419 966 4478 Exaltare
985 4443 1143 4495 super
1163 4428 1336 4496 ctelos,
1372 4430 1530 4486 Deus.

711 4513 778 4566 Et
802 4531 958 4584 super
977 4532 1180 4571 omnem
1212 4529 1402 4574 terram
1427 4522 1596 4594 gloria
1620 4533 1732 4580 tua.

640 4603 684 4659 ll
723 4604 996 4671 Exaltare,
1019 4605 1290 4677 Propheta
1321 4611 1434 4666 haec
1459 4613 1610 4678 dicit,
1637 4615 1703 4669 de
1733 4613 1965 4686 gloriosa
1987 4614 2147 4671 Chri-

570 4695 638 4749 sti
677 4697 1013 4754 ascensione.
1059 4699 1176 4755 Erit
1208 4701 1378 4770 gloria
1420 4719 1583 4775 super
1617 4715 1842 4772 terram,
1867 4722 1989 4762 cum
2011 4706 2142 4763 etfu-

571 4787 712 4843 derit
759 4789 957 4847 donum
987 4792 1222 4864 Spiritus
1249 4796 1422 4850 sancti
1475 4812 1636 4866 super
1662 4813 1878 4854 omnem
1926 4813 2143 4855 carnem

574 4880 710 4953 (Act.
744 4882 824 4952 ιι).

1039 4972 1238 5012 ORATIO
1277 4976 1346 5012 EX
1385 4975 1532 5012 PSAL.
1573 4976 1679 5012 LVI.

2239 3313 2332 3369 sed
2364 3313 2416 3367 in
2463 3311 2700 3382 perﬁdia:
2724 3309 2974 3365 tenebras
3000 3305 3297 3378 probantur
3336 3299 3551 3372 adiecti.
3582 3297 3650 3352 Et
3674 3303 3820 3349 recte

2238 3401 2479 3458 Ecclesia
2534 3410 2746 3456 uterum
2803 3398 3007 3455 habere
3063 3397 3282 3462 dicitur,
3345 3408 3467 3464 qua:
3513 3404 3615 3446 nos
3663 3399 3820 3441 sacro

2239 3495 2562 3566 baptismate
2590 3493 2774 3564 genuit
2813 3493 2865 3547 in
2909 3499 3224 3563 perpetuam
3252 3487 3450 3547 lucent.
3495 3493 3825 3545 Et‘rnvcruttt

2240 3587 2309 3641 ab
2338 3595 2493 3640 utero
2533 3585 2624 3654 qui
2659 3583 2931 3638 contraria
2979 3581 3141 3636 matri
3182 3579 3435 3637 deamata
3467 3582 3641 3637 secuti
3679 3589 3821 3636 sunt.

2240 3675 2346 3747 Ipsi
2371 3685 2425 3730 et
2453 3673 2585 3730 falsa
2612 3674 2774 3730 locuti
2804 3681 2964 3728 sunt:
2991 3672 3082 3743 qui
3105 3671 3172 3727 ab
3200 3673 3323 3732 eius
3365 3672 3574 3727 sanctis
3613 3669 3807 3726 doctri.

2241 3771 2326 3825 nis
2348 3775 2692 3824 erraverunt.

2241 3864 2276 3918 4
2386 3860 2565 3915 Furor
2585 3860 2689 3914 illis
2719 3858 3006 3915 secundum
3033 3857 3429 3912 sintilitudinent
3457 3848 3714 3926 serpentis
3737 3867 3756 3905 :

2386 3954 2534 4009 Sicut
2557 3953 2754 4022 aspidis
2784 3950 2961 4006 surda:
2990 3959 3038 4005 et
3064 3951 3356 4006 obturantis
3379 3965 3533 4003 aures
3555 3965 3705 4002 suas.

2313 4045 2353 4102 C
2382 4044 2783 4102 Obstinatorum
2818 4041 3125 4098 εἰιιιίίῐξοτιιιιι
3156 4039 3305 4095 furor
3334 4038 3707 4094 irrevocabilis
3744 4046 3824 4092 est

2244 4139 2384 4194 sicut
2403 4135 2690 4207 serpentis.
2721 4134 2927 4203 Quibus
2955 4134 3117 4189 etiam
3151 4131 3289 4186 mala
3321 4131 3659 4186 consuetudo
3681 4129 3824 4198 aspi-

2244 4232 2328 4287 dis
2358 4236 2721 4300 comparatur,
2749 4242 2870 4296 qute
2898 4241 2964 4280 ne
3003 4224 3257 4280 exaudiat
3295 4211 3826 4277 verbal-incantantis

2245 4332 2298 4378 et
2342 4337 2468 4378 suas
2497 4319 2732 4376 latebras
2776 4318 3150 4387 derelinquat:
3186 4331 3346 4370 unam
3393 4329 3576 4368 aurem
3622 4311 3825 4366 dicitur

2208 4456 2211 4460 .
2245 4428 2354 4468 sua:
2378 4412 2562 4467 caudae
2603 4411 2860 4466 obturare
2909 4407 3217 4471 inﬂexione,
3248 4406 3474 4460 alteram
3523 4403 3578 4458 in
3620 4413 3822 4458 terram

2248 4497 2569 4574 deprimere.
2588 4500 2678 4556 Sic
2697 4499 2962 4556 obturatis
2987 4499 3210 4555 auribus
3233 4498 3410 4553 cordis
3438 4495 3608 4551 Judaei
3637 4495 3826 4550 nolue-

2248 4601 2374 4647 runt
2416 4591 2604 4646 audire
2652 4590 3065 4646 saluberrimam
3105 4589 3404 4660 jussionem
3433 4586 3659 4654 Christi,
3714 4587 3826 4642 sive

2243 4691 2447 4739 sanctte
2475 4680 2770 4753 Scriptura:
2799 4679 3187 4752 intelligibilem
3218 4679 3525 4735 veritatem.

2245 4795 2279 4849 5
2386 4795 2517 4861 Qua:
2541 4812 2642 4850 non
2663 4795 2905 4849 exaudiet
2931 4810 3100 4848 vocem
3125 4791 3543 4846 incantantium:

2390 4887 2456 4941 Et
2487 4887 2694 4956 veneﬁci
2724 4885 3040 4941 incantantis
3073 4885 3349 4954 sapienter.

2320 4979 2360 5012 Ρ
2391 4979 2523 5012 nini!
2554 4979 2694 5012 oni-in
2742 4977 2808 5012 (in
2855 4977 3037 5012 ocnitln
3067 4991 3184 5012 mvn
3220 4991 3322 5012 nnn
3354 4972 3603 5012 ονςηηίῖοι
3637 4986 3826 5012 vnnnm
