3986 5412
191 301 290 356 2Ξ5

190 413 458 485 eruciﬁge.

191 521 326 569 rum,
354 506 577 574 quando
593 519 699 559 non
727 510 976 573 poterant
995 501 1154 558 dictis
1190 501 1488 558 verissimis
1531 518 1754 559 resoono

186 601 326 654 dere.

186 691 216 742 7
321 690 403 743 Ad
438 688 661 742 nihilum
681 686 943 742 devenient
972 696 1218 757 tanquam
1239 703 1375 756 aqua
1399 688 1678 742 decurrens
1698 704 1718 741 :

317 779 556 833 Intendit
583 795 766 832 arcum
795 793 946 830 suum
974 778 1136 832 donec
1163 778 1514 846 inﬁrmentur.

245 871 364 927 C0
420 870 658 926 inaudita
700 869 907 925 saevitia
967 867 1311 924 Judaaorum!
1367 879 1754 941 comparantur

180 964 281 1018 illis
309 972 392 1018 tot
423 961 564 1016 mala
611 961 887 1032 ingentia:
918 975 946 1013 a
979 959 1174 1028 quibus
1202 959 1450 1015 novimus
1494 960 1750 1015 immania

177 1055 361 1109 venire
402 1052 662 1123 pericula.
708 1053 860 1123 Aqua
897 1066 1026 1107 vero
1051 1051 1378 1107 decurrens:
1409 1061 1490 1108 est
1541 1061 1752 1108 torrens

176 1147 279 1201 cito
301 1142 585 1200 deﬁciens.
610 1144 753 1200 Deus
779 1143 942 1198 etiam
965 1153 1152 1200 contra
1184 1143 1354 1200 malos
1381 1160 1566 1202 arcum
1593 1159 1750 1200 suum

175 1237 427 1302 intendit,
461 1236 513 1291 id
543 1247 646 1303 est,
693 1237 1165 1292 comminationem
1214 1252 1325 1292 sua:
1363 1239 1666 1308 potestatis,
1697 1247 1753 1294 et

173 1329 358 1384 tandiu
394 1338 603 1384 terret:
629 1328 804 1384 donec
825 1329 1083 1384 inﬁrmati
1111 1329 1326 1395 cedant,
1357 1339 1410 1385 et
1438 1329 1506 1386 ad
1536 1330 1750 1386 confes-

171 1421 340 1477 sionis
363 1423 597 1477 salutem
625 1436 684 1478 se
704 1431 1044 1478 convertant.

170 1512 201 1565 8
311 1511 467 1567 Sicut
497 1528 616 1566 cera
636 1529 754 1582 qua
772 1512 887 1582 ﬂuit
914 1511 1254 1581 anferenlur:

311 1604 668 1672 Supercecidit
697 1604 831 1673 ignis
865 1613 912 1656 et
937 1620 1037 1657 non
1060 1604 1298 1658 viderunt
1327 1604 1508 1659 solent.

239 1692 281 1746 Η
317 1690 471 1746 Sicut
500 1707 624 1746 cera
664 1692 786 1762 igne
807 1691 1136 1756 dissolvitur,
1165 1691 1236 1746 ita
1263 1704 1318 1747 et
1341 1693 1425 1748 isti
1451 1694 1541 1764 qui
1570 1693 1623 1749 in
1650 1708 1744 1748 sua

1390 295 1749 352 EXPOSITIO
1789 296 2228 355 PSALMORL‘M.

541 413 1030 484 Coul’ringebantur
1102 410 1254 466 mola:
1329 413 1381 467 in
1442 428 1536 468 ore
1605 415 1750 484 ipso-
1782 418 1826 477 Α
1856 415 2083 482 stitiatn,
2113 417 2333 488 diligere
2379 431 2539 484 recta,
2595 437 2662 476 ne
2704 437 2731 476 a
2760 411 3006 479 veritate
3053 434 3140 480 tua
3186 429 3424 483 auditum

3321 313 3425 368 2ὶῖ

1855 519 2104 566 avertens
2129 553 2143 574 ,
2190 527 2220 566 a
2262 514 2481 570 veneﬁci
2525 518 2788 586 serpentis
2835 521 3099 575 morsibus
3130 525 3420 579 sauciatur.

1851 598 1958 655 Per
1985 602 2262 658 Dominum
2289 615 2528 661 nostrum
2558 606 2737 663 Jcsum
2770 609 3040 666 Christum
3064 653 3078 677 ,
3108 622 3210 670 etc.

2380 697 2694 754 PSALMUS
2721 701 2874 756 LVIII

2274 804 2632 846 ARGUIENTUI
2667 807 2808 847 PSH"
2853 810 3001 850 ινιιι.

1923 875 1964 930 C
1991 875 2239 933 Christus
2271 890 2409 944 orat,
2445 895 2511 935 ne
2541 881 2588 934 ei
2619 881 2817 936 inimici
2851 900 3044 940 nocere
3074 888 3424 957 praevaleant,

1853 964 2090 1034 dicitque
2128 970 2574 1038 quemadmodum
2607 972 2661 1026 in
2698 972 2804 1028 ﬁne
2849 977 3026 1031 smculi
3077 982 3423 1037 convertendi

1851 1057 1961 1111 sint
1986 1055 2174 1124 Judaei,
2203 1075 2302 1129 pro
2329 1061 2523 1130 quibus
2548 1071 2600 1117 et
2636 1064 2809 1119 oratio
2839 1066 3066 1122 mirabili
3108 1070 3306 1138 pietate
3335 1072 3420 1125 dc-

1849 1147 2131 1216 promitur.

1851 1257 2064 1336 ΤΤηΙη
2116 1261 2269 1329 linem
2315 1280 2383 1336 ne
2421 1265 2709 1336 disperdas.
2748 1268 2932 1324 David.
2966 1273 3021 1326 in
3070 1273 3208 1327 tituli
3239 1276 3422 1330 inscri-

1916 1332 2089 1414 ptione
2107 1345 2127 1385 :
2148 1334 2355 1414 quando
2373 1332 2512 1389 misit
2530 1337 2665 1392 Suul
2691 1349 2738 1393 et
2759 1341 3031 1396 custodiuit
3051 1344 3259 1399 domum
3273 1346 3384 1414 ejus
3400 1362 3422 1404 :

1919 1411 1974 1454 ut
2001 1403 2308 1470 interﬁceret
2331 1422 2468 1459 eum.

1887 1509 1973 1564 .ln
2009 1509 2168 1567 ﬁnem
2199 1530 2211 1566 :
2231 1513 2344 1584 jam
2373 1515 2573 1572 dictum
2598 1527 2683 1575 est
2725 1519 2841 1576 sine
2871 1521 2992 1578 ﬁne.
3027 1521 3104 1579 Ne
3145 1523 3424 1594 disperdas

1849 1600 2014 1656 David
2045 1602 2098 1655 in
2135 1604 2272 1658 tituli
2305 1606 2672 1675 inscriptione.
2720 1609 2786 1664 Et
2816 1611 2916 1666 hoc
2939 1628 3150 1682 quoque
3178 1613 3422 1684 frequen-

1851 1699 1932 1746 ter
1955 1693 2187 1762 ponitur,
2223 1704 2278 1748 ut
2307 1698 2484 1765 passio
2515 1699 2722 1755 Domini
2750 1717 2846 1770 per
2874 1703 2987 1758 haec
3017 1705 3209 1759 iudicia
3240 1706 3420 1760 decla-

169 1786 532 1841 obstiuatione
569 1766 1082 1854 perdurant,'futuri
1127 1785 1316 1854 judicii
1354 1786 1476 1856 igne
1509 1787 1740 1856 pcrdun-
1775 1771 1818 1830 Β
1847 1791 2012 1834 retur.
2042 1781 2240 1838 Domus
2270 1786 2436 1841 David
2484 1787 2686 1844 indicat
2728 1766 3153 1859 monumentum,
3199 1795 3288 1849 ubi
3333 1795 3422 1849 tri.

171 1886 274 1928 tur.
300 1874 340 1930 C
360 1874 710 1939 Aulerentur,
737 1875 866 1930 dicit
894 1890 924 1928 a
947 1884 1234 1944 conspectu
1261 1874 1376 1929 Dei.
1406 1875 1448 1929 ll
1481 1876 1743 1946 Superse-

165 1966 296 2019 cidit
321 1965 484 2034 ignis,
531 1965 584 2020 id
623 1973 726 2029 est,
773 1963 1036 2033 judicium
1072 1967 1282 2018 mortis.
1330 1965 1397 2019 Et
1439 1982 1545 2020 non
1596 1968 1744 2021 vide-

1843 1869 2017 1923 duana
2047 1883 2220 1927 morte
2243 1876 2524 1944 requievit,
2550 1881 2691 1948 quod
2721 1882 2786 1936 ad
2817 1885 3222 1940 custodiendum
3255 1887 3413 1942 mise-

1844 1958 2150 2016 runtJudari
2177 1963 2311 2017 mala
2334 1972 2700 2038 mentezquod
2727 1979 2902 2026 tamen
2926 1974 3106 2029 invitis
3124 1976 3204 2030 eis
3219 1974 3417 2032 factum

166 2064 292 2108 runt
319 2053 512 2120 solem,
539 2053 582 2109 C
634 2054 686 2109 id
723 2063 825 2118 est,
875 2053 1157 2108 Dominum
1194 2051 1553 2108 Salvatorem.
1590 2055 1741 2110 Illum
1840 2059 1922 2103 est
1956 2051 2020 2104 ad
2043 2051 2267 2120 gloriam
2293 2058 2526 2113 nominis
2556 2058 2670 2115 eius
2758 2079 2825 2118 ne
2857 2078 2950 2118 uer
2981 2064 3224 2122 fraudem
3275 2067 3420 2124 dice-

167 2145 309 2198 enim
345 2145 663 2215 conspicere
711 2151 1003 2213 nequeunt,
1055 2143 1158 2196 nisi
1207 2143 1298 2213 qui
1357 2158 1479 2197 eum
1530 2145 1744 2200 mundis

167 2234 438 2290 mentibus
482 2235 779 2289 intuentur.
809 2235 850 2287 Λ
894 2233 934 2288 C
968 2233 1062 2288 Vel
1112 2233 1250 2305 ignis
1298 2235 1744 2304 concupiscentia:

167 2327 318 2380 mala:
361 2328 557 2382 cecidit
613 2328 700 2380 hic
744 2342 906 2395 super
965 2336 1174 2380 mentes
1216 2326 1500 2392 malorum,
1537 2337 1591 2382 et
1622 2328 1742 2382 ideo

157 2415 364 2482 justum
388 2427 441 2472 et
465 2419 661 2472 bonum
710 2427 764 2472 et
793 2427 1037 2472 sanctum
1061 2417 1243 2472 videre
1272 2432 1378 2472 non
1415 2428 1655 2488 possunt,
1690 2419 1742 2474 id

166 2522 265 2577 cst,
294 2511 432 2566 bene
455 2527 612 2582 agere
634 2522 688 2566 ct
714 2513 848 2566 bene
869 2512 1176 2566 discernere
1201 2513 1431 2582 agenda.

166 2603 198 2656 9
305 2601 628 2672 Priusquam
655 2601 996 2671 intelligerent
1020 2603 1184 2672 spime
1209 2613 1390 2658 vestrae
1417 2605 1690 2658 rltamnum
1718 2621 1741 2661 .'

305 2690 456 2746 Sicut
486 2694 704 2746 virentes
740 2692 881 2747 sicut
909 2693 961 2745 in
986 2693 1066 2746 ira
1089 2693 1324 2747 absorbet
1351 2710 1457 2748 eos.
1493 2729 1506 2740 -

236 2783 278 2836 ll
305 2783 405 2839 llic
435 2783 672 2854 loquitur
705 2784 773 2838 ad
814 2783 1066 2854 populum
1092 2795 1429 2854 peccantem.
1464 2785 1744 2840 Rhamnus

165 2877 441 2944 spinarum
477 2891 645 2946 genus
667 2885 751 2931 est
773 2875 971 2930 aculeis
992 2877 1350 2946 asperrimum
1380 2887 1436 2932 et
1459 2877 1590 2933 ﬂore
1615 2895 1739 2948 gra—

164 2967 460 3029 tissimum,
487 2975 541 3022 et
569 2966 838 3037 signiﬁcat
886 2983 981 3036 per
1008 2966 1170 3023 ﬂores
1202 2968 1610 3023 retributionem
1642 2969 1739 3021 bu-

162 3075 379 3119 norum,
421 3075 516 3129 per
551 3059 770 3114 aculeos
806 3073 1022 3128 pinnam
1060 3059 1546 3128 malorum;justis
1587 3060 1740 3116 ﬂoret

164 3152 224 3202 al
248 3158 531 3211 ornatum,
564 3151 935 3218 pet-caloribus
957 3149 1156 3219 praebet
1175 3149 1354 3220 spinas
1383 3149 1448 3204 ad
1473 3152 1739 3221 conligen-
1766 3134 1811 3195 (ἶ

161 3241 309 3294 dum.
338 3239 380 3294 C
411 3240 552 3296 Dicit
573 3257 734 3296 vero:
769 3241 919 3298 Sicut
957 3242 1220 3308 viventes,
1251 3244 1582 3313 quia'vivere
1619 3259 1738 3299 cre-

161 3335 363 3388 duntur
383 3345 439 3389 et
465 3336 659 3388 mortui
689 3321 1050 3391 sunt..0mnis
1069 3337 1210 3391 enim
1244 3347 1493 3406 peccator
1519 3338 1572 3392 iu
1611 3352 1739 3408 pec-

1843 2151 1994 2195 retur
2024 2157 2322 2212 resurgere.

1842 2231 1867 2285 1
1976 2231 2135 2303 Eripe
2160 2251 2238 2289 me
2262 2237 2326 2290 de
2345 2238 2570 2294 inimicis
2605 2244 2751 2306 meis,
2780 2243 2916 2299 Deus
2945 2263 3088 2301 meus
3110 2262 3128 2299 :

1984 2322 2053 2377 Et
2077 2323 2141 2378 ab
2164 2325 2542 2396 insurgentibus
2563 2332 2616 2386 in
2643 2350 2722 2386 nte
2744 2333 2906 2388 libera
2927 2352 3025 2390 me.

1911 2411 1952 2467 C
1990 2412 2131 2468 Petit
2175 2415 2478 2474 humanitas
2523 2422 2668 2476 verbi
2699 2439 2762 2477 ex
2797 2425 3127 2481 humanitate
3155 2429 3271 2484 sine
3303 2447 3415 2486 ma-

1842 2502 1958 2558 cula
2002 2515 2381 2573 peccatorum:
2408 2508 2676 2565 diabolum
2725 2513 2806 2568 vel
2848 2515 3124 2571 ministros
3169 2516 3285 2587 ejus
3323 2518 3415 2575 Ju-

1843 2596 1988 2652 dmos
2010 2600 2182 2654 averti
2215 2616 2246 2654 a
2289 2616 2364 2655 se.
2411 2602 2520 2658 Nos
2566 2615 2742 2660 autem
2773 2607 2850 2663 sic
2894 2609 3124 2677 petimus
3151 2613 3366 2667 obnoxii
3398 2632 3411 2667 :

1843 2688 1911 2741 ab
1940 2689 2230 2744 immundis
2267 2692 2544 2761 spiritibus
2565 2696 2742 2750 divina
2772 2698 3136 2754 misericordia
3175 2701 3413 2757 liberari.

1845 2777 1893 2832 Η
1925 2778 2132 2834 Inimici
2159 2779 2360 2836 Christi
2393 2781 2609 2838 fuerunt
2637 2785 2803 2842 Judaei
2835 2806 2847 2841 :
2880 2805 3000 2842 cum
3032 2791 3078 2844 ei
3107 2791 3416 2847 invidebant

1829 2863 2069 2922 occulte.
2098 2867 2510 2926 lnsnrre'xerunt
2539 2891 2551 2925 :
2581 2889 2699 2928 cum
2729 2880 3008 2947 praeceptis
3035 2879 3153 2949 ejus
3171 2881 3420 2936 obviare-

1843 2969 1988 3012 runt.

1841 3049 1877 3102 2
1986 3049 2143 3119 Eripe
2170 3067 2246 3104 me
2269 3052 2333 3105 de
2355 3056 2682 3121 operantibus
2717 3059 3084 3128 iniquitatem:

1983 3140 2048 3193 Et
2081 3141 2145 3194 de
2179 3143 2299 3196 viris
2325 3145 2634 3212 sanguinum
2659 3146 2803 3202 salva
2823 3165 2923 3202 me.

1911 3231 1953 3286 C
1995 3231 2105 3286 Duo
2132 3247 2331 3301 genera
2368 3235 2704 3292 inimicorum
2739 3243 2938 3309 posuit,
2981 3242 3181 3298 scilicet
3232 3245 3415 3301 inimi-

1843 3339 1935 3379 cos
1963 3325 2054 3395 qui
2083 3326 2322 3380 animum
2361 3330 2902 3388 tantumltabuerunt
2938 3336 3184 3403 nocendi,
3223 3347 3277 3393 et
3325 3341 3414 3409 qui

161 3424 296 3478 ratis
327 3425 561 3494 degens,
602 3426 818 3480 veritati
861 3427 1109 3481 moritur.
1161 3427 1314 3484 Sicut
1361 3431 1413 3484 in
1461 3430 1536 3484 ira
1567 3448 1578 3482 :
1611 3429 1740 3484 illud

1863 3432 1946 3470 am
1982 3417 2332 3488 insurgebaut
2371 3435 2584 3486 nocere,
2633 3439 2774 3479 nunc
2820 3441 2948 3481 vero
2994 3429 3206 3482 tertium
3250 3447 3419 3500 genus

162 3516 454 3587 signiﬁcat,
487 3519 613 3586 quia
651 3517 908 3574 Dominus
936 3533 1044 3574 non
1092 3519 1262 3574 iratus
1293 3535 1308 3572 :
1350 3529 1603 3588 tanquam
1636 3519 1744 3575 ira-

163 3615 267 3670 tus,
299 3607 518 3661 videtur
562 3617 879 3676 peccatores
927 3607 1238 3677 percellere.
1289 3608 1515 3676 Quando
1562 3617 1740 3664 autem

162 3699 380 3752 additur
409 3717 425 3752 :
458 3698 726 3753 Absorbet
779 3714 890 3762 eos,
926 3700 1026 3754 hoc
1077 3700 1346 3767 signiﬁcat
1394 3699 1628 3755 subitum
1663 3699 1744 3754 is-

165 3789 383 3842 ter-itum
410 3805 598 3843 eorum
633 3804 756 3844 cum
779 3789 924 3858 justa
965 3790 1223 3845 vindicta.

167 3880 230 3931 10
300 3878 594 3934 La'tabitur
608 3882 789 3951 justus
819 3898 937 3935 eum
960 3883 1143 3938 viderit
1169 3882 1451 3937 vindictam
1475 3921 1488 3934 .

305 3971 501 4027 Manus
531 3989 655 4027 suas
685 3974 880 4027 lavabil
903 3974 958 4029 in
996 3976 1250 4045 sanguine
1279 3976 1581 4045 peccatoris.

235 4061 281 4116 il
309 4061 603 4118 Lzetabitur
619 4064 822 4133 justus,
850 4066 973 4136 quia
1004 4066 1218 4134 quando
1249 4066 1394 4136 impii
1419 4067 1736 4121 damnantur

168 4155 220 4208 in
253 4156 447 4224 panis,
472 4157 602 4228 justi
632 4157 977 4212 lmtiﬁcantur
1001 4159 1052 4212 in
1077 4159 1333 4229 praemiis.
1366 4158 1409 4214 C
1435 4159 1568 4214 Cum
1599 4159 1742 4214 enim

167 4247 384 4316 sanguis
423 4249 726 4318 peccatoris
773 4247 1084 4313 ell‘unditur,
1121 4257 1246 4305 tunc
1297 4263 1508 4315 manus,
1539 4250 1593 4305 id
1637 4259 1743 4316 est,

167 4349 319 4393 actus
336 4339 465 4409 justi
480 4341 714 4396 hominis
726 4341 1090 4412 corriguntur.
1113 4341 1280 4412 lmpio
1299 4343 1444 4397 enim
1463 4351 1740 4414 pereunte,

166 4439 537 4485 mmmonetnr
558 4431 740 4502 justus
777 4446 837 4488 se
883 4431 1094 4488 cautius
1125 4432 1537 4502 diligentiusque
1566 4444 1743 4491 custeo

167 4521 302 4575 dire.

204 4611 263 4662 η
305 4609 374 4664 Et
398 4612 529 4667 dicet
562 4613 788 4671 luctuosi
826 4615 1001 4685 utique
1035 4624 1111 4669 est
1138 4613 1340 4683 fruetus
1369 4627 1516 4684 justo
1541 4635 1562 4673 .·

308 4699 497 4772 Utique
527 4715 602 4759 est
629 4703 776 4759 Deus
801 4703 1050 4773 judicans
1079 4719 1165 4760 eos
1198 4704 1253 4758 in
1288 4715 1450 4760 terre.

235 4795 280 4850 C
307 4795 434 4850 Vult
476 4797 563 4854 hic
605 4799 765 4855 enim
805 4800 906 4856 hoc
953 4798 1196 4871 intelligi,
1226 4798 1357 4868 quia
1399 4815 1497 4858 nec
1525 4802 1650 4858 mali
1689 4802 1742 4856 in

171 4883 269 4939 hoc
293 4886 488 4942 saeculo
513 4887 742 4944 omnino
775 4901 805 4939 a
831 4902 986 4957 pinna
1015 4898 1140 4943 sunt
1171 4888 1346 4952 liberi,
1381 4893 1632 4960 quamvis
1653 4889 1748 4944 llo-

175 4987 290 5030 rere
316 4975 608 5045 videantur,
631 4976 892 5050 quiaqui
918 4993 1030 5042 non
1050 4977 1360 5043 crediderit,
1388 4978 1501 5048 jam
1535 4982 1750 5054 judica-

1843 3521 2028 3562 eorum
2050 3508 2141 3576 qui
2177 3508 2288 3578 jam
2334 3520 2626 3579 operantur
2657 3514 2874 3569 malum.
2926 3515 2967 3570 ll
3007 3519 3140 3585 Quia
3189 3523 3418 3590 operarii

1845 3597 2146 3665 iniquitatis
2173 3596 2493 3655 efl'ectitsunt
2511 3600 2727 3671 (Manli.
2755 3606 2950 3674 xxvii),
2977 3623 3095 3660 cum
3119 3623 3306 3664 manus
3330 3624 3390 3663 ar

1845 3693 2130 3740 maverunt
2153 3687 2222 3742 ad
2269 3687 2388 3758 ejus
2437 3689 2892 3746 interfectionem.
2941 3694 3051 3748 Viri
3098 3697 3417 3765 sanguinum

1845 3775 2081 3842 fuerunt,
2131 3792 2254 3832 cum
2298 3780 2616 3849 sanguinem
2660 3780 2792 3849 justi
2838 3797 3001 3854 super
3044 3801 3103 3840 se
3143 3801 3269 3841 suos
3311 3803 3418 3856 que

1846 3866 1982 3924 ﬁlios
2009 3877 2292 3924 venturum
2321 3885 2438 3926 esse
2465 3881 2806 3940 optaverunt.

1844 3960 1878 4011 3
1982 3958 2120 4025 Quia
2155 3977 2271 4016 ecce
2297 3974 2538 4030 ceperunt
2567 3968 2798 4019 animant
2834 3983 2999 4020 meant
3029 3985 3041 3995 ·

1980 4051 2257 4105 Irruerunt
2286 4053 2339 4104 in
2368 4069 2446 4106 me
2471 4053 2662 4122 fortes.

1915 4143 1956 4199 C
1993 4145 2185 4200 Anima
2215 4145 2301 4200 hic
2321 4147 2522 4202 dicitur
2542 4147 2646 4201 vita
2671 4147 2966 4215 corporalis
2991 4164 3004 4200 :
3031 4153 3282 4203 ueterum
3305 4152 3422 4205 ani.

1847 4251 1990 4291 mam
2018 4237 2218 4293 Christi
2245 4237 2386 4292 nulla
2425 4239 2597 4307 potuit
2639 4239 2944 4294 adversitas
2987 4253 3274 4311 occupare,
3322 4245 3416 4297 sed

1845 4342 1944 4398 per
1986 4329 2220 4382 animam
2274 4336 2485 4396 captam
2536 4336 2744 4398 tempus
2789 4330 3092 4385 ostenditur
3133 4331 3420 4401 passionis.

1847 4419 2076 4476 Fortes:
2110 4421 2378 4477 diabolum
2419 4421 2690 4490 signiﬁcat
2728 4423 2815 4480 hic
2857 4440 2979 4480 cum
3026 4425 3288 4482 ministris
3325 4425 3421 4482 Ju-

1769 4483 1823 4545 D
1847 4511 1996 4570 datis.

1845 4604 1894 4663 ι,
1985 4604 2168 4676 Neque
2190 4605 2436 4676 iniquitas
2467 4622 2581 4662 mea
2603 4623 2765 4678 neque
2790 4617 3059 4677 peceatum
3095 4623 3292 4673 meum,
3328 4606 3430 4660 Do-

2056 4714 2194 4754 mine
2219 4715 2232 4752 :

1989 4789 2114 4846 Sine
2138 4789 2407 4861 iniquitate
2432 4794 2644 4847 cucurri
2669 4801 2722 4847 et
2741 4793 2932 4850 direxi.

1920 4882 1964 4938 C
1998 4881 2258 4954 Iuiquitas
2285 4879 2376 4936 hic
2403 4895 2508 4951 pro.
2540 4882 2744 4939 malitia
2771 4881 2860 4938 vel
2884 4878 3268 4940 malevolentia
3296 4879 3435 4934 seci—

1851 4978 2046 5050 pienda
2072 4987 2156 5033 est
2178 4993 2193 5044 ;
2222 4985 2510 5048 peceatum
2531 4994 2663 5036 vero
2684 4995 2788 5049 pro
2809 4981 3124 5048 operatione
3172 4975 3396 5031 sceleris
3419 4989 3432 5032 :

178 5073 260 5118 tus
316 5074 417 5124 est.
474 5067 578 5127 Nec
621 5067 806 5126 etiam
851 5067 975 5124 boni
1023 5067 1345 5126 abeneﬁcio
1396 5071 1752 5142 seqttestrati,
1851 5084 1972 5138 qze
2003 5070 2229 5125 omnino
2273 5083 2307 5122 a
2347 5067 2580 5126 Domino
2609 5069 2776 5127 fuisse
2821 5071 3122 5139 probantur
3158 5073 3436 5119 extranea.

182 5151 300 5184 δίη-.
374 5159 648 5184 ηιιιιι.¹ιι-²σι
729 5156 978 5184 nun-:L..-
1048 5159 1415 5184 An‘-:Mnh‘b--

2201 5159 2268 5184 1-...
2314 5159 2640 5184 m..n.l----...
2689 5162 2859 5184 ..ε.-...
2902 5169 3048 5184 -⁴--.-
3099 5153 3316 5184 ..σι-’11³10
3345 5165 3440 5184 “Ii-

1853 5158 2097 5184 I‘L_!-e.--
2131 5175 2191 5184 Α-.
