3986 5412
509 317 643 375 29.7:

1457 312 1513 365 S.
1557 311 1905 369 BRUNONIS
1944 312 2485 373 llERBlPOLENSIS
2526 312 2831 369 EPISCOl‘l

3666 302 3768 372 εει

510 429 795 495 clarificari
825 425 1144 499 postulabat.
1176 424 1242 480 Et
1281 424 1421 486 vide,
1442 424 1552 479 'hoc
1573 433 1658 479 est
1688 424 1774 480 fac
1796 424 1987 490 videri,
2031 432 2092 478 ut
2118 431 2163 490 Α
2191 441 2311 482 esse
2355 428 2632 482 noscebat.
2665 426 2706 480 Η
2751 424 3017 480 Pr:evenit
3069 422 3217 480 illum
3250 428 3628 483 mtsertcoroia
3672 428 3773 484 Pa-

512 525 739 580 credant
765 535 849 576 me
872 519 1133 589 requalctn
1162 518 1277 572 tibi.
1313 517 1451 571 Dens
1472 517 1756 581 virtutum,
1785 517 1838 571 id
1866 525 1971 580 est,
1995 531 2100 569 an-

514 616 754 688 gelorum
781 621 835 667 et
858 612 1155 667 hominum.
1177 610 1314 665 Deus
1336 608 1521 672 Israel,
1544 609 1646 664 hoc
1670 618 1775 674 est,
1792 610 2113 664 animarum.

516 692 684 761 Deum
715 703 1032 759 videntium.

516 796 549 851 6
660 793 873 848 Intende
899 792 967 845 ad
995 791 1281 847 visitandas
1305 806 1482 843 omnes
1514 799 1730 859 gentes:

586 944 591 949 ,
657 885 782 942 Non
829 883 1123 938 miserearis
1180 882 1420 935 omnibus
1464 880 1553 952 qui
1602 889 1883 949 operantur
1910 879 2099 951 iniqui-

736 986 914 1028 tatem.
944 971 1274 1043 Diapsalma.

588 1070 630 1125 C
659 1067 879 1124 Intende
927 1080 1075 1120 nunc
1118 1062 1186 1117 ad
1218 1062 1515 1117 visitandas
1568 1076 1757 1117 omnes
1804 1070 2011 1128 gentes,
2039 1070 2100 1116 ut

521 1162 615 1217 tibi
652 1176 720 1215 ex
772 1158 1024 1230 gentibus
1077 1155 1229 1224 copia
1278 1162 1509 1219 crescat,
1569 1153 1694 1221 quia
1759 1153 2098 1208 sterilitatem

522 1250 645 1307 fidei
678 1251 732 1305 in
760 1248 985 1303 Judaico
1025 1246 1222 1317 populo
1273 1243 1609 1314 comperisti.
1656 1242 1858 1298 Omnes
1910 1253 2103 1316 gentes

477 1342 491 1371 έ
522 1342 672 1408 dicit,
702 1342 959 1412 quoniam
1003 1340 1069 1393 de
1106 1337 1371 1392 universis
1420 1336 1669 1407 gentibus
1691 1336 1920 1391 Domino
1945 1334 2102 1404 adju-

523 1442 682 1487 vante
713 1439 869 1486 erant
894 1429 1172 1485 credituri.
1206 1427 1323 1481 Non
1370 1426 1705 1490 miserearis,
1735 1425 1970 1480 ostendit
1997 1426 2102 1481 illis

524 1537 645 1583 esse
679 1520 1092 1577 miserendum:
1143 1519 1233 1589 qui
1289 1532 1424 1587 puro
1476 1516 1655 1571 studio
1703 1515 2101 1585 supplicabunt.

524 1594 678 1668 Licet
705 1626 893 1666 omnes
919 1618 1212 1680 operantur
1234 1607 1596 1677 iniquitatem,
1627 1604 1730 1661 illis
1776 1617 1952 1661 tamen
1981 1620 2106 1676 paro

525 1703 753 1760 cendum
807 1711 892 1760 est
958 1701 1055 1772 qui
1078 1702 1146 1756 ad
1190 1699 1468 1754 Christum
1515 1698 1707 1752 devota
1760 1706 1941 1753 mente
1975 1711 2108 1752 con-

524 1793 761 1869 fugiunt.

526 1884 558 1937 7
666 1883 1040 1940 Converten‘ur
1079 1893 1147 1937 ad
1173 1898 1433 1938 vesperam
1454 1891 1500 1935 et
1543 1886 1734 1951 [amem
1758 1889 2020 1951 patientur
2052 1888 2106 1933 ut

739 1992 892 2030 canes
917 1988 936 2027 ἔ

666 2065 734 2119 Et
763 2065 1055 2120 circuibunt
1075 2065 1361 2120 civitatem.

595 2159 637 2215 C
668 2158 982 2214 Declaratur
1005 2159 1094 2214 hic
1123 2158 1304 2212 futura
1344 2156 1626 2213 conversio
1654 2156 1862 2212 Judaici
1903 2154 2104 2227 populi,

529 2263 584 2308 et
608 2267 675 2307 ex
702 2253 783 2308 eis
811 2252 866 2306 in
902 2251 1008 2306 line
1036 2252 1220 2307 mundi
1262 2252 1574 2309 innumeros
1594 2266 1717 2306 esse
1756 2251 2062 2306 credituros
2090 2269 2104 2305 :

528 2356 590 2400 ut
641 2345 889 2415 quamvis
923 2360 1064 2410 sera,
1120 2353 1299 2399 tamen
1347 2344 1637 2414 aliquando
1667 2341 1942 2397 salutifera
1979 2358 2109 2396 con-

525 2440 777 2496 versione
800 2436 1098 2493 salventur.
1140 2435 1185 2490 li
1206 2436 1275 2491 Et
1312 2451 1482 2507 usque
1511 2435 1580 2489 ad
1615 2436 1820 2490 exitum
1847 2435 1969 2489 vitae
1998 2449 2109 2488 sua:

531 2528 729 2584 fantem
752 2528 904 2585 verbi
931 2527 1025 2582 Dei
1056 2527 1356 2597 patiuntur.
1388 2526 1430 2581 C
1456 2525 1620 2580 Canis
1645 2526 1821 2580 dictus
1849 2539 1879 2577 a
1910 2538 2110 2579 canen-

528 2624 620 2686 do,
658 2637 783 2676 nam
828 2620 973 2675 illius
999 2620 1336 2675 consuetudo
1359 2627 1461 2683 est,
1511 2618 1599 2672 illa
1639 2617 1752 2671 loca
1797 2616 2106 2681 defendere,

530 2712 619 2767 ubi
669 2726 727 2765 se
773 2710 922 2764 novit
959 2708 1270 2763 alimoniam
1331 2707 1568 2777 reperire
1615 2724 1630 2760 :
1689 2707 1762 2760 ita
1801 2703 1971 2760 Judtei
1995 2703 2107 2773 jam

529 2802 777 2885 conversi
794 2800 1081 2855 defendent
1106 2798 1408 2864 civitatem,
1434 2798 1485 2852 id
1508 2808 1593 2852 est
1621 2795 1920 2851 Ecclesium
1945 2811 2111 2880 quam

531 2893 793 2949 correctis
822 2889 1266 2963 pratdicatoribus
1296 2888 1623 2944 circuibunt.

566 3008 600 3064 8
672 3006 810 3062 Ecce
855 3005 1134 3076 loquentur
1171 3004 1227 3057 in
1254 3018 1341 3057 ore
1370 3013 1506 3055 suo:
1541 3010 1588 3053 et
1622 2999 1830 3070 gladius
1874 2999 1927 3053 in
1956 2998 2109 3053 labiis

742 3093 922 3131 eorum
942 3092 962 3130 ἔ

678 3168 940 3235 Quoniam
971 3166 1086 3237 quis
1106 3164 1306 3219 audivit
1329 3164 1356 3217 ?

603 3261 644 3318 C
670 3261 984 3330 Loquentur
1038 3266 1186 3313 certe
1218 3265 1343 3311 tunc
1387 3256 1441 3311 in
1499 3269 1594 3309 ore
1640 3252 1945 3323 suo:quod
1971 3266 2113 3307 nunc

533 3354 738 3409 habere
764 3366 872 3406 non
906 3356 1185 3405 merentur
1213 3347 1267 3401 in
1309 3345 1496 3401 corde.
1521 3344 1565 3399 A
1592 3344 1634 3399 C
1664 3343 1781 3397 Erit
1827 3343 2012 3412 utique
2058 3342 2111 3396 in

536 3445 694 3500 labiis
720 3457 907 3499 eorum
953 3440 1166 3512 gladius
1203 3438 1441 3494 caelestis
1478 3438 1628 3493 verbi
1658 3438 1772 3501 Dei,
1802 3436 1893 3505 qui
1918 3436 2119 3505 legitur

534 3537 621 3593 bis
635 3544 838 3596 acutus.
857 3550 924 3590 ex
939 3544 1169 3604 utroque
1191 3532 1498 3588 testimonio
1519 3531 1736 3586 feriens.
1761 3530 1805 3586 C
1819 3532 1950 3598 Quis
1969 3531 2113 3585 enim

535 3642 660 3682 cum
688 3625 925 3696 pondere
954 3624 1332 3695 proferendum
1355 3629 1456 3685 est,
1489 3621 1647 3692 quasi
1701 3620 1875 3674 nullus
1899 3619 2114 3689 gentilis

537 3734 697 3789 pene,
733 3717 887 3788 quasi
927 3716 1149 3771 omnino
1178 3715 1503 3775 rarissimus,
1548 3714 1639 3783 qui
1694 3728 1881 3767 eorum
1919 3712 2114 3781 punii-

539 3810 809 3866 cationem
839 3806 1040 3870 audiet,
1069 3805 1275 3860 scilicet
1306 3805 1633 3867 Judaaorum,
1665 3802 1917 3871 quoniam
1944 3817 2115 3871 quan—

540 3901 610 3956 do
633 3905 1019 3955 convertentur
1043 3894 1211 3951 ειυάωί
1243 3910 1257 3948 :
1284 3908 1419 3965 pene
1445 3892 1734 3948 Christiani
1775 3906 1837 3946 ex
1867 3893 2116 3963 gentibus

549 3993 889 4050 Antichristo
916 3989 1288 4054 adluerehunt,
1310 3994 1369 4041 ut
1396 3985 1707 4041 rarissimus
1734 3986 1803 4040 sit
1825 3994 1951 4040 tunc
1964 3982 2117 4039 Chri-

542 4087 771 4151 stianus,
800 4099 864 4139 ex
892 4083 1143 4155 gentibus
1169 4092 1361 4135 natus.-

577 4177 619 4232 9-
650 4196 653 4199 ‘
681 4175 751 4229 Et
775 4185 854 4239 tu,
875 4175 1117 4239 Domine,
1145 4172 1404 4227 deridebis
1430 4187 1516 4227 eos
1538 4210 1551 4224 .

682 4266 765 4319 Ad
791 4263 1012 4318 nihilum
1030 4264 1245 4317 deducis
1258 4278 1433 4317 omnes
1455 4270 1652 4331 gentes.

612 4354 656 4411 C
687 4357 765 4410 De
824 4356 1073 4423 gentibus
1095 4355 1185 4424 qui
1237 4355 1290 4408 in
1318 4353 1634 4408 Antichristi
1685 4352 1947 4409 scelerata
1986 4350 2118 4405 reli-
2146 4360 2153 4367 °

544 4446 702 4519 gione
737 4444 1158 4514 permanserint,
1195 4444 1500 4499 irridendos
1527 4458 1623 4499 eos
1661 4440 1997 4514 pronuntiat,
2025 4442 2116 4511 qui

2198 518 2316 583 tris,
2349 532 2469 573 cum
2493 519 2640 588 prius
2664 516 2908 571 centurio
2936 531 3059 571 eum
3084 516 3364 574 confessus
3384 526 3488 585 est,
3519 534 3686 589 quam
3704 522 3771 576 ab

2197 610 2386 665 inferis
2444 609 2807 665 resurrexisse
2861 609 3030 663 Deum
3096 609 3320 665 videret.
3374 609 3481 666 Sed
3529 620 3586 666 et
3622 610 3775 668 multi

2197 701 2560 773 percutieiites
2608 712 2825 769 pectora
2873 714 2971 754 sua
3022 702 3437 755 revertebantur
3482 702 3777 757 dicentes:

2207 792 2336 845 Vere
2366 790 2536 845 Filius
2565 791 2657 844 Dei
2682 799 2799 843 erat
2824 789 2926 844 iste
2949 789 3164 860 (Matth.
3196 794 3389 861 xxvii).

2198 884 2257 937 il
2337 882 2478 936 Deus
2506 882 2727 937 ostendit
2750 882 2877 934 milii
2899 897 3056 951 super
3075 882 3312 935 inimicos
3337 898 3477 937 meos
3501 894 3529 938 ζ’

2343 973 2423 1027 Ne
2470 973 2679 1027 occidas
2707 988 2793 1027 eos
2860 973 3133 1041 nequando
3179 972 3552 1028 obliviscantur
3600 972 3783 1047 populi

2408 1078 2533 1116 πιει.

2267 1151 2309 1207 C
2333 1151 2474 1208 Deus
2500 1151 2736 1207 ostendit
2759 1151 2910 1207 mihi.
2951 1150 3257 1207 Secundum
3281 1152 3393 1223 jam
3426 1150 3559 1208 dicit
3586 1167 3795 1210 munus:

2199 1244 2469 1311 beneficii,
2497 1256 2558 1299 ut
2579 1245 2744 1300 etiam
2776 1245 2918 1298 inter
2951 1244 3199 1300 inimicos
3250 1245 3423 1300 virtus
3458 1245 3636 1316 ipsius
3665 1260 3782 1299 ms-

2194 1336 2409 1407 jestatis
2436 1337 2605 1407 possit
2629 1336 2861 1403 ostendi,
2898 1343 2956 1389 nt
2997 1336 3062 1390 de
3118 1334 3447 1405 blasphemis
3479 1335 3619 1389 fiant
3660 1335 3785 1390 reli-

2201 1432 2356 1505 giosi.
2385 1430 2463 1487 Ne
2492 1432 2710 1487 occidas
2735 1444 2845 1492 cos,
2870 1437 3126 1500 precatur
3151 1443 3279 1498 ergo
3303 1441 3371 1482 ne
3401 1442 3537 1498 gens
3562 1426 3781 1483 ιυάωο.

2203 1540 2321 1579 rum
2375 1522 2615 1578 funditus
2644 1529 2851 1591 pereat,
2884 1520 2980 1575 sed
3009 1518 3179 1590 magis
3204 1534 3417 1575 errasse
3454 1534 3517 1576 se
3559 1518 3795 1575 satisfao

2203 1617 2383 1672 ctione
2411 1615 2573 1686 digna
2594 1623 2907 1686 cognoscat.

2206 1707 2274 1762 12
2346 1707 2595 1777 Disperge
2622 1705 2740 1760 illos
2768 1707 2821 1759 in
2844 1706 3033 1760 virtute
3060 1715 3151 1759 tua
3177 1716 3192 1758 :

2352 1795 2417 1849 Et
2445 1801 2641 1864 depone
2666 1812 2751 1849 eos
2780 1806 3037 1863 protector
3075 1812 3239 1861 meus,
3270 1795 3508 1851 Domine.

2283 1887 2324 1941 ll
2362 1886 2616 1956 Disperge
2658 1886 2793 1948 illos,
2830 1885 2930 1940 hoc
2960 1886 3162 1941 dictum
3185 1886 3363 1942 estde
3388 1885 3613 1954 Iudaeis,
3652 1887 3783 1943 utin

2210 1985 2323 2033 toto
2351 1978 2481 2032 orbe
2506 1977 2760 2046 dispersi,
2794 1977 2873 2031 sic
2893 1977 3163 2031 emendati
3196 1994 3303 2034 non
3336 1978 3675 2049 superbiant,
3702 1981 3785 2033 vel

2209 2071 2262 2125 in
2290 2070 2393 2124 hac
2420 2070 2755 2125 disoersionc
2810 2070 2985 2124 scelus
3041 2084 3196 2123 suum
3252 2071 3572 2143 paenitendo
3604 2072 3803 2142 deploa~

2210 2173 2351 2218 rent.

2210 2255 2281 2309 i3
2348 2254 2607 2309 Delictum
2637 2254 2745 2308 oris
2789 2269 2970 2309 eorum
3004 2269 3294 2309 sermonem
3340 2253 3603 2309 labiorum
3648 2256 3782 2326 ipso.

2420 2362 2535 2400 runt
2563 2359 2582 2397 .'

2352 2436 2417 2490 Et
2441 2438 2952 2507 comprehendantur
2976 2439 3030 2491 in
3059 2436 3301 2507 superbia
3330 2450 3447 2492 sua.

2279 2526 2320 2582 C
2348 2526 2611 2581 Delictqu
2641 2526 2755 2581 oris
2780 2542 2991 2591 eorum,
3018 2527 3069 2581 id
3098 2544 3139 2582 eo
3161 2537 3199 2595 t,
3227 2528 3621 2598 cogitationum
3646 2530 3791 2585 insa-

2211 2617 2314 2671 nia:
2363 2616 2602 2682 fuerunt,
2655 2618 2870 2687 quando
2930 2618 3214 2672 consilium
3259 2617 3523 2684 fecerunt,
3565 2628 3627 2675 ut
3671 2622 3790 2677 nccl

2210 2707 2495 2761 traderent
2510 2707 2811 2763 Dominum.
2855 2708 3048 2764 Sermo
3095 2724 3309 2780 quoque
3346 2710 3610 2767 labiornm
3643 2713 3794 2769 dete-

2210 2796 2423 2851 stabilis
2468 2797 2592 2862 luit,
2637 2798 2852 2867 quando
2902 2797 3197 2854 dicebant:
3250 2799 3395 2855 Reus
3455 2810 3542 2856 est
3579 2803 3791 2857 mortis.

2209 2887 2408 2959 Captos
2434 2904 2528 2944 eos
2554 2900 2771 2945 constat
2800 2892 2851 2945 in
2879 2893 3129 2962 superbia
3161 2909 3280 2957 sua,
3309 2893 3520 2963 quando
3542 2894 3798 2950 viderunt

2212 2990 2586 3052 resurgentem
2612 2993 2774 3053 quem
2824 2993 3145 3055 respuerant
3189 2978 3445 3041 miracula
3476 2984 3792 3042 facientem.

2213 3072 2279 3127 M
2358 3073 2424 3127 Et
2463 3075 2527 3127 de
2556 3077 2908 3130 exsecratione
2944 3086 2992 3130 et
3032 3077 3299 3131 mendacio
3342 3079 3801 3133 annuntiabuntur

2426 3168 2481 3219 in
2510 3167 2956 3231 consummatione
2978 3182 2999 3221 :

2356 3256 2422 3310 In
2449 3257 2528 3311 ira
2559 3259 3021 3313 consummationis
3052 3269 3099 3314 et
3125 3276 3227 3316 non
3257 3270 3427 3316 erunt.

2285 3352 2328 3407 ll
2361 3352 2797 3407 Exsecrabantur
2840 3351 3146 3419 Dominum,
3191 3370 3313 3411 cum
3346 3371 3467 3411 eum
3504 3355 3677 3412 lilium
3706 3354 3801 3413 Jo-

2216 3446 2346 3515 seph
2381 3444 2518 3500 fabri
2550 3446 2819 3499 dixerant.
2850 3444 3201 3503 lnncctebant
3224 3448 3385 3502 etiam
3416 3449 3797 3504 mendacium:

2215 3552 2336 3593 cum
2369 3551 2490 3591 eum
2520 3537 2844 3591 daemonium
2873 3537 3124 3592 dicebant
3145 3538 3363 3594 habere.
3395 3537 3461 3593 Et
3489 3553 3596 3594 non
3618 3549 3795 3601 erunt,

2216 3629 2271 3683 id
2296 3637 2400 3694 εει,
2426 3637 2483 3681 ιιι
2513 3643 2617 3681 non
2650 3628 2856 3697 possint
2884 3642 3232 3698 perseverare
3253 3629 3304 3684 in
3332 3629 3541 3683 malitia
3561 3646 3681 3696 sua,
3708 3629 3800 3686 sed

2217 3722 2275 3776 in
2293 3736 2356 3775 ea
2377 3729 2823 3775 consummentur
2860 3720 3072 3791 (Matth.
3102 3720 3244 3791 stu).
3286 3720 3327 3777 C
3367 3720 3803 3777 Consummatio-

2217 3827 2337 3867 nem
2381 3811 2524 3865 enim
2567 3810 2712 3864 illam
2751 3811 2912 3877 dicit,
2945 3828 3106 3882 quam
3154 3814 3523 3883 unusquisque
3572 3814 3800 3884 patitur.

2219 3901 2400 3974 (Joan.
2424 3903 2540 3974 vni)
2567 3918 2579 3957 τ
2624 3903 2838 3971 quando
2873 3919 3079 3959 memor
3113 3916 3452 3976 peccatorum
3477 3911 3537 3960 se
3565 3907 3798 3961 cruciat.

2217 3992 2333 4047 Non
2362 4004 2524 4049 erunt
2551 3994 2715 4062 igitur
2741 3996 2923 4065 utique
2948 3996 3165 4067 superbi
3230 3997 3321 4051 sed
3357 3997 3671 4067 pmnitendo
3704 3999 3804 4068 hu-

2217 4084 2426 4139 miliati.

2219 4172 2287 4228 15
2358 4172 2425 4227 Et
2456 4174 2616 4229 scient
2641 4174 2762 4245 quia
2794 4174 2930 4230 Dens
2955 4177 3310 4231 dominabitur
3340 4175 3509 4231 Iacob
3531 4193 3550 4230 :

2362 4280 2425 4320 -ξ-
2457 4265 2521 4318 Et
2556 4266 2571 4334 ζ
2602 4265 2787 4334 ﬁniunt
2810 4275 2986 4321 terrai.
3024 4262 3350 4337 Diapsalma‘.

2284 4351 2328 4406 C
2358 4352 2422 4405 Et
2450 4353 2639 4412 scient,
2674 4350 2842 4408 Judaei
2880 4362 3011 4408 cum
3043 4354 3240 4409 fuerint
3272 4352 3508 4426 perfecta
3534 4349 3831 4429 religione

2213 4442 2452 4511 instituti
2478 4462 2491 4497 :
2523 4442 2938 4500 Christum'esse
2959 4446 3243 4501 Dominum
3268 4445 3434 4502 Jacob
3454 4429 3800 4519 patriarchze,

544 4538 956 4611 praedicationes
984 4544 1158 4589 rectas
1183 4535 1368 4589 audire
1410 4535 1699 4589 noluerint.
1729 4533 1946 4597 Gentes,
1979 4542 2033 4587 et
2064 4533 2117 4586 in
2147 4535 2194 4592 Ι)
2221 4536 2361 4606 quod
2392 4535 2640 4606 primitus
2671 4551 2773 4590 non
2819 4537 3144 4601 credebant,
3181 4547 3236 4592 et
3270 4538 3553 4593 Dominum
3586 4555 3709 4596 esse
3737 4540 3797 4611 τις

548 4632 691 4685 bono
720 4638 776 4684 et
808 4629 865 4683 in
903 4626 1053 4682 malo‘
1077 4628 1209 4696 poni
1259 4628 1601 4682 notissimum
1649 4636 1750 4681 est.
1786 4626 1935 4696 lpsas
1976 4626 2143 4680 enim-

547 4739 645 4796 pro
674 4721 843 4777 nihilo
873 4720 1035 4775 habet
1086 4720 1383 4775 Dominus:
1436 4720 1528 4789 qui
1574 4735 1697 4773 eum
1748 4725 2119 4773 creaturarum

549 4816 789 4873 omnium
845 4829 949 4869 non
982 4817 1312 4868 venerantur
1358 4822 1663 4867 auctorem:
1698 4811 1829 4867 Mos-
1859 4817 1942 4865 est
1973 4800 2121 4863 Scri-

545 4916 722 4978 ptum
749 4904 916 4976 (sicut
945 4902 1054 4974 hic)
1094 4903 1275 4958 dicere
1303 4909 1577 4972 pro‘parte
1596 4900 1817 4970 'totum,|
1845 4908 1908 4955 ut
1934 4896 2122 4953 omnes

550 5005 749 5068 gentes.
769 5011 875 5050 non
900 5009 1111 5060 omnes,
1137 4993 1234 5049 sed
1254 4990 1768 5047 omnesiucredulas
1787 4988 2043 5058 accipias.
2111 5014 2115 5022 ι

550 5088 623 5143 10
691 5084 1080 5143 Fortitudinem
1104 5101 1275 5140 meum
1296 5084 1366 5138 ad
1394 5083 1447 5137 te
1481 5082 1772 5137 custodiant
1788 5097 1811 5136 ε.
1834 5082 1960 5152 quia
1981 5079 2156 5133 Deusu

714 5203 721 5209 ο
754 5186 1038 5245 susceptor
1059 5191 1241 5230 meus:
1288 5198 1319 5205 η

636 5298 649 5308 ο
700 5267 836 5325 Deus
866 5283 1027 5329 meus,
1059 5264 1423 5320 misericordia
1449 5264 1563 5334 ejus
1588 5261 1859 5334 pneveniet
1891 5277 1991 5315 me.

624 5363 666 5412 t‘.
704 5364 1095 5412 Fortitudinem
1146 5362 1497 5412 humanitatis
1543 5376 1652 5412 sua:
1706 5361 1834 5412 dicit
1874 5359 2123 5412 Christus

2221 4628 2370 4683 nium
2402 4636 2580 4689 terrm,
2612 4627 2666 4682 id
2689 4632 2791 4693 εει,
2820 4622 3101 4684 catholica:
3127 4628 3383 4684 Ecclesize
3409 4615 3522 4684 toto
3541 4617 3676 4705 orhe
3701 4610 3803 4686 dif-

2222 4720 2376 4785 fusaa,
2406 4720 2546 4788 quod
2577 4720 2736 4775 modo
2763 4720 2956 4775 durato
2982 4722 3148 4776 corde
3175 4718 3281 4776 non
3308 4715 3548 4792 sapiunt.
3582 4738 3585 4741 λ

2224 4812 2295 4866 16
2360 4808 2738 4865 Convertentur
2769 4812 2839 4865 ad
2866 4800 3127 4883 uesperam
3152 4820 3202 4868 et
3228 4814 3419 4883 famem
3451 4792 3804 4883 patientur'ut

2342 4896 2346 4900 “
2433 4914 2630 4957 canes:
2896 4916 2902 4925 '
3025 4920 3033 4928 ·
3478 4900 3481 4903 ’
3553 4884 3560 4915 ξ
3810 4886 3834 4913 ³

2367 4990 2439 5047 Et
2469 4993 2761 5047 circuibunt
2785 4993 3061 5049 ciuitatem.
3120 4990 3127 4997 ’

2294 5084 2337 5138 C
2366 5084 2496 5139 Post
2521 5082 2950 5151 interiectionem
2972 5084 3191 5140 secundi
3215 5082 3632 5154 Diapsalmatis:
3656 5084 3809 5157 venit
3822 5084 3830 5092 “

2149 5194 2156 5204 ’
2227 5178 2293 5231 ad
2325 5177 2542 5232 tertium
2590 5175 2926 5246 ingressum,
2954 5176 3057 5231 ubi
3097 5178 3377 5231 conversio
3414 5166 3725 5231 Iudaeorum
3748 5168 3814 5249 et

2228 5265 2557 5322 resurrectio
2586 5263 2795 5319 Domini
2829 5265 3151 5321 ostenditur.
3200 5265 3376 5320 Canes
3417 5265 3506 5319 hic
3532 5264 3807 5331 signiﬁcat

2227 5346 2611 5412 praedicatores
2658 5368 2723 5409 cx
2770 5352 2969 5407 ludatis
3016 5368 3345 5412 conversos.
3380 5364 3439 5407 ut
3475 5353 3705 5407 Paulum
3755 5362 3807 5407 ct
