3986 5412
169 306 257 361 229

1335 294 1688 366 EXPQSlTIO
1728 289 2169 348 pssnuonuu.

3286 290 3391 345 250
3410 298 3427 309 "

168 423 245 476 hic
271 420 472 473 inultum
518 424 685 468 sexta:
720 410 893 466 :etatis
923 408 1175 470 ostendit,
1208 410 1424 476 quando
1462 407 1718 461 Dominus
1749 411 1795 468 Α
1821 403 2060 458 hominis
2113 417 2300 457 errore
2351 402 2634 472 deposito:
2668 401 2892 456 Domino
2950 400 3217 457 Salvatori
3257 419 3392 473 pura

166 498 315 571 venit,
341 516 394 562 et
422 515 540 576 post
565 503 678 573 ejus
699 500 1149 558 resurrectionem
1174 500 1464 556 multitudo
1487 499 1717 554 credidit

167 600 469 654 Judmorum.

169 693 221 746 Π
287 688 394 757 Ipsi
421 688 781 757 dispergentur
805 686 873 743 ad
900 685 1323 740 manducandum
1345 698 1364 736 :

288 778 344 835 Si
373 797 488 835 vero
510 797 614 834 non
638 779 829 848 fuerint
858 778 1080 832 saturati
1111 788 1159 832 et
1186 775 1605 831 murmurabunt.

223 868 383 939 Clpsi
424 883 555 923 vero
582 869 674 938 qui
705 883 888 923 veram
929 876 1241 923 meruerunt
1280 864 1479 920 habere
1519 863 1719 919 doctri-

167 976 296 1020 nam.
323 959 702 1029 dispergentur
740 959 806 1013 ad
834 956 1301 1019 manducandum,
1327 955 1507 1009 cibum
1534 952 1721 1006 videli-

167 1057 238 1103 cet
261 1046 575 1118 spiritalem,
603 1055 664 1101 ut
690 1055 1073 1103 convertantur
1092 1056 1283 1117 gentes
1299 1046 1364 1100 ad
1387 1044 1566 1110 ﬁdem,
1582 1045 1722 1099 sicut

167 1139 308 1194 Petro
357 1139 564 1193 dictum
614 1148 700 1194 est
746 1140 797 1194 in
843 1140 1098 1194 visione:
1138 1137 1313 1194 Macta
1357 1147 1411 1193 ct
1459 1138 1721 1192 manduca

170 1228 290 1299 (Act.
320 1227 395 1300 ι).
431 1227 764 1284 Saturantur
805 1228 1089 1283 doctores:
1131 1228 1345 1297 quando
1387 1226 1724 1297 praedicatio-

169 1333 248 1373 nes
288 1332 410 1374 suas
453 1318 690 1374 viderint
734 1318 957 1389 populos
1002 1317 1378 1374 desideranter
1424 1331 1720 1372 assumere.

169 1406 340 1463 Contra
363 1405 539 1479 jejuni
576 1421 943 1473 murmurant,
985 1407 1029 1461 si
1060 1408 1220 1461 verba
1257 1422 1354 1461 sua
1398 1404 1727 1460 fructiﬁcare

169 1492 255 1556 non
279 1502 629 1572 cognoverint
651 1501 704 1555 in
729 1502 999 1557 mentibus
1022 1501 1369 1571 perﬁdorum.

174 1593 227 1647 18
290 1590 397 1663 Ego
423 1604 604 1646 autem
629 1593 848 1647 cantabo
877 1593 1236 1663 fortitudinem
1265 1602 1408 1646 tuam
1433 1605 1451 1644 .'

291 1686 353 1741 Et
377 1686 656 1741 exsultabo
686 1702 837 1740 mane
866 1685 1273 1739 misericordiam
1304 1693 1471 1737 tuam.

1820 502 1999 546 mente
2036 491 2381 545 famulantur.
2416 490 2576 545 Tituli
2611 491 2895 561 inscriptio
2920 491 3195 547 Christum
3224 494 3396 563 signi-

1820 581 1947 635 ﬁcat
1980 596 2179 652 regem.
2206 581 2273 635 1n
2293 582 2617 647 doctrinam,
2640 582 2691 637 id
2719 591 2804 637 est
2828 580 3212 639 Christianam.
3243 584 3394 642 Btlla

1818 673 1923 729 ista
1952 688 2072 742 qua:
2118 682 2438 742 sequuntur,
2470 672 2694 727 historia
2723 688 2912 743 regum
2958 676 3392 744 comprehendit,

1818 775 1877 817 et
1905 763 2216 834 signiticaut
2264 762 2519 817 victorias
2547 763 2758 817 Domini
2809 762 3109 819 Salvatoris
3133 782 3147 818 :
3173 781 3309 836 quas
3339 767 3394 821 in

1822 863 1934 909 toto
1963 853 2163 909 mundo
2186 855 2250 908 de
2276 854 2498 924 paganis
2525 853 2639 924 agit
2666 862 2722 907 et
2743 854 2986 923 perlidis,
3015 870 3244 925 quorum
3273 870 3397 912 ver-

1821 933 1890 998 ba
1917 946 2041 1006 iste,
2067 947 2308 1015 psalmus
2353 944 2596 999 dicturus
2627 951 2729 998 est.
2757 944 3005 999 Christus
3048 961 3210 1000 manu
3239 945 3399 1002 fortis

1822 1044 1878 1088 et
1912 1034 2306 1099 desiderabilis,
2333 1050 2437 1088 non
2464 1034 2629 1099 ferro,
2677 1034 2772 1090 sed
2797 1036 3166 1092 conversionis
3195 1038 3397 1104 studio,

1821 1138 1928 1178 non
1958 1139 2055 1194 per
2075 1125 2249 1194 ignem
2273 1124 2558 1187 visibilem,
2591 1124 2684 1179 sed
2719 1139 2817 1193 per
2838 1123 3120 1181 charitatis
3147 1126 3398 1183 ardorem

1825 1216 1953 1285 (quo
1983 1216 2144 1270 modo
2177 1217 2432 1271 divinitas
2462 1214 2730 1271 debellare
2770 1231 2836 1271 ac
2861 1218 3080 1272 vincere
3115 1219 3402 1274 invisibili-

1829 1314 1909 1373 ter
1938 1305 2237 1376 consuevit)
2274 1305 2533 1360 mundmn
2567 1306 2820 1361 rebellem
2849 1307 3083 1378 subegit.

1826 1419 1853 1474 1
1960 1419 2102 1473 Deus
2130 1418 2366 1490 repuliin
2394 1434 2458 1476 σε·
2488 1436 2581 1474 nos
2612 1419 2632 1490 ζ
2663 1432 2709 1474 et
2738 1420 3082 1474 :destruxisti
3112 1436 3207 1475 nos

1969 1510 2151 1565 Iratus
2170 1527 2224 1564 es
2247 1521 2295 1565 et
2324 1512 2568 1566 misertus
2591 1530 2644 1566 es
2666 1512 2835 1566 nobis.

1896 1599 1938 1656 C
1963 1600 2200 1671 Populus
2222 1601 2325 1657 iste
2350 1601 2442 1670 qui
2465 1611 2582 1656 erat
2614 1602 2809 1671 priscis
2835 1601 3113 1656 erroribus
3137 1600 3403 1672 illigatus,

1829 1693 2102 1762 repulsum
2132 1708 2192 1748 se
2234 1702 2291 1748 et
2346 1693 2683 1748 destructum
2715 1693 2815 1749 sub
2842 1694 3138 1762 gratiarum
3185 1692 3445 1751 actionol

224 1775 267 1830 Η
290 1776 562 1831 Cantahat
605 1774 887 1839 Christus,
920 1773 971 1829 id
1002 1782 1113 1837 est,
1155 1773 1482 1844 prmdicahat
1512 1771 1727 1827 fortitu-

1847 1757 2242 1839 :o-mmemorat.
2275 1783 2411 1842 Cum
2440 1784 2570 1839 dicit
2596 1757 2869 1854 repulisti:
2887 1784 3128 1839 ostendit
3156 1799 3215 1839 se
3241 1784 3407 1839 fuisse

172 1866 325 1920 dinem
355 1865 560 1926 Patris,
593 1863 861 1933 quomodo
889 1878 1009 1918 cum
1043 1863 1158 1933 ipso
1204 1862 1390 1915 vicerit
1435 1860 1728 1916 diabolum.

172 1952 364 2007 Cilauc
398 1950 736 2016 exsultabit,
777 1967 899 2006 cum
945 1966 1051 2005 uox
1096 1950 1323 2005 obscura
1369 1948 1523 2003 istius
1550 1946 1730 2002 szeeuli

175 2045 442 2109 transierit,
465 2044 694 2113 quando
708 2042 819 2110 jam
844 2040 1211 2096 misericordia
1240 2038 1450 2093 Domini
1475 2038 1526 2092 in
1554 2053 1731 2092 remu-

176 2136 422 2191 neratione
453 2144 773 2192 sanctorum
802 2133 1076 2190 elucescit.
1106 2131 1178 2186 lbi
1213 2131 1355 2186 enim
1399 2130 1516 2200 ipse
1554 2128 1734 2183 exsul—

178 2235 357 2280 taturus
377 2233 456 2280 est
486 2234 750 2295 tanquam
776 2238 867 2278 rex
890 2231 946 2279 et
974 2223 1251 2288 Dominus,
1275 2222 1364 2276 ubi
1390 2236 1543 2276 suum
1567 2235 1734 2290 popu-

177 2317 267 2371 lum
295 2317 341 2371 in
367 2333 422 2373 se
446 2318 693 2388 gaudere
718 2315 1080 2387 conspexerit,
1107 2323 1285 2385 potest
1311 2314 1472 2369 etiam
1496 2312 1735 2368 cautatio

177 2418 221 2463 et
238 2410 508 2465 exsultatio
540 2410 649 2465 ista
685 2410 751 2464 ad
778 2408 1021 2464 membra
1066 2406 1236 2478 magis
1271 2405 1489 2478 proprie
1520 2403 1734 2460 referri.

179 2497 393 2555 Cantavit
415 2502 559 2555 enim
594 2499 848 2555 Christus
876 2498 1244 2554 fortitudinem
1284 2498 1336 2553 in
1365 2497 1557 2563 Petro,
1590 2494 1737 2551 aliis-

179 2604 264 2658 que
293 2590 543 2660 apostolis
568 2601 632 2646 et
655 2592 1009 2663 martyribus.

182 2680 234 2735 l9
296 2681 424 2748 Quia
448 2684 635 2754 fartus
660 2702 713 2739 es
738 2696 1004 2755 susceptor
1028 2701 1142 2739 meu

301 2771 358 2824 Et
386 2773 656 2844 refugium
685 2791 856 2828 meum
885 2776 937 2828 in
964 2775 1048 2829 die
1068 2772 1418 2828 tribulationis
1447 2758 1589 2828 metu.

210 2856 271 2916 ‘C
295 2862 404 2932 Ipse
426 2862 692 2920 Christus
720 2864 1031 2934 suscipitur,
1075 2864 1291 2935 quando
1331 2864 1567 2919 Ecclesia
1610 2879 1741 2918 cun-

180 2956 249 3005 cta
273 2953 520 3009 solvatur.
549 2953 715 3009 Tune
740 2954 903 3009 etiam
928 2966 1189 3010 :ctcrnum
1223 2955 1487 3027 refugium
1516 2953 1744 3010 elIicitur

180 3042 413 3110 Christus,
446 3045 680 3117 quando
710 3045 816 3101 ista
852 3045 1347 3101 desiderantissima
1376 3061 1473 3100 vox
1504 3046 1737 3100 auditur.

181 3135 369 3203 Venite,
399 3138 717 3204 benedicti,
764 3137 939 3194 Patris
979 3136 1121 3202 mei,
1164 3138 1257 3192 sed
1306 3135 1493 3205 etjam
1530 3146 1740 3208 gratum

183 3236 251 3281 est
270 3226 523 3300 refugium
553 3230 836 3293 Christus,
863 3229 1081 3287 ouaudo
1117 3237 1359 3299 tempore
1384 3228 1744 3286 tribulationis

184 3318 513 3375 condonatur.

184 3407 243 3462 20
300 3412 523 3483 Adjutor
541 3428 730 3478 meus,
770 3411 864 3466 tibi
891 3409 1157 3481 psallam:
1191 3410 1338 3481 quia,
1373 3409 1534 3477 Deus,
1572 3425 1746 3465 susceo

362 3516 477 3576 ptor
499 3524 651 3562 meus
669 3523 731 3561 es
753 3519 772 3559 :

307 3593 437 3650 Deus
462 3609 522 3652 -t-~
548 3613 704 3651 meus
738 3595 757 3667 ζ
788 3595 1139 3650 misericordia
1167 3610 1301 3648 mea.

243 3685 280 3739 C
299 3684 503 3756 Repetit
538 3686 864 3756 frequenter
895 3685 1156 3742 beneﬁcia
1177 3724 1192 3749 ,
1224 3693 1282 3738 ut
1309 3683 1464 3739 nobis
1491 3682 1748 3755 quemad-

188 3774 377 3831 modum
398 3778 606 3846 gratias
627 3792 795 3848 agere
818 3777 1106 3833 debeamus
1130 3776 1396 3832 ostendat.
1421 3775 1742 3845 Susceplor:

189 3864 510 3926 humanitatis
541 3855 755 3926 nostra:
783 3868 1003 3925 verbum
1031 3877 1134 3934 est,
1164 3867 1306 3937 quod
1332 3882 1453 3921 eam
1483 3867 1536 3922 in
1567 3866 1750 3921 Maria:

189 3956 384 4028 virginis
414 3968 569 4016 utero
600 3957 711 4015 sibi
738 3958 1222 4026 sociare'dignatus
1246 3966 1349 4011 est.
1392 3956 1530 4010 Deus
1560 3971 1711 4011 meus
1732 3995 1748 4022 ,

192 4046 237 4101 id
258 4059 346 4116 est,
374 4050 756 4108 misericordia
784 4065 925 4114 mea,
955 4048 1030 4104 ibi
1056 4049 1199 4104 enim
1220 4049 1401 4103 omnia
1432 4055 1557 4112 sunt
1586 4036 1750 4104 bene;

196 4138 318 4209 ﬁcia,
343 4143 405 4199 ibi
437 4145 700 4200 universa
737 4156 960 4196 munera
986 4140 1288 4221 designata.

628 4270 835 4313 ORATIO
860 4270 926 4309 EX
967 4271 1111 4310 PSAL.
1142 4271 1293 4310 ιγιη.

256 4367 593 4443 Omnipotens
615 4369 874 4434 Domine,
901 4369 1052 4439 cujus
1077 4369 1330 4425 virtutem
1354 4375 1517 4439 atque
1544 4367 1756 4424 miseri-

197 4460 407 4516 cordiam
438 4462 718 4518 matutino
752 4459 1033 4516 laudamus
1065 4460 1119 4513 in
1150 4473 1426 4530 tempore:
1457 4476 1560 4531 quo
1600 4458 1753 4514 forti-
1781 4474 1836 4536 ῃ

199 4553 410 4609 tudinem
449 4563 515 4625 te
544 4562 797 4611 nostram
852 4567 1072 4609 oramus
1121 4561 1176 4608 et
1216 4567 1556 4622 quaesumus,
1588 4560 1649 4608 ut
1688 4552 1758 4608 ab

200 4645 322 4699 omni
365 4647 708 4702 obscuritate
752 4644 1094 4701 tenebrarum
1143 4643 1330 4701 eruti:
1370 4647 1635 4701 matutino
1678 4643 1783 4699 lu-.

199 4735 324 4792 mine
341 4737 683 4796 decoremur.
705 4737 813 4795 Per
831 4737 1117 4794 Dominum
1135 4745 1381 4795 nostrum
1397 4735 1583 4797 Jesum
1605 4736 1762 4793 Chri-

225 4833 342 4892 tum,
373 4838 475 4885 etc.
848 4868 886 4895 ,ς
948 4864 973 4895 ,ν
1079 4865 1101 4891 τ,

724 4915 1045 4973 PSALMUS
1080 4915 1228 4973 LIX.’

259 5096 296 5142 Π
321 5080 545 5142 Primi!"-
573 5114 889 5142 panum-smn
925 5100 992 5142 ad
1027 5099 1300 5142 Chrielnm
1334 5111 1458 5142 ΛΡΜ
1537 5113 1594 5142 nl

1830 1874 2011 1946 gratia
2029 1873 2124 1929 Del
2160 1885 2475 1929 revocatum
2525 1889 2592 1928 ne
2626 1875 2679 1928 in
2728 1874 2912 1943 pravis
2943 1873 3282 1944 dogmatibus
3302 1873 3408 1927 vita

1834 1965 2101 2019 ﬁniretur.
2151 1964 2268 2021 lsta
2318 1965 2618 2020 destructio
2648 1966 2727 2020 sic
2761 1965 2998 2020 evertit:
3030 1973 3088 2018 ut
3109 1972 3409 2030 construat,

1834 2058 1912 2112 sic
1939 2056 2196 2127 deponit:
2231 2066 2288 2111 ut
2337 2057 2531 2126 erigat,
2577 2058 2698 2112 ideo
2750 2057 2947 2113 merito
2999 2057 3067 2112 ad
3110 2056 3410 2125 gratiarum

1834 2150 2102 2204 actionem
2135 2148 2282 2204 venit
2329 2148 2432 2203 ista
2467 2149 2784 2204 destructio.
2835 2148 3010 2203 Iratus
3035 2156 3119 2203 est
3144 2162 3161 2201 :
3190 2150 3411 2218 quando

1836 2238 2255 2308 superstitiones
2277 2253 2463 2293 eorum
2519 2240 2802 2294 subvertit.
2853 2238 3140 2294 Misertus:
3167 2254 3289 2294 cum
3319 2252 3416 2295 eos

1838 2331 1903 2385 ad
1932 2331 2135 2386 cultum
2168 2346 2307 2386 vera:
2352 2330 2630 2401 religionis
2656 2332 2898 2386 adduxit.

1835 2442 1873 2496 2
1981 2442 2317 2497 Commoviin
2338 2441 2533 2497 terram
2554 2452 2601 2497 et
2623 2444 2944 2498 conturbasti
2976 2460 3088 2499 eam
3111 2458 3130 2498 :

1977 2531 2123 2588 Sana
2154 2535 2490 2588 contritiones
2519 2534 2634 2605 ejus
2668 2534 2792 2605 quia
2813 2545 3070 2588 commota
3092 2543 3187 2588 est.

1908 2623 1953 2679 C
1980 2623 2148 2679 Terra
2182 2624 2534 2678 :uuiversum
2567 2634 2766 2679 coetum
2815 2624 3154 2694 peccantium
3208 2623 3424 2694 signin-

1840 2726 1946 2781 cat,
1983 2717 2076 2788 qui
2108 2718 2160 2772 in
2188 2717 2426 2771 adventu
2459 2717 2668 2773 Domini
2720 2716 2977 2771 commoti
3024 2724 3167 2782 sunt,
3200 2706 3419 2787 quando

1842 2810 2086 2867 culturas
2136 2824 2263 2865 suas
2311 2819 2680 2880 cognoverunt
2722 2809 2834 2864 Deo
2861 2824 2979 2864 esse
3006 2809 3417 2865 abominabiles.

1843 2903 2163 2959 Conturbati
2218 2911 2369 2969 sunt,
2404 2905 2621 2973 quando
2650 2902 2792 2958 inter
2825 2901 3101 2956 doctrinas
3131 2915 3257 2956 suas
3286 2901 3421 2955 alias

1845 2996 2132 3051 audierunt
2180 3011 2196 3048 :
2239 2994 2641 3065 Apprchendite
2705 2992 3088 3063 disciplinam,
3134 2994 3425 3061 nequando

1771 3103 1819 3166 ρ
1850 3090 2119 3143 irascatur
2139 3087 2398 3141 Dominus
2429 3085 2600 3157 (Psal.
2633 3087 2730 3157 u);
2773 3094 2829 3141 ct
2857 3085 3094 3156 pereatis
3133 3085 3198 3139 de
3224 3084 3308 3137 via
3335 3084 3423 3154 ju-
3452 3075 3457 3081 ’

1847 3188 1953 3233 sta.
1982 3177 2129 3232 Sana
2156 3177 2530 3241 contritiones,
2561 3186 2667 3232 etc.
2699 3175 2917 3231 Caelesti
2948 3174 3156 3229 medico
3182 3175 3422 3244 produn-

1852 3277 1941 3324 tur
1960 3268 2205 3334 vulnera,
2241 3277 2303 3323 ut
2338 3269 2592 3323 contritis
2642 3268 2908 3325 medicina
2965 3274 3265 3322 succurrat.
3320 3267 3425 3319 Ista
3468 3256 3477 3261 ’

1845 3368 1929 3415 est
1955 3360 2209 3415 contritio
2227 3375 2346 3428 qum
2372 3374 2471 3414 nos
2492 3358 2654 3414 ellicit
2694 3358 2967 3424 fortiores,
2998 3358 3126 3428 quia
3157 3365 3426 3411 commota

1847 3460 1951 3517 est,
1982 3452 2035 3506 id
2059 3459 2164 3516 est,
2194 3466 2221 3504 a
2248 3450 2427 3521 priore
2465 3464 2655 3505 errore
2693 3449 2953 3503 translata
2977 3457 3081 3512 est,
3109 3455 3167 3502 ut
3195 3447 3291 3502 tibi
3315 3445 3393 3500 Do
3412 3472 3425 3483 -

1849 3541 1996 3595 mino
2017 3541 2235 3595 obediat
2260 3540 2355 3609 qui
2380 3549 2506 3594 ante
2533 3538 2695 3594 idolis
2722 3540 3019 3593 serviebat.

1847 3650 1892 3705 δ’
1991 3650 2277 3706 Ostendiin
2301 3650 2494 3720 papula
2521 3660 2608 3703 tuo
2637 3650 2773 3704 dum
2801 3665 2820 3704 :

1990 3742 2198 3797 Potasti
2223 3759 2313 3796 nos
2340 3743 2456 3796 vino
2500 3741 2932 3812 compunctiouis.

1919 3832 1962 3887 C
1989 3831 2235 3887 Ostendit
2272 3832 2416 3887 enim
2438 3833 2570 3887 dura
2599 3830 2850 3885 ﬁdelibus
2872 3829 3032 3900 justis
3058 3829 3108 3883 in
3147 3826 3249 3884 isto
3274 3843 3428 3884 mun-

1851 3925 1941 3990 do,
1973 3934 2032 3979 ut
2061 3926 2252 3980 reddat
2273 3926 2325 3979 in
2357 3926 2659 3979 aeternitate
2687 3923 2941 3993 pretiosa.
2963 3921 3098 3976 Vino
3120 3931 3426 3990 comparata

1850 4024 1934 4071 est
1962 4016 2152 4081 virtus,
2183 4016 2235 4070 in
2266 4032 2373 4086 qua
2422 4032 2530 4070 non
2558 4023 2643 4070 est
2665 4015 2918 4068 vitiorum
2946 4013 3118 4083 copia,
3148 4014 3243 4066 sed
3274 4014 3424 4066 com-

1851 4107 2157 4178 punctionis
2182 4106 2423 4170 ubertas,
2462 4121 2584 4176 qua:
2614 4106 2666 4159 in
2693 4104 2840 4160 bono
2886 4103 3162 4173 prOptisito
3191 4103 3427 4158 studium
3466 4095 3470 4098 ⁴

1852 4208 2050 4253 nostrae
2101 4197 2388 4252 voluntatis
2430 4196 2730 4251 immutata:
2772 4193 2933 4250 cllicit
2982 4206 3127 4251 recta
3187 4211 3374 4267 sapere
3413 4210 3427 4249 :

1778 4284 1781 4287 ’
1853 4293 1978 4345 dum
2005 4305 2066 4345 ea
2094 4290 2403 4361 implentur.

1853 4385 1888 4439 4
1992 4368 2193 4436 Dedisti
2224 4374 2568 4435 metuentibus
2600 4391 2649 4436 te
2674 4378 3143 4451 significationem:
3230 4400 3233 4403 ·
3294 4398 3314 4455 ,λ
3363 4445 3373 4463 ο

1930 4501 1934 4505 <
2000 4468 2069 4524 Ut
2100 4470 2315 4543 fugiant
2341 4486 2374 4523 a
2412 4470 2547 4540 [acie
2577 4485 2753 4527 arens.
2776 4462 3119 4540 fDiapsalma.
3293 4470 3301 4481 ⁴
3346 4541 3349 4545 ι

1931 4562 1971 4618 C
2000 4561 2158 4618 Dedit
2199 4560 2515 4621 timentibus
2560 4550 3291 4634 signiﬁcatio'tieru,‘quando
3337 4553 3477 4634 per"

1862 4646 2413 4723 Scripturas-edocuit
2444 4653 2497 4707 in
2523 4653 2629 4710 hoc
2650 4638 2845 4708 amenti
2863 4652 3069 4706 mundo’
3092 4652 3276 4706 lideles
3298 4629 3439 4704 ἰιιιιιἐ
3467 4648 3475 4673 ’

1863 4750 2073 4822 tiplices
2115 4736 2696 4822 passiones'sustiuere
2731 4768 2744 4802 :
2776 4733 3160 4826 facies‘arcusi,‘
3179 4742 3321 4801 diem
3356 4739 3438 4826 jn/L

1863 4813 1989 4896 dicii
2045 4813 2309 4911 designat,
2336 4842 2427 4896 ubi
2450 4836 2585 4897 Novi
2618 4849 2671 4897 et
2694 4839 2907 4895 Veteris
2932 4818 3269 4893 Testamenti
3288 4813 3468 4906 quasi

612 4991 619 4997 δ
725 4928 1045 4973 ΡδΛιλΜυδ
1081 4928 1215 4973 ωλι
1786 4934 1791 4939 ’
1863 4933 2073 4990 duobus
2119 4928 2330 4990 inﬂexis
2369 4933 2515 5004 jugis
2570 4936 2747 4991 omnis
2778 4928 3312 5007 populusjudicatur,
3350 4930 3443 5008 sed

624 5021 1165 5079 ancuusumurrsau.
1193 5022 1306 5064 ιιι.
1674 5056 1675 5065 χ
1772 5022 1793 5068 ι·

1862 5022 1955 5079 ille
1981 5021 2052 5081 ab
2077 5027 2203 5081 isto
2245 5041 2374 5081 arcu
2413 5016 2721 5094 sagittam,'
2750 5022 2805 5077 id
2833 5028 2937 5086 est,
2978 5000 3304 5103 scdtentiain
3340 4998 3469 5103 "an

1863 5115 2084 5142 ρειαί-ἕλει
2120 5116 2230 5142 ηηιίιῖ

2218 5116 2230 5142 ⁵
2277 5107 2332 5142 μὲι
2364 5116 2416 5142 ειμι
2468 5112 2831 5142 Ι--ὺκ-ἓιὲιηίιὲ-νέ
2859 5106 3215 5142 [ΒΛ-,ιΐλοοῖηπῖα
3482 5124 3488 5132 ¹
