3986 5412
512 370 609 424 Si“

1439 363 1496 420 S.
1539 363 1886 421 BRUNONIS
1921 363 2463 422 IIERBIPOLENSIS
2498 365 2804 424 EPISCOI‘I

3675 373 3791 431 252

513 481 696 538 salvus
742 480 835 534 ﬁat
895 478 1147 541 dextera,
1181 477 1307 548 quia
1358 494 1412 532 ill
1467 478 1581 548 ipsa
1637 487 1792 548 parte
1824 479 2092 532 statuendi
2129 485 2170 540 Α
2205 479 2260 532 ll
2345 478 2533 533 Nonne
2561 489 2635 544 tu,
2668 478 2828 543 Deus,
2858 481 2947 550 qui
2972 481 3204 550 repulisti
3245 499 3336 537 nos
3367 500 3384 536 :

516 585 661 640 sunt,
693 574 784 644 qui
814 581 1071 643 perpetua
1100 571 1361 627 felicitate
1397 573 1732 643 gaudebunt.

515 669 550 722 6
655 667 796 721 Deus
821 665 1028 719 locutus
1055 675 1129 719 est
1175 667 1230 718 in
1275 677 1458 719 sancto
1485 680 1580 718 suo
1605 679 1621 718 :
1653 663 1873 718 letabor
1899 673 1948 719 et
1975 683 2100 735 par-

746 763 883 816 tibor
906 761 1194 818 Sic/timum
1220 774 1237 812 :

660 852 728 908 Et
759 852 1044 907 convallem
1077 851 1536 906 tabernaculorum
1567 851 1805 908 metibor.

587 945 629 999 C
657 945 897 999 Locutus
925 952 1003 997 est
1032 941 1196 997 Pater
1226 943 1278 997 in
1307 942 1466 1006 Filio,
1500 942 1711 998 scilicet
1736 943 2101 1011 evangelicum

517 1035 826 1097 veritatem,
855 1049 950 1103 per
976 1048 1139 1102 quam
1175 1033 1323 1086 venit
1352 1032 1650 1102 redemptio
1696 1031 1954 1087 ﬁdelium.
1987 1031 2105 1086 Lm-

519 1127 695 1180 tabor.
729 1123 882 1179 Juste
909 1124 1196 1178 laetabatur
1223 1121 1470 1194 pupulus,
1505 1123 1590 1177 cui
1643 1137 1900 1194 prospera
1950 1122 2103 1176 locu-

518 1227 607 1270 tus
635 1223 717 1270 est
747 1214 1022 1268 Dominus.
1057 1212 1097 1266 ll
1134 1211 1451 1274 Sichimam.
1479 1211 1780 1268 Samariam
1813 1213 2102 1282 signiﬁcat,

476 1300 481 1334 ’
519 1307 707 1362 dividit
735 1304 985 1362 Christus
1035 1304 1352 1367 Sichimam,
1405 1320 1528 1360 cum
1574 1305 1734 1359 aliam
1775 1315 1986 1374 partem
2040 1305 2106 1358 ad

517 1401 931 1464 beatitudinem,
963 1399 1121 1453 aliam
1151 1411 1273 1452 cum
1323 1396 1625 1452 inﬁdelibus
1671 1396 1842 1465 ponit.
1885 1395 1925 1449 C
1966 1393 2104 1448 Con-

519 1490 711 1544 vallem
739 1489 1204 1544 tabernaculorum
1232 1487 1579 1552 metiebatur,
1600 1487 1650 1540 id
1673 1497 1778 1550 est,
1794 1486 1861 1540 de
1881 1484 2105 1540 Judaica

521 1584 838 1638 collectione
885 1583 1046 1637 habet
1074 1597 1180 1636 non
1227 1582 1508 1635 minimam
1554 1580 1855 1649 portionem
1901 1580 1953 1633 in
2005 1578 2109 1633 ﬁde

519 1674 807 1729 catholica.
844 1671 1115 1728 Convallis
1143 1672 1310 1735 dicta,
1339 1670 1492 1740 quasi
1518 1679 1706 1725 cavata
1735 1667 1906 1724 vallis.

519 1763 553 1818 7
661 1765 810 1820 Meus
834 1775 908 1818 est
940 1761 1149 1818 Galaad
1174 1774 1222 1818 et
1253 1780 1396 1817 meus
1418 1774 1490 1817 est
1523 1763 1798 1818 Manasses
1827 1774 1839 1790 '

666 1858 730 1912 Et
763 1858 1014 1927 Epitraim
1049 1857 1305 1927 fortitudo
1334 1856 1521 1927 capitis
1552 1857 1676 1910 mei.

586 1951 628 2007 C
655 1949 857 2006 Galaad
888 1950 1277 2018 interpretatur
1303 1963 1532 2002 acervus
1565 1944 1881 2001 testimonii.
1909 1944 2101 2000 Testes

518 2044 662 2100 enim
695 2043 882 2099 Graece
913 2052 1181 2112 martyres
1206 2041 1480 2095 dicuntur.
1531 2037 1775 2093 Aecrvus
1811 2037 1912 2092 iste
1945 2036 2097 2090 testi-

517 2137 682 2191 monii
715 2151 967 2205 magnam
999 2150 1119 2189 esse
1147 2133 1422 2206 signiﬁcat
1452 2141 1749 2203 martyrum
1803 2146 2101 2202 congrega-

518 2227 740 2280 tionem.
772 2224 1046 2279 Manasses
1073 2223 1464 2292 interpretatur
1489 2222 1700 2286 oblitus,
1748 2221 1946 2275 merito
1973 2235 2102 2290 ergo

518 2319 690 2373 ﬁdelis
740 2319 968 2389 populus
1017 2317 1149 2372 dicit
1198 2317 1340 2370 illam
1391 2315 1714 2370 oblivionem
1753 2329 1906 2368 suam
1947 2328 2100 2377 esse,

517 2425 638 2481 qua».
658 2421 771 2464 erat
799 2412 865 2465 de
889 2410 1184 2464 abolitione
1231 2409 1496 2464 scelermn
1539 2416 1791 2462 ventura.
1843 2407 2101 2476 Ephraim

517 2503 854 2574 fructificatio
896 2503 1117 2566 dicitur,
1149 2517 1268 2573 quae
1305 2509 1387 2555 est
1435 2501 1692 2555 fortitudo
1739 2501 1932 2572 capitis
1975 2500 2102 2562 tuei,

515 2593 570 2647 id
603 2603 684 2649 est
715 2593 972 2649 Dominus
1001 2593 1274 2660 Salvator,
1315 2595 1407 2663 qui
1446 2593 1601 2648 nobis
1639 2592 1870 2647 contulit
1917 2593 2100 2662 copio-

515 2687 788 2743 sissimum
822 2686 1054 2741 fructum
1085 2688 1136 2741 iu
1163 2686 1415 2756 passione
1440 2696 1495 2740 et
1525 2685 1949 2748 resurrectione,
1977 2685 2102 2753 quia

516 2778 620 2833 nisi
648 2793 873 2848 gramun
900 2776 1178 2837 ﬁ-utnenti.
1210 2787 1341 2840 etc.,
1371 2792 1544 2846 usque
1602 2776 1829 2830 multum
1863 2774 2099 2830 fructum

519 2866 674 2923 aﬁ‘ert
700 2867 881 2940 (Joan.
913 2868 1034 2938 πη).
1077 2867 1120 2922 ll
1152 2867 1417 2923 Uuiversa
1448 2869 1562 2923 haec
1589 2868 1658 2922 de
1678 2867 1918 2937 gentium
1942 2881 2132 2922 voca-t

519 2961 668 3016 tione
689 2961 965 3023 dicuntur,
1008 2975 1239 3030 quarum
1293 2961 1520 3014 diversa:
1553 2960 1780 3013 virtutes
1803 2960 1902 3014 sub
1929 2960 2105 3028 singu-

517 3051 694 3106 lormn
730 3053 1009 3106 nominum
1037 3051 1487 3120 interpretatione
1518 3049 1877 3121 intelligendm
1902 3059 2046 3104 sunt.

518 3146 551 3200 8
658 3143 828 3210 Juda,
859 3161 950 3198 rea:
979 3162 1123 3198 meus
1155 3158 1172 3196 .'

661 3237 840 3311 Moab,
877 3237 980 3291 olla
1004 3239 1110 3306 spei
1133 3253 1279 3292 mete.

588 3328 629 3385 C
654 3329 789 3384 Juda
848 3329 1114 3384 Christum
1168 3328 1466 3400 signiﬁcat,
1501 3338 1556 3384 et
1585 3343 1708 3383 cum
1737 3337 2100 3384 cxsmtanone

519 3418 807 3474 dicendum
857 3429 942 3475 est
980 3437 992 3472 :
1046 3417 1205 3483 Juda,
1249 3435 1342 3473 rex
1381 3434 1558 3484 meus,
1596 3420 1849 3488 quoniam
1881 3419 1993 3473 haec
2020 3427 2101 3473 est

519 3510 756 3566 ﬁdelium
815 3510 1046 3580 gloriosa
1117 3510 1412 3566 confessio.
1479 3511 1636 3565 Moab
1697 3525 1795 3579 pro
1849 3512 2101 3580 gentibus

517 3602 760 3670 ponitur,
785 3603 925 3656 unde
955 3604 1391 3673 cougregaudam
1422 3601 1748 3672 praedicebat
1780 3601 2098 3655 Ecclesiam.

518 3693 622 3749 Per
649 3695 808 3748 ollam
847 3695 983 3764 spei,
1023 3696 1302 3751 tribulatio
1333 3694 1691 3765 signiﬁcatur,
1720 3710 1882 3765 quam
1916 3695 1966 3749 in
1999 3694 2103 3748 hoc

519 3785 720 3840 s'eculo
758 3785 930 3841 sancti
967 3786 1262 3850 sustinent,
1293 3802 1414 3857 qua:
1440 3788 1506 3842 ad
1533 3801 1684 3857 spem
1731 3787 1854 3840 vita:
1887 3795 2101 3840 aeterna:

519 3876 748 3933 Domino
785 3885 1101 3948 prtestaute,
1133 3878 1452 3948 porrigitur,
1483 3885 1541 3931 ut
1578 3874 1779 3932 Paulus
1811 3877 1887 3930 ait
1916 3893 1929 3929 :
1965 3874 2102 3944 Spes

520 3979 703 4024 autem
759 3984 866 4024 non
902 3967 1183 4023 confundit
1232 3967 1407 4036 (Rom.
1459 3971 1535 4041 v).
1577 3967 1694 4024 Olla
1743 3982 1874 4022 vero
1917 3967 2008 4022 hic
2047 3965 2098 4020 in

519 4060 714 4115 malam
765 4069 971 4130 partem
1028 4060 1285 4131 ponitur,
1315 4073 1382 4114 eo
1427 4059 1569 4128 quod
1619 4059 1673 4114 in
1718 4073 1882 4113 sensu
1933 4071 2101 4128 pravo

518 4153 668 4208 velut
706 4154 846 4208 unda
885 4152 1216 4208 decoctiouis
1253 4159 1535 4217 estestuat,
1575 4151 1670 4208 sed
1703 4150 1944 4210 decoctis
1969 4163 2098 4220 pec-

523 4245 660 4301 ratis
689 4254 745 4300 et
771 4246 979 4300 exustis
1009 4254 1353 4300 convertetur
1384 4245 1607 4316 nigrch
1635 4243 1776 4300 ollas.

519 4335 553 4388 9
663 4336 728 4390 In
769 4335 1061 4391 Idumteam
1098 4337 1372 4391 extendam
1413 4337 1823 4392 calceamentmu
1865 4351 2035 4394 meum
2077 4351 2099 4388 :

665 4426 797 4480 Mihi
825 4427 1135 4498 alienigena:
1160 4428 1363 4485 subditi
1386 4437 1530 4484 sunt.

2351 568 2417 622 Et
2447 587 2548 624 non
2576 571 2856 640 egredieris
2883 571 3020 626 Deus
3051 573 3104 626 in
3128 573 3405 628 uirtutibus
3431 577 3668 631 nostris?

2274 658 2314 713 C
2341 659 2602 724 Dicendo,
2635 677 2812 717 nonne
2843 669 2920 727 tu,
2957 663 3123 728 Dens,
3162 666 3418 728 ostendit,
3451 666 3518 719 de
3545 683 3657 737 quo
3692 683 3796 722 su-

2205 753 2389 820 perius
2418 750 2655 812 dicebat,
2708 752 2878 808 solum
2929 769 3051 808 esse
3089 770 3212 810 eum
3247 758 3337 826 qui
3379 755 3697 824 deduceret,
3738 771 3799 814 et

2209 841 2355 896 illum
2384 843 2556 897 solum
2587 844 2898 900 Creatorem
2920 847 3118 902 debere
3146 849 3302 902 nobis
3324 864 3443 903 esse
3469 852 3794 920 propitium.

2206 933 2349 989 Dicit
2385 945 2583 999 autem,
2613 939 2703 1008 qui
2745 938 2985 1008 repulisti
3029 955 3148 1002 nos.
3184 940 3236 994 id
3259 950 3342 996 est
3365 957 3394 995 a
3433 941 3575 996 malo
3603 945 3799 1012 prohi-

2207 1025 2394 1092 buisti,
2428 1044 2497 1083 ne
2534 1027 2588 1082 in
2629 1038 2812 1084 nostra
2845 1031 3122 1092 voluntate
3155 1047 3502 1089 versaremur
3539 1035 3795 1089 erronei.

2208 1116 2323 1173 Non
2372 1120 2680 1189 egredietur
2724 1121 2862 1176 Deus
2902 1122 2954 1177 in
2997 1124 3286 1179 virtutibus
3327 1127 3553 1190 nostris,
3599 1127 3652 1181 id
3681 1138 3794 1187 esu,

2208 1226 2330 1264 cum
2363 1211 2433 1264 ita
2482 1227 2580 1266 nos
2624 1212 2769 1266 intus
2815 1212 2868 1266 in
2919 1215 3170 1282 prmscnti
3202 1215 3397 1270 Steculo
3427 1214 3690 1271 defendas
3721 1217 3796 1270 ab

2208 1301 2538 1357 adversariis
2596 1303 2818 1368 nostris,
2872 1313 2932 1358 ut
2985 1313 3162 1360 tamen
3220 1305 3352 1360 loris
3397 1322 3495 1361 nos
3555 1308 3800 1362 diversis

2209 1391 2587 1450 alllictionibus
2635 1395 2700 1449 ad
2746 1397 3118 1465 probationem
3174 1408 3414 1454 nostram
3460 1399 3797 1474 atlligamur,

2207 1485 2480 1539 :estimant
2509 1484 2736 1550 inimici,
2775 1489 2919 1557 quod
2950 1503 3054 1542 non
3082 1489 3382 1559 egrediaris
3411 1490 3464 1543 in
3489 1491 3798 1548 virtutibus

2208 1577 2427 1639 nostris,
2452 1579 2703 1648 quamvis
2735 1579 2786 1634 in
2811 1589 2992 1635 mente
3019 1597 3117 1637 nos
3135 1583 3375 1638 virtuose
3403 1592 3684 1656 protegas.

2212 1670 2277 1726 l2
2351 1670 2436 1726 Da
2462 1673 2608 1727 nobis
2635 1674 2894 1728 auxilium
2923 1677 2985 1728 de
3009 1676 3351 1733 tribulatione
3382 1693 3400 1730 :

2351 1762 2418 1816 Et
2439 1781 2572 1817 uana
2598 1764 2741 1819 salus
2762 1767 3004 1822 hominis.

2131 1844 2178 1903 Β
2282 1849 2324 1907 C
2351 1850 2486 1908 Orat
2511 1854 2772 1921 Ecclesia,
2802 1866 2862 1911 ut
2888 1857 2954 1912 de
2995 1858 3343 1914 tribulatione
3379 1861 3536 1917 istius
3573 1864 3791 1930 mundi,

2204 1958 2366 2012 quam
2415 1943 2619 2017 jugiter
2675 1948 3007 2014 sustinebat,
3041 1951 3252 2008 Domini
3316 1952 3418 2010 sibi
3465 1956 3798 2024 praeveniret

2205 2037 2485 2101 auxilium,
2522 2040 2702 2115 sciens
2753 2051 2903 2095 tanto
2944 2043 3052 2097 illic
3080 2046 3312 2115 amplius
3345 2064 3796 2120 unumquemque

2205 2126 2588 2182 consolandum
2621 2142 2825 2200 quanto
2855 2132 2942 2188 hic
2965 2149 3061 2204 pro
3099 2133 3217 2203 ejus
3249 2139 3467 2193 nomine
3496 2138 3668 2194 fuerit
3704 2156 3797 2196 ve-

2207 2219 2490 2275 hementer
2519 2220 2768 2277 amictus.
2809 2223 2876 2278 Et
2909 2242 3044 2280 vana
3084 2228 3230 2283 salus
3264 2230 3520 2294 hominis,
3554 2234 3795 2289 salutem

2205 2320 2462 2379 prmstare
2490 2327 2594 2367 non
2622 2323 2796 2384 potest
2826 2316 3029 2372 homini
3058 2319 3160 2373 nisi
3189 2319 3334 2376 solus
3361 2321 3528 2384 Deus,
3556 2323 3794 2395 ideoque

2207 2419 2423 2475 sperare
2451 2423 2555 2461 non
2587 2409 2744 2464 debet
2769 2410 2930 2466 homo
2961 2412 3011 2466 in
3044 2413 3318 2469 hominem

2211 2495 2274 2548 l5
2346 2493 2411 2549 In
2444 2496 2549 2550 Deo
2581 2499 2834 2567 faciemus
2857 2500 3095 2555 virtutem
3128 2518 3146 2556 :

2349 2587 2415 2641 Et
2443 2591 2551 2658 ipse
2583 2591 2652 2643 ad
2685 2590 2908 2644 nihilum
2947 2593 3165 2648 deducet
3192 2597 3501 2652 tributantes
3527 2615 3644 2654 nos.

2276 2679 2315 2736 C
2365 2681 2482 2752 Ipse
2531 2683 2582 2736 in
2635 2683 2746 2737 Deo
2788 2682 2950 2738 l‘aciet
2984 2685 3259 2751 virtutem,
3295 2689 3386 2758 qui
3423 2688 3474 2743 in
3516 2691 3797 2745 mandatis

2206 2773 2322 2842 ejus
2370 2774 2569 2846 jugitcr
2641 2791 3028 2846 perseverans,
3094 2778 3388 2834 diabolicas
3459 2783 3797 2838 tentationes

2207 2865 2425 2923 Christo
2475 2869 2765 2923 miserante
2820 2871 3132 2926 calcaverit.
3184 2872 3263 2926 Ad
3313 2873 3540 2929 nihilum
3592 2876 3797 2946 quippe

2207 2960 2452 3028 perducit
2497 2960 2746 3017 inimicos
2791 2961 3048 3027 ﬁdelimu,
3101 2967 3356 3035 quonizm
3390 2968 3535 3022 delet
3581 2982 3682 3023 eos
3730 2971 3797 3022 de

2207 3050 2345 3106 libro
2375 3052 2690 3115 viventium,
2723 3055 2811 3108 ubi
2845 3054 2947 3108 sibi
2979 3057 3303 3112 videbantur
3328 3059 3518 3128 scripti
3560 3059 3720 3114 elati.

2670 3183 2867 3223 Oll.\TIO
2902 3185 2969 3222 EX
3011 3186 3154 3224 PSAL.
3196 3186 3306 3224 LIX.

2275 3276 2705 3333 Clementtssime
2743 3280 2990 3344 Domine,
3030 3281 3176 3337 salva
3209 3282 3506 3353 supplicem
3533 3284 3795 3355 populum

2203 3369 2403 3422 auxilio
2432 3371 2667 3423 dexterae
2699 3380 2820 3434 tute,
2849 3382 2902 3426 et
2933 3372 3060 3426 dum
3088 3381 3154 3428 ad
3180 3372 3412 3429 fructum
3446 3376 3574 3431 boni
3608 3379 3797 3445 Operis

2206 3463 2257 3516 in
2315 3462 2755 3518 trilmlationibus
2797 3467 3152 3528 exercitatur,
3202 3476 3293 3522 tua
3341 3483 3560 3538 semper
3613 3472 3792 3541 gratia

2204 3554 2534 3608 consoletur.
2567 3555 2671 3609 Per
2705 3556 2990 3611 Dominum
3021 3568 3266 3612 nostrum
3293 3558 3480 3613 .lesnm
3510 3559 3793 3616 Christqu

2203 3646 2395 3700 Filium
2424 3656 2598 3711 tuum,
2630 3658 2734 3702 etc.

2749 3740 3065 3797 PSALMUS
3102 3742 3216 3798 LX.

2646 3845 3011 3908 Anconem-un
3047 3869 3199 3935 esse.
3239 3870 3330 3910 ιχ.

2272 3966 2312 4022 C
2343 3965 2455 4020 Vox
2486 3965 2743 4023 Ecclesia:
2787 3969 3038 4038 petentis,
3081 3978 3139 4026 ut
3184 3971 3287 4026 sub
3323 3969 3534 4028 alarum
3583 3969 3794 4034 Christi

2205 4057 2469 4114 velamine
2489 4067 2822 4130 protegatur.

2524 4149 2633 4206 TT.
2663 4149 2727 4205 In
2753 4151 2909 4220 ﬁnem
2944 4152 3000 4206 in
3030 4153 3238 4226 hymnis
3263 4153 3457 4220 David.

2273 4242 2314 4298 C
2339 4242 2399 4298 In
2438 4241 2620 4308 linem,
2647 4242 2922 4298 Christum
2970 4244 3264 4315 signiﬁcari
3301 4247 3413 4315 jam
3451 4254 3643 4302 notum
3687 4258 3793 4306 est.

2202 4334 2258 4388 lu
2292 4335 2508 4405 hymnis
2535 4334 2782 4390 Graecum
2813 4335 3128 4390 vocabulum
3156 4345 3260 4402 est,
3288 4337 3796 4412 interpretaturque

2202 4429 2256 4482 in
2300 4429 2569 4491 laudibus,
2615 4429 2740 4498 quia
2797 4437 2940 4483 totus
2986 4429 3234 4486 Psalmus
3269 4431 3471 4487 Christi
3511 4435 3791 4502 praeconia

596 4517 641 4571 Il
688 4518 925 4572 ldumaéa
963 4518 1357 4588 interpretatur
1395 4519 1686 4588 sanguinea
1733 4533 1820 4574 vel
1870 4527 2094 4580 terrent,
2136 4569 2180 4628 Β
2205 4528 2479 4589 personat.
2523 4520 2689 4574 David
2721 4529 2902 4576 autem
2944 4519 3117 4589 ipsum
3166 4521 3446 4578 Christum
3489 4523 3793 4596 signiﬁcat,

519 4627 587 4666 at:
620 4609 668 4666 si
692 4610 870 4665 dicat:
900 4608 958 4664 lu
989 4609 1127 4671 istos
1153 4609 1292 4670 tales
1326 4610 1620 4668 estemlam
1649 4609 2095 4671 calceamentum,

523 4702 579 4757 id
621 4707 708 4758 est
758 4698 1200 4775 medicationem
1266 4698 1563 4769 Evangelii.
1613 4697 1746 4757 libi
1787 4697 2102 4766 alienigenae

521 4793 723 4850 subditi
749 4802 901 4862 sunt,
929 4793 1138 4852 scilicet
1158 4792 1379 4852 Christo
1395 4801 1451 4851 et
1476 4792 1750 4852 Ecclesiae.

526 4889 594 4942 10
668 4886 801 4955 Quis
821 4886 1041 4946 deducet
1066 4901 1148 4942 me
1177 4886 1233 4943 in
1260 4885 1524 4945 civitatem
1550 4885 1806 4939 munitam
1839 4899 1859 4938 :

665 4979 802 5046 Quis
825 4977 1042 5034 deducet
1061 4991 1144 5034 me
1172 4992 1331 5048 usan
1358 4977 1418 5036 ita
1444 4975 1740 5034 Idumcam
1761 4974 1788 5029 2

589 5073 639 5130 C
685 5070 964 5128 [inclamat
1004 5069 1232 5142 populus
1264 5069 1444 5134 ﬁdelis
1485 5067 1559 5124 ad
1603 5067 1933 5126 Dominum:
1965 5066 2097 5136 Quis

519 5167 750 5210 ιιίιιιιιορί
802 5179 888 5210 me
927 5163 985 5210 in
1004 5163 1287 5210 civitatem
1334 5161 1622 5210 munitam.
1655 5159 1708 5210 id
1743 5168 1828 5210 est
1858 5159 2102 5210 futuram

2203 4607 2358 4678 cujus
2385 4610 2598 4666 laudem
2625 4610 2880 4665 decantat
2904 4610 3137 4696 populus
3163 4610 3527 4668 Christianus.

2203 4703 2225 4754 l
2342 4701 2555 4756 Exaudi
2582 4701 2717 4756 Deus
2745 4703 3158 4772 deprecationem
3190 4721 3358 4758 meum
3382 4721 3401 4759 ε

2347 4792 2369 4846 1
2378 4796 2564 4849 utendo
2595 4795 2826 4848 orationi
2847 4811 2975 4848 mete
3245 4807 3249 4810 '

2272 4886 2314 4942 C
2349 4886 2669 4956 Depreeatio
2709 4887 2924 4942 assidua
2975 4897 3060 4943 est
3105 4891 3526 4962 communisque
3574 4893 3689 4948 Deo
3739 4902 3792 4948 et

2201 4976 2409 5031 homini
2445 4976 2787 5048 supplicatio.
2823 4977 3013 5032 Oratio
3047 4993 3179 5034 vero
3225 4987 3308 5034 est
3359 4996 3522 5048 quam
3584 4996 3793 5038 saucia:

2205 5067 2455 5122 Trinitati
2475 5065 2598 5136 jure
2624 5065 3002 5138 persolvimus,
3026 5066 3179 5123 illam
3215 5070 3511 5140 postulavit
3543 5073 3789 5136 intendi,

2205 5161 2263 5210 id
2290 5168 2394 5210 est.
2432 5158 2668 5210 nrosniei
2701 5174 2732 5210 a
2762 5159 2991 5210 Domino
3017 5169 3180 5210 alone
3210 5161 3476 5210 misereri-
