3986 5412
185 282 299 362 εδδ

1373 281 1740 346 sxrosrrto
1777 280 2222 368 PsALuouuu.

3354 289 3462 344 2'54

191 421 362 479 tentis
384 418 478 475 Dei
502 413 746 473 Ecclesia
767 409 1056 467 constituta
1077 415 1180 463 est.
1205 406 1260 461 ln
1283 406 1554 461 anxietate
1575 402 1773 465 cordis,
1805 405 1852 461 Α
1883 400 2025 455 libus
2053 400 2311 456 declarat.
2345 401 2582 456 Psallere
2607 403 2754 457 enim
2803 373 3016 472 semper
3053 403 3185 460 dicit
3233 405 3459 474 populos

190 510 414 582 quando
446 506 663 562 enixius
713 511 901 560 oratur
938 508 994 554 et
1037 498 1304 554 clamatur
1349 496 1417 550 ad
1463 494 1770 556 Dominum,

190 602 404 658 scilicet
432 614 579 661 cum,
608 593 952 665 periclitante
979 590 1183 653 anima,
1216 588 1411 642 anima:
1462 585 1770 640 necessaria

192 693 434 749 remedia
461 687 825 760 postulantur.
851 681 1017 738 Petra
1053 680 1323 752 significat
1360 677 1668 741 Christum;
1719 675 1772 728 in

188 785 294 838 hac
354 791 512 850 petra
546 793 608 834 se
653 772 946 832 exaltatum
995 785 1117 825 esse
1169 769 1503 840 pronuntiat,
1555 767 1609 820 in
1669 781 1772 835 qua

186 876 370 933 omnis
391 872 700 928 aedificatus
721 877 802 924 est
824 865 1184 922 Christianus.
1215 861 1256 917 C
1290 860 1562 917 Deduxisti
1597 874 1684 914 me
1713 859 1773 912 in

187 969 357 1028 illam,
386 964 601 1020 scii‘cet
637 961 882 1016 futuram
920 955 1192 1026 requiem,
1237 969 1401 1023 quam
1445 951 1619 1006 beatis
1663 949 1776 1006 suis

189 1058 457 1114 Dominus
485 1054 792 1126 pollicetur.
823 1051 998 1105 Causa
1027 1048 1190 1104 etiam
1221 1045 1481 1112 redditur,
1511 1058 1681 1115 quare
1705 1045 1778 1099 sit

189 1147 386 1203 ductus
421 1147 491 1200 ad
506 1142 816 1216 praemium,
843 1141 968 1211 quia
1018 1140 1197 1210 posuit
1242 1137 1344 1193 sibi
1390 1151 1539 1208 spem
1595 1136 1777 1191 Domi-

190 1253 341 1294 num.
363 1236 567 1291 Turris
589 1234 757 1290 etiam
785 1232 1054 1287 dominum
1075 1227 1376 1300 signiﬁcat;
1435 1227 1604 1282 turris
1627 1227 1774 1282 enim

192 1328 436 1384 civitatis
464 1340 657 1381 muros
685 1323 943 1388 defendit,
973 1334 1030 1378 et.
1061 1322 1330 1376 irruentes
1355 1320 1539 1374 hostes
1560 1333 1627 1373 ex
1669 1316 1776 1372 alto

190 1419 466 1474 vulnerat.
489 1417 584 1472 Sic
603 1415 775 1470 virtus
797 1413 1006 1470 Domini
1036 1412 1288 1482 populum
1319 1425 1474 1465 suum
1506 1408 1773 1473 defendit;

189 1519 398 1581 pugnat
417 1524 561 1565 vero
588 1507 774 1571 verbo,
799 1521 905 1562 non
930 1504 1137 1575 pmlio,
1167 1511 1223 1558 et
1251 1501 1413 1558 turris
1445 1500 1536 1556 illa
1567 1500 1776 1555 virtuti-

192 1602 291 1656 bus
320 1602 484 1673 plena
518 1608 622 1664 est,
651 1614 758 1654 non
784 1597 998 1670 gladiis.

192 1691 227 1744 4
329 1706 404 1747 οε»-
441 1690 511 1745 In
543 1691 564 1760 ζ
597 1689 848 1744 habitabo
865 1689 933 1742 in
958 1687 1298 1742 tabernaculo
1326 1686 1500 1742 tuoin
1529 1686 1725 1742 secula
1754 1703 1773 1740 :

1877 490 2160 544 beatorum
2188 507 2425 562 superno
2455 492 2684 556 nomini,
2715 507 2823 546 non
2854 492 3007 548 brevi
3056 503 3333 564 tempore,
3363 497 3458 550 sed

1879 584 1932 637 in
1963 584 2216 638 saeculum
2259 583 2458 639 saeculi.
2491 583 2625 640 Vota
2657 585 2821 638 etiam
2851 600 2948 639 sua
2987 600 3046 640 se
3077 585 3306 641 Domino
3339 588 3461 643 red-

1876 671 2004 726 dere
2019 673 2440 741 promittit,utei
2472 681 2703 729 :etcrnas
2725 673 2928 744 gratias
2954 689 3166 744 semper
3188 675 3456 731 exsolvat.

1876 763 1953 818 De
1982 765 2070 821 die
2099 765 2153 818 in
2183 765 2345 831 diem,
2377 765 2644 836 signiﬁcat
2688 781 2922 836 semper,
2972 776 3032 820 ut
3083 776 3138 823 et
3196 769 3284 824 hic
3335 780 3458 824 vota

1878 865 2063 911 nostra
2088 857 2398 922 reddamus,
2430 867 2486 912 et
2528 857 2601 913 ibi
2655 858 2844 914 laudes
2895 868 3178 917 cantemus
3227 863 3456 920 Domino

1864 953 2137 1014 perpetua
2168 946 2463 1004 hilaritate.

2371 1052 2575 1094 ORATIO
2604 1054 2670 1092 EI
2697 1054 2845 1094 PSAL.
2870 1057 2961 1096 LX.

1945 1122 2294 1181 Anxietatum
2338 1136 2665 1190 nostrarum,
2703 1130 3214 1190 misericordissime
3256 1152 3456 1193 conso-

1865 1214 2038 1282 lator,
2072 1217 2236 1283 Deus,
2265 1229 2487 1290 protege
2520 1219 2779 1275 familiam
2811 1232 2961 1278 tuam
2992 1240 3022 1278 a
3050 1225 3185 1281 facie
3231 1228 3455 1291 inimici.

1877 1318 1937 1363 ut
1991 1324 2021 1364 a
2066 1319 2117 1365 te
2181 1321 2332 1368 turre
2378 1313 2716 1370 fortitudinis
2770 1319 3113 1385 pra-munita,
3157 1320 3460 1378 inhabitare

1878 1401 2225 1456 tabernacula
2279 1413 2553 1460 mereatur
2593 1413 2820 1462 teterua.
2875 1407 2978 1468 Per
3021 1408 3310 1468 Dominum
3360 1429 3458 1468 no-

1869 1497 2071 1556 strum,
2085 1501 2202 1546 etc.
2679 1517 2701 1534 ε

2418 1565 2741 1624 PSALMUS
2769 1569 2884 1624 LXI

2329 1671 2692 1712 ARGUIENTUII
2722 1674 2870 1714 PSAL.
2898 1676 3014 1716 LXI.

331 1781 600 1851 Protegat
647 1780 706 1834 in
749 1778 1037 1834 velamento
1085 1778 1293 1832 alarum
1339 1789 1572 1833 tuarum.
1641 1777 1774 1833 Dia-
1805 1770 1853 1830 Β
1950 1765 2382 1824 CVoxconversi
2403 1768 2882 1826 dicentisanimam
2899 1788 3050 1828 suam
3066 1773 3176 1830 Dee
3195 1791 3314 1831 esse
3331 1779 3459 1831 sub-

401 1870 636 1942 psalmo.

249 1963 306 2020 ﬂ
330 1961 659 2018 lnhabitabo
688 1961 879 2032 utique
906 1961 960 2016 in
1011 1959 1101 2016 iiio
1148 1959 1522 2026 tabernaculo,
1571 1961 1625 2014 in
1667 1974 1776 2030 quo

179 2061 306 2115 sine
336 2059 451 2115 ﬁne
488 2058 731 2115 mansuri
778 2057 946 2114 Deum
987 2057 1192 2129 jugiter
1235 2056 1683 2126 contemplemus.
1720 2055 1774 2111 .C

191 2151 383 2210 llerito
411 2168 543 2224 ergo
569 2151 853 2223 protectio
901 2151 1113 2206 Domini
1160 2150 1262 2206 alis
1308 2159 1618 2220 comparata
1669 2161 1773 2215 est,

191 2257 307 2312 qua:
334 2257 444 2298 nec
470 2243 744 2312 subjectos
771 2249 1020 2310 onerant,
1050 2250 1107 2296 et
1129 2241 1416 2297 hesionem
1447 2241 1624 2298 omnis
1649 2257 1776 2298 con-

183 2335 492 2392 trarietalis
511 2335 824 2390 emendant.

188 2421 225 2477 5
329 2426 604 2494 Quoniam
651 2437 738 2493 tu,
790 2425 932 2482 Deus
979 2443 1149 2494 meus,
1178 2429 1440 2483 exaudiui
1485 2429 1774 2482 orationem

404 2535 577 2573 meam
607 2535 626 2572 .'

326 2609 540 2664 Dedisti
561 2609 1245 2666 lttrreditatemdimentibus
1271 2627 1456 2666 nomen
1479 2620 1648 2664 tuum.

241 2699 296 2755 ‘C
319 2699 519 2756 Curin
535 2698 850 2756 -velamento
869 2699 1076 2755 alarum
1100 2701 1312 2757 Domini
1338 2701 1567 2766 ltetetur,
1591 2709 1775 2756 osten-

188 2788 285 2854 dit,
313 2788 533 2845 scilicet
559 2790 962 2862 quoniam'ejus
987 2792 1237 2848 exaudita
1274 2800 1360 2848 est
1405 2791 1602 2848 oratio.
1643 2791 1773 2847 ila:-

191 2880 482 2936 reditatem
510 2881 731 2947 dedisti,
761 2882 1035 2954 significat
1085 2883 1252 2939 futuri
1295 2884 1476 2940 steculi
1523 2899 1772 2954 regnum,

187 2967 303 3023 haec
331 2984 445 3024 non
471 2969 638 3025 habet
664 2971 847 3036 tinem;
876 2972 971 3028 sed
994 2987 1118 3028 cum
1147 2973 1314 3029 semel
1364 2985 1612 3044 suscepta
1659 2972 1774 3029 fue-

194 3061 280 3126 rit,
320 3077 609 3132 nunquam
660 3078 692 3118 a
747 3063 905 3120 nobis
960 3067 1257 3122 mutatione
1297 3066 1477 3137 aliqua
1521 3066 1771 3122 discedit.

181 3151 225 3206 5
323 3154 458 3210 Dies
487 3171 644 3225 super
669 3156 784 3212 dies
822 3160 957 3226 regis
983 3156 1244 3226 adjicies':

323 3246 514 3301 Annos
537 3248 652 3316 ejus
673 3248 912 3319 usquein
931 3247 1070 3303 diem
1099 3251 1452 3320 generationis
1474 3258 1522 3305 et
1545 3265 1766 3320 genera-

401 3337 580 3390 tionis.

257 3428 299 3484 C
322 3429 476 3496 Dies,
503 3431 861 3486 aeternitatem
890 3431 1158 3502 significat
1191 3430 1504 3496 Salvatoris,
1531 3431 1620 3502 qui
1647 3445 1770 3487 vere

182 3534 281 3575 res
310 3531 503 3576 noster
527 3520 742 3584 dicitur,
774 3522 1030 3590 quoniam
1059 3523 1128 3577 ab
1157 3522 1273 3592 ipso
1299 3523 1555 3592 regimur.
1594 3520 1638 3575 li
1661 3521 1770 3576 Ad-

187 3606 443 3676 jicientur
462 3611 626 3665 etiam
655 3612 784 3666 anni
813 3611 958 3682 regis
986 3611 1146 3682 hujus
1176 3621 1234 3667 et
1278 3611 1396 3667 dies
1449 3613 1590 3667 inter
1637 3612 1770 3666 istas

188 3701 569 3769 generationes
596 3716 768 3771 usque
797 3701 948 3765 dum,
984 3701 1327 3772 congregatis
1351 3701 1537 3756 electis
1561 3710 1617 3756 et
1645 3717 1771 3772 sup-

183 3789 449 3858 plantatis
506 3790 772 3857 inimicis,
828 3791 1110 3847 tradiderit
1160 3807 1391 3862 regnum
1444 3792 1555 3847 Deo
1599 3791 1767 3857 Patri,

189 3879 346 3935 simul
369 3897 497 3936 cum
530 3882 644 3953 ipso
683 3897 918 3954 regnans
956 3891 1012 3937 et
1059 3899 1181 3938 cum
1234 3883 1453 3939 sanctis.
1503 3882 1544 3938 C
1587 3883 1770 3954 Usque

185 3986 315 4041 ergo
338 3974 394 4028 in
434 3973 577 4030 diem
625 3976 992 4047 generationis
1037 3985 1100 4032 et
1144 3977 1532 4048 generationis,
1578 3977 1631 4031 id
1687 3987 1772 4032 est

193 4076 364 4132 usque
392 4064 459 4119 ad
490 4073 750 4120 aeternum
775 4082 944 4121 unum
973 4066 1116 4122 diem
1149 4067 1199 4121 in
1225 4067 1397 4136 gloria
1427 4069 1541 4134 Dei,
1565 4068 1658 4138 qui
1687 4078 1770 4124 est

193 4151 323 4220 dies,
358 4155 424 4209 ad
452 4170 616 4225 quem
647 4155 828 4211 omnis
871 4157 1149 4227 generatio
1192 4158 1472 4213 hominum
1517 4159 1767 4214 ordinate

184 4241 326 4299 tacta
354 4255 463 4302 est.

194 4335 224 4386 Ἰ
326 4338 609 4396 Permanet
639 4343 695 4397 in
724 4352 975 4397 atomum
997 4342 1053 4395 in
1080 4350 1353 4411 conspectu
1381 4341 1476 4396 Dei
1501 4356 1520 4394 :

323 4429 748 4487 Misericordiam
793 4443 841 4487 et
889 4435 1159 4488 veritatem
1213 4433 1326 4502 ejus
1378 4434 1495 4500 quis
1543 4435 1764 4505 requiret

402 4527 672 4598 -ε-εἱζξν

255 4618 297 4673 C
338 4619 763 4676 Permanebitin
792 4630 1057 4677 aeternum
1078 4663 1092 4688 ,
1121 4622 1327 4678 scilicet
1363 4621 1592 4692 populus
1637 4639 1762 4679 san-

186 4719 302 4765 ctus
330 4711 384 4765 in
411 4712 766 4778 beatitudine,
796 4713 945 4768 nullo
969 4712 1082 4782 jam
1111 4715 1164 4769 in
1187 4729 1254 4769 eo
1289 4715 1482 4769 mortis
1520 4715 1760 4770 dominio

195 4802 514 4856 dominante.
568 4803 610 4857 C
667 4801 1098 4859 Miscricordiam
1159 4806 1282 4874 quis
1333 4805 1614 4876 requiret?
1681 4807 1754 4862 ibi
1850 4807 1854 4811 ’

191 4891 556 4948 misericordia
593 4908 700 4948 non
724 4894 1060 4964 requiretur,
1091 4895 1180 4950 ubi
1230 4895 1409 4950 nullus
1459 4903 1543 4952 est
1570 4900 1754 4956 miser.

194 4977 264 5034 lbi
293 4997 391 5038 nec
443 4985 645 5040 veritas
681 5002 698 5039 :
729 4985 824 5044 ubi
857 4987 1035 5041 cuncti
1066 4989 1233 5043 Deum
1263 4989 1541 5044 videbunt.
1566 4991 1758 5049 Nullus

195 5075 449 5146 siquidem
501 5095 691 5135 eorum
741 5079 1005 5149 indignus
1051 5083 1156 5138 erit
1213 5083 1478 5139 bonorum
1514 5085 1708 5145 talium
1740 5127 1757 5151 ,

194 5183 308 5224 cum
365 5173 421 5227 in
471 5181 734 5228 internum
795 5171 1108 5240 possideam
1137 5190 1299 5245 regna
1328 5174 1609 5233 caelorum.
1642 5180 1756 5235 Nc-

1873 1858 2099 1930 jectam,
2136 1862 2512 1933 monentisque
2547 1873 2808 1929 errantes,
2838 1875 2898 1920 ut
2919 1868 3096 1939 magis
3129 1870 3180 1924 iu
3230 1871 3459 1925 Domino

1870 1939 2040 2022 quam
2062 1952 2118 2007 in
2143 1951 2346 2009 caduca
2369 1953 2528 2022 hujus
2555 1956 2742 2011 mundi
2771 1956 3028 2013 felicitate
3056 1959 3354 2014 conﬁdant.

2035 2042 2145 2098 TT.
2184 2043 2252 2098 In
2281 2044 2438 2113 ﬁnem
2464 2062 2558 2117 pro
2589 2045 2809 2102 Idithun
2833 2048 3065 2115 psalmus
3103 2049 3296 2104 David.

1948 2135 1989 2192 C
2014 2135 2245 2191 Idithum
2275 2137 2978 2209 interpretaturtransiliens
2995 2157 3106 2205 eos,
3135 2141 3187 2196 id
3209 2153 3292 2198 est
3316 2158 3462 2199 ama-

1878 2236 2028 2284 tores
2078 2227 2260 2282 szeculi
2310 2228 2494 2299 hujus,
2533 2245 2670 2300 quos
2716 2230 2872 2286 mites
2899 2231 3099 2288 Christi
3145 2243 3458 2304 contempta

1877 2317 2062 2373 mundi
2077 2318 2351 2374 voluntate
2381 2321 2731 2387 transcendit,
2760 2322 2881 2375 etin
2903 2323 3130 2378 Domino
3155 2340 3248 2394 spe
3264 2326 3459 2381 ﬁrmis.

1861 2409 2011 2465 sima
2038 2412 2398 2481 permanebit.
2432 2411 2580 2467 Talis
2606 2413 2751 2467 enim
2779 2415 3067 2483 praemittit
3089 2417 3267 2483 finem,
3294 2417 3347 2474 id
3372 2427 3461 2475 est

1877 2504 2165 2560 Dominum
2193 2503 2469 2560 Christum
2522 2505 2768 2574 sequitur
2793 2521 3011 2577 quoque
3043 2508 3300 2578 psalmus,
3354 2512 3457 2566 hoc

1874 2605 1960 2652 est
1991 2596 2283 2667 probabilis
2319 2597 2453 2663 vita,
2482 2611 2603 2668 quae
2632 2597 2835 2669 regulis
2857 2599 3069 2654 Domini
3095 2600 3456 2669 obseeundat,

1869 2685 1931 2740 id
1950 2694 2037 2742 est
2059 2685 2263 2742 obedit.

1875 2777 1902 2830 1
2017 2774 2209 2832 Nonne
2243 2776 2350 2832 Deo
2387 2779 2620 2849 subjecta
2657 2781 2754 2834 erit
2783 2781 2961 2835 anima
2994 2798 3108 2836 mea
3140 2783 3166 2837 ?

1940 2858 1970 2868 “’
2013 2868 2091 2923 Ab
2118 2870 2231 2940 ipso
2265 2871 2403 2926 enim
2435 2871 2671 2927 salutare
2696 2889 2867 2927 meum

1947 2961 1988 3015 C
2014 2960 2204 3017 Nonne
2246 2963 2566 3017 vertendum
2596 2971 2699 3028 est,
2729 2973 2788 3017 ut
2814 2963 3029 3034 planius
3057 2965 3166 3030 ﬁat,
3211 2967 3457 3024 dicamus

1873 3053 2019 3108 enim
2046 3070 2060 3107 :
2089 3068 2268 3109 nonne
2294 3053 2417 3110 ‘Deo
2446 3055 2658 3111 subdita
2712 3056 2860 3111 erit?
2896 3055 3157 3114 Subditus
3204 3070 3291 3116 est
3324 3063 3454 3126 Dco,

1877 3146 1968 3215 qui
1995 3160 2210 3217 semper
2235 3147 2514 3202 humiliter
2559 3147 2689 3202 illud
2730 3148 3010 3220 agitquod
3048 3150 3115 3204 ad
3143 3152 3262 3222 ejus
3299 3169 3456 3207 man-

1875 3237 2002 3291 data
2022 3238 2336 3307 cognoverit
2365 3238 2658 3308 pertinere,
2692 3254 2756 3295 ac
2779 3249 2975 3310 praeter
2999 3257 3121 3298 eum
3150 3244 3282 3298 nihil
3311 3245 3456 3300 aliud

1875 3340 2028 3381 mens
2093 3327 2255 3382 beata
2305 3328 2664 3398 concupiscit.
2720 3328 2802 3382 ΑΙ)
2847 3329 2965 3400 ipso
3031 3332 3176 3387 enim
3217 3334 3456 3390 salutare

1874 3434 2078 3484 meum,
2115 3419 2167 3474 id
2196 3427 2280 3475 est
2307 3421 2621 3490 unigenitus
2665 3421 2854 3486 Filius,
2886 3424 2976 3492 qui
3009 3434 3154 3480 recte
3189 3427 3456 3482 credenti-

1873 3512 1975 3568 bus
2001 3513 2256 3568 salutaris
2285 3513 2483 3568 dicitur
2510 3522 2564 3568 et
2588 3514 2792 3570 existit.

1870 3603 1907 3658 2
2016 3603 2160 3658 Nam
2190 3615 2238 3658 et
2261 3604 2369 3675 ipse
2397 3605 2538 3660 Deus
2561 3623 2705 3660 meus
2729 3618 2779 3662 et
2800 3608 3049 3664 salutaris
3081 3627 3224 3666 meus
3255 3629 3274 3667 :

2014 3695 2296 3768 Susceptor
2316 3713 2460 3751 meus
2487 3714 2589 3752 non
2615 3700 2853 3754 movebar
2888 3701 3134 3772 amplius.

1942 3787 1983 3843 C
2013 3787 2150 3842 Nani
2181 3798 2237 3843 et
2283 3789 2398 3859 ipse
2441 3788 2588 3844 Deus
2629 3805 2808 3854 meus,
2851 3807 2994 3847 nunc
3044 3793 3211 3848 Deum
3241 3795 3454 3852 invocat

1867 3893 2030 3949 quem
2093 3878 2340 3948 superius
2396 3879 2690 3934 nominavit
2741 3880 2999 3935 salutare.
3069 3881 3148 3938 Ne
3201 3886 3454 3941 crederes

1870 3976 2048 4020 autem
2089 3967 2353 4021 minorem
2391 3982 2513 4023 esse
2544 3967 2739 4021 Filium
2764 3968 2942 4035 Patre,
2989 3971 3120 4025 dicit
3154 3991 3167 4025 :
3201 3973 3318 4042 Ipse
3367 3983 3454 4030 est

1871 4059 2011 4113 Deus
2071 4073 2242 4113 meus.
2295 4060 2503 4128 Repetit
2557 4060 3048 4127 salutaris‘meus;
3105 4063 3248 4118 salus
3295 4065 3448 4120 enim

1867 4150 2118 4206 Christus
2144 4159 2228 4206 est
2249 4151 2468 4205 humani
2495 4152 2727 4222 generis,
2768 4169 2886 4221 qua:
2916 4153 2967 4206 in
2994 4152 3164 4207 Adam
3193 4156 3448 4224 perierat.

1867 4241 1916 4295 Η
1957 4241 2176 4296 Addidit
2203 4251 2486 4311 susceptor
2532 4257 2719 4305 meus,
2768 4243 2821 4296 in
2853 4243 3180 4308 aeternitate,
3212 4246 3454 4321 .scilices

1871 4333 1990 4389 ideo
2029 4349 2132 4387 non
2193 4332 2449 4388 movebar
2492 4332 2740 4401 amplius,
2801 4333 2926 4402 quia
2972 4333 3256 4404 postquam
3303 4335 3451 4393 felici

1872 4423 2080 4478 visione
2109 4422 2291 4488 fruar,
2321 4423 2514 4478 cadere
2563 4438 2670 4477 non
2717 4423 2936 4478 timebo.
2995 4423 3106 4482 Nec
3152 4425 3310 4485 habet
3341 4444 3450 4497 quo

1870 4522 2052 4570 currat
2081 4514 2329 4584 amplius,
2362 4515 2464 4569 nisi
2495 4529 2664 4584 usque
2693 4514 2760 4569 ad
2791 4515 2984 4570 Deum.

1868 4605 1903 4659 3
2004 4604 2290 4677 Quousque
2325 4606 2528 4658 irruitis
2560 4606 2616 4659 in
2658 4605 2961 4664 hominem?
2993 4609 3284 4680 inter/icitis
3327 4613 3446 4669 uni-

1920 4770 1929 4779 .
2005 4699 2136 4755 versi
2160 4713 2243 4753 vos
2265 4709 2284 4747 ἰ

2013 4790 2284 4864 Tanquam
2308 4792 2495 4861 parieti
2526 4794 2777 4848 inclinato
2806 4804 2853 4848 et
2879 4799 3122 4851 maceria:
3147 4798 3398 4869 depulsa'.

1937 4883 1977 4937 C
2010 4882 2282 4954 Loquitur
2335 4883 2478 4938 enim
2533 4885 2759 4956 pepulus
2814 4885 2907 4941 Dei
2963 4888 3030 4941 ad
3075 4896 3448 4958 persecutores

1832 4947 2331 5030 .Christiauorum:
2380 4947 2630 5040 Quandiu
2667 4975 2880 5044 agmine
2916 4974 3062 5031 facto
3078 4947 3250 5046 supra
3275 4975 3449 5028 homi-

1870 5079 1966 5120 nes
1997 5065 2316 5119 innocentes
2343 5064 2596 5119 irruitis?
2641 5063 2687 5118 ll
2717 5063 2958 5138 Addidit,
2990 5065 3297 5122 interflcitis
3334 5063 3451 5116 uni-

1869 5156 2010 5209 versi
2049 5171 2166 5222 vos,
2205 5154 2442 5226 quiaqui
2467 5156 2801 5209 voluntatem
2839 5155 3002 5208 habet
3050 5151 3326 5210 occidendi
3355 5152 3454 5205 ho-

3023 5246 3114 5264 ’να
3188 5244 3225 5264 l‘
3283 5242 3428 5264 L..a:.
