3986 5412
578 336 695 405 235'

1513 331 1573 386 S.
1615 325 1958 384 BllUNUNlS
1994 324 2533 425 HERPIPOLENSIS
2567 337 2872 397 EPISCOPI

3737 351 3847 409 256

586 474 734 520 recte
760 460 879 517 sitis
903 457 1109 522 creati,
1141 455 1207 508 ad
1240 453 1448 507 ruinam
1508 450 1661 521 proni
1708 447 1965 509 ferimini,
2011 430 2241 515 natu-,A
2269 446 2431 503 celeri
2482 451 2872 522 supplicatione
2911 451 3154 509 festinet.
3186 424 3321 512 Vani
3356 459 3559 517 etenim
3594 462 3848 520 homines

530 601 535 610 .
586 555 819 623 talisque
846 551 898 606 in
946 548 1096 603 vobis
1117 559 1307 601 sensus
1335 555 1623 613 perversus
1649 546 1750 593 est.
1798 537 1839 592 Ο
1868 537 1962 592 Est
1986 546 2166 589 autem

585 643 821 702 maceria
844 641 989 697 sicca
1018 651 1273 694 saxorum
1306 631 1662 695 constructio,
1688 645 1809 699 quae
1838 628 1955 683 sine
1985 626 2165 697 aliquo

580 733 838 809 ligamine
866 732 1111 799 impenso
1142 727 1194 781 in
1233 726 1398 789 altum
1423 723 1585 777 ducta
1615 718 1975 789 componitur.

576 805 647 884 «iv
726 822 1097 880 Verumtamen
1127 818 1348 888 pretium
1392 829 1562 869 meum
1601 812 1953 881 cogitaverunt
2005 805 2167 865 repel-

721 920 825 973 lere
856 913 1106 971 :cucurri
1136 914 1191 965 in
1219 910 1308 964 siti
1332 923 1352 960 :
1607 891 1623 903 ’

725 1012 829 1067 Ore
863 1023 957 1062 suo
1012 1001 1373 1058 benedicebant
1401 1007 1446 1053 et
1470 996 1626 1051 corde
1649 1011 1743 1050 suo
1764 991 2160 1047 maledicebant.

724 1098 1051 1171 Diapsalma.
1456 1140 1469 1145 -

644 1198 689 1253 C
724 1196 832 1250 iste
858 1188 1050 1246 versus
1085 1184 1305 1257 respicit
1328 1182 1396 1237 ad
1429 1181 1645 1237 Iudaeos
1669 1186 1725 1233 et
1744 1176 1809 1232 ad
1841 1175 1994 1231 ﬁctos
2014 1171 2163 1228 Chri-

572 1293 802 1346 stianos.
872 1281 1197 1354 Cogitabam
1253 1276 1498 1333 inﬁdeles
1550 1272 1811 1343 repellere
1864 1267 2158 1328 Christum,

572 1381 664 1449 qui
696 1385 780 1434 est
809 1381 971 1445 caput
1003 1382 1058 1427 et
1098 1369 1328 1441 pretium
1368 1365 1643 1427 Ecclesiae,
1673 1359 1890 1431 quando
1916 1371 1984 1412 ne
2014 1369 2160 1449 puro

575 1448 740 1524 corde
775 1467 1068 1526 coleretur,
1132 1460 1414 1530 sacrilegis
1462 1455 1807 1527 dogmatibus
1849 1448 2158 1533 obviabant.

575 1559 727 1614 Tunc
749 1567 967 1613 sanctus
994 1555 1076 1607 vir
1103 1567 1321 1608 cursum
1358 1549 1480 1602 vitae
1511 1562 1622 1600 suae
1662 1546 1713 1599 in
1745 1543 1834 1599 siti
1860 1537 2162 1597 sterilitatis

576 1651 885 1723 peragebat,
928 1647 1053 1716 quia
1107 1643 1351 1699 invenire
1378 1654 1483 1694 non
1525 1645 1762 1709 poterat,
1813 1648 1973 1704 quem
2003 1647 2159 1686 sacra

575 1745 819 1802 doctrina
866 1747 1126 1811 potasset.
1177 1735 1437 1806 Sequitur
1471 1732 1590 1788 sitis
1628 1744 1830 1786 causa:
1880 1726 2153 1782 benedice.

573 1838 706 1891 bant
743 1797 977 1902 ore,-qui
1001 1831 1173 1899 legem
1226 1797 1401 1881 fallaci
1447 1821 1825 1879 emendatione
1873 1826 2157 1888 pertrans-
2188 1797 2232 1856 Β

571 1934 725 1988 eum,
754 1933 809 1978 et
854 1936 959 1977 non
990 1921 1093 1975 hoc
1140 1917 1396 1987 operibus
1448 1915 1825 1969 demonstrant
1869 1906 2011 1978 quod
2064 1920 2158 1960 ore

573 2016 942 2090 pronuntiant.
987 2011 1162 2068 Corde
1189 2009 1334 2065 enim
1371 2005 1763 2061 maledicebant
1786 2000 1880 2071 qui
1911 1996 2158 2069 Scriptu-

572 2127 663 2166 ras
688 2116 903 2165 sanctas
923 2106 1118 2161 vitiose
1144 2101 1537 2172 intelligebant.

568 2200 605 2255 5
719 2198 1086 2254 Verumtamen
1126 2192 1234 2247 Deo
1261 2190 1495 2260 subjecta
1528 2194 1636 2241 esto
1666 2184 1844 2238 anima
1872 2196 1987 2234 mea
2014 2192 2032 2232 :

716 2292 979 2358 Quoniam
1003 2288 1066 2342 ab
1095 2288 1209 2356 ipso
1246 2282 1500 2355 patientia
1528 2295 1666 2333 mea.

641 2381 860 2438 CNune
918 2377 1112 2449 repetit
1169 2374 1439 2444 Propheta
1500 2368 1645 2439 quod
1699 2365 1948 2435 superius
1995 2362 2153 2427 dixit,

566 2475 807 2530 animam
836 2486 988 2528 suam
1022 2470 1132 2524 Deo
1156 2481 1279 2522 esse
1300 2462 1621 2532 subjectum,
1669 2468 1728 2513 ut
1754 2472 1869 2529 ipsa
1905 2455 2156 2526 repetitio

568 2564 738 2621 menti
762 2574 963 2619 nostrae
976 2558 1350 2633 credulitatem
1374 2554 1642 2623 inﬁgeret.
1665 2547 1934 2605 Patientia
1959 2546 2155 2617 quippe

568 2664 754 2712 nostra
783 2644 1154 2714 Cbristus‘est,
1197 2656 1418 2717 propter
1443 2656 1605 2713 quem
1635 2648 1689 2696 ct
1715 2639 1941 2693 adversa
1981 2634 2154 2689 liben-

570 2755 656 2800 ter
678 2747 935 2815 patimur,
985 2750 1038 2798 et
1068 2748 1332 2810 suscepta:
1375 2735 1572 2807 regulae
1614 2730 1997 2789 observatione
2026 2742 2155 2798 gau-

570 2837 778 2890 demus.

570 2923 604 2978 6
719 2937 772 2977 -t-
803 2922 976 2988 Quia,
996 2921 1104 2990 ipse
1134 2932 1196 2974 σθ-
1224 2916 1366 2970 Deus
1392 2929 1534 2970 meus
1567 2912 1584 2982 ζ
1615 2920 1662 2966 et
1693 2907 1934 2966 Saluator
1962 2923 2106 2960 meus
2134 2922 2154 2961 :

712 3014 944 3085 Adjutor
971 3027 1138 3075 meus,
1164 3025 1269 3065 non
1287 3008 1573 3078 emigrabo.

631 3107 680 3163 (Ξ
707 3105 972 3176 Superius
1007 3103 1280 3158 Christum
1312 3097 1631 3169 patientiam
1657 3092 1977 3158 nominavit,
2010 3108 2153 3149 nunc

566 3198 767 3255 iterum
795 3198 942 3260 dicit,
971 3196 1111 3250 Deus
1133 3208 1317 3258 meus,
1346 3200 1402 3247 et
1422 3188 1675 3245 salutaris
1702 3201 1876 3252 meus,
1915 3185 2041 3255 quia
2072 3201 2156 3239 re-

566 3308 695 3348 vera
727 3291 920 3345 animae
949 3303 1061 3344 suae
1082 3286 1313 3341 salutem
1333 3282 1446 3353 jam
1483 3289 1610 3337 tunc
1637 3294 1733 3350 per
1764 3276 2152 3333 iucarnandum

568 3382 809 3438 Verbum
836 3379 1123 3451 provenire
1144 3375 1420 3431 noscebat.
1477 3371 1591 3426 Non
1616 3369 1916 3440 emigrabo,
1946 3366 2154 3425 scilicet

569 3476 637 3531 de
671 3476 774 3530 hac
803 3471 1122 3528 credulitate
1169 3482 1331 3538 quam
1362 3477 1521 3521 teneo
1564 3463 1648 3521 vel
1699 3477 1862 3518 suasu
1894 3460 2036 3516 malo
2064 3475 2152 3515 ve-

570 3576 707 3634 stro,
740 3564 825 3622 vel
849 3562 1248 3635 persecutione.
1656 3560 1665 3565 '

573 3660 605 3715 Ἰ
712 3658 780 3714 In
807 3657 916 3713 Deo
941 3656 1175 3711 salutare
1199 3668 1369 3706 meum
1412 3659 1459 3706 et
1493 3650 1661 3721 gloria
1690 3660 1807 3703 mea
1836 3664 1857 3705 .‘

716 3748 856 3802 Deus
880 3744 1065 3801 auxilii
1089 3743 1188 3798 mei
1210 3753 1257 3797 et
1280 3758 1392 3812 spes
1420 3756 1534 3795 mea
1557 3740 1613 3794 in
1633 3738 1744 3793 Deo
1768 3752 1830 3794 σε-
1847 3745 1920 3792 est
1953 3786 1972 3805 ,
2007 3775 2019 3789 .
2111 3766 2127 3790 ι.

641 3840 683 3896 (ἶ
713 3837 1078 3910 Congeminat,
1104 3834 1158 3888 in
1212 3833 1324 3888 Deo
1353 3831 1583 3887 salutem
1630 3842 1751 3884 esse
1776 3869 1790 3894 ,
1824 3843 1934 3883 non
1982 3834 2044 3880 ut
2096 3825 2148 3880 in

571 3931 809 4004 gentium
836 3928 940 3987 diis
968 3933 1283 3998 perpetuam
1315 3932 1567 3978 mortem.
1597 3920 1665 3975 Et
1692 3918 1863 3990 gloria
1902 3931 2023 3971 mea
2046 3954 2063 3981 ,
2094 3923 2152 3969 ut

570 4039 680 4079 non
707 4021 881 4078 solum
917 4019 1083 4081 salus,
1107 4019 1201 4074 sed
1226 4016 1388 4072 etiam
1422 4014 1498 4069 illi
1531 4011 1824 4068 credidisse
1853 4009 1922 4065 sit
1955 4007 2147 4077 gloria.

571 4114 715 4170 Deus
741 4109 927 4167 auxilii
957 4108 1086 4175 mei,
1116 4121 1184 4162 ne
1224 4104 1327 4161 sibi
1364 4103 1565 4174 aliquid
1602 4102 1883 4173 deputaret
1912 4099 2153 4154 humana

573 4203 883 4259 inﬁrmitas.
918 4200 1068 4256 Dixit
1093 4207 1368 4270 postremo
1398 4214 1412 4249 :
1438 4209 1564 4265 spes
1589 4207 1710 4248 mea
1736 4191 1790 4246 in
1818 4190 1930 4247 Deo
1956 4196 2061 4254 est,
2093 4197 2151 4243 ut

570 4306 627 4351 et
647 4296 735 4350 illa
757 4294 1048 4366 praeterita,
1084 4309 1204 4364 quae
1230 4297 1564 4363 perceperat,
1610 4286 1837 4342 Domino
1873 4285 2153 4354 deputaret

574 4398 628 4441 et
652 4387 885 4443 futuram
919 4402 1071 4443 suam
1096 4383 1481 4441 beatitudinem
1526 4379 1629 4450 ipsi
1658 4377 1969 4448 applicaret.

2267 539 2521 595 dicuntur
2542 543 2608 597 ad
2638 543 3099 612 comparationem
3129 560 3374 616 supernae
3398 550 3671 607 veritatis.
3697 551 3846 610 Men-

2266 631 2428 689 daces
2456 633 2575 690 illos
2601 636 2798 705 tangit,
2832 637 2924 706 qui
2951 639 3170 695 stateris
3192 639 3393 711 iniquis
3421 644 3719 700 ementium
3754 646 3846 703 de-

2266 722 2473 791 cipiunt
2509 723 2909 794 simplicitatem
2935 742 2950 791 ;
2978 726 3055 781 vel
3078 728 3199 783 illos
3229 738 3384 785 notat
3413 731 3506 801 qui
3530 733 3844 791 sanctitatis

2264 813 2607 871 simulatione
2642 815 2936 886 decipiunt.
2971 818 3040 875 Ut
3061 819 3334 890 decipiant
3358 862 3373 887 ,
3416 831 3672 892 poterant
3699 825 3845 881 enim

2265 920 2374 961 non
2404 906 2675 977 decipere,
2718 908 2763 963 si
2790 923 2979 964 eorum
3024 911 3265 981 nequitia
3292 913 3462 981 possit
3485 914 3845 984 deprehendi.

2264 994 2321 1050 in
2351 994 2603 1065 idipsum,
2628 997 2838 1054 scilicet
2877 999 2932 1054 in
2958 1001 3235 1070 aequitate,
3276 1017 3439 1072 quam
3476 1003 3617 1079 falso
3646 1004 3852 1062 habere

2264 1087 2603 1144 aestimantur
2628 1131 2645 1157 ,
2673 1107 2796 1147 eum
2816 1090 2947 1161 justi
2977 1109 3100 1152 esse
3127 1093 3442 1152 creduntur.

2266 1177 2333 1231 10
2406 1176 2589 1263 Nolite
2622 1197 2833 1251 sperare
2872 1182 2927 1237 in
2970 1183 3247 1253 iniquitate
3291 1201 3310 1240 :
3353 1196 3405 1240 et
3446 1185 3850 1259 rapinasvttolite

2475 1274 2836 1343 concupiscere
2870 1290 2891 1328 :

2405 1362 2615 1419 Divitiw
2639 1365 2686 1420 si
2710 1366 2923 1437 aﬂluant
2947 1367 3106 1423 nolite
3131 1384 3224 1425 cor
3247 1387 3526 1441 apponere.

2332 1450 2373 1508 C
2408 1451 2572 1508 Docet
2618 1454 2764 1510 enim
2801 1456 3037 1524 vitiatos,
3087 1474 3157 1515 ne
3212 1474 3433 1529 sperare
3475 1462 3719 1518 debeant
3757 1462 3841 1518 ubi

2261 1542 2468 1598 fructus
2484 1544 2611 1599 boni
2631 1545 2885 1601 desiderii
2906 1562 3012 1601 non
3036 1557 3213 1618 potest
3233 1548 3484 1606 inveniri.
3511 1553 3657 1608 Dicit
3682 1553 3841 1608 etiam

2262 1635 2329 1690 ad
2356 1650 2636 1706 pauperes,
2664 1637 2757 1706 qui
2788 1639 3113 1694 necessitate
3141 1640 3317 1696 victus
3340 1640 3603 1698 furtivum
3631 1644 3841 1712 aliquod

2262 1725 2672 1793 concupiscunt.
2704 1726 2772 1781 Et
2809 1728 3027 1797 rapinas
3071 1729 3237 1785 nolite
3282 1733 3666 1800 concupiscere
3681 1726 3703 1800 ;’
3740 1748 3842 1788 non

2261 1814 2405 1870 enim
2435 1823 2613 1884 potest
2654 1815 2862 1871 crimen
2888 1819 3094 1889 rapinae
3136 1820 3435 1891 indigentia
3469 1822 3661 1878 tollere
3683 1863 3701 1889 ,
3747 1837 3845 1877 nec

2259 1908 2350 1977 qui
2401 1907 2650 1962 vindicta:
2695 1908 2939 1976 subjacet
2967 1910 3180 1981 culpam
3210 1926 3491 1969 excusare.
3524 1911 3684 1967 Nunc
3708 1912 3847 1967 redit

2259 2000 2326 2055 ad
2357 1999 2575 2066 divites,
2623 2000 2811 2058 dicens
2856 2021 2871 2058 :
2913 2002 3127 2061 Divitiae
3154 2007 3200 2061 si
3223 2005 3462 2062 aﬂluant.
3495 2008 3693 2063 Merito
3716 2022 3849 2080 ergo

2257 2086 2511 2162 praecepit
2534 2093 2791 2150 divitibus
2817 2108 2913 2151 cor
2931 2112 3036 2152 non
3061 2111 3333 2167 apponere
3351 2108 3406 2154 et
3422 2114 3546 2169 qua:
3565 2099 3849 2169 possident

2255 2198 2362 2237 non
2387 2199 2593 2252 amare,
2621 2201 2742 2242 cum
2769 2186 2972 2245 Paulus
3019 2188 3167 2242 dicat
3196 2206 3210 2243 :
3247 2189 3365 2244 Non
3410 2205 3633 2259 sperare
3668 2191 3725 2244 in
3764 2190 3845 2244 iu-

2256 2284 2410 2329 certo
2435 2276 2770 2345 divitiarum,
2807 2280 2901 2334 sed
2930 2281 2983 2333 in
3009 2280 3118 2335 Deo
3144 2280 3264 2334 vivo
3287 2279 3337 2351 (Ι
3372 2279 3507 2335 Tim.
3545 2282 3642 2352 vi).

2257 2367 2318 2422 11
2397 2367 2572 2424 Semel
2597 2370 2800 2427 locutus
2825 2382 2901 2427 est
2929 2372 3072 2427 Deus
3104 2386 3121 2424 :
3156 2373 3261 2427 duo
3286 2373 3396 2428 licet
3422 2376 3622 2429 audiui.

2398 2460 2536 2527 Quia
2582 2474 2811 2533 potestas
2852 2464 2950 2520 Dei
2990 2474 3067 2520 est
3108 2473 3155 2520 et
3198 2465 3331 2532 tibi,
3364 2465 3605 2533 Domine,
3634 2459 3845 2523 tma-

2467 2555 2646 2607 cordia
2681 2568 2701 2606 :

2401 2641 2544 2709 Quia
2563 2654 2619 2699 tu
2642 2646 2827 2700 reddes
2854 2647 3134 2717 unicuique
3150 2647 3310 2717 juxta
3333 2664 3490 2718 opera
3527 2666 3646 2704 sua.

2324 2731 2365 2788 C
2396 2733 2633 2789 Locutus
2677 2744 2761 2791 est
2789 2734 3102 2806 frequenter
3140 2737 3386 2807 patribus
3427 2740 3630 2795 nostris
3672 2739 3841 2805 Deus,

2257 2826 2350 2883 sed
2378 2825 2545 2881 semel
2569 2826 2780 2885 locutus
2808 2836 2892 2884 est
2917 2828 3057 2884 Filio
3086 2844 3210 2895 suo,
3245 2830 3433 2886 dicens
3457 2848 3470 2884 :
3497 2830 3671 2898 Filius
3688 2846 3842 2887 meus

2255 2930 2314 2970 es
2349 2924 2421 2981 tu,
2453 2932 2554 2986 ego
2578 2918 2738 2973 hodie
2766 2918 2926 2989 genui
2960 2928 3009 2974 te
3032 2918 3220 2988 (Hebr.
3250 2920 3295 2991 ι)
3320 2961 3335 2986 ,
3384 2921 3487 2979 hoc
3523 2922 3669 2976 enim
3708 2921 3841 2977 nulli

2255 3009 2411 3065 alteri
2441 3010 2661 3067 Patrem
2702 3011 2869 3068 fuisse
2912 3012 3149 3069 locutum
3198 3013 3549 3071 manifestum
3577 3024 3685 3071 est.
3723 3016 3840 3073 Duo

2264 3102 2379 3157 btec
2413 3102 2593 3157 audivi
2622 3103 2675 3157 in
2698 3103 2987 3174 Evangelia
3012 3121 3025 3159 :
3053 3103 3381 3161 Potestatem
3404 3106 3581 3162 habeo
3606 3107 3842 3177 ponendi

2263 3202 2495 3254 animam
2521 3213 2695 3254 meam
2717 3239 2731 3265 ,
2756 3208 2812 3254 et
2835 3199 3029 3254 iterum
3062 3198 3306 3255 sumendi
3336 3214 3454 3254 eam
3485 3198 3612 3270 (Job
3640 3200 3720 3271 ι).
3748 3201 3842 3256 Se-

2257 3289 2443 3359 quitur
2470 3288 2603 3344 illud
2630 3289 2953 3363 secundum,
2999 3297 3055 3354 et
3102 3290 3220 3357 tibi,
3247 3289 3494 3355 Domine,
3530 3291 3843 3349 misericor-

2257 3382 2364 3447 dia,
2388 3381 2840 3447 subaudiendum,
2865 3381 3371 3452 plaeet,utrumque
3391 3382 3613 3441 deitatis
3629 3388 3736 3449 est,
3760 3392 3842 3447 ut,

2256 3472 2465 3528 scilicet
2491 3471 2917 3528 misericorditer
2945 3472 3117 3542 possit
3146 3481 3199 3529 et
3222 3482 3470 3543 potenter
3493 3474 3839 3528 misereatur.

2253 3563 2320 3618 Et
2364 3572 2425 3618 ut
2477 3563 2581 3618 hoc
2630 3562 2697 3618 de
2755 3561 2972 3618 Christo
3028 3563 3230 3618 dictum
3287 3562 3498 3632 planius
3545 3561 3839 3634 intelligas,

2252 3653 2495 3721 sequitur
2531 3662 2743 3721 tempus
2763 3651 2953 3722 judicii
2982 3669 2996 3705 :
3027 3650 3154 3721 quia
3184 3661 3237 3705 tu
3281 3650 3496 3716 reddis;
3534 3649 3705 3706 Pater
3738 3666 3842 3706 non

2245 3741 2455 3810 iudicat
2503 3754 2853 3812 quemquam,
2907 3743 3002 3799 sed
3026 3758 3188 3799 omne
3228 3741 3493 3811 judicium
3522 3743 3680 3799 dedit
3706 3742 3845 3798 Filio

2251 3833 2374 3902 (Job
2414 3834 2490 3904 v).
2522 3831 2841 3889 Ostenditur
2868 3848 3000 3905 ergo
3045 3848 3113 3888 ex
3140 3832 3262 3888 istis
3296 3833 3469 3888 tribus
3509 3832 3742 3889 Christo
3767 3842 3846 3888 at-

2254 3921 2467 3977 tributis
2495 3962 2510 3986 ,
2556 3921 2752 3978 scilicet
2795 3922 3056 3978 locutione
3096 3923 3355 3994 singulari
3397 3932 3454 3979 et
3479 3933 3759 3994 potestate
3792 3936 3845 3981 et

2251 4015 2652 4080 misericordia,
2676 4015 2924 4071 similiter
2941 4016 3147 4086 judicio
3165 4032 3288 4073 eum
3312 4032 3475 4072 unum
3502 4030 3630 4073 esse
3657 4034 3846 4074 verum

2253 4119 2373 4160 cum
2406 4105 2569 4161 Patre
2592 4105 2781 4161 Deum.

2740 4214 2939 4256 ORATIO
2968 4214 3038 4255 EX
3065 4215 3214 4257 ΡΒΔΙ..
3238 4217 3329 4256 LXI

2325 4286 2508 4345 Subde
2538 4289 2656 4355 tibi,
2684 4288 2910 4345 Domine
2933 4329 2949 4355 ,
2980 4289 3190 4345 animas
3218 4299 3431 4347 nostras
3455 4332 3469 4358 ,
3497 4294 3768 4363 quoniam
3792 4301 3845 4348 tu

2253 4394 2310 4434 cs
2338 4380 2600 4450 patientia
2643 4396 2794 4445 vera,
2834 4390 2892 4435 ut
2919 4392 3207 4437 renuentes
3233 4382 3440 4438 incerta
3491 4383 3844 4447 divitiarum.

574 4482 607 4533 8
719 4477 934 4548 Sperate
977 4478 1030 4531 in
1070 4493 1130 4531 eo
1180 4474 1348 4530 omnis
1376 4471 1706 4541 congregatio
1742 4468 1918 4538 populi
1944 4480 1962 4518 :
1985 4466 2149 4534 r/fuu-
2177 4514 2232 4574 Β
2259 4479 2311 4525 te
2332 4470 2529 4537 solum,
2560 4481 2870 4542 contempta
2889 4472 3035 4528 omni
3065 4473 3336 4529 mundana
3360 4474 3632 4542 veritate,
3657 4491 3847 4546 sequa-

784 4568 890 4621 dile
910 4583 1087 4620 coram
1122 4563 1214 4619 illo
1244 4562 1405 4616 corda
1435 4569 1606 4615 ucstra
1634 4571 1651 4609 :

719 4659 859 4726 Quia
889 4658 1029 4712 Deus
1061 4657 1276 4726 adjutor
1302 4663 1475 4708 uoster
1508 4664 1566 4706 σξ-
1595 4651 1650 4704 in
1688 4659 1939 4704 retentum
1974 4649 1992 4718 ζ
2025 4664 2043 4700 ;

721 4749 1046 4820 Diapsalma.

644 4846 686 4902 C
722 4844 948 4918 Sperate
989 4843 1042 4895 in
1089 4855 1188 4903 eo,
1236 4838 1288 4893 id
1332 4844 1416 4893 est
1461 4837 1514 4891 in
1546 4835 1727 4901 illum,
1759 4834 1968 4890 scilicet
1992 4848 2151 4904 quem

587 4939 678 4995 sibi
725 4945 782 4992 et
836 4935 1002 4990 Deum
1052 4930 1328 5004 professus
1376 4929 1554 4986 fuerat
1597 4936 1652 4985 et
1693 4927 1922 4982 salutem
1976 4925 2155 4981 omnis

579 5036 875 5074 mnvnntns
899 5025 1091 5074 nitebis.
1121 5023 1358 5074 Etl'undit
1383 5033 1509 5074 ante
1533 5022 1816 5074 Dominum
1852 5034 1947 5074 cor
1971 5033 2149 5074 suum.

2257 4577 2397 4617 mur.
2438 4562 2540 4617 Per
2563 4562 2847 4618 Dominum
2877 4573 3119 4619 nostrum
3139 4563 3345 4633 Jesum,
3371 4578 3479 4622 etc.

2774 4654 3112 4743 (PSALMUS
3141 4656 3300 4711 LXII.

2690 4761 3054 4801 ARGUIENTUM
3101 4762 3249 4802 Ρδλι.
3278 4764 3408 4805 LXII.
3802 4794 3807 4801 .

2330 4833 2370 4889 C
2401 4833 2645 4891 Ecclesia
2691 4836 3006 4890 desiderans
3046 4838 3257 4892 Domini
3299 4841 3484 4896 videre
3536 4842 3847 4906 virtutem,

2257 4928 2367 4997 agit
2387 4926 2592 4998 gratias
2614 4967 2628 4993 ,
2658 4927 2783 4998 quia
2825 4928 2924 4983 sub
2945 4930 3287 5000 protectione
3320 4930 3536 4988 Domini
3568 4934 3846 5003 procellas

2258 5017 2439 5073 mundi
2468 5017 2660 5072 evasit.
