3986 5412
545 346 689 413 339'
736 360 743 367 '

1498 342 1566 399 Β.
1611 332 1955 395 BIlUM/MS
1992 328 2530 390 llERBlPOLENSlS
2568 327 2872 388 EPISCOPI

3720 324 3829 383 ιω

564 462 760 520 rillcet.
782 459 885 516 Per
903 456 1188 514 Dominum
1211 462 1455 512 nostrum
1490 451 1674 509 Jesum
1696 446 1995 515 Christum,
2030 457 2135 503 etc.
2167 447 2218 505 Α
2312 442 2353 499 C
2376 442 2722 498 Consuetudo
2747 438 3085 511 peccantium
3117 446 3218 503 est,
3238 445 3297 494 ut
3319 436 3408 509 qui
3428 436 3612 493 dolum
3635 446 3821 508 parat-

1080 545 1303 602 PSALM
1313 544 1400 603 US
1445 542 1628 599 LXIII.

973 653 1340 695 ARGUMENTUH
1387 652 1534 692 PSAL.
1574 649 1728 688 LXIII.

633 756 676 812 C
710 754 962 811 Christus
997 767 1095 824 per
1122 759 1292 806 totum
1331 750 1476 804 hunc
1502 745 1767 818 psalmum
1798 743 1865 798 de
1892 757 1987 798 sua
2017 757 2144 814 pas-

554 849 710 906 sione
739 848 998 919 loquitur.

878 940 988 995 TT.
1041 938 1109 993 In
1135 938 1297 1007 ﬁnem
1330 933 1563 1006 psalmus
1599 930 1786 986 David.

629 1032 672 1088 C
709 1030 873 1087 Tituli
904 1028 1063 1097 hujus
1091 1028 1261 1084 verba
1303 1025 1470 1095 (sicut
1506 1038 1647 1093 saape
1676 1023 1883 1078 dictum
1925 1018 2031 1092 est)
2063 1034 2146 1075 re-

565 1124 814 1181 feruntur
842 1121 910 1178 ad
960 1119 1251 1175 Dominum
1297 1116 1573 1173 Christum
1601 1154 1616 1179 ,
1677 1112 1769 1182 qui
1835 1127 1932 1182 per
1974 1118 2143 1164 totum

563 1214 829 1271 psalmum
862 1213 1076 1269 locutus
1118 1220 1223 1278 est,
1274 1209 1365 1280 qui
1409 1216 1594 1265 sextus
1638 1219 1758 1261 esse
1803 1202 2145 1275 cognoscitur

560 1308 759 1362 horum
792 1305 891 1375 qui
938 1304 1245 1374 passionem
1292 1297 1853 1366 resnrrectionemque
1904 1292 2145 1349 Domiti-io

548 1412 676 1452 earn
706 1395 855 1452 brevi
888 1394 1215 1451 revelatione
1236 1392 1579 1462 contingunt.

554 1489 587 1543 ‘I
704 1487 941 1553 Exaudi,
969 1487 1135 1550 Deus,
1163 1485 1448 1539 orationem
1474 1499 1646 1537 meam
1678 1497 1796 1535 cum
1819 1480 2066 1551 deprecor
2089 1494 2109 1533 :

705 1580 746 1633 A
775 1578 960 1633 timore
998 1577 1199 1631 inimici
1227 1576 1369 1645 eripe
1393 1574 1628 1628 animam
1664 1588 1854 1627 meam.

627 1668 670 1725 ει
708 1670 751 1724 Δ
781 1677 934 1740 parte
982 1667 1336 1723 humanitatis
1361 1673 1653 1735 assumpta:
1705 1662 2019 1734 postulabat
2046 1661 2145 1717 Do-

564 1762 745 1817 minus
773 1760 1046 1824 Christus,
1072 1766 1132 1814 ut
1159 1757 1279 1829 ejus
1314 1755 1640 1811 exaudiatur
1671 1755 1850 1809 oratio
1872 1794 1887 1818 ,
1929 1752 2145 1823 quando

2251 536 2524 591 hominem
2556 549 2616 591 se
2643 543 2795 605 putet
2822 532 3009 588 fallere
3057 547 3236 605 posse,
3268 532 3346 587 sic
3375 530 3545 587 Judaei
3588 531 3821 596 confusi,

2248 628 2524 684 Christum
2564 625 2939 681 tantummodo
2971 623 3243 691 hominem
3277 631 3554 694 putantes,
3586 623 3827 694 maligni-

2251 727 2415 774 tatem
2453 732 2607 774 suam
2631 730 2740 773 non
2764 714 3062 772 credebant
3095 713 3312 786 agnosci
3340 713 3408 770 ab
3438 713 3553 783 illo,
3577 713 3669 770 cui
3698 728 3833 769 cun-

2247 822 2333 868 cta
2368 817 2578 882 patent.

2248 902 2281 957 6
2392 900 2632 957 Scrutati
2661 908 2779 954 sunt
2810 899 3114 973 iniquitates
3146 913 3167 952 :

2392 992 2700 1063 Defecerunt
2735 999 3027 1057 scrutantes
3051 989 3333 1045 scrutinio.

2321 1086 2362 1139 C
2397 1084 2637 1141 Scrutati
2684 1091 2807 1140 sunt
2845 1082 3017 1139 Judaei
3045 1080 3360 1154 iniquitates
3405 1096 3421 1136 :
3470 1093 3610 1151 quas
3639 1077 3838 1148 utique

2246 1178 2661 1251 praetermittere
2691 1176 3021 1242 debuissent,
3056 1175 3184 1231 dum
3233 1172 3439 1229 nullum
3485 1171 3563 1229 ibi
3588 1171 3833 1233 fructum

2246 1289 2358 1329 sua:
2388 1272 2581 1328 salutis
2634 1280 2885 1342 poterant
2911 1270 3172 1327 invenire.
3214 1268 3481 1324 Dixerunt
3525 1265 3678 1321 enim
3714 1284 3731 1320 :
3773 1265 3832 1320 Si

2211 1386 2219 1393 ·
2249 1365 2576 1421 dimittimus
2604 1380 2729 1420 cum
2755 1365 2834 1421 sic
2858 1363 3038 1435 (Joan.
3066 1362 3167 1435 xi),
3196 1360 3413 1417 venient
3437 1357 3700 1423 Romani,
3720 1366 3830 1413 etc.

2255 1457 2584 1514 Defecerunt
2632 1474 2647 1512 :
2693 1456 2818 1530 quia
2847 1469 3061 1523 semper
3090 1454 3145 1509 in
3192 1453 3522 1525 cogitatione
3545 1450 3835 1518 deficiunt,

2245 1549 2336 1619 qui
2365 1549 2432 1605 ad
2464 1564 2550 1606 res
2578 1548 2847 1619 pessimas
2871 1546 3156 1617 pervenire
3177 1544 3539 1602 contendunt.

2249 1640 2279 1693 7
2393 1638 2615 1694 Accedet
2643 1639 2796 1693 homo
2822 1637 2892 1691 ad
2918 1652 3010 1691 cor
3028 1636 3195 1692 altum
3213 1651 3236 1691 ξ

2389 1727 2458 1783 Et
2482 1727 2803 1785 exaltabitur
2830 1727 2990 1782 Deus.

563 1854 695 1910 totis
724 1853 931 1908 viribus
961 1816 1364 1922 petitur,'quod
1395 1846 1655 1917 prodesse
1700 1816 1964 1907 sentitur:
1999 1843 2044 1897 A
2072 1843 2139 1897 ti-

2258 1824 2278 1879 3
2385 1819 2585 1892 Sagitta
2606 1818 2946 1891 parvulorum
2972 1817 3131 1889 factm
3158 1825 3278 1873 sunt
3301 1816 3474 1888 plagae
3492 1831 3676 1872 eorum
3704 1828 3728 1872 :
3802 1842 3807 1850 ι

560 1960 715 2002 more
737 1943 966 2007 inimici,
994 1942 1047 1997 id
1072 1949 1156 1997 est
1181 1938 1374 2007 Judaei,
1402 1937 1447 1993 Η
1468 1936 1554 1994 vel
1581 1935 1781 1993 diaboli
1810 1954 1825 1990 :
1858 1948 1987 1991 suos
2012 1932 2119 1990 fide

563 2035 642 2093 les
666 2035 802 2105 eripi
830 2032 1159 2106 postulabat.

555 2126 594 2181 2
697 2124 986 2182 Pratea‘isti
1021 2140 1102 2179 me
1130 2139 1163 2177 a
1197 2130 1445 2178 conuentu
1483 2118 1889 2197 mglignantium
1910 2130 1929 2169 :

669 2220 747 2280 ,Α
776 2218 1111 2274 multitudine
1145 2215 1472 2288 operantium
1511 2198 1860 2283 iniquitatem.

626 2288 675 2369 ϐ’
705 2312 991 2368 Protectus
1013 2320 1096 2366 est
1119 2308 1275 2380 plane
1301 2322 1333 2362 a
1360 2312 1630 2362 conventu
1654 2300 1989 2365 Judaeorum,
2016 2296 2141 2367 quia

560 2408 690 2463 dum
729 2405 807 2461 illi
837 2420 963 2462 eum
993 2403 1280 2459 crederent
1326 2396 1688 2456 communiter
1714 2392 1878 2459 mori,
1911 2388 2029 2460 ejus
2059 2402 2144 2443 re-

559 2499 917 2558 surrectionis
943 2496 1116 2569 gloria
1153 2494 1454 2566 probantur
1497 2505 1621 2547 esse
1668 2484 1902 2544 confusi.
1952 2483 2144 2538 Prote-

557 2600 681 2648 etus
717 2599 802 2648 est
830 2590 1035 2660 itaque,
1082 2586 1209 2658 quia
1239 2583 1595 2655 malignorum
1640 2577 1864 2635 insidias
1889 2571 2143 2645 potentiae

555 2700 670 2743 sua:
721 2685 925 2740 virtute
976 2678 1272 2752 superavit.
1330 2676 1379 2732 Α
1425 2671 1772 2730 multitudine
1833 2665 2018 2732 dixit,
2084 2672 2146 2718 ut

558 2786 745 2834 actum
786 2773 1120 2846 exprimeret
1145 2769 1437 2843 passionis,
1466 2765 1714 2837 superius
1765 2760 1910 2817 enim
1945 2756 2083 2814 dixit
2113 2770 2143 2811 a

551 2879 826 2927 conventu
872 2865 1285 2938 malignantium
1311 2903 1327 2929 ,
1383 2859 1528 2931 quod
1578 2858 1649 2912 ad
1695 2853 1922 2911 consilia
1968 2857 2145 2922 potest

548 2959 770 3027 referri,
812 2959 915 3015 hoc
939 2963 1123 3011 autem
1164 2953 1233 3009 ad
1281 2958 1465 3009 actum
1495 2961 1682 3006 eorum
1714 2987 1731 3013 ,
1790 2944 1914 3001 ideo
1958 2940 2093 2998 dixit
2126 2954 2139 2989 :

552 3049 909 3123 Operantium
941 3045 1302 3118 iniquitatem.

536 3149 590 3203 ἲ
700 3144 837 3212 Quia
860 3152 1178 3200 exacuerunt
1214 3148 1269 3194 ut
1292 3137 1525 3210 gladium
1563 3136 1770 3207 linguas
1803 3150 1927 3189 sua:
1958 3147 1986 3189 ε

701 3235 1045 3292 Intenderunt
1079 3247 1260 3287 arcum
1289 3245 1396 3284 rem
1425 3242 1661 3283 amaram
1701 3234 1755 3280 ut
1799 3223 2042 3295 sagittent
2086 3222 2141 3277 in

768 3327 990 3384 occultis
1027 3322 1424 3381 immaculatum
1450 3337 1472 3377 :

628 3423 671 3478 C
710 3419 828 3476 Jam
858 3417 1106 3474 redditur
1142 3429 1331 3483 causa,
1360 3427 1462 3470 cur
1505 3418 1784 3482 pr0tectus
1809 3408 1882 3463 sit
1906 3408 1974 3464 ab
2014 3421 2143 3478 ope-

557 3512 807 3568 rentibus
835 3508 1198 3580 iniquitatem,
1232 3519 1357 3560 nam
1387 3511 1645 3575 quantum
1678 3500 1760 3555 illi
1782 3499 1992 3568 linguas
2015 3512 2142 3553 suas

555 3602 706 3660 velut
741 3597 1081 3658 mortiferum
1125 3597 1360 3669 gladium
1402 3600 1756 3657 exacuerant,
1811 3599 2020 3644 tantum
2050 3602 2140 3643 eo-

558 3709 679 3750 rum
724 3691 981 3763 iniquitas
1021 3688 1410 3762 frangebatur,
1444 3694 1500 3740 et
1549 3684 1631 3739 eis
1675 3681 1851 3752 magis
1875 3680 2142 3735 nocebant

558 3801 721 3857 quam
760 3784 999 3840 Christo.
1052 3780 1265 3837 Etenim
1296 3794 1413 3835 mos
1441 3786 1525 3835 est
1555 3773 1918 3847 peccantium,
1945 3779 2005 3826 ut
2028 3769 2142 3841 pri-

530 3889 707 3936 ‘mum
751 3876 854 3933 sibi
883 3882 1130 3940 noceant,
1170 3874 1262 3945 qui
1314 3872 1545 3927 alterum
1587 3882 1816 3940 gravare
1854 3864 2137 3922 festinant.

559 3968 795 4040 Linguas
842 3973 1216 4032 exacuerunt,
1273 3962 1488 4035 quando
1519 3973 1651 4017 voce
1683 3973 1791 4014 una
1836 3957 2090 4013 dixerunt
2123 3974 2136 4009 :

556 4059 848 4131 Crucilige.
884 4056 1239 4114 Intenderunt
1272 4068 1482 4117 arcum,
1520 4050 1575 4106 id
1604 4057 1688 4105 est
1716 4047 1941 4104 insidias
1961 4044 2142 4103 occul-

556 4163 665 4208 tas.
705 4151 749 4208 0
774 4166 861 4206 res
903 4164 1089 4206 amara
1119 4155 1174 4204 et
1201 4146 1348 4203 omni
1378 4143 1502 4201 felle
1549 4141 1802 4199 deterior.
1843 4139 2137 4195 Convivam

561 4242 629 4297 ad
662 4241 1049 4313 proditionem,
1082 4237 1407 4309 discipulum
1436 4236 1503 4291 ad
1554 4248 1763 4301 necem,
1794 4239 2139 4289 conservato-

559 4349 676 4390 rem
709 4333 952 4403 pecuniae
978 4331 1200 4404 praemio
1230 4329 1473 4402 pecuniae
1502 4327 1668 4383 fuisse
1695 4335 2029 4397 corruptum.
2079 4322 2135 4378 In

557 4425 789 4482 occultis
818 4442 832 4478 :
862 4424 944 4480 sic
971 4422 1346 4494 accipiendum
1376 4430 1481 4487 est,
1524 4427 1583 4474 ut
1619 4417 1790 4474 Judaei
1833 4422 2089 4488 putarunt
2121 4431 2134 4466 :

518 4525 838 4581 Rczeterum,
865 4523 1013 4570 actus
1048 4528 1235 4570 eorum
1278 4511 1522 4569 occultus
1582 4524 1705 4566 esse
1754 4508 1974 4564 Christo
2026 4521 2135 4560 non

557 4608 756 4678 potuit,
782 4608 871 4677 qui
902 4606 1214 4681 frequenter
1233 4613 1358 4660 ante
1379 4603 1668 4674 praadictus
1695 4608 1959 4669 estquam
1986 4597 2136 4653 fiere.

556 4698 899 4754 Immaculati
926 4698 1181 4753 dicuntur
1200 4696 1365 4752 etiam
1392 4695 1484 4765 qui
1517 4693 1684 4749 abluti
1717 4706 1748 4745 a
1783 4688 2021 4759 peccatis
2046 4686 2137 4742 Dei

559 4796 686 4843 sunt
713 4787 1107 4853 misericordia,
1131 4786 1224 4843 sed
1249 4801 1377 4842 vere
1405 4782 1782 4840 immaculatus
1808 4778 1956 4836 solus
1983 4777 2142 4835 Chri-

558 4886 674 4932 stus
704 4885 807 4943 est,
835 4877 926 4948 qui
960 4876 1160 4932 nullam
1188 4875 1455 4932 maculam
1491 4871 1786 4929 contraxit.

556 4967 591 5020 4
698 4964 883 5023 Subito
910 4967 1229 5039 sagittabunt
1259 4982 1378 5022 eum
1414 4973 1462 5020 et
1493 4979 1598 5018 non
1631 4961 1880 5015 timebunt
1903 4971 1922 5010 :

698 5056 1069 5114 [firmaverunt
1094 5059 1194 5114 sibi
1219 5070 1513 5113 sermonem
1545 5068 1784 5122 nequam.

632 5148 823 5205 Subito
853 5150 1007 5220 quasi
1036 5149 1197 5205 invisi
1227 5147 1315 5202 vel
1337 5161 1404 5201 ex
1435 5143 1749 5214 improviso.
1794 5141 1835 5195 Η
1878 5139 1947 5195 Ut
1970 5138 2138 5196 Judaei

2171 3200 2219 3262 ε
2250 3185 2581 3258 malignitate
2637 3183 2938 3241 szevissima
2989 3199 3007 3239 :

2390 1910 2459 1965 Et
2494 1910 2780 1979 inﬁrmata!
2802 1917 2923 1965 sunt
2949 1917 3132 1964 contra
3152 1924 3240 1964 eos
3261 1907 3454 1978 lingua:
3477 1922 3686 1962 eorum.

2247 2002 2282 2059 9
2389 2000 2697 2057 Conturbati
2720 2009 2839 2054 sunt
2865 2015 3041 2055 omnes
3063 1999 3153 2072 qui
3180 1998 3420 2054 uidebant
3443 2014 3532 2052 eos
3554 2013 3581 2053 :

2389 2091 2457 2148 Et
2498 2093 2671 2148 timuit
2695 2093 2865 2149 omnis
2894 2092 3071 2148 homo.

2248 2184 2314 2240 ιθ
2386 2184 2455 2238 Et
2484 2183 2929 2238 annuntiauerunt
2952 2198 3115 2253 opera
3146 2182 3243 2239 Dei
3270 2199 3290 2238 :

2386 2270 2453 2326 Et
2477 2273 2618 2343 [acta
2648 2272 2760 2342 ejus
2781 2249 3175 2335 intellegerunt.

2317 2363 2362 2420 C
2388 2362 2496 2420 Cur
2519 2363 2664 2419 enim
2687 2362 2857 2418 altum
2874 2371 2959 2419 est
2988 2372 3136 2430 tunc,
3152 2361 3546 2435 quandohomo
3577 2361 3835 2419 caelestia

2246 2457 2452 2527 cogitat
2475 2462 2533 2511 et
2559 2463 2777 2511 terrena
2802 2454 3024 2510 devitat.
3070 2454 3178 2511 Iste
3211 2470 3320 2509 non
3354 2453 3540 2510 delicit
3567 2453 3717 2508 sicut
3742 2452 3831 2507 ille

2247 2548 2340 2619 qui
2391 2547 2736 2603 scrutabatur
2797 2545 3101 2611 scrutinio,
3148 2547 3244 2601 sed
3306 2542 3481 2617 magis
3547 2544 3833 2616 magisque

2248 2639 2468 2705 crescit,
2499 2638 2625 2708 quia
2666 2637 2719 2693 in
2765 2634 2883 2705 ejus
2928 2636 3094 2692 corde
3137 2636 3469 2692 exaltabitur
3497 2635 3671 2699 Deus.
3722 2649 3829 2689 non

2249 2734 2303 2789 in
2356 2748 2434 2788 se.
2484 2731 2629 2787 Deus
2673 2729 2818 2785 enim
2863 2730 2918 2784 iu
2953 2743 3019 2786 co
3047 2729 3372 2803 grandescit,
3398 2727 3490 2800 qui
3533 2726 3836 2783 sanctitate

2247 2823 2466 2880 crescit.

2317 2913 2358 2970 C
2388 2912 2740 2968 Parvulorum
2771 2911 2983 2985 sagitta:
3015 2929 3030 2967 :
3061 2912 3241 2968 inania
3276 2910 3383 2968 tela
3402 2917 3551 2977 sunt,
3580 2908 3681 2981 qui
3712 2916 3831 2964 stu—

2248 3006 2343 3063 dio.
2368 3005 2584 3061 ludendi
2617 2993 3067 3075 tragiiesi‘cannas
3104 3003 3291 3075 jacere
3332 3011 3747 3061 consueverunt
3779 3002 3835 3057 in

2249 3095 2467 3151 modum
2510 3094 2851 3167 sagittarum.
2909 3093 2999 3151 Sic
3038 3094 3346 3151 Iudaeorum
3387 3102 3511 3150 vota
3564 3090 3833 3149 ἰηεῶωεὶ

3059 3200 3167 3241 non
3229 3184 3530 3240 intulerunt
3596 3182 3833 3238 flendam

2254 3286 2508 3343 mortem,
2525 3275 2620 3332 sed
2637 3274 3082 3345 gloriosissimam
3108 3275 3438 3347 passionem.
3466 3272 3515 3328 Η
3539 3273 3838 3329 Inﬁrmata:

2248 3378 2375 3425 sunt
2398 3367 2609 3438 lingute,
2641 3366 2771 3437 quia
2801 3365 3004 3421 nullam
3030 3366 3174 3437 cepit
3202 3364 3554 3439 stabilitatem
3592 3363 3837 3420 elocutio

2247 3474 2434 3515 eorum
2453 3499 2469 3526 ,
2503 3458 2597 3514 sed
2621 3458 2776 3514 dolus
2805 3472 2996 3514 eorum
3030 3456 3262 3513 reddidit
3288 3471 3383 3513 eos
3412 3454 3688 3510 infirmos.

2316 3544 2358 3601 C
2403 3544 2730 3601 Conturbati
2777 3552 2905 3600 sunt
2951 3557 3019 3598 ex
3072 3542 3181 3599 illis
3228 3543 3449 3614 quidam
3505 3542 3841 3605 credentes,

2244 3635 2461 3707 quando
2494 3643 2758 3691 venerunt
2780 3642 2836 3690 et
2860 3632 3114 3689 dixerunt
3146 3632 3215 3687 ad
3229 3632 3539 3704 apostolos:
3575 3629 3725 3698 Quid
3751 3630 3838 3685 fa-

2243 3727 2475 3792 ciemus,
2503 3725 2603 3780 viri
2632 3723 2865 3780 fratres?
2886 3723 3025 3795 (Act.
3058 3723 3141 3796 ll.)
3155 3724 3222 3779 Et
3248 3723 3624 3779 timuitomnis
3645 3722 3832 3778 homo.

2244 3822 2387 3878 Dicit
2413 3830 2581 3877 totum
2606 3835 2705 3891 pro
2733 3829 2906 3891 parte,
2928 3829 2989 3876 ut
3010 3821 3188 3877 omnis
3207 3819 3540 3892 intelligatur
3564 3820 3661 3891 qui
3680 3818 3832 3889 judi-

2246 3913 2391 3969 cium
2426 3910 2639 3968 Domini
2671 3909 2910 3966 futurum
2940 3910 3266 3967 formidabat
3300 3928 3317 3964 :
3351 3911 3553 3975 timuit,
3579 3911 3714 3981 quia
3740 3909 3832 3979 ju-

2243 4001 2442 4058 dicium
2466 3999 2707 4054 futurum
2734 3999 2838 4056 sibi
2868 3999 3153 4055 imminere
3178 3998 3526 4055 formidabat.

2317 4082 2359 4148 C
2381 4091 2877 4159 Annuntiaverunt,
2903 4092 3110 4149 scilicet
3135 4092 3361 4161 gloriam
3387 4090 3831 4154 resurrectionis,

2241 4190 2295 4238 et
2321 4182 2503 4253 priora
2535 4181 2800 4236 miracula
2823 4196 2942 4252 qum
2964 4180 3111 4238 fecit.
3140 4182 3206 4236 Et
3231 4180 3376 4237 facta
3400 4182 3518 4253 ejus
3545 4170 3834 4239 intelleer

2242 4282 2389 4341 runt,
2441 4271 2649 4330 scilicet
2687 4287 2808 4328 esse
2853 4273 3068 4338 divina,
3099 4274 3227 4344 quia
3274 4273 3400 4328 talia
3448 4273 3681 4344 implere
3717 4289 3827 4329 non

2242 4374 2458 4439 poterat
2486 4366 2720 4421 humana
2744 4363 3031 4435 fragilitas.
3064 4363 3108 4418 ll
3144 4363 3461 4434 Compuncti
3485 4365 3633 4419 enim
3667 4363 3834 4419 corde

2240 4457 2645 4523 intellexerunt,
2666 4464 2721 4512 et
2740 4456 3012 4512 intellecta
3039 4455 3158 4511 aliis
3181 4455 3522 4521 nuntiarunt,
3540 4455 3636 4527 qui
3658 4455 3831 4509 Deum

2170 4549 2218 4606 Ι)
2246 4550 2494 4622 religiose
2520 4550 2838 4605 timuerunt.

2249 4643 2309 4698 ιι
2347 4606 2678 4696 υ[ιιιξιαὺὶιιιν
2696 4641 2873 4712 justus
2906 4642 2964 4695 in
3002 4640 3229 4696 Domino
3258 4648 3307 4694 et
3329 4638 3557 4709 sperabit
3586 4606 3647 4692 in
3672 4653 3733 4692 eo
3768 4650 3791 4688 :

2390 4730 2460 4786 Et
2487 4731 2845 4785 laudabuntur
2873 4747 3050 4786 omnes
3082 4729 3208 4784 recti
3230 4729 3408 4784 corde.

2318 4823 2366 4879 II
2391 4823 2686 4879 Laetabitur
2729 4821 2933 4892 justus.
2988 4820 3141 4877 Sicut
3186 4821 3331 4875 enim
3376 4817 3575 4890 impius
3604 4826 3831 4889 propter

2250 4915 2621 4971 inﬁdelitatem
2653 4928 2805 4969 suam
2829 4913 3105 4979 formidat,
3136 4912 3213 4967 ita
3228 4910 3413 4980 justus
3428 4918 3652 4981 propter
3676 4924 3826 4980 spent

2248 5004 2568 5059 aeternitatis
2604 5016 2717 5059 suae
2744 5003 2981 5059 exsultat
3010 5004 3067 5057 in
3098 5001 3351 5056 Domino.
3389 4998 3431 5054 C
3470 4999 3629 5055 Rccti
3663 4997 3832 5053 corde

2245 5104 2371 5151 sunt
2395 5095 2486 5165 qui
2513 5109 2610 5166 per
2634 5095 2855 5151 semitas
2884 5094 3096 5150 Domini
3127 5093 3468 5165 gradiuntur,
3507 5092 3681 5163 quiet
3707 5090 3817 5145 Do-

2245 5188 2451 5242 minum
2491 5186 2707 5243 laudant
2737 5227 2753 5244 .
2800 5195 2856 5244 et
2912 5188 2980 5243 ab
3037 5187 3153 5244 ipsa
3206 5187 3440 5242 veritate
3481 5181 3816 5241 laudantur?
