3986 5412
552 345 661 410 143

554 471 622 524 10
695 476 919 522 Numen
942 459 1043 521 Dei
1067 458 1312 536 repletum
1339 473 1413 519 est
1441 468 1631 535 aquis:

596 566 601 575 ‘
703 557 913 613 Parasti
936 556 1108 609 cibum
1138 554 1345 609 illorum
1396 556 1643 626 quoniam
1666 559 1742 613 ita
1776 570 1851 613 est
1871 577 2134 631 prepara-

769 649 842 703 tio
863 648 996 718 ejus.

618 738 667 794 Η
713 738 821 794 Nos
848 740 940 810 qui
966 741 1237 795 credimus
1263 746 1282 793 :'
1299 742 1411 809 jam
1442 742 1535 797 Dei
1572 742 1768 799 ﬂumen
1802 758 2010 807 sumus,
2044 756 2133 796 re-

547 831 818 901 plebimur
857 830 1031 902 aquis,
1081 831 1133 887 id
1181 841 1264 888 est
1292 832 1658 890 misericordia
1694 835 1809 899 Dei,
1841 850 1959 904 quae
1982 834 2134 904 aquis

548 931 915 992 comparatur,
968 922 1053 977 vel
1083 922 1285 993 Spiritu
1337 934 1546 992 sancto,
1600 925 1684 980 vel
1716 940 1836 979 cum
1867 925 2133 994 baptismo

548 1012 838 1079 abluimnr,
875 1022 929 1068 et
953 1013 1349 1083 locupletamur
1373 1018 1440 1071 ab
1476 1016 1662 1072 eodem
1690 1015 1951 1088 spiritalis
1993 1015 2137 1070 infu-

549 1102 717 1157 sionis
767 1102 985 1161 imbre:
1026 1119 1150 1159 cum
1211 1105 1367 1161 donis
1429 1106 1764 1176 spiritalibus
1817 1108 2130 1179 irrigamur.

548 1192 714 1248 Cibus
746 1194 848 1248 iste
878 1202 961 1248 est
989 1194 1145 1265 panis
1173 1194 1295 1251 vitae
1327 1195 1507 1263 (Joan.
1537 1197 1632 1267 vs).
1666 1198 1712 1252 C‘
1737 1197 1927 1252 Talem
1951 1196 2131 1251 cibum

547 1286 705 1341 nobis
759 1286 1018 1340 Dominus
1058 1284 1439 1357 prmparavit':
1476 1303 1637 1358 quem
1694 1288 1958 1343 sumimus
2009 1302 2134 1341 cum

547 1377 614 1432 de
642 1376 845 1432 Christi
888 1379 1148 1448 sanguine
1193 1378 1450 1446 bibimus,
1481 1389 1536 1435 et
1556 1379 1622 1434 de
1649 1380 1765 1450 ejus
1791 1392 2017 1448 corpore
2043 1392 2132 1433 sa-

552 1470 822 1540 ginamur.

549 1559 611 1615 Η
693 1561 849 1616 [lives
870 1562 982 1633 ejus
1010 1562 1207 1618 inebria
1237 1581 1251 1617 :
1280 1564 1566 1634 multiplica
1587 1564 1850 1635 ge‘nimina
1872 1564 1985 1633 ejus
2009 1581 2029 1619 .'

690 1656 759 1709 In
790 1655 1072 1710 stillicidiis
1098 1656 1211 1726 ejus
1237 1655 1501 1711 [celabitur
1531 1658 1851 1727 germinans.

551 1746 620 1801 ιε
693 1746 1014 1801 Benedicens
1043 1763 1249 1802 corona:
1275 1748 1402 1802 anni
1428 1748 1758 1818 benignitatis
1784 1757 1919 1802 tua:

692 1837 761 1892 Et
786 1838 961 1907 campi
988 1839 1064 1891 tui
1100 1837 1432 1907 replebantur
1455 1838 1721 1891 ubertate.

621 1928 662 1984 C
714 1928 879 1984 Rivos
930 1929 1019 1983 hic
1044 1928 1177 1983 dicit
1204 1927 1477 1998 apostolos
1501 1928 1583 1984 vel
1616 1928 1750 1983 alios
1778 1926 1982 1992 ﬁdeles,
2035 1926 2128 1997 qui

550 2016 959 2077 inebriati‘sunt
1008 2019 1213 2091 Spiritu
1262 2027 1469 2074 sancto.
1501 2017 1795 2088 Multiplica
1840 2016 2129 2088 genimina,

549 2108 607 2166 id
659 2121 745 2166 est
796 2111 1175 2181 generationes
1226 2106 1365 2181 eius,
1422 2109 1475 2163 id
1507 2116 1612 2175 est,
1645 2109 1789 2164 illius
1819 2107 1923 2163 rivi
1945 2107 2035 2177 qui
2065 2106 2137 2161 de

549 2200 771 2258 ﬂumine
810 2210 1000 2257 sancto
1028 2200 1300 2273 proﬂuxit,
1332 2207 1390 2254 ut
1410 2215 1506 2270 per
1531 2198 1909 2270 generationes
1948 2211 2133 2251 succe-

549 2296 738 2351 dentes
765 2291 920 2350 beata
946 2292 1260 2363 praedicatio
1286 2306 1392 2347 non
1418 2292 1666 2346 deﬁciat:
1697 2289 1791 2347 sed
1817 2287 2137 2359 multiplices

550 2392 642 2440 tur
664 2387 715 2440 in
737 2386 1061 2455 sequacibus
1083 2379 1779 2454 apostolorum.Stillicidia
1804 2387 1929 2435 sunt
1950 2387 2145 2449 gutta),

550 2492 672 2548 quae
697 2477 763 2531 de
813 2476 974 2533 tectis
1004 2476 1201 2532 cadunt
1226 2493 1241 2536 :
1274 2491 1380 2531 non
1405 2474 1667 2545 pondere,
1694 2472 1790 2528 sed
1822 2471 2137 2527 assiduitate

547 2577 919 2640 penetrantes,
967 2577 1025 2623 et
1069 2567 1378 2638 significant
1421 2564 1782 2620 inchoantes:
1813 2571 1871 2618 et
1915 2561 1969 2615 in
2001 2574 2138 2631 quos

550 2676 657 2718 non
680 2671 857 2733 potest
886 2661 1111 2717 introire
1141 2660 1291 2731 larga
1324 2658 1593 2721 doctrina,
1626 2657 1693 2712 de
1714 2655 1909 2726 quibus
1937 2652 2138 2708 Paulus

549 2755 627 2809 ait
660 2772 674 2809 :
712 2754 822 2809 Lac
843 2753 999 2809 vobis
1044 2760 1232 2823 potum
1282 2750 1405 2805 dedi
1435 2765 1542 2805 non
1570 2764 1752 2805 escam
1799 2745 1852 2818 (1
1876 2745 2000 2802 Cor.
2025 2744 2133 2815 ιιι).

552 2842 596 2899 ﬂ
620 2845 773 2900 Tunc
796 2844 1069 2900 laetabitur
1108 2843 1420 2913 germinans
1447 2849 1613 2905 terra,
1656 2840 1709 2895 id
1739 2846 1823 2893 est
1853 2836 2093 2891 Ecclesia
2119 2854 2133 2887 :

553 2950 675 2990 cum
700 2951 764 2990 ex
792 2948 856 2990 ea
888 2935 977 2989 hic
996 2931 1256 3003 spiritalis
1281 2930 1491 2987 fructus
1516 2929 1778 2985 exoritur.

622 3026 687 3081 C.
730 3026 940 3082 Corona
972 3026 1123 3087 anni,
1154 3031 1298 3080 totus
1329 3023 1420 3078 hic
1446 3022 1679 3079 mundus
1709 3036 1806 3090 per
1856 3016 2021 3090 quem
2046 3033 2137 3073 ca-

554 3116 1129 3173 tholicabicdilatatur
1157 3113 1418 3179 Ecclesia,
1445 3112 1729 3181 accipitur,
1754 3112 1843 3166 cui
1868 3109 2139 3166 benedici:
2184 3164 2191 3171 ,

1505 349 1562 408 S.
1600 348 1947 411 BRUNONIS
1982 348 2518 411 HERBIPOLENSIS
2554 352 2857 414 EPISCOPI

3704 366 3813 423 2“

2156 475 2205 527 Α
2234 466 2424 536 pticem
2443 465 2659 523 familiae
2683 479 2820 537 tuae,
2834 477 2893 524 ut
2914 470 3038 525 dum
3064 479 3117 527 te
3136 471 3321 543 plausu
3350 489 3592 533 consono
3608 480 3815 553 hymno

2233 561 2541 618 modulante
2587 563 2872 634 persultat,
2925 564 3195 622 inlusione
3222 569 3482 641 paraelyti
3513 566 3813 630 decorata:

2232 651 2514 723 multiplici
2540 653 2716 710 fructu
2746 655 3083 727 pinguescat.
3112 656 3215 739 Per
3247 659 3530 717 Dominum
3562 672 3815 721 nostrum

2232 745 2439 813 Iesum,
2468 756 2573 803 etc.

2642 843 2664 869 ι
2751 817 3071 876 PSALMUS
3121 821 3282 879 LXV.

2678 926 3042 969 Ληουιίεκτωῐ
3067 930 3191 969 PSAL
3201 957 3211 970 .
3239 932 3363 972 LXV.

2302 1003 2343 1059 C
2371 1002 2487 1059 Vox
2512 1003 2787 1071 Ecclesiae,
2810 1005 3218 1064 universitatem
3238 1009 3524 1079 hortantis,
3541 1020 3599 1067 ut
3615 1013 3683 1069 de
3708 1012 3822 1070 Do-

2235 1096 2365 1150 mini
2393 1096 2789 1151 resurrectione
2815 1098 3171 1168 congaudeat.

2306 1184 2415 1241 TT.
2458 1184 2526 1241 In
2580 1188 2738 1257 ﬁnem
2775 1187 3008 1273 psalmus
3035 1187 3223 1273 David.
3251 1191 3531 1247 Canticum
3562 1209 3630 1250 -t-
3663 1212 3753 1250 re-

2778 1263 3116 1314 surrectionis
3148 1263 3165 1333 ;
3201 1300 3216 1315 .

2304 1349 2345 1406 C
2382 1350 2663 1407 Canticum
2700 1352 2842 1407 istud
2884 1359 3070 1406 saneta
3117 1344 3352 1408 cantavit
3377 1353 3658 1422 Ecclesia,
3689 1371 3833 1435 pro«

2234 1443 2453 1498 mittens
2481 1444 2533 1497 in
2565 1442 2656 1497 illo
2682 1457 2831 1513 spem
2862 1442 3295 1509 resurrectionis,
3327 1459 3434 1499 non
3474 1444 3651 1500 solum
3686 1445 3824 1502 ﬁdev

2235 1535 2376 1590 libus
2419 1546 2486 1588 ex
2536 1533 2737 1590 Judmis
2785 1534 3183 1600 habitaturam;
3236 1535 3329 1589 sed
3372 1535 3647 1593 universis
3689 1553 3827 1613 gen-

2238 1626 2400 1682 tibus.

2240 1720 2260 1772 1
2373 1717 2607 1772 Jubilate
2649 1714 2753 1770 Deo
2786 1717 3129 1791 omnis‘terra

2382 1810 2657 1865 l’salmum
2685 1811 2841 1865 dicite
2872 1813 3071 1866 nomini
3094 1812 3206 1881 ejus
3230 1827 3249 1864 :
3277 1813 3399 1868 date
3426 1813 3655 1885 gloriam
3677 1812 3835 1868 laudi

2445 1904 2578 1974 ejus.
3460 1974 3465 1979 ἢ

2305 1998 2345 2054 C
2384 1997 2579 2054 Sancta
2614 1997 2746 2053 dicit
2773 1996 3013 2053 Ecclesia
3060 2011 3180 2053 esse
3205 1998 3363 2052 omni
3382 2008 3541 2052 terra
3581 1998 3839 2066 gaudem-

2236 2088 2386 2155 dum,
2418 2104 2537 2159 qua:
2567 2098 2687 2143 erat
2718 2089 2771 2142 in
2819 2086 3037 2144 Christo
3067 2088 3362 2143 creditura.
3390 2086 3651 2143 Jubilatio
3694 2087 3831 2143 dici-

2239 2191 2327 2236 tur
2351 2182 2637 2238 exsultatio
2683 2183 2881 2246 cordis,
2914 2198 3034 2252 quze
3065 2182 3431 2237 immensitate
3461 2197 3561 2237 sua
3591 2198 3701 2237 non
3731 2196 3831 2252 po-

2239 2285 2345 2331 test
2373 2275 2553 2331 verbis
2581 2276 2860 2346 cxplicari.
2888 2274 3077 2330 Omnis
3122 2283 3290 2339 terra,
3319 2289 3507 2329 omnes
3542 2274 3731 2330 fideles
3756 2276 3837 2329 si«

2237 2364 2477 2437 gnificat.
2504 2364 2554 2437 Η
2585 2364 2856 2419 Psalmum
2885 2364 3050 2429 dicat,
3081 2365 3137 2419 id
3177 2372 3261 2419 est
3302 2378 3477 2434 opere
3510 2364 3759 2435 impleat.
3787 2362 3841 2418 C

2238 2436 2340 2508 Dat
2364 2436 2592 2525 gloriam
2618 2452 2783 2519 laudi,
2807 2454 2901 2523 qui
2926 2453 3263 2524 frequentata
3286 2453 3659 2509 exsultatione
3690 2468 3832 2525 prte-

2238 2546 2394 2600 conia
2418 2545 2617 2601 Christi
2643 2546 3003 2601 concelebrat.

2235 2636 2272 2690 2
2380 2636 2549 2692 Dicite
2578 2636 2685 2693 Deo
2724 2654 2743 2692 :
2777 2637 2949 2704 Quam
2990 2640 3244 2693 terribilia
3274 2650 3393 2693 sunt
3432 2655 3591 2709 opera
3634 2648 3732 2692 tua
3761 2650 3827 2692 +

2455 2730 2678 2786 Domine
2709 2784 2728 2799 ,
2762 2732 2797 2785 2

2378 2819 2446 2875 1η
2469 2820 2801 2874 multitudine
2822 2821 3024 2876 virtutis
3045 2831 3150 2877 tua:
3170 2823 3489 2877 mentientur
3505 2822 3602 2875 tibi
3630 2823 3841 2875 inimici

2448 2915 2547 2967 tui.

2310 3001 2355 3056 Η
2392 3002 2566 3059 Dicite
2595 3004 2720 3071 Deo,
2752 3004 2803 3058 id
2829 3004 3229 3074 est‘prtedicate
3256 3003 3324 3058 de
3342 3010 3512 3068 eo,»ut
3536 3018 3649 3057 non
3679 3015 3834 3058 crea—

2239 3104 2415 3149 turam
2445 3093 2647 3159 colant,
2680 3094 2778 3150 sed
2805 3094 3083 3148 Creatoris
3110 3093 3365 3147 virtutem
3413 3091 3746 3162 intelligant,
3774 3094 3831 3147 in

550 3208 832 3265 Dominus.
854 3208 1090 3277 Campos
1115 3205 1245 3261 dicit
1266 3204 1455 3260 ﬁdeles
1482 3203 1730 3259 homines
1753 3210 1915 3271 atque
1937 3200 2135 3269 iustos,
2164 3189 2209 3251 C
2242 3190 2324 3244 his
2349 3204 2469 3260 quae
2497 3188 2951 3258 contemplemur,
2975 3188 3097 3257 quia
3131 3186 3392 3243 terribilia
3415 3195 3562 3250 sunt,
3597 3186 3707 3277 hoc
3740 3194 3829 3277 est

553 3303 646 3374 qui
691 3314 788 3374 pro
819 3316 915 3358 sua
949 3301 1208 3372 atquitate
1251 3298 1426 3368 campi
1474 3306 1758 3360 vocantur,
1804 3295 1931 3365 quia
1960 3292 2136 3363 campi

554 3395 788 3460 semiales
814 3404 958 3450 sunt.
1004 3392 1074 3448 Et
1100 3391 1376 3463 replentur
1404 3391 1676 3453 ubertate,
1728 3388 1855 3457 quia
1904 3386 2138 3441 fructum

553 3488 907 3544 tricenari‘um
925 3526 941 3556 ,
992 3484 1404 3556 sexagenarium
1431 3491 1486 3538 et
1512 3482 1883 3539 centenarium
1910 3477 2139 3533 Domino

554 3572 818 3651 largiente
842 3577 1198 3648 praestabunt.

557 3667 626 3724 i5
701 3667 1048 3739 Pinguescent
1069 3667 1301 3736 speciosa
1323 3664 1510 3719 deserti
1534 3674 1553 3714 .'

699 3758 771 3813 Et
798 3758 1144 3813 exsultatione
1167 3757 1322 3812 colles
1346 3756 1697 3825 accingentur.

625 3853 667 3909 C
717 3853 1081 3923 Pinguescent
1107 3848 1375 3920 speciosa,
1422 3847 1478 3903 id
1522 3854 1606 3902 est
1639 3843 1890 3911 ecclesia,
1943 3841 2138 3913 praedi-

557 3946 772 4001 catione
821 3943 1222 4015 apostolorum,
1276 3952 1395 4009 qum
1442 3940 1596 4009 prius
1648 3938 1705 3993 in
1747 3934 2140 3992 incredulitatis

556 4036 732 4091 macie
757 4035 988 4090 deserta
1010 4032 1271 4088 torrebat.
1298 4030 1475 4086 Colles
1501 4044 1632 4084 vero
1661 4027 1908 4098 copiosos
1931 4033 2137 4095 marty-

555 4140 646 4184 res
676 4128 935 4184 debemus
985 4127 1250 4197 accipere,
1279 4123 1405 4195 quia
1433 4121 1536 4192 ipsi
1565 4129 1691 4176 sunt
1716 4129 1838 4190 post
1866 4116 2138 4189 apostolos

559 4219 833 4297 celsiores.
873 4216 916 4273 ll
944 4217 1045 4285 Qui
1079 4215 1358 4271 immensis
1405 4229 1436 4268 a
1489 4212 1598 4267 Deo
1626 4209 1864 4283 praemiis
1896 4207 2091 4263 elevat‘i
2121 4222 2135 4259 :

557 4313 834 4382 perpetuis
860 4309 1071 4381 gaudiis
1095 4308 1465 4379 accingentur.

558 4401 628 4456 14
697 4402 879 4457 Induti
895 4411 1013 4455 sunt
1028 4400 1213 4454 arietes
1235 4406 1403 4453 ortum
1426 4406 1472 4449 et
1491 4395 1647 4451 valles
1662 4394 2001 4449 abundabunt
2026 4391 2143 4462 fru—

769 4509 819 4545 m
825 4500 940 4546 εηιο
967 4504 986 4542 .'

702 4586 1017 4641 Clamabunt
1042 4581 1227 4638 etenim
1257 4584 1505 4652 hymnum
1536 4580 1728 4633 dicent.

628 4680 690 4739 C.
721 4680 936 4737 Arietes
961 4685 1088 4733 sunt
1116 4673 1342 4745 apostoli
1374 4672 1523 4736 dicti,
1573 4671 1664 4739 qui
1720 4670 1886 4724 duces
1925 4666 2142 4720 fuerunt

557 4772 701 4833 bono
749 4772 948 4846 populo
997 4768 1305 4826 Christiano
1354 4766 1408 4820 in
1450 4764 1714 4828 doctrina,
1753 4769 1807 4816 et
1837 4757 2006 4814 induti
2051 4756 2139 4811 illa

558 4876 708 4925 veste
761 4865 1027 4937 nuptiali,
1088 4862 1130 4917 ll
1184 4861 1237 4916 id
1280 4868 1366 4915 est
1412 4855 1824 4914 immortalitate
1854 4857 2137 4922 perpetua.

558 4959 601 5015 C
655 4958 881 5014 Valles:
922 4954 1226 5027 signiﬁcant
1277 4949 1505 5021 popuios
1553 4944 1805 5001 humiles.
1868 4940 1962 4994 lsti
2011 4953 2140 5008 ergo

558 5051 837 5107 abundant
869 5048 1156 5110 frumento,
1211 5041 1257 5098 Η
1307 5042 1360 5097 id
1384 5049 1491 5104 est,
1546 5037 1722 5091 fructu
1751 5040 1966 5088 acterna:
2014 5030 2137 5083 vita:

560 5143 795 5199 alunttIr.
845 5137 1312 5207 Dicenthymnum
1345 5149 1358 5184 :
1407 5139 1597 5184 Omnes
1636 5127 1816 5193 utique
1841 5119 1997 5175 electi
2041 5133 2143 5188 pro

561 5236 893 5272 .‘iavnmnnvns
944 5243 1228 5272 mnnartlm
1282 5224 1438 5272 donis
1468 5221 1580 5272 Deo
1606 5225 1921 5272 neroetuam
1948 5211 2136 5267 conci-

2244 3280 2501 3336 tintcnda.
2526 3279 2583 3334 In
2612 3280 2954 3335 multitudine
2978 3279 3194 3333 virtutis
3218 3277 3422 3331 mentiti
3446 3286 3575 3331 sunt
3598 3276 3675 3341 ei,
3703 3276 3835 3346 quia

2241 3375 2487 3430 videntes
2512 3374 2661 3445 signa
2690 3374 2742 3428 in
2771 3371 3005 3444 Egypto
3033 3372 3287 3426 dixerunt
3315 3387 3327 3424 :
3358 3368 3548 3424 Omnia
3575 3383 3833 3437 qutecun-

2242 3483 2345 3538 que
2373 3466 2692 3538 praeceperis
2714 3465 2972 3522 faciemus
3001 3463 3197 3535 (Exod.
3223 3464 3394 3535 xxxv),
3424 3471 3478 3517 et
3509 3477 3617 3516 non
3657 3461 3839 3516 iacie-

2242 3559 2391 3613 bant.
2428 3558 2581 3615 Unde
2616 3558 2751 3613 dixit
2782 3576 2795 3612 :
2825 3556 3047 3612 Mentita
3094 3565 3176 3612 est
3203 3555 3461 3625 iniquitas
3498 3555 3622 3617 sibi,
3649 3562 3705 3608 et
3736 3554 3833 3608 ini-

2243 3649 2367 3705 mici
2395 3648 2607 3705 Domini
2636 3650 2845 3707 mentiti
2874 3656 2996 3704 sunt
3022 3648 3093 3703 ei.
3122 3645 3163 3701 C
3188 3646 3287 3700 Vel
3311 3644 3526 3716 quando
3549 3646 3602 3699 in
3628 3643 3835 3699 virtute

2246 3743 2411 3797 multa
2461 3743 2683 3796 curabat
2732 3742 2994 3805 infirmos,
3042 3738 3363 3796 mentientes
3410 3738 3670 3791 dixerunt
3718 3754 3736 3791 :
3777 3736 3845 3790 In‘

2243 3818 2544 3890 Beelzebub
2570 3834 2702 3903 facit
2732 3831 2946 3905 (Matth.
2978 3831 3078 3901 xu)
3124 3846 3137 3882 :
3183 3837 3233 3882 et
3271 3841 3392 3883 cum
3444 3826 3747 3881 resurrexit
3775 3827 3828 3879 in

2245 3928 2587 3984 multitudine
2615 3926 2852 3990 virtutis,
2892 3922 3145 3978 dicebant
3171 3920 3483 3977 custodibus
3515 3920 3642 3973 data
3668 3934 3841 3989 pecu-

2243 4022 2333 4077 nia
2399 4040 2413 4075 :
2466 4019 2667 4085 dicite,
2720 4014 2967 4085 discipuli
3035 4029 3158 4069 eum
3232 4010 3403 4066 furati
3472 4017 3603 4065 sunt
3678 4018 3837 4064 nocte

2244 4112 2459 4185 (Matth.
2491 4110 2704 4179 xxvm).

2243 4202 2276 4257 3
2388 4201 2572 4257 Omnis
2603 4214 2745 4257 terra
2781 4200 2962 4254 adoret
2994 4207 3042 4251 te
3062 4205 3109 4251 et
3140 4195 3331 4266 psallat
3363 4194 3455 4248 tibi
3479 4208 3497 4245 :

2390 4296 2663 4352 Psalmum
2694 4296 2835 4349 dicat
2870 4293 3067 4347 nomini
3094 4300 3204 4345 tuo.
3249 4287 3579 4359 Diapsalma.

2315 4389 2359 4443 11
2393 4386 2468 4443 Te
2495 4388 2706 4449 adoret,
2744 4386 2839 4440 tibi
2887 4384 3138 4438 concinat
3169 4400 3182 4436 :
3213 4396 3318 4434 non
3349 4386 3637 4444 creatum,
3672 4393 3830 4448 quam

2248 4481 2437 4537 usibus
2462 4480 2578 4551 ejus
2601 4475 2899 4545 subjecisti.
2930 4471 3064 4530 Hinc
3094 4469 3390 4544 interponit
3413 4470 3751 4541 Diapsalma,
3776 4478 3833 4523 ut

2169 4549 2223 4607 D
2247 4572 2313 4626 ad
2339 4587 2436 4625 nos
2467 4549 2629 4625 verba
2661 4575 2945 4622 convertat
2970 4566 3176 4630 dicens,
3203 4564 3404 4629 venite,
3425 4574 3533 4617 etc.
3559 4561 3602 4617 C
3632 4560 3833 4616 Psallat

2246 4661 2298 4717 id
2323 4669 2409 4718 est
2446 4659 2797 4732 psalmodiam
2845 4657 3008 4719 dicat,
3054 4664 3108 4709 et
3153 4653 3415 4725 psalmum
3466 4653 3637 4716 dicat,
3669 4653 3722 4707 id
3753 4658 3833 4706 est

2244 4768 2407 4823 Opera
2434 4761 2620 4806 saneta
2649 4750 2961 4822 psalmodiis
2981 4763 3216 4804 consona
3248 4745 3520 4801 ostendat.

2242 4848 2279 4901 4
2390 4845 2570 4899 Venite
2601 4855 2647 4898 et
2672 4845 2837 4899 videte
2866 4859 3022 4914 opera
3052 4835 3149 4895 Dei
3177 4856 3195 4893 :

2388 4933 2655 4989 Terribilis
2693 4935 2747 4988 in
2782 4932 3014 4988 consiliis
3044 4949 3197 5003 super
3223 4930 3364 5000 ﬁlios
3402 4931 3699 4984 hominum.

2316 5024 2356 5081 C
2394 5024 2634 5080 Ecclesia
2684 5024 2879 5079 invitat
2926 5032 3135 5094 gentes,
3184 5030 3244 5076 ut
3291 5019 3571 5075 miraculis
3614 5016 3831 5073 Veteris

2246 5106 2576 5170 Testamenti
2621 5112 2920 5184 perspectis
2960 5130 2973 5165 :
3018 5110 3242 5163 veniant
3282 5110 3349 5163 ad
3394 5110 3578 5163 fidem.
3607 5105 3830 5175 PrOprie

2248 5218 2385 5259 vero
2417 5203 2623 5257 dictum
2656 5209 2776 5257 est:
2802 5200 2995 5255 Venite
3024 5200 3176 5268 quasi
3210 5199 3387 5253 adhuc
3412 5197 3571 5265 ionge
3618 5195 3827 5266 positis.
