3986 5412
164 295 284 352 215

190 419 314 480 dos,
349 428 474 469 cum
503 425 605 483 per
633 425 728 469 eos
755 412 1008 468 miracula
1032 427 1223 484 magna
1256 417 1594 470 monstravit.

167 506 212 560 5
316 519 382 559 -ι-
413 504 520 570 Qui
553 502 571 573 ζ
606 506 846 558 converti!
897 521 1041 559 mare
1068 506 1121 558 in
1157 506 1360 560 aridam
1399 524 1416 561 :
1455 509 1506 562 in
1552 509 1768 576 ﬂumine

389 594 784 664 pertransibunt
812 594 936 663 pede
961 611 982 647 :

322 688 405 741 Ibi
437 688 740 742 (tt-labimur
769 689 820 740 in
851 689 981 757 ipso.

245 778 288 834 C
326 777 484 836 Nunc
512 779 752 834 ostendit
799 793 916 848 quae
965 779 1072 834 sint
1118 793 1280 849 opera
1320 780 1412 835 Dei
1442 796 1561 850 qua:
1587 783 1768 837 videre

168 869 428 924 debeant.
479 869 764 925 Convertit
813 885 964 924 mare
1015 870 1069 924 in
1116 872 1350 937 aridam,
1397 873 1613 941 quando
1665 874 1768 929 He-

169 962 376 1016 butum
421 961 681 1029 populum
729 975 823 1027 per
871 961 1076 1016 medios
1117 959 1312 1016 ﬂuctus
1335 962 1523 1017 eduxit
1565 962 1764 1033 (Exod.

169 1049 308 1118 xiv).
338 1048 594 1103 Flumina
623 1051 1028 1118 pertransibunt
1047 1050 1203 1118 pede,
1231 1065 1353 1106 cum
1377 1049 1610 1108 Jordane
1639 1053 1768 1108 dex-

173 1150 287 1196 tera
311 1142 559 1212 lavaque
586 1142 778 1207 diviso,
824 1143 876 1196 in
925 1150 1126 1195 terram
1163 1141 1546 1211 promissionis
1571 1142 1763 1197 Judai-

172 1249 295 1289 eum
333 1233 562 1288 deduxit
591 1235 888 1289 exercituum
919 1231 1126 1304 (Iosue,
1149 1233 1254 1304 ut).
1290 1232 1334 1286 11
1363 1232 1467 1287 Sed
1497 1233 1621 1302 quia
1651 1249 1768 1302 per-

173 1325 482 1380 transibunt
513 1325 648 1378 dicit
681 1341 694 1378 :
724 1323 838 1380 Non
889 1325 1312 1395 pertransibant,
1346 1323 1542 1379 melius
1569 1323 1767 1379 intelli-

174 1418 319 1487 gitur
343 1416 410 1470 de
434 1417 887 1486 praedicatoribus
911 1428 963 1472 et
991 1416 1268 1488 apostolis,
1295 1419 1386 1487 qui
1417 1417 1629 1472 Domini
1669 1417 1767 1471 ilu-

171 1507 322 1564 mine
359 1508 725 1578 baptizantes,
747 1517 801 1564 et
819 1524 917 1580 per
945 1509 1140 1564 ﬁumen
1181 1509 1572 1578 persecutionis
1599 1518 1767 1564 trans-

172 1607 388 1663 euntes,
437 1614 660 1654 amaros
681 1610 1058 1668 persecutores
1078 1609 1461 1656 converterunt
1485 1600 1536 1654 in
1559 1601 1763 1655 aridam

171 1699 228 1745 et
254 1692 534 1746 sitientem
559 1691 656 1747 Dei
687 1692 916 1762 gratiam
950 1701 1174 1746 terram.
1216 1692 1292 1746 lbi
1323 1693 1645 1756 ltetabitnnr,
1674 1691 1762 1746 ubi

1392 298 1754 356 EXPOSITIO
1793 297 2242 358 PSALMORUM.

3336 302 3454 358 2‘6.

1799 421 1846 478 Α
1875 424 2095 468 catenas
2138 415 2437 468 custodite:
2483 429 2602 484 quce
2640 429 2834 483 corpus
2879 413 3092 484 quidem
3139 421 3456 480 necterent;~

1871 507 1965 560 sed
1999 505 2192 559 animae
2229 505 2441 559 vincula
2489 505 2862 560 dissolverent.
2901 503 3202 558 Tribulatio
3232 518 3359 559 vero
3388 507 3460 563 in;

1869 599 2029 653 dorso
2072 599 2247 666 posita
2285 597 2554 668 signiﬁcat
2595 613 2883 669 corporeos
2924 597 3157 661 dolores,
3201 613 3337 667 quos
3379 598 3445 653 de

1868 690 2033 745 illatis
2092 691 2408 745 verberibus
2458 690 2813 744 sustinebant.
2869 690 3126 744 llomincs
3178 688 3447 757 signiﬁcat

1868 790 2200 850 peccatores,
2257 781 2348 850 qui
2405 781 2666 851 capitales
2717 781 3017 834 sententias
3073 780 3337 834 dederant
3388 781 3444 837 in

1867 881 2157 942 martyres.

1868 961 1929 1015 11
2013 961 2371 1015 Transivimus
2401 963 2681 1032 perignem
2713 972 2759 1015 et
2785 979 2972 1032 nquam
3002 978 3020 1014 :

2086 1053 2154 1106 Et
2182 1055 2409 1108 eduxisti
2441 1033 2532 1107 no.8
2560 1057 2613 1108 in
2645 1055 2995 1124 refrigerium.

1938 1142 1978 1198 C
2022 1141 2379 1198 Transierunt
2408 1160 2499 1214 per
2543 1145 2709 1214 ignem
2739 1155 3015 1213 martyres,
3059 1145 3272 1214 quando
3313 1146 3448 1201 alios

1870 1235 2012 1300 ignis
2043 1236 2362 1306 absumpsit.
2401 1237 2550 1292 Alios
2576 1252 2714 1307 aqua
2758 1238 3058 1301 devoravit,
3092 1239 3185 1292 sed
3228 1239 3438 1292 induxit

1867 1338 1962 1378 eos
2003 1324 2056 1378 in
2099 1325 2457 1394 refrigerium,
2502 1327 2556 1379 id
2585 1339 2657 1380 est
2689 1329 2743 1380 in
2785 1327 2899 1381 loca
2927 1328 3224 1381 securitatis
3261 1329 3443 1382 wterni

1868 1418 2031 1484 regni.
2064 1415 2159 1470 Est
2191 1417 2326 1470 enim
2360 1417 2688 1488 refrigerium
2729 1429 2841 1489 post
2874 1429 3079 1472 urentes
3110 1434 3269 1473 curas
3296 1419 3442 1473 dele-

1867 1507 2076 1563 ctabilis
2101 1519 2154 1564 et
2183 1524 2395 1564 amoena
2424 1511 2708 1566 securitas.

1869 1599 1936 1654 1‘2
2007 1599 2246 1655 lntroibo
2273 1603 2327 1655 in
2349 1602 2562 1655 domum
2585 1613 2727 1655 tuam
2752 1604 2803 1656 in
2831 1603 3147 1656 holocaustis
3177 1617 3193 1652 :

2009 1691 2248 1746 Reddam
2269 1691 2361 1745 tibi
2384 1703 2496 1746 rota
2513 1710 2626 1746 mea
2641 1710 2758 1763 autc
2779 1693 3126 1746 distinxerunt
3152 1691 3292 1746 labia
3307 1709 3444 1745 utea.

171 1789 258 1835 est
279 1783 460 1850 gaudii
489 1782 664 1838 nostri
690 1782 810 1838 fons
834 1790 888 1838 et
914 1783 1066 1853 origo
1093 1792 1398 1853 praeparata
1423 1791 1639 1837 aeternae
1667 1798 1758 1837 sa-
1790 1771 1840 1829 Β
1936 1785 1976 1839 C
2014 1784 2248 1838 lntroibo
2277 1785 2327 1837 in
2356 1783 2500 1837 illam
2529 1784 2760 1838 futuram
2803 1783 3160 1847 lliernsalem,
3199 1782 3289 1837 ubi
3326 1797 3433 1834 non

172 1874 319 1930 latis.
343 1875 403 1930 ln
430 1877 566 1947 ipso.
594 1877 700 1932 hoc
725 1885 809 1932 est
839 1877 892 1932 in
921 1876 1161 1932 Christo.

170 1967 206 2022 6
318 1969 426 2036 Qui
473 1971 780 2024 dominatur
803 1971 857 2024 in
901 1971 1087 2025 virtute
1108 1987 1204 2025 sua
1237 1974 1302 2040 χ(
1327 1971 1382 2024 in
1404 1980 1655 2025 aeternum
1689 1971 1704 2038 ζ
1740 1989 1758 2025 :

384 2059 526 2114 oculi
551 2061 670 2130 ejus
693 2077 849 2130 super
871 2072 1045 2131 gentes
1079 2063 1398 2131 respiciunt:

315 2150 421 2216 Qui
445 2161 758 2221 exasperant
790 2169 892 2206 non
916 2151 1213 2207 excitentur
1231 2153 1285 2206 in
1310 2153 1616 2220 semetipsis.

311 2239 646 2310 Diapsalma.

1865 1874 2176 1929 holocausta
2217 1873 2505 1942 pecudum,
2547 1873 2639 1927 sed
2682 1873 2889 1943 pnritas
2932 1873 3196 1943 quaeritur
3239 1871 3449 1924 anima-

1866 1979 2004 2018 rum.
2031 1963 2227 2020 Reddit
2257 1974 2402 2028 vota,
2432 1965 2536 2018 hoc
2564 1973 2647 2019 est
2675 1965 2862 2018 laudes
2887 1965 2937 2018 in
2966 1963 3327 2035 perpetuitate
3352 1964 3462 2017 ἀοι-η

1862 2069 2067 2115 cantat.
2119 2060 2465 2129 Distinguunt
2512 2060 2649 2114 labia
2686 2061 2772 2113 illa
2823 2069 2967 2125 vota,
3013 2059 3227 2130 quando
3269 2059 3443 2114 sancti

1865 2150 2146 2205 Dominum
2180 2151 2417 2215 laudant,
2464 2160 2519 2206 et
2563 2151 2880 2220 semetipsos
2914 2161 3172 2205 accusant
3219 2149 3272 2203 in
3305 2147 3441 2202 aﬁli-

1862 2244 2042 2298 ctione
2069 2244 2251 2312 positi,
2297 2244 2349 2297 id
2397 2253 2480 2298 cst
2529 2252 2780 2313 reputant
2819 2259 2875 2298 se
2915 2243 3177 2298 meruisse
3206 2242 3446 2312 peccatis

207 2331 283 2385 ‘C
319 2330 378 2385 In
409 2331 500 2386 illo
525 2341 677 2387 certe
698 2333 1004 2388 lattabimur
1032 2335 1124 2404 qui
1159 2334 1644 2406 dominatur,etc.,
1669 2335 1766 2390 do-
1863 2335 1976 2390 suis
2021 2333 2339 2390 aillictiones
2385 2349 2518 2403 quas
2566 2335 2856 2399 sustinent,
2907 2343 2963 2389 et
3011 2334 3066 2388 in
3115 2334 3193 2388 eis
3241 2334 3445 2403 gratias

172 2421 370 2478 minari
398 2424 543 2477 enim
572 2434 803 2492 possunt
827 2435 881 2480 et
904 2425 1179 2495 principes
1202 2436 1496 2492 terrarum,
1523 2429 1616 2482 sed
1654 2444 1761 2482 non

175 2513 226 2568 in
253 2513 460 2568 virtute
500 2529 597 2568 sua
632 2529 808 2585 neque
831 2515 885 2570 in
915 2524 1195 2580 aeternum,
1241 2517 1362 2571 ideo
1394 2518 1510 2572 haec
1535 2518 1640 2572 duo
1675 2519 1764 2572 ad-

174 2603 284 2656 dita
307 2613 458 2668 sunt,
481 2612 539 2657 ut
564 2607 953 2675 omnipotentis
975 2607 1117 2677 regis
1138 2608 1309 2662 virtus
1337 2608 1504 2675 possit
1528 2609 1758 2663 ostendi.

171 2691 322 2746 Oculi
353 2693 472 2763 ejus
495 2708 657 2763 super
690 2705 898 2765 gentes.
931 2695 974 2748 H
1013 2695 1083 2750 Ut
1115 2697 1469 2766 reprobentnr
1492 2696 1683 2763 Judtei,
1709 2707 1764 2752 et

170 2781 445 2851 eligantur
469 2791 680 2853 gentes.
705 2784 746 2840 C
791 2785 900 2840 llos
927 2786 1177 2854 prohibet
1218 2787 1272 2840 in
1317 2787 1510 2856 seipsis
1532 2788 1761 2844 exaltari

172 2884 307 2939 quos
333 2878 549 2938 oportet
585 2871 818 2928 humiles
847 2874 1099 2929 inveniri.
1130 2873 1343 2930 Fideles
1372 2876 1515 2930 enim
1563 2891 1667 2930 non
1705 2878 1759 2931 in

171 2975 249 3025 se,
279 2962 376 3016 sed
403 2962 457 3016 in
482 2961 701 3018 Christo
723 2964 948 3019 exaltari
977 2974 1214 3034 oportet,
1237 2967 1328 3021 ubi
1356 2966 1582 3021 altitudo
1608 2967 1760 3020 ﬁrma

173 3060 276 3117 at,
311 3063 367 3105 et
397 3069 673 3122 nunquam
707 3056 947 3111 ruiturus
981 3071 1259 3112 ascensus.

173 3143 211 3202 7.
311 3142 615 3200 Benedicite
642 3157 816 3216 gentes
843 3147 1007 3203 Deum
1035 3157 1270 3203 nostrum
1293 3163 1312 3200 :

313 3235 386 3288 Et
413 3237 654 3291 auditam
679 3238 838 3308 facite
867 3255 1039 3294 vocem
1065 3238 1241 3294 laudis
1267 3240 1402 3309 ejus.

241 3327 285 3383 C
322 3329 592 3385 Admonet
617 3340 828 3401 gentes,
853 3340 912 3386 ut
940 3332 1110 3386 Deum
1137 3347 1334 3387 verum
1363 3347 1600 3388 consona
1632 3349 1763 3389 voce

172 3429 227 3474 et
253 3421 638 3495 praedicatione
663 3423 982 3494 gloriﬁcent.
1014 3425 1232 3489 Audite,
1275 3425 1326 3480 id
1355 3434 1439 3480 est
1474 3425 1612 3481 ﬁdeli
1638 3442 1760 3480 cre-

173 3512 400 3568 dulitate
432 3515 714 3584 suscipite.
739 3515 939 3572 Vocem
967 3515 1161 3582 laudis,
1199 3517 1251 3571 id
1284 3526 1363 3572 est
1396 3532 1556 3586 quam
1599 3516 1762 3572 Pater

174 3604 306 3660 dicit
331 3605 399 3659 de
422 3606 581 3662 Filio.
608 3608 752 3662 Dicit
802 3609 943 3663 enim
971 3608 1039 3664 de
1069 3623 1171 3680 eo;
1205 3608 1303 3662 ilic
1327 3618 1411 3665 est
1442 3609 1584 3663 ﬁlius
1611 3623 1760 3663 meus

171 3697 403 3752 dilectus
440 3698 655 3766 (Matth.
693 3700 800 3770 ιιι).

169 3787 206 3841 8
314 3788 424 3853 Qui
449 3791 620 3859 posuit
648 3791 882 3844 animam
904 3808 1072 3846 meam
1093 3790 1163 3844 ad
1186 3791 1341 3846 vitam
1367 3805 1384 3843 :
1428 3807 1458 3836 ο

311 3880 384 3934 Et
407 3899 509 3937 non
532 3884 675 3938 dedit
701 3886 756 3939 in
787 3887 1182 3940 commotionem
1200 3887 1354 3956 pedes
1379 3903 1544 3941 meos.

241 3969 283 4026 C
320 3972 440 4028 Duo
479 3984 609 4029 sunt
640 3985 979 4030 sacramenta
1006 3976 1348 4032 liberationis
1375 3985 1605 4046 nestrae;
1642 3979 1756 4046 pri-

174 4075 345 4125 mum,
390 4065 536 4132 quod
584 4080 683 4120 nos
726 4081 822 4135 per
870 4067 1200 4136 baptismum
1247 4065 1397 4121 ducit
1445 4068 1510 4121 ad
1557 4069 1752 4135 vitam;

173 4151 385 4217 deinde,
416 4170 486 4208 ne
515 4169 620 4210 nos
660 4155 858 4210 exinde
888 4159 1169 4226 permittat
1197 4156 1415 4226 expelli,
1450 4158 1541 4227 qui
1581 4160 1757 4228 gravi-

169 4241 273 4297 bus
298 4245 448 4300 vitiis
475 4247 778 4316 probamur
802 4250 1041 4303 onerari.
1086 4249 1204 4318 Ipse
1241 4250 1408 4314 pedes
1440 4259 1497 4304 et
1536 4265 1756 4318 gressus

170 4347 388 4393 nostros
416 4354 525 4394 non
556 4341 689 4396 sinit
717 4342 1068 4408 commoveri,
1102 4342 1195 4412 qui
1225 4340 1389 4397 Petro
1427 4357 1644 4398 manum
1687 4359 1755 4398 ne

166 4439 510 4502 mergeretur
532 4434 781 4489 extendit
807 4433 1019 4506 (Matth.
1047 4433 1185 4505 λιν).

168 4518 204 4580 9
307 4520 574 4588 Quoniam
600 4526 836 4596 probasti
860 4542 972 4592 nos,
1005 4525 1146 4580 Deus
1171 4542 1191 4580 :

308 4615 444 4686 Igne
475 4633 568 4672 nos
596 4619 909 4673 examinasti
940 4620 1070 4673 sicut
1098 4620 1435 4674 examinatur
1455 4631 1749 4692 argentum.

235 4706 278 4763 C
315 4706 546 4762 Probari
603 4724 703 4765 nos
751 4709 883 4762 facit
920 4710 1081 4776 Deus,
1134 4710 1353 4780 quando
1399 4725 1498 4779 per
1538 4711 1750 4767 diversa

169 4809 371 4866 genera
398 4797 710 4865 passionum
744 4796 1084 4853 tolerantiam
1115 4797 1377 4869 indulget.
1409 4798 1538 4870 Igne
1566 4811 1748 4856 autem

171 4885 368 4955 aliquis
394 4886 760 4955 examinator,
809 4888 1023 4957 quando
1059 4903 1244 4946 amore
1288 4889 1491 4946 Christi
1538 4901 1746 4950 tantum

171 4974 412 5028 cbaritas
443 4979 806 5042 succenditur,
839 4988 898 5033 ut
935 4980 1220 5040 urentium,
1250 4979 1590 5038 ﬂammarum
1643 4994 1758 5040 tor-

174 5073 354 5104 monia
384 5064 662 5104 vinnnnlnn
723 5069 898 5104 nolun-
930 5079 1110 5104 nullam
1158 5071 1464 5104 ονοηηηιηηι
1514 5077 1723 5104 ιιι-ηηηιε

1783 4479 1834 4538 D

1863 2435 2048 2496 agunt,
2082 2426 2364 2481 laudantes
2395 2427 2560 2480 Deum
2607 2427 2820 2514 etlejus
2854 2424 3119 2493 justitiam
3151 2434 3204 2480 et
3231 2425 3445 2479 miseri-

1861 2516 2104 2570 cordiam
2143 2516 2520 2585 praedicantes.

1866 2607 1930 2661 15
2007 2605 2071 2658 Et
2096 2605 2322 2659 locutum
2352 2617 2424 2658 est
2449 2622 2503 2659 os
2532 2620 2699 2658 meum
2728 2621 2746 2658 :

2012 2697 2076 2750 In
2102 2696 2435 2750 tribulatione
2455 2713 2592 2749 mea.

1933 2791 1973 2845 C
2016 2787 2148 2843 Vide
2185 2789 2397 2842 beatam
2439 2788 2738 2840 tolerantia:
2780 2787 3148 2852 sanctitatem,
3188 2784 3342 2840 multi
3388 2783 3450 2858 in

1866 2879 2313 2936 tribulationibus
2377 2880 2605 2948 peccant
2665 2879 2847 2933 carnis
2913 2877 3330 2942 imbecillitate;
3388 2884 3448 2930 et

1864 2971 2050 3026 laudes
2083 2971 2175 3024 Dei
2211 2977 2411 3033 tacent,
2438 2969 2531 3021 sed
2559 2976 2824 3022 noverunt
2849 2969 3021 3023 sancti
3052 2969 3104 3022 in
3131 2965 3442 3022 tribulatio-

1863 3061 2024 3116 nibus
2064 3060 2225 3130 positi
2273 3075 2405 3136 pura
2459 3067 2639 3113 mente
2689 3059 2978 3113 Dominum
3020 3058 3263 3123 laudare,
3300 3057 3443 3111 sicut

1787 3126 1830 3186 ε
1863 3126 2081 3206 sanctus
2111 3150 2210 3206 Job
2255 3126 2382 3204 fecit
2413 3147 2554 3219 (Job.
2587 3165 2628 3214 t,
2658 3148 2736 3217 Ξ).
2787 3149 2940 3204 Unde
2985 3149 3223 3204 locutum
3252 3155 3335 3203 cst
3381 3161 3444 3203 os

1863 3240 1915 3293 in
1942 3238 2306 3302 tribulatione,
2338 3235 2575 3305 intellige
2605 3254 2617 3290 :
2650 3237 2838 3293 lattch
2870 3238 3102 3292 Domini.

1864 3329 1930 3383 Η
2003 3321 2342 3384 Ηοίοεαιιδιιι
2371 3325 2653 3381 medullata
2684 3329 2901 3398 o/feram
2939 3330 3033 3382 tibi
3075 3345 3191 3382 cum
3231 3329 3442 3382 incenso

2069 3419 2288 3472 arietum
2315 3433 2332 3468 :

2007 3509 2240 3579 Oﬂ'cram
2268 3511 2359 3563 tibi
2385 3512 2533 3566 boves
2570 3512 2896 3566 cumbit-cis.

2000 3602 2327 3672 Diapsalma.

1931 3693 1971 3748 C
2007 3693 2334 3749 ilolocausta
2359 3696 2649 3751 medullata
2680 3707 2807 3755 sunt
2834 3696 3124 3764 sacriﬁcia,
3155 3711 3274 3767 qua:
3304 3709 3448 3766 puro

1861 3795 2022 3856 atque
2068 3787 2260 3841 intimo
2303 3789 2466 3843 corde
2495 3789 2607 3843 Deo
2643 3788 2943 3855 otl’erimus,
2971 3805 3091 3860 qnte
3119 3789 3320 3844 habere
3348 3789 3442 3843 de-

1859 3879 1987 3933 bent
2014 3879 2326 3944 medullam,
2373 3880 2424 3933 id
2463 3889 2546 3934 est
2573 3881 2731 3935 ﬁdem
2764 3890 2989 3937 rectam.
3023 3880 3236 3935 Arietes
3268 3879 3439 3949 signi-

1860 3970 2022 4024 ﬁcant
2039 3969 2329 4040 apostolos,
2347 3971 2550 4026 addidit
2573 3987 2702 4029 vero
2724 3974 3002 4030 incensum
3024 3972 3304 4038 arietibus,
3331 3986 3434 4026 non

1861 4061 1994 4116 dixit
2021 4050 2144 4116 éum
2174 4061 2398 4116 incenso
2427 4062 2620 4126 solum,
2645 4063 2738 4118 sed
2768 4064 2974 4120 addidit
3011 4064 3262 4128 arietum,
3305 4063 3433 4132 quia

1860 4152 2032 4221 ipsum
2081 4151 2361 4205 incensum
2419 4152 2804 4207 suavissimum
2857 4162 2941 4208 est
2991 4153 3240 4218 Domino,
3291 4154 3435 4223 quod

1859 4240 2222 4309 apostolorum
2257 4242 2635 4298 traditionibus
2663 4246 2923 4314 probatur
2966 4244 3299 4314 adjunctum.
3333 4244 3434 4300 Bo-

1857 4345 1971 4396 ves,
2006 4330 2376 4401 intelliguntur
2401 4333 2799 4403 praedicatores.
2841 4335 3056 4402 Hircus,
3080 4335 3256 4391 dictus
3277 4335 3436 4404 quasi
3465 4386 3467 4388 .

1859 4422 2110 4486 hirsutus,
2167 4421 2436 4493 signiﬁcat
2488 4423 2701 4479 diabolo
2750 4426 3071 4492 servientes,
3137 4426 3228 4495 qui
3288 4425 3436 4480 vitiis

1861 4515 2162 4569 vestiuntur
2209 4515 2452 4585 bispidis.
2487 4516 2593 4572 Eos
2619 4516 2777 4572 oll‘ert
2806 4516 3046 4573 Ecclesia
3082 4533 3206 4573 cum
3242 4517 3434 4579 bobus,

1860 4608 2076 4677 quando
2127 4610 2373 4666 conversi
2429 4621 2746 4679 peccatores
2805 4611 3023 4667 Christo
3083 4610 3432 4665 conﬁtentur.

1861 4701 1927 4756 15
2009 4701 2190 4757 Venite
2233 4704 2413 4757 audite
2475 4713 2522 4758 et
2580 4705 2808 4760 narrabo
2869 4721 3045 4759 onmes
3095 4704 3183 4773 qui
3246 4704 3440 4759 timetis

2074 4795 2242 4849 Deum
2265 4810 2284 4848 :

2002 4885 2210 4952 Quanta
2242 4888 2582 4956 fecitanimaa
2612 4905 2761 4944 mete.

1929 4976 1976 5031 ll
2007 4977 2216 5046 Venite,
2234 4996 2330 5038 vos
2351 4981 2443 5049 qui
2468 4981 2671 5039 timetis
2692 4979 3016 5044 Dominum,
3038 4987 3093 5034 et
3111 4976 3449 5031 considerate

1857 5069 2092 5104 annulo-
2118 5073 2311 5104 Λιιῖηηηι
2339 5073 2624 5104 Lnnln-nm
2657 5075 2710 5104 ἓν.
2760 5070 3100 5104 Immin-“lina
3144 5075 3262 5104 cum
3312 5081 3456 5104 non-
