3986 5412
549 336 658 396 247

1523 343 1579 399 S.
1617 339 1961 404 BRUNONIS
1998 341 2534 408 HERBIPOLENSIS
2571 347 2884 413 EPlSCOPl'

3686 361 3794 424 24b

536 459 824 529 diligenter
873 453 1104 527 impletis
1158 457 1427 527 perfectus
1473 457 1703 513 ellicitur
1751 460 2116 516 Christianus.
2145 468 2194 524 Α
2223 473 2398 532 potest
2425 481 2640 534 sensus,
2673 470 2773 524 nisi
2799 469 2891 540 qui
2917 470 3223 540 splendoris
3251 467 3420 544 ipsius
3440 473 3798 535 fueritclari-

535 550 678 620 Ergo
707 564 801 603 ore
829 563 928 602 suo
952 547 1170 609 clamat,
1199 547 1288 617 qui
1324 556 1469 602 recta
1499 551 1853 616 conscientia,
1882 567 1986 607 non
2019 570 2108 608 vo-

485 650 493 686 ι
540 641 750 694 lnntate
788 653 1062 707 perversa,
1107 653 1240 707 pure
1269 638 1534 708 supplicat
1567 639 1816 694 Domino.
1849 641 1960 696 Sub
2001 641 2106 695 lin-

537 743 638 800 gua
688 744 815 783 vero
861 728 1014 793 dicit,
1049 729 1099 804 id
1138 737 1220 782 est
1249 729 1301 782 in
1347 731 1700 796 conscientia,
1732 732 1858 799 quia
1885 746 1980 785 cor
2016 746 2112 786 no.

534 830 709 876 strum
761 819 860 874 sub
909 820 1088 889 lingua
1143 829 1329 874 nostra
1387 830 1490 876 est.
1546 821 1613 875 Et
1664 821 1819 876 nobis
1871 821 2111 877 exaltare

533 911 684 965 illum
735 911 980 965 videmur
1023 911 1123 966 sub
1171 911 1371 982 lingua,
1428 916 1645 982 quando
1694 913 1854 968 tacita
1905 915 2112 984 cogita-

533 1004 682 1058 tione
711 1001 859 1058 illum
891 1001 1194 1070 laudamus,
1222 1005 1312 1074 qui
1360 1020 1573 1076 semper
1614 1007 1875 1075 probatur
1898 1007 2111 1064 Altissi-

532 1109 674 1148 lllllS.

533 1187 602 1240 l7
679 1186 1088 1258 Iniquitatemsi
1109 1191 1288 1259 aspexi
1309 1191 1362 1244 in
1387 1190 1541 1245 corde
1569 1206 1679 1243 meo
1705 1207 1722 1242 :

680 1278 803 1333 Non
825 1279 1068 1334 exaudiet
1099 1280 1375 1334 Dominus.

604 1368 646 1422 C
675 1367 766 1423 Sic
808 1382 938 1439 ergo
973 1369 1136 1425 verba
1192 1371 1400 1426 orantis
1447 1381 1806 1440 acelpmntur,
1866 1371 1909 1424 si
1952 1371 2124 1425 nullis

535 1459 920 1532 cogitationum
961 1462 1210 1518 sordibus
1265 1463 1613 1532 polluantur,
1655 1465 1787 1518 dicit
1833 1464 1976 1518 cnim
2005 1483 2017 1518 :
2051 1464 2108 1518 Si

534 1553 638 1607 hoc
669 1550 791 1617 feci,
823 1566 927 1607 non
949 1553 1202 1608 exaudiet
1225 1553 1391 1619 Deus,
1436 1555 1727 1610 ostendens
1752 1555 2026 1624 quoniam,
2065 1555 2108 1610 si

535 1643 721 1697 taliter
740 1653 919 1709 orant,
946 1644 1198 1699 inanibus
1239 1645 1540 1701 visionibus
1574 1645 1892 1700 illuduntur.

535 1735 602 1789 i8
674 1733 958 1804 Propterea
983 1736 1246 1790 exaudivit
1286 1736 1427 1790 Deus
1455 1751 1472 1788 .'

673 1826 747 1881 Et
767 1828 986 1881 attendit
1011 1829 1121 1881 voci
1145 1829 1528 1899 deprecationis
1555 1844 1702 1884 mete.

605 1921 647 1977 C
695 1920 989 1990 Propterea
1025 1921 1338 1976 exauditam
1387 1937 1446 1977 se
1495 1921 1646 1986 dicit,
1677 1921 1804 1992 quia
1847 1936 1955 1976 non
1985 1935 2116 1976 con-

534 2019 791 2082 spexerat
831 2010 1170 2078 iniquitatem
1218 2010 1280 2064 in.
1328 2010 1492 2065 corde
1535 2025 1654 2065 suo.
1708 2010 1834 2065 ldeo
1883 2010 2118 2065 intendit

533 2105 676 2169 voci,
730 2104 872 2174 quia
905 2103 994 2158 ille
1042 2103 1250 2158 clamor
1296 2103 1542 2158 ascendit
1571 2102 1637 2156 ad
1676 2101 1992 2168 Dominum,
2022 2101 2128 2172 qui-

535 2195 884 2265 pollutionem
913 2210 1094 2251 rerum
1121 2209 1226 2249 non
1262 2194 1426 2248 habet
1459 2192 1844 2248 humanarum.

538 2286 607 2342 i9
680 2285 990 2340 Benedictus
1016 2284 1157 2339 Deus
1189 2299 1206 2336 :

683 2375 787 2442 Qui
835 2392 940 2430 non
979 2376 1173 2430 amovit
1217 2376 1507 2430 orationem
1549 2391 1717 2429 meam
1745 2385 1793 2429 et
1821 2376 2121 2430 misericor-

747 2467 891 2520 diam
915 2482 1066 2520 suam
1093 2481 1127 2519 a
1148 2481 1247 2519 me.

608 2557 654 2614 ll
690 2557 824 2612 Nam
848 2572 1061 2628 semper
1105 2557 1205 2628 pia:
1228 2571 1387 2612 aures
1412 2555 1617 2613 Christi
1656 2556 1910 2628 precibus
1945 2558 2122 2628 justo-

538 2668 656 2707 rum
687 2659 898 2722 patent,
933 2651 1028 2705 sed
1049 2663 1148 2705 nos
1177 2649 1493 2720 suppliciter
1512 2650 1884 2720 deprecemur,
1917 2660 1974 2704 ut
1995 2665 2121 2720 ape-

540 2744 644 2796 riat
667 2755 828 2795 aures
877 2755 1006 2794 suas
1029 2739 1096 2794 ad
1129 2755 1317 2810 preces
1362 2748 1601 2804 nostras,
1629 2747 1684 2793 et
1729 2739 1845 2808 ipse
1869 2754 1969 2794 nos
1996 2740 2120 2793 data

544 2831 867 2886 remissione
940 2840 1284 2901 peccatorum
1335 2831 1403 2884 de
1452 2831 1809 2901 przesentibus
1864 2833 2122 2886 aerumnis

539 2925 755 2996 eripiat.
785 2923 825 2980 C
859 2924 974 2980 Duo
996 2941 1126 2980 vero
1151 2925 1255 2980 ista
1297 2941 1545 2980 connexa
1574 2934 1723 2991 sunt,
1755 2926 1881 2995 quia
1905 2927 2122 2997 quando

539 3017 684 3072 Deus
708 3016 1011 3072 orationem
1033 3031 1140 3072 non
1167 3023 1400 3079 amovet,
1426 3015 1544 3070 sine
1595 3015 1933 3071 dubitatione
1962 3017 2124 3071 niise-

545 3108 834 3163 ricordiam
860 3109 1128 3174 concedit,
1165 3117 1363 3164 etcum
1402 3108 1578 3164 oratio
1605 3108 1973 3178 suspenditur,
2021 3110 2122 3164 mi-

540 3201 837 3259 sericordia
862 3200 1182 3271 protelatur.

1016 3330 1215 3371 ORATIO
1243 3330 1312 3370 EX
1351 3329 1496 3372 PSA]...
1533 3329 1656 3368 LXV.

612 3423 853 3492 lnsinua,
912 3425 1162 3491 Domine,
1211 3425 1377 3480 menti
1427 3435 1627 3480 nostra:
1677 3423 1901 3495 gloriam
1946 3423 2118 3478 laudis

543 3527 664 3580 tua),
719 3527 780 3572 ut
805 3517 930 3572 dum
963 3516 1124 3586 hujus
1167 3517 1350 3572 seaculi
1409 3516 1660 3572 incendia
1685 3516 2037 3581 'devitamus,
2064 3516 2117 3569 in

540 3616 740 3664 aeterna
765 3609 1045 3680 refrigeria
1092 3619 1144 3664 te
1167 3607 1396 3679 praesule
1442 3605 1856 3662 transferamur.
1882 3606 1985 3662 Per
2016 3606 2121 3662 Do-

542 3702 748 3758 minum
780 3712 1024 3758 nostrum
1047 3701 1232 3758 Jesum
1255 3701 1560 3764 Christum,
1579 3707 1696 3755 etc.

1066 3812 1388 3870 PSALMUS
1417 3810 1606 3867 LXVI.

970 3919 1333 3961 AIGUIENTUI
1370 3917 1516 3956 ΡεΑι..
1546 3917 1694 3956 LXVI.

611 4019 652 4075 C
675 4019 945 4090 Propheta
990 4017 1278 4089 supplicat,
1315 4024 1375 4070 ut
1401 4030 1522 4070 cum
1567 4013 1817 4069 ﬁdelibus
1846 4025 2124 4070 mereatur

545 4110 810 4175 benedici,
843 4109 1027 4179 illique
1067 4107 1433 4164 conﬁtendum
1475 4104 1629 4172 dicit,
1671 4104 1761 4175 qui
1793 4090 2020 4176 populos
2037 4102 2126 4174 ju-

547 4201 693 4257 dicat
720 4200 780 4256 in
814 4201 1089 4270 azquitate.

729 4292 818 4348 TT
875 4293 942 4348 In
969 4295 1125 4363 ﬁnem
1150 4295 1203 4348 in
1239 4294 1446 4363 hymnis
1471 4291 1704 4362 psalmus
1731 4293 1942 4346 cantici.

623 4384 664 4442 C
691 4385 799 4440 lste
839 4386 1072 4456 hymnus
1120 4399 1278 4454 quem
1307 4400 1450 4439 nunc
1495 4385 1762 4454 Propheta
1789 4385 1968 4452 canit;
2004 4385 2126 4440 ideo

2035 4295 2073 4314 ον

553 4474 819 4547 praemisit
845 4475 898 4528 in
929 4474 1110 4540 linem,
1139 4476 1263 4544 quia
1293 4484 1401 4530 tota
1423 4475 1600 4530 oratio
1623 4475 1687 4528 ad
1710 4475 1993 4530 Dominum
2010 4477 2126 4530 sine
2157 4517 2203 4575 υ
2229 4475 2590 4547 perlectorum

554 4569 891 4624 dubitatione
915 4568 1186 4638 dirigitur.
1217 4568 1461 4623 Psalnms
1487 4584 1618 4622 vero
1664 4569 1860 4623 cantici
1893 4579 2000 4632 est,
2031 4569 2122 4639 qui

558 4659 674 4713 sola
703 4657 1066 4712 modulatione
1093 4658 1340 4711 humanze
1367 4657 1513 4711 vocis
1535 4657 1850 4711 canebatur.
1881 4657 2126 4712 Psalmus

557 4763 685 4802 vero
728 4747 942 4816 quando
981 4746 1128 4801 solus
1184 4747 1421 4815 ponitur,
1451 4745 1788 4816 signiticatur
1829 4747 2056 4816 organis
2074 4756 2128 4802 et

561 4840 815 4911 timpanis
864 4838 1031 4894 fuisse
1093 4838 1352 4909 prolatus.
1414 4837 1683 4909 llytnnum
1730 4853 1858 4894 vero
1905 4854 2125 4893 carmen

556 4948 676 4988 esse
703 4932 986 4986 metricum
1039 4932 1291 4998 diximus,
1316 4930 1472 5000 cujus
1522 4929 1637 5000 lege
1667 4938 1750 4985 est
1773 4931 2126 4999 compositus.

557 5025 713 5078 Aliud
743 5033 826 5078 est
863 5039 992 5094 ergo
1033 5023 1287 5093 hymnus,
1318 5022 1460 5076 aliud
1504 5021 1768 5091 psalmus,
1799 5022 1942 5077 aliud
1985 5021 2133 5091 psal-

561 5132 680 5170 mus
709 5115 930 5171 cantici.

2143 3160 2197 3223 ε.

2219 565 2329 612 tate
2354 557 2624 627 perfusus.

2213 651 2249 705 2
2359 648 2426 704 Ut
2451 667 2820 721 cognoscamus
2849 655 2904 708 in
2931 665 3071 710 terra
3093 658 3227 712 viam
3259 667 3406 714 tuam
3429 674 3450 712 :

2358 738 2426 793 In
2454 739 2691 795 omnibus
2712 743 2947 812 gentibus
2975 745 3403 804 salutare'tuunr'.

2286 830 2327 885 C
2369 829 2511 885 Petit
2563 830 2832 901 Propheta
2867 844 2926 889 ut
2966 836 3018 890 in
3052 837 3154 893 hoc
3185 841 3384 895 mundo
3405 856 3800 911 cognoscamus

2218 920 2362 974 illam
2406 921 2550 976 viam
2600 923 2856 978 veritatis
2895 925 3078 994 (Joan.
3121 927 3260 999 ιιν),
3313 928 3365 983 id
3391 939 3475 985 est
3505 931 3797 987 Dominum

2219 1011 2578 1078 Salvam-em,
2609 1013 2826 1082 quinos
2853 1014 3000 1069 ducit
3025 1015 3093 1070 ad
3123 1016 3265 1070 viam
3309 1018 3362 1072 in
3391 1035 3496 1088 qua
3527 1035 3691 1076 nemo
3710 1038 3799 1076 en

2218 1117 2341 1156 rare
2362 1103 2598 1172 poterit,
2617 1103 2719 1158 nisi
2750 1105 2842 1173 qui
2865 1106 2932 1161 ab
2977 1107 3096 1177 ejus
3127 1107 3327 1178 regulis
3355 1109 3575 1165 deviare
3593 1127 3803 1181 pracsu-

2218 1193 2338 1259 mit,
2367 1193 2520 1262 cujus
2539 1194 2797 1262 salutare,
2838 1196 2890 1251 id
2911 1206 2998 1252 est
3041 1196 3292 1256 Christus
3307 1199 3370 1280 lin
3396 1215 3589 1257 omnes
3607 1211 3812 1272 gentes

2217 1283 2546 1353 divulgatur.

2217 1377 2251 1430 5
2355 1375 2720 1446 Conﬁteantur
2744 1380 2842 1434 tibi
2867 1381 3078 1452 populi,
3109 1382 3247 1439 Deus
3271 1395 3306 1436 :‘

2363 1466 2730 1537 Conﬁteantur
2750 1473 2844 1526 tibi
2871 1474 3049 1544 populi
3078 1491 3274 1531 omnes.

2287 1558 2328 1614 (Ζ
2373 1558 2747 1616 Conﬁteantur
2790 1563 2887 1618 tibi
2935 1566 3142 1636 populi,
3171 1568 3382 1624 scilicet
3410 1580 3635 1640 peccata
3671 1585 3821 1637 sua:

2218 1660 2273 1706 et
2297 1651 2494 1707 iterum
2526 1653 2758 1724 gloriam
2802 1655 3018 1713 Domini
3058 1661 3356 1730 praedicare
3389 1679 3495 1718 non
3522 1665 3816 1720 desinantr

2220 1743 2464 1814 Denique
2515 1747 2751 1801 verbum
2784 1745 2960 1818 ipsum
3016 1749 3070 1805 in
3121 1767 3231 1808 uno
3276 1768 3434 1808 versu
3463 1755 3812 1824 geminatum

2145 1811 2196 1873 Β
2220 1811 2400 1902 docet,
2425 1844 2538 1891 uta
2581 1811 2958 1910 ll-deli'populo
2986 1851 3158 1898 totum
3197 1811 3558 1914 cognosceres
3597 1847 3820 1902 {aciein--

2219 1926 2347 1982 dum
2400 1942 2542 1994 esse,
2596 1929 2806 1986 scilicet
2851 1941 2911 1987 ut
2954 1945 3176 2004 peccata
3216 1935 3824 2006 primoconliteanturr

2219 2016 2412 2073 deinde
2441 2017 2629 2075 laudes
2652 2019 2868 2077 Domini
2893 2032 3207 2094 personent.

2219 2107 2253 2160 4
2362 2106 2630 2164 ιωιιηιιιτ
2652 2119 2700 2163 et
2745 2110 3005 2166 exsultent
3043 2122 3220 2183 gentes
3243 2129 3265 2168 :
3301 2114 3549 2184 quoniam
3586 2115 3816 2185 judicas

2427 2196 2646 2268 populos
2674 2197 2729 2252 in
2757 2200 3003 2268 (equitate
3038 2213 3068 2251 :.

2365 2288 2428 2343 Et
2449 2299 2625 2360 gentes
2652 2290 2706 2344 in
2735 2300 2876 2345 terra
2903 2291 3110 2362 dirigis.
3162 2291 3493 2363 Diapsalma.

2289 2376 2338 2433 Η
2385 2377 2666 2434 Laetentur
2693 2387 2901 2450 gentes,
2951 2381 3207 2451 quoniam
3260 2383 3326 2437 de
3350 2383 3670 2452 captivitate
3697 2383 3807 2440 dia-

2218 2467 2327 2524 boli
2355 2467 2598 2523 liberate
2612 2478 2758 2534 sunt,
2785 2471 3042 2538 quoniam
3067 2471 3292 2542 populos
3310 2471 3525 2540 judicas
3550 2473 3605 2527 in
3636 2474 3820 2544 aequiv

2222 2565 2359 2623 tate,
2389 2557 2518 2627 quia
2577 2572 2684 2613 non
2714 2559 2918 2628 accipis
2945 2548 3234 2630 personam
3283 2560 3443 2616 unius
3488 2562 3690 2632 gentis,
3715 2563 3820 2618 sed

2221 2648 2465 2704 omnium
2518 2647 2663 2705 Deus
2709 2663 2792 2714 es,
2841 2657 2896 2705 et
2932 2657 3122 2720 gentes
3183 2649 3398 2722 dirigis,
3427 2659 3488 2704 ut
3522 2651 3818 2708 ambulent

2221 2739 2367 2795 viam
2412 2747 2617 2795 rectam
2645 2779 2659 2804 ,
2706 2754 2827 2810 quae
2875 2749 2998 2795 ante
3050 2755 3159 2796 non
3220 2751 3368 2796 recte
3409 2740 3546 2811 pede
3587 2741 3822 2811 gradie—

2222 2837 2444 2891 bantur.

2222 2926 2257 2980 5
2365 2926 2730 2996 Conﬁteantur
2765 2928 2859 2981 tibi
2897 2926 3083 2996 populi
3117 2926 3256 2982 Deus
3287 2925 3692 2994 {conﬁteantur
3716 2923 3821 2978 tibi

2431 3017 2611 3088 populi
2633 3033 2810 3072 omnes
2839 3035 2858 3072 :
3409 3029 3424 3040 “

2367 3107 2531 3165 Terra
2563 3110 2708 3164 dedit
2737 3109 2967 3179 fructum
2989 3128 3164 3166 suum.

2289 3203 2330 3259 C
2359 3201 2515 3257 Dedit
2540 3201 2706 3256 etiam
2738 3209 2880 3256 terra
2907 3200 3146 3258 fructum
3175 3216 3354 3267 suum,
3381 3201 3606 3271 quando
3622 3199 3816 3256 Domi-

2218 3307 2346 3347 num
2396 3289 2737 3346 Salvatorem
2767 3289 3108 3345 diversarum
3141 3290 3380 3359 gentium
3424 3290 3580 3345 turba
3607 3305 3806 3346 susce-

2217 3383 2296 3454 pit
2323 3399 2336 3434 :
2362 3389 2418 3436 et
2444 3379 2662 3434 vitalem
2701 3378 2938 3436 fructum
2980 3380 3184 3446 intulit,
3205 3395 3328 3436 cum
3343 3380 3681 3450 jussionibus
3703 3381 3814 3436 Do-

2220 3471 2352 3526 mini
2375 3468 2635 3535 obedivit,
2676 3478 2732 3524 et
2757 3469 2946 3540 Spinas
2964 3468 3162 3524 diaboli
3186 3468 3519 3539 tribulosque
3544 3470 3816 3525 deseruit.

2219 3563 2252 3618 6
2360 3563 2643 3618 Benedicat
2667 3577 2761 3616 nos
2793 3560 2954 3616 Deus.
2987 3561 3128 3616 Deus
3162 3569 3356 3616 noster.
3393 3560 3684 3616 Benedicat
3714 3577 3814 3615 nos

2430 3653 2573 3708 Deus
2599 3669 2618 3708 :

2366 3745 2436 3802 Et
2463 3754 2699 3801 metuant
2729 3763 2847 3802 eum
2872 3763 3048 3802 omnes
3073 3747 3384 3816 fines'term

2294 3835 2339 3892 Η
2367 3836 2660 3892 Benedicat
2686 3851 2792 3890 nos
2816 3837 2977 3903 Deus,
3010 3837 3064 3892 id
3089 3848 3173 3892 est
3215 3836 3362 3892 Deus
3407 3834 3610 3900 Pater;
3665 3834 3809 3889 Deus

2224 3936 2428 3994 noster,
2457 3927 2512 3983 id
2542 3936 2625 3986 est
2650 3927 2794 3984 Deus
2822 3927 3020 3993 Filius,
3042 3929 3134 3997 qui
3161 3929 3303 3984 Deus
3331 3937 3414 3983 est
3434 3927 3681 3982 omnium
3713 3940 3808 3996 per

2224 4031 2494 4084 naturam,
2524 4025 2711 4074 noster
2759 4017 2934 4074 lactus
2979 4027 3064 4074 est
3108 4019 3326 4089 proprie
3373 4017 3514 4073 Deus
3547 4033 3650 4087 per
3687 4031 3808 4086 gra-

2227 4109 2390 4175 tiam;
2427 4107 2589 4163 tertio
2617 4107 2750 4163 dicit
2773 4107 3055 4163 benedicat
3077 4123 3176 4164 nos
3203 4109 3376 4173 Deus,
3393 4107 3446 4163 id
3467 4115 3558 4162 est.
3574 4105 3809 4176 Spiritus

2225 4209 2469 4267 sanctus,
2505 4199 2576 4255 Et
2603 4207 2850 4255 metuant
2877 4216 3024 4268 eum,
3055 4199 3098 4258 C
3125 4201 3231 4256 hoc
3273 4209 3358 4256 est
3408 4199 3808 4268 incipientium,

2229 4303 2285 4349 ut
2307 4303 2364 4348 et
2387 4293 2609 4350 credere
2639 4292 2918 4361 incipiant,
2947 4302 3002 4348 et
3028 4293 3234 4348 credita
3259 4300 3424 4348 cauta
3442 4290 3810 4347 sollicitudine

2226 4385 2550 4441 custodiant.
2587 4382 2633 4437 ll
2683 4383 2918 4452 Timere,
2966 4383 3341 4454 incipientium
3394 4389 3512 4446 est;
3559 4380 3815 4451 diligere,

2679 4558 2880 4600 ORATIO
2912 4559 2982 4598 EX
3026 4559 3171 4598 Ρειιι..
3208 4558 3351 4598 LXVI.

2301 4658 2572 4724 lllumina,
2607 4657 2859 4722 Domine,
2880 4656 3085 4711 vultum
3110 4664 3258 4710 tuum
3289 4669 3453 4725 super
3477 4669 3604 4718 nos,
3630 4663 3689 4710 et
3716 4657 3815 4710 mi-

2231 4747 2580 4805 sericordiam
2608 4746 2762 4802 nobis
2785 4746 3004 4802 uberem
3026 4745 3567 4814 benedictionemque
3589 4744 3814 4815 largire.

2232 4839 2335 4894 Per
2361 4838 2642 4894 Dominum
2659 4845 2901 4893 nostrum
2914 4834 3098 4891 Jesum
3121 4833 3393 4890 Christum
3411 4815 3615 4889 Filium
3641 4844 3813 4900 tuum,

2233 4931 2324 5001 qui
2357 4940 2532 4986 tecum
2556 4928 2688 4983 vivit
2711 4935 2766 4982 et
2794 4934 3008 4998 regnat,
3038 4936 3146 4980 etc.

2743 5035 3061 5092 PSALMUS
3098 5033 3305 5089 LXVII.
3323 5053 3332 5064 ·

2642 5144 3004 5186 ARGUEEN'EL’M
3046 5143 3191 5183 PSAL.
3233 5142 3381 5181 LXVII
