3986 5412
147 267 254 325 sta
1339 214 1700 319 exposirto
1739 248 2214 320 pS‘ALuonun.‘
3311 255 3420 314 sse

152 396 371 452 semper
419 385 727 449 apponitur.
760 372 1045 446 Signiﬁcat
1093 377 1236 432 enim
1285 391 1466 433 rerum
1494 385 1655 446 caput
1687 382 1750 430 et'
1770 379 1817 437 Α
1846 376 1916 432 de
1940 393 2047 447 quo
2075 389 2132 433 et
2155 377 2282 434 alibi
2307 377 2523 450 legitur,
2554 375 2758 448 pupillo
2781 383 2837 432 et
2883 373 3055 430 vidum
3082 381 3139 430 tu
3175 375 3301 431 eris.
3324 376 3421 432 ad-

150 471 412 529 :etcrnale
443 468 792 539 principium,
831 467 970 522 sicut
997 469 1111 536 ipse
1159 467 1296 521 dixit
1318 468 1370 522 in
1398 467 1729 538 Evangelio:
1829 469 1979 539 jutor
2005 469 2182 542 (Psal.
2214 471 2314 544 Ix).

153 563 263 632 Ego
308 560 638 630 principium
695 557 876 624 (Jaan.
923 559 1068 629 vm).
1123 557 1169 612 ll
1217 557 1483 622 Psalmus,
1535 570 1730 626 opera;

153 651 426 707 canticum
449 648 860 720 intelligentiam
883 649 1082 705 mentis
1107 649 1394 720 signiﬁcat.
1424 649 1464 704 C
1489 647 1735 704 Psalmus

153 752 332 798 autem
368 743 570 798 cantici
595 750 677 798 est
704 745 784 812 (nt
807 739 926 810 jam
953 741 1155 796 dictum
1193 741 1322 812 est),
1356 739 1448 810 qui
1498 741 1734 796 humana

155 844 363 888 tantum
393 835 533 896 solet
561 848 693 890 voce
721 833 952 889 cantari.

154 925 184 978 1
252 924 526 996 Exsurgat
556 924 700 980 Deus
727 934 773 978 et
797 924 1114 993 dissipentur
1137 925 1336 979 inimici
1364 926 1478 995 ejus
1502 941 1521 978 :

1868 583 1902 638 6
1974 583 2114 638 Deus
2161 584 2216 638 in
2257 583 2371 639 loco
2410 595 2590 640 sancto
2628 595 2778 640 sua

1975 675 2118 730 Deus
2149 676 2443 729 inhabitare
2471 675 2602 744 facit
2626 675 2782 730 unius
2809 676 2970 730 motis
2998 675 3053 729 in
3080 676 3258 730 Jama.

1903 765 1945 821 C
1984 766 2125 820 Deus
2173 764 2225 820 in
2278 765 2396 821 loco
2435 773 2622 820 sancto
2664 780 2795 830 suo,
2847 765 3272 821 subaudiendum
3300 773 3420 829 est,

1833 855 1925 927 qui
1956 853 2346 910 immutabilem
2386 864 2566 910 servat
2601 855 2957 921 sententiam,
2989 862 3048 909 ut
3076 855 3416 910 sanctus'tir-

1834 961 1955 1002 mus
1998 945 2243 1010 dicatur,
2274 945 2366 1015 qui
2415 953 2587 1000 mutat
2617 954 2889 1015 tempora,
2937 959 3045 1000 non
3092 953 3266 999 mutat
3291 960 3426 999 con-

287 1017 360 1071 ε’
388 1018 597 1088 fugiam
619 1019 711 1086 συί
734 1017 952 1070 “mum
977 1033 1095 1070 eum
1116 1033 1149 1070 α
1177 1017 1311 1086 facie
1332 1018 1468 1086 ειῘαδο
1834 1040 1975 1096 silia.
2009 1039 2052 1094 ll
2081 1037 2175 1094 Vel
2206 1038 2349 1094 Deus
2390 1039 2445 1094 in
2487 1038 2609 1095 loco
2661 1047 2848 1095 sancto
2887 1055 3015 1105 suo,
3048 1039 3099 1093 id
3129 1047 3212 1095 est
3239 1039 3419 1092 anima

216 1107 262 1160 Δ
290 1106 433 1162 Petit
458 1106 732 1177 Propheta
765 1105 1216 1161 resurrectionem
1261 1106 1484 1171 Christi,
1526 1105 1580 1160 in
1627 1120 1733 1176 qua

1850 1130 2010 1196 ideli,
2052 1123 2362 1200 ubicunque
2390 1130 2533 1186 enim
2568 1131 2829 1185 sanctitas
2870 1139 2983 1194 est,
3029 1129 3099 1184 ibi
3143 1129 3423 1184 habitacu-

155 1197 549 1267 dissiparentnr
603 1197 920 1262 adversarii,
974 1197 1184 1252 scilicet
1232 1195 1424 1253 Judaei.
1477 1197 1736 1268 Sequitur
1835 1217 1945 1273 mm
1994 1195 2088 1273 Dei
2126 1227 2230 1274 est.
2274 1195 2386 1285 'Qui
2435 1218 2739 1273 inhabitare
2780 1216 2908 1272 [πει
2948 1217 3002 1272 in
3058 1216 3421 1282 Eccresia.rin

155 1289 551 1344 inaestimabilis
583 1303 742 1370 parua
776 1287 1188 1357 maledictionis,
1219 1298 1280 1343 ut
1327 1290 1396 1343 ab
1442 1290 1558 1359 ejus
1595 1288 1733 1343 facie

1850 1323 1940 1380 jua
1989 1308 2222 1365 fideliter
2250 1309 2702 1374 consistentibus,
2732 1307 2987 1379 spiritum
3029 1305 3309 1360 charitatis
3340 1305 3409 1358 in‘

155 1379 382 1451 fugiant,
405 1381 564 1450 cujus
597 1380 795 1448 ubique
821 1388 1036 1434 constat
1059 1394 1181 1434 esse
1211 1380 1605 1450 paenitentiam.
1631 1378 1733 1446 Qui

1850 1378 2048 1463 fundit,
2096 1398 2186 1467 qui
2236 1398 2396 1454 unius
2439 1398 2608 1453 moris
2655 1378 2812 1463 sunt,
2861 1406 2917 1452 et
2966 1411 3072 1451 nou
3104 1403 3420 1461 mutantur,

154 1473 384 1528 οάοηιηι
430 1487 580 1537 eum»
628 1485 724 1528 θοε
766 1471 1037 1542 εἱειιὶῦοει
1065 1471 1158 1540 qui
1211 1471 1268 1527 in
1297 1485 1393 1527 ειη
1438 1471 1735 1541 Faunae“
1836 1487 2113 1556 Siquidem
2146 1485 2324 1556 justus
2355 1502 2459 1542 non
2503 1495 2778 1552 mutatur,
2807 1485 2929 1555 quia
2963 1483 3128 1540 semel
3154 1481 3422 1552 judicavit

155 1563 532 1618 οοηδίίῑθηηιο
1836 1579 1889 1634 in
1901 1577 2114 1648 justitia
2145 1595 2240 1635 sua
2263 1593 2600 1649 permanere.
2626 1579 2682 1634 In
2713 1577 2940 1632 Hebraeo
2973 1591 3100 1631 vero
3128 1576 3358 1631 habetur
3389 1594 3409 1630 :

151 1653 188 1706 2
287 1654 443 1710 Sicut
472 1655 652 1723 deﬁcit
691 1654 868 1724 fumus
891 1654 1136 1722 deficiant
1160 1666 1184 1705 .'

1850 1669 2097 1724 Dominus
2142 1669 2446 1726 inhabitare
2493 1669 2624 1724 facit
2669 1669 2963 1724 monachos
3011 1666 3088 1738 (id
3121 1675 3206 1722 est
3232 1658 3419 1722 solita-

289 1742 440 1800 Sicut
467 1721 586 1814 [luit
616 1721 736 1799 cera
765 1761 798 1798 a
824 1744 960 1814 facie
984 1744 1121 1814 ignis
1155 1743 1233 1799 sic
1261 1752 1474 1813 pereant
1496 1753 1733 1814 peccata-

1850 1760 1946 1816 :ios
1970 1801 1986 1827 ,
2037 1761 2126 1830 qui
2153 1801 2169 1827 ,
2215 1761 2424 1816 scilicet
2469 1761 2607 1827 soli,
2649 1761 2913 1832 segregati
2946 1768 3070 1815 sunt
3095 1775 3126 1813 a
3157 1759 3304 1814 vitiis
3325 1799 3340 1824 ,
3371 1767 3428 1814 et

365 1851 452 1888 res
481 1852 514 1888 a
541 1834 681 1904 {acie
706 1835 824 1888 Dei.

1854 1872 1887 1911 n
1936 1854 2138 1926 quibus
2161 1871 2266 1911 non
2293 1855 2503 1910 habitat
2529 1853 2848 1924 peccatum)
2886 1853 2944 1908 in
2989 1852 3170 1907 domo.
3227 1850 3428 1906 Solita-

217 1927 258 1982 (ἶ
285 1925 494 1981 Fumus
525 1932 610 1981 εει
656 1939 721 1980 ει
776 1924 990 1980 ﬂamma
1039 1940 1266 1996 sumens
1291 1925 1626 2017 (ῗοττυΡῑῘδΑίνινί
1657 1933 1736 1982 ⁸⁸·
1833 1924 1969 2004 rius—
1990 1947 2135 2003 enim
2169 1947 2456 2002 monachus
2491 1945 2898 2017 interpretatur,
2951 1953 3011 1999 ut
3054 1944 3126 2000 sit
3173 1943 3320 2000 solus
3357 1951 3424 1999 es

149 2019 386 2074 nebrosa
409 2017 777 2086 conglobatio,
815 2032 937 2086 qua:
971 2027 1234 2086 quantum
1267 2016 1389 2087 plus
1433 2015 1734 2085 extollitur,
1834 2037 1904 2094 ab
1947 2037 2093 2092 omni
2121 2045 2346 2102 peccato
2387 2035 2614 2092 divisus.

152 2117 360 2162 tantum
385 2123 485 2178 per
509 2109 667 2162 inane
690 2115 978 2162 tenuatur:
999 2107 1078 2163 sic
1098 2115 1414 2178 peccatores
1433 2107 1738 2178 producunt

148 2195 432 2253 famiferas
459 2199 721 2262 actiones.
752 2212 872 2267 qua:
897 2197 1023 2254 licet
1048 2200 1114 2253 ad
1143 2199 1338 2274 altiora
1366 2199 1619 2269 superbia
1654 2199 1735 2254 fa-

149 2285 326 2340 ciente
354 2295 712 2356 consurgant,
742 2300 968 2342 necesse
990 2294 1072 2341 est
1111 2297 1169 2342 ut
1197 2287 1250 2342 in
1277 2302 1378 2344 sua
1395 2287 1629 2343 elatione
1650 2287 1740 2342 de.

1834 2148 1866 2202 7
1974 2162 2037 2204 -ι-
2065 2147 2170 2213 Qui
2199 2146 2218 2217 ζ
2249 2147 2419 2202 educit
2469 2147 2664 2200 vinctos
2691 2147 2746 2201 in
2789 2145 3099 2214 fortitudine
3126 2163 3145 2202 :

1977 2235 2236 2292 Similiter
2287 2253 2374 2292 eos
2422 2236 2513 2307 qui
2577 2245 2890 2305 exasperant
2943 2235 3033 2306 qui
3084 2235 3320 2290 habitant
3370 2237 3438 2292 in

2047 2328 2330 2399 sepulcris.

1907 2416 1949 2472 C
1983 2400 2183 2473 Eduxit
2228 2417 2468 2482 vinctos,
2513 2417 2640 2490 quia
2688 2417 2908 2490 alligato
2951 2419 3166 2476 diabolo
3215 2421 3435 2478 vinctos

1837 2510 1904 2566 ab
1956 2508 2170 2564 inferno
2224 2508 2508 2575 liberavit,
2562 2517 2618 2564 et
2666 2508 2734 2562 ad
2785 2507 2977 2578 gaudia
3029 2509 3218 2564 aeterni
3267 2511 3433 2580 regni

1840 2599 2088 2656 elevavit.
2133 2597 2398 2654 Similiter
2444 2612 2538 2653 eos
2581 2598 2673 2668 qui
2728 2607 3086 2669 exasperant,
3135 2598 3187 2653 id
3239 2608 3326 2654 est
3371 2600 3431 2654 in

1837 2687 1974 2743 iram
2003 2695 2296 2756 provocant
2339 2685 2624 2740 Dominum
2660 2684 3012 2755 blasphemia.
3044 2685 3149 2755 lpsi
3178 2696 3305 2742 sunt
3333 2687 3442 2756 qui

1838 2774 2083 2832 habitant
2115 2773 2172 2829 in
2215 2773 2498 2843 sepulcris.
2543 2773 2601 2829 ld
2645 2782 2730 2828 est
2776 2773 2866 2842 qui
2913 2773 2968 2828 in
3001 2773 3166 2828 fetida
3214 2783 3270 2830 ct
3300 2790 3428 2830 car-

1838 2865 1947 2921 nali
1987 2867 2199 2921 aetioue
2241 2865 2435 2936 sepulti
2484 2873 2632 2921 sunt.
2662 2863 2710 2920 ll
2737 2865 2833 2921 Vel
2856 2865 3068 2924 vinctos
3108 2866 3162 2921 in
3193 2865 3438 2938 peccatis

1838 2955 2033 3028 ligatos
2073 2956 2279 3027 accipe.

151 2371 358 2428 ﬁciant.
394 2374 488 2430 Sic
512 2375 676 2431 etiam
709 2375 763 2430 in
785 2374 991 2444 judicio
1037 2375 1339 2447 depereunt
1364 2385 1680 2447 peccatores
1705 2392 1736 2432 a

148 2463 288 2522 facie
313 2465 458 2535 ejus,
489 2467 942 2537 quemadmodum
972 2483 1097 2523 cera
1124 2483 1155 2522 a
1202 2467 1340 2524 facie
1378 2469 1518 2540 ignis
1545 2483 1741 2525 consu-

149 2559 337 2614 mitur.
379 2559 499 2615 Non
530 2560 662 2615 dicit
687 2569 868 2615 autem
897 2575 992 2616 eos
1017 2561 1263 2617 consumi
1309 2575 1472 2630 posse
1522 2562 1740 2630 penitus

152 2651 239 2718 qui
271 2659 539 2720 perpetuo
567 2652 690 2722 igne
735 2651 1025 2721 torquendi
1062 2661 1212 2716 sunt,
1259 2651 1355 2706 sed
1395 2666 1426 2704 a
1456 2649 1594 2705 facie
1645 2651 1737 2705 Dei

152 2743 439 2800 tollendos.
468 2743 512 2799 ll
541 2743 676 2800 Cera
709 2744 874 2808 enim,
905 2743 1030 2798 licet
1051 2744 1120 2799 ab
1144 2745 1268 2815 igne
1295 2743 1557 2808 solvatur,
1581 2753 1740 2798 natu-

151 2848 264 2887 ram
303 2849 415 2887 non
447 2834 647 2904 perdit,
681 2834 754 2888 ita
785 2843 1100 2902 peccatores
1129 2833 1450 2889 mollescant
1473 2848 1502 2888 a
1523 2834 1737 2905 peccati

152 2921 356 2977 duritia
386 2933 443 2976 et
468 2923 771 2994 paenitentia
801 2921 988 2987 ﬁuant,
1022 2932 1080 2977 ut
1109 2922 1406 2979 salventur.

153 3011 186 3065 3
290 3011 363 3067 Et
379 3014 520 3083 justi
544 3013 822 3081 epulentur
846 3023 895 3068 et
925 3013 1183 3070 exsultent
1211 3016 1266 3070 in
1289 3025 1566 3086 conspectu
1591 3015 1733 3070 Dei:

292 3067 1022 3160 Efdekdénmmwm
1592 3067 1722 3070 ""
1759 3073 1804 3134 c
1834 3073 1868 3128 s
1973 3071 2302 3138 Deus,cum
2345 3070 2626 3142 egredieris
2658 3069 2727 3160 in
2769 3077 3046 3160 conspectu
3082 3067 3261 3160 populi
3307 3067 3435 3126 ius";

1978 3161 2109 3218 Cum
2145 3161 2508 3232 pertransieris
2545 3162 2601 3214 in
2630 3158 2853 3215 deserta.
2897 3157 3224 3228 Diapsalma.

1909 3251 1950 3308 C
1990 3252 2281 3323 Egreditur
2320 3251 2465 3306 enim
2517 3251 2701 3305 ceram
2749 3247 2980 3324 populo,
3022 3249 3236 3318 quando
3278 3261 3441 3303 resuo

1838 3342 2105 3399 scitantur
2147 3342 2238 3412 qui
2289 3343 2341 3398 in
2390 3340 2652 3412 sepulcris
2705 3340 2971 3395 habitant.
3026 3339 3206 3408 Ipsum
3278 3340 3433 3395 enim

1838 3441 2130 3490 contuetur
2159 3430 2364 3497 ﬁdelis,
2392 3431 2609 3502 quando
2657 3430 2712 3484 in
2745 3428 2998 3498 operibus
3045 3429 3252 3497 magnis
3312 3430 3437 3500 ejus

1838 3525 2095 3595 pietatem
2123 3522 2420 3594 cognoscit.
2459 3520 2857 3594 Transgressus
2888 3529 2971 3575 est
3013 3521 3066 3574 in
3115 3521 3428 3588 desertum,

1839 3618 2057 3689 quando
2093 3617 2160 3672 ad
2202 3624 2393 3688 gentes
2438 3615 2625 3681 venit,
2655 3629 2805 3684 quae,
2854 3612 3002 3668 velut
3048 3627 3296 3679 eremus,
3342 3613 3437 3670 de-

1841 3709 2030 3766 solata:
2089 3724 2118 3763 a
2168 3708 2334 3764 verbo
2381 3706 2474 3762 Dei
2523 3704 2886 3760 reddebantur
2934 3704 3156 3768 alienae,
3195 3713 3250 3758 et
3306 3712 3436 3758 tunc

1843 3800 2220 3872 (supplendum
2253 3801 2356 3870 est)
2398 3797 2613 3869 quando
2665 3797 2779 3852 haec
2810 3795 3037 3862 feceris,
3066 3795 3433 3867 cognosceris.

217 3194 264 3249 11
300 3195 603 3264 Epulentur
626 3195 760 3265 justi
789 3196 882 3266 qui
927 3206 1247 3266 permanent
1276 3199 1330 3254 in
1378 3214 1475 3254 sua
1505 3199 1736 3270 justitia,

152 3296 204 3341 et
228 3288 329 3358 qui
360 3289 493 3342 vitia
528 3303 639 3342 non
667 3288 892 3343 habent.
920 3288 1254 3344 Delectentur
1277 3291 1332 3346 in
1361 3291 1604 3346 Domino.
1632 3291 1741 3346 Ex-

153 3379 355 3434 sultent
383 3379 436 3434 in
468 3386 758 3447 conspectu
790 3377 908 3434 Dei.
930 3378 972 3435 C
1017 3379 1088 3436 Ut
1113 3379 1266 3436 illum
1287 3395 1448 3450 quem
1480 3382 1569 3438 hic
1589 3381 1738 3450 justo

155 3478 426 3533 metuunt,
460 3470 629 3540 ipsius
674 3484 903 3525 munere
929 3469 1166 3534 liberari,
1199 3473 1301 3528 sub
1333 3469 1451 3540 ejus
1499 3473 1738 3542 potentia

157 3561 451 3629 gaudeant.
476 3561 531 3614 ln
562 3561 766 3623 latitia,
799 3561 927 3631 quia
957 3561 1086 3617 dum
1115 3561 1356 3618 laetitiam
1389 3578 1540 3619 suam
1565 3564 1744 3620 sciunt

156 3651 298 3708 nullo
335 3652 446 3707 ﬁne
473 3653 853 3722 claudendam,
882 3653 1104 3710 suavius
1135 3655 1189 3709 in
1218 3669 1282 3710 ea
1311 3655 1669 3712 delectantur.

155 3740 188 3794 4
290 3742 522 3799 Caritate
550 3743 680 3810 Deo,
707 3743 966 3815 psalmum
990 3745 1146 3799 dicite
1172 3745 1368 3800 nomini
1396 3747 1512 3817 ejus
1533 3763 1553 3802 :

291 3832 414 3888 Iter
441 3835 603 3904 facite
625 3836 673 3888 ei
697 3835 787 3906 qui
812 3835 1045 3890 ascendit
1065 3851 1222 3906 super
1239 3853 1483 3893 occasum
1508 3852 1527 3891 :
1553 3837 1740 3894 Dami-

371 3943 472 3981 nus
501 3943 692 3982 nomen
710 3904 824 3982 illi.
1129 3904 1138 3906 _
1841 3909 1876 3966 9
1985 3909 2146 3965 Terra
2172 3920 2311 3964 mata
2331 3917 2406 3964 est
2429 3925 2448 3964 :
2473 3922 2534 3964 -ε-
2560 3907 2747 3962 etenim
2779 3906 2801 3974 ζ
2832 3905 2945 3960 razli
2990 3904 3372 3960 distillaverunt
3396 3921 3432 3958 a

229 4017 270 4072 C
300 4016 502 4073 Cantat
530 4018 676 4073 enim
703 4017 956 4087 Domino,
983 4020 1075 4090 qui
1095 4018 1212 4090 ejus
1233 4022 1742 4092 contemplationem
2051 4000 2188 4070 Ῑαείε
2225 3999 2324 4092 Dei
2360 3997 2512 4092 δξηαί

162 4123 297 4178 puro
321 4123 536 4180 semper
558 4117 615 4164 et
639 4107 784 4163 ﬁdeli
814 4089 1332 4168 animoicontuetur.
1363 4089 1638 4168 Psalmum
1662 4114 1733 4168 di-

1988 4093 2033 4145 Α
2077 4092 2214 4162 facie
2255 4091 2356 4145 Dei
2397 4089 2590 4144 Israel.

162 4175 254 4264 cit,
287 4200 382 4270 qui
411 4175 579 4268 opera
609 4196 742 4253 facit
767 4213 886 4268 quae
914 4197 1006 4254 ille
1033 4202 1309 4271 praecepit.
1337 4202 1446 4258 lter
1473 4201 1638 4259 facite
1666 4203 1744 4264 ei.
1914 4181 1956 4237 θ
1991 4181 2158 4237 Terra
2186 4187 2331 4271 mo"?
2353 4187 2476 4271 ⁸⁵ιὶ
2503 4179 2554 4233 id
2577 4176 2890 4271 θεείῗπθηί
2919 4175 3436 4271 Ψωξῃεξνίέῗηδθ

166 4289 216 4343 id
347 4263 516 4346 corda
560 4297 739 4345 vestra
767 4263 1051 4359 [ξω-ξηραί
1076 4263 1377 4362 μυθέαι-διε
1399 4309 1523 4364 qua,
1553 4293 1744 4366 digne-
1852 4280 1962 4325 tam
2016 4267 2511 4366 magnaumiracula
2541 4267 2910 4366 crediderunt.
2949 4263 3084 4320 Caeli
3137 4264 3437 4320 distillave-

166 4389 248 4434 tur
274 4381 420 4438 Deus
446 4382 696 4446 introire,
737 4357 828 4450 qui
875 4357 1118 4436 ascendit
1164 4357 1332 4453 super
1371 4357 1646 4439 occasum.
1697 4383 1742 4439 Η
1774 4371 1993 4453 ηνυυί·
2043 4362 2088 4418 ﬂ
2127 4361 2357 4453 sem?“
2404 4375 2622 4453 ωεηηθο
2669 4357 2868 4453 siml:
2895 4359 3283 4453 ίἾξθτΡΓθΨωΓ
3321 4368 3438 4453 ¹Ῡ⁷⁸“

169 4467 382 4526 Scilicet
408 4471 624 4535 mortis,
655 4422 712 4525 εἰ
737 4422 914 4525 :ictor
938 4471 1200 4526 remeavit
1226 4422 1289 4526 ex
1318 4472 1551 4528 inferno.
1580 4471 1621 4528 (Ξ
1654 4473 1745 4528 Di-
1771 4422 1823 4482 υ
1848 4454 1998 4510 W50-
2035 4454 2076 4509 (ἶ
2107 4451 2212 4520 Qui
2249 4451 2478 4522 βνηιαυίι
2495 4491 2511 4516 ν
2547 4450 2759 4522 quam“
2797 4449 2868 4504 ίῦί
2917 4447 3124 4519 Malim
3151 4449 3205 4502 ίη
3233 4448 3443 4504 “ab”

168 4558 270 4612 cit:
304 4560 566 4614 Dominus
590 4573 790 4614 nomen
818 4556 916 4621 illi,
947 4569 1006 4612 ut
1044 4573 1203 4614 nemo
1233 4560 1526 4625 dubitaret,
1555 4560 1733 4616 Domi~

1850 4546 2043 4602 tabulis
2095 4546 2257 4616 legem
2298 4543 2516 4614 accepit.
2551 4541 2602 4596 Η
2635 4540 2703 4597 Et
2747 4542 2836 4596 ille
2869 4542 2960 4613 qui
2990 4552 3112 4596 tunc
3153 4538 3443 4595 Judaicum

172 4663 290 4702 num
311 4665 437 4705 esse
466 4649 807 4705 Salvatorem
831 4657 886 4704 et
907 4648 1094 4717 Deum,
1118 4665 1278 4720 quem
1311 4650 1481 4707 Judaei
1517 4660 1575 4708 ut
1598 4667 1733 4710 eom-

1850 4636 2096 4710 papulum
2139 4636 2403 4708 praecessit
2459 4634 2516 4688 in
2564 4633 2797 4697 deserto,
2849 4632 3004 4686 hodie
3052 4631 3108 4686 in
3154 4627 3448 4720 Evangelia

174 4754 381 4797 munem
412 4742 684 4798 hominem
709 4742 1063 4798 occidendum
1095 4718 1379 4812 ρίιιειηηι,
1850 4729 2054 4784 deserta
2099 4727 2336 4798 gentium
2378 4725 2634 4787 uisitauit.
2679 4734 2727 4778 et
2773 4725 2865 4792 qui
2909 4733 3032 4777 tunc
3080 4735 3310 4783 manna,
3359 4718 3450 4770 ille

173 4829 205 4882 5
300 4833 457 4901 XEt
489 4834 507 4904 ζ
540 4833 802 4888 exsultate
831 4833 882 4886 in
913 4845 1187 4905 conspectu
1207 4835 1321 4902 eius
1342 4848 1436 4891 :-t-
1457 4837 1733 4893 turbabun-

1852 4818 2006 4874 hadie
2047 4817 2283 4888 corporis
2333 4816 2703 4888 sanguinisque
2747 4829 2941 4868 manna
2989 4813 3157 4867 dedit.

415 4934 504 4977 ηιΐ
532 4942 564 4978 α
593 4924 732 4994 [πίε
757 4922 872 4992 ej!“
903 4925 921 4994 ξ
952 4938 970 4976 -'
1858 4929 1926 4984 10
1997 4925 2240 4982 Pluviam
2299 4927 2654 4996 voluntariam
2683 4923 2968 4996 segregabis
2989 4964 3004 4988 ,
3044 4923 3181 4978 Deus
3229 4918 3463 4970 Iiwredi-

309 5013 490 5069 Patris
517 5015 876 5085 orphanorum
901 5025 948 5068 et
966 5017 1169 5086 judicis
1194 5018 1494 5072 viduarum.
2068 5019 2164 5072 tati
2204 5029 2336 5092 tum
2365 5041 2382 5082 :
2415 5033 2479 5075 σξ-
2507 5025 2552 5072 et
2579 5017 2604 5087 ζ
2631 5015 2888 5084 infirmata
2916 5023 2992 5064 est
3026 5027 3044 5064 :

241 5104 281 5159 C
308 5105 590 5161 Exsultare
612 5121 718 5160 non
752 5103 809 5158 in
857 5104 1010 5174 hujus
1051 5109 1231 5165 saculi
1274 5107 1480 5165 caduca
1533 5113 1743 5181 laetitia,
2000 5111 2074 5166 Tu
2095 5125 2158 5168 οι-
2190 5130 2347 5188 vero
2384 5121 2405 5190 ξ
2435 5110 2758 5188 perfecisti-t-
2783 5119 2894 5160 eam
2923 5104 2944 5172 ζ
2980 5120 2998 5157 :

181 5195 265 5248 sed
294 5196 350 5250 in
377 5205 664 5252 CODSDCCIU
719 5193 862 5252 Cius.
893 5195 978 5252 libi
1008 5208 1092 5252 est
1136 5199 1337 5252 iugiter
1368 5214 1490 5252 vera
1537 5205 1740 5252 lmtitia-
1925 5206 1967 5252 (ἶ
2007 5205 2230 5250 Εῖηὴηίι
2310 5180 2463 5248 ζιιζιίι
2509 5203 2646 5248 mind
2697 5200 2798 5246 iam
2848 5195 2982 5244 dixit
3035 5187 3202 5244 κραθιὶ
3245 5180 3482 5238 ὀῑειίιιεο
