3986 5412
522 316 625 374 25f

1473 308 1531 363 S.
1571 300 1920 361 BRUNONIS
1960 293 2502 354 HERBIPOLENSIS
2540 287 2848 348 EPISCOPI

3682 276 3790 332 252

520 444 682 502 quam
728 424 987 498 perfecit,
1019 422 1235 493 quando
1278 402 1465 493 gentes
1519 420 1758 490 reliquas
1788 419 1862 478 in,
1894 413 2106 484 supple-
2132 407 2276 471 A15
2346 406 2487 460 Dum
2530 404 2777 458 discernit
2833 396 3049 453 calatis
3080 375 3418 464 reges-super.
3456 405 3571 444 eam
3613 406 3630 444 :
3677 389 3790 442 nive

520 530 763 577 mentum
813 514 1147 572 credulitatis
1191 513 1431 567 admisit.

524 610 585 664 il
662 606 928 662 Animalia
974 613 1064 658 tua
1102 602 1411 656 habitabant
1454 602 1510 655 in
1541 615 1648 656 ea:

671 694 889 750 Parasti
929 695 983 749 in
1033 692 1308 774 dulcedine
1348 700 1439 745 tua
1490 689 1738 761 pauperi,
1781 686 1940 742 Deus.

593 790 634 847 C
673 788 922 844 Ostendit
974 803 1118 842 nunc
1161 787 1303 840 unde
1332 784 1622 856 perfecerit
1647 783 1970 837 inﬁrmatam
2001 779 2108 833 bre-

520 882 804 939 reditatem
827 921 844 947 ,
871 881 996 950 quia
1029 880 1098 934 de
1119 877 1389 949 gentibus.
1424 875 1690 931 Animalia
1726 874 1945 928 fuerunt
1973 885 2108 941 gen-

526 983 608 1029 tes
628 1013 643 1036 ,
668 987 796 1026 vera
826 971 1083 1040 religione
1109 977 1380 1034 vacuatte,
1413 969 1530 1023 luce
1572 965 1892 1021 habitabunt
1939 963 1992 1018 in
2021 977 2103 1024 ea,

525 1062 628 1116 hoc
669 1069 750 1116 est
811 1060 867 1114 in
919 1059 1198 1123 Ecclesia,
1249 1074 1372 1113 cum
1424 1057 1625 1122 cultum
1673 1053 1950 1125 religionis
1987 1068 2110 1123 per-

523 1161 802 1222 ceperunt.
858 1151 1097 1217 Parasti,
1131 1151 1398 1222 significat
1442 1150 1874 1222 praedestinatos.
1907 1147 1963 1201 ln
1994 1144 2109 1200 dul-

523 1243 717 1298 cedine
765 1252 883 1306 tua,
935 1243 988 1296 id
1028 1251 1113 1297 est
1150 1242 1203 1295 in
1253 1242 1340 1295 illa
1394 1241 1692 1305 suavitate,
1740 1239 1792 1294 in
1836 1254 1942 1308 qua
1973 1253 2108 1308 pau-

522 1347 682 1402 peres
723 1333 817 1387 Dei
863 1347 1024 1402 reges
1065 1331 1360 1386 ditissimos
1388 1332 1750 1396 antecellunt,
1792 1345 1897 1384 non
1929 1330 1980 1383 in
2013 1343 2116 1382 sac-

522 1423 632 1478 culi
680 1422 838 1492 hujus
869 1422 1181 1490 dulcedine,
1218 1423 1306 1478 ubi
1351 1422 1526 1478 sancti
1563 1421 1734 1492 magis
1785 1434 1967 1474 amara
2012 1433 2109 1488 pa-

525 1513 757 1568 tiuntur.

525 1623 595 1678 12
667 1624 924 1680 Dominus
962 1626 1107 1679 dabit
1140 1625 1350 1680 uerbum

665 1715 1162 1788 Eiiangelizantibus
1186 1733 1205 1770 .’
1235 1719 1448 1772 virtutes
1487 1716 1700 1770 multas.

593 1829 637 1886 (Ξ
676 1829 935 1886 Dominus
979 1831 1127 1886 dabit
1184 1833 1406 1886 verbum
1462 1830 1958 1900 evangelizantibus
1991 1869 2006 1894 ,
2062 1828 2114 1883 id

525 1928 610 1975 est
657 1921 946 1990 apostolis,
1003 1923 1092 1988 qui
1146 1923 1365 1976 verbum
1398 1920 1514 1988 ejus
1553 1919 1856 1974 veneranda
1904 1916 2118 1973 confes-

527 2009 682 2064 sione
706 2009 1092 2080 praedicabant.
1121 2010 1361 2064 Virtutes
1392 2008 1590 2063 multas
1608 2050 1621 2074 ,
1649 2008 1864 2078 quando
1889 2006 1969 2062 eis
1995 2021 2119 2061 con-

526 2114 742 2155 cessum
778 2109 860 2155 est
891 2099 1074 2154 turbas
1117 2100 1488 2168 languentium
1529 2114 1740 2154 sanare.
1777 2097 1910 2152 Nam
1945 2099 2117 2167 ipsum

529 2206 746 2262 quoque
799 2192 1149 2263 Evangelium
1202 2193 1490 2246 multarum
1545 2199 1758 2248 constat
1803 2206 1922 2248 esse
1955 2191 2121 2244 virtu-

529 2288 664 2336 tum.
720 2282 858 2349 Quid
889 2284 1034 2338 enim
1066 2282 1262 2338 fortius
1290 2298 1454 2353 quam
1491 2285 1729 2338 animam
1786 2282 2040 2338 salvare?
2075 2281 2122 2334 Α

530 2373 696 2430 Dabit
758 2377 921 2430 etiam
965 2376 1224 2431 Dominus
1280 2376 1503 2430 verbum
1545 2375 1919 2446 evangelizare
1953 2373 2120 2428 multa

529 2466 918 2524 miraculorum
939 2468 1160 2535 virtute,
1186 2469 1269 2523 vel
1291 2469 1458 2525 multa
1487 2468 1804 2523 fortitudine
1827 2449 2119 2523 secundum

529 2557 690 2614 aliam
717 2559 1144 2624 translationem,
1161 2575 1280 2629 quae
1302 2561 1464 2615 habet
1488 2577 1502 2613 :
1528 2559 1787 2614 Dominus
1806 2556 2124 2628 dabitjevan-

531 2648 887 2715 gelizantibus
907 2690 920 2714 ,
947 2651 1170 2705 verbum
1193 2648 1526 2704 fortitudinis
1551 2648 1632 2702 vel
1675 2647 1891 2702 virtutis
1921 2646 2119 2701 multzc.

533 2739 602 2794 15
674 2741 788 2795 Rea:
809 2742 1057 2796 virtutum
1081 2743 1253 2796 dilecti
1279 2745 1345 2810 )K
1371 2742 1546 2794 dilecti
1579 2741 1594 2810 ζ
1626 2755 1646 2792 ,⁸

680 2829 749 2884 Et
770 2832 966 2901 speciei.
982 2833 1169 2886 domus
1191 2833 1419 2886 dividere
1438 2832 1626 2900 spolia.

608 2920 650 2977 C
688 2921 824 2988 Rex,
850 2930 1006 2993 pater
1030 2923 1314 2986 virtutum,
1344 2923 1445 2976 hoc
1473 2933 1553 2977 est
1579 2921 1912 2991 angelorum.
1945 2921 1988 2976 D
2034 2923 2124 2977 Vel

541 3021 854 3068 sanctorum
882 3014 1051 3083 ipsius
1080 3015 1258 3069 dilecti
1284 3015 1429 3080 Filii,
1456 3024 1515 3069 ut
1549 3024 1631 3069 est
1649 3014 1820 3069 Filius
1857 3030 2010 3069 meus
2044 3015 2128 3068 di-

2419 495 2804 550 dealbabtmtur
2839 492 2894 545 in
2922 487 3134 544 Selmon
3159 499 3178 539 :

2348 589 2502 643 Mons
2528 587 2645 651 Dei,
2676 599 2822 638 mons
2852 578 3084 652 pinguis.

2275 679 2316 736 C
2351 679 2470 734 Rex
2496 693 2524 732 a
2561 674 2794 747 regendo
2824 672 2999 727 dictus
3030 675 3132 732 est,
3168 666 3312 721 unde
3343 679 3496 736 reges
3517 663 3794 734 signiﬁcat

2209 770 2500 841 apostolos.
2527 769 2571 823 D
2619 766 2767 833 Quos
2797 761 3060 818 discernit
3095 758 3354 814 Dominus
3379 748 3792 820 cmlestis,°cum

2208 864 2433 919 Paulum
2452 863 2708 932 ingentes
2730 854 2871 928 (Gal.
2891 851 3212 921 tt),Petrum
3242 850 3293 904 in
3320 847 3793 924 circumcisionem

2209 952 2504 1024 separavit,
2526 949 2618 1020 qui
2648 961 2809 1016 super
2838 943 3015 998 nivem
3041 938 3448 995 dealbabuntur.
3481 935 3522 992 C
3576 935 3691 988 lloc
3716 940 3799 986 est

2209 1061 2373 1116 super
2402 1042 2692 1100 candorem
2731 1035 2872 1094 nivis
2896 1034 3229 1096 elucescunt,
3261 1029 3354 1100 qui
3380 1027 3682 1084 Ecclesiam
3715 1039 3800 1078 re-

2211 1152 2339 1210 gere
2391 1141 2689 1192 noscuntur
2735 1128 2980 1186 fideliter.
3011 1123 3228 1181 Selmon
3254 1121 3444 1176 umbra
3476 1119 3802 1186 interpreta-

2212 1207 2321 1294 tur,
2353 1243 2473 1298 qua:
2501 1227 2589 1280 hic
2617 1236 2854 1293 congrue
2883 1219 3064 1276 divina
3093 1215 3267 1269 virtus
3316 1210 3656 1280 intelligitur,
3682 1207 3801 1275 ipsa

2214 1321 2282 1376 ab
2310 1329 2444 1374 aestu
2482 1317 2737 1372 vitiorum
2769 1327 2869 1388 nos
2894 1308 3155 1366 defendit.
3184 1305 3338 1360 Mons
3365 1303 3457 1358 Dei
3488 1314 3647 1356 mons
3677 1298 3801 1367 pin-

2213 1411 2349 1482 guis,
2376 1407 2623 1464 Christus
2651 1417 2772 1460 esse
2801 1399 3117 1469 intelligitur
3164 1411 3231 1452 ex
3282 1409 3391 1464 quo
3428 1399 3695 1464 perpetua
3749 1396 3806 1442 ct

2215 1500 2402 1555 suavia
2427 1497 2628 1553 fluenta
2661 1491 3016 1550 descendunt.

2216 1590 2284 1644 16
2358 1588 2510 1644 Mons
2547 1584 2853 1655 coagulatus
2879 1596 3027 1634 mons
3048 1576 3298 1648 pinguis:

2363 1677 2428 1732 Ut
2451 1678 2575 1750 quid
2607 1672 2948 1744 suspicamini
2971 1679 3170 1724 montes
3194 1665 3498 1736 coagulatos
3514 1664 3542 1718 ἵ

2145 1755 2192 1815 Β
2222 1772 2284 1827 17
2361 1769 2514 1823 Mons
2535 1768 2588 1820 in
2606 1781 2706 1838 quo
2737 1759 3109 1831 beneplacitum
3129 1767 3204 1811 est
3228 1757 3334 1810 Deo
3357 1755 3599 1808 habitare
3621 1752 3676 1806 in
3691 1766 3756 1805 eo
3781 1763 3804 1801 .°

2359 1858 2564 1913 Etenim
2594 1855 2848 1909 Dominus
2871 1850 3118 1904 habitabit
3143 1863 3202 1903 -:-
3230 1848 3283 1902 in
3310 1847 3467 1916 ﬁnem
3499 1846 3521 1916 ζ
3555 1883 3568 1896 .

2232 1998 2240 2009 .
2287 1951 2330 2008 C
2367 1950 2522 2006 Mons
2543 1947 2744 2003 dicitur
2767 1943 3015 2000 Christus
3041 1939 3356 2011 coagulatus
3383 1956 3396 1992 :
3424 1943 3653 2008 propter
3681 1949 3812 2004 par-

2217 2045 2370 2100 vulos
2404 2039 2780 2103 enutriendos,
2808 2036 2898 2107 qui
2927 2049 3034 2090 non
3061 2048 3208 2098 esca,
3236 2032 3329 2087 sed
3356 2028 3647 2101 coagulato
3671 2027 3810 2081 lacte

2216 2133 2436 2206 potandi
2467 2140 2614 2188 sunt.
2650 2127 2894 2199 Pinguis,
2915 2125 3041 2196 quia
3075 2124 3355 2179 fertilitate
3379 2137 3475 2177 sua
3503 2119 3812 2174 uberrimus

2219 2235 2322 2282 est.
2362 2223 2510 2277 Dixit
2567 2219 2817 2290 superius
2871 2225 3109 2270 montem
3163 2212 3388 2283 intelligi
3443 2209 3810 2272 Salvatorem,

2220 2330 2365 2372 nunc
2390 2313 2544 2378 dicit,
2572 2319 2632 2366 ut
2665 2310 2794 2381 quid
2827 2303 3175 2376 suspicamini
3215 2302 3530 2371 coagulatos
3560 2298 3812 2353 montes?

2220 2410 2325 2464 hoc
2348 2418 2451 2472 est,
2479 2420 2579 2460 cur
2607 2410 2846 2458 montem
2878 2401 3040 2455 istum
3069 2395 3343 2467 apostolos
3377 2391 3684 2462 intelligere
3722 2404 3816 2444 vo-

2221 2499 2432 2554 luistis?
2475 2496 2590 2551 Non
2631 2502 2757 2550 sunt
2804 2491 2946 2547 enim
3003 2489 3104 2559 ipsi
3154 2489 3257 2544 iste
3290 2500 3445 2540 mons
3495 2481 3818 2553 coagulatus

2221 2591 2466 2662 quamvis
2493 2598 2548 2644 et
2575 2590 2720 2659 ipsos
2757 2601 2854 2656 per
2881 2582 2974 2638 Dei
2999 2581 3230 2650 gratiam
3255 2580 3444 2634 doctos
3470 2590 3593 2631 esse
3617 2589 3819 2645 cogno-

2222 2685 2408 2740 scatis.
2444 2678 2809 2751 Reprehendit
2851 2689 2980 2744 ergo
3022 2673 3289 2744 Propheta
3319 2671 3370 2725 iu
3403 2671 3508 2724 boc
3538 2667 3696 2721 illum
3726 2666 3813 2720 in-

2225 2776 2514 2838 tellectum,
2541 2787 2646 2843 quo
2679 2769 2875 2839 aliquis
2913 2781 3009 2836 per
3041 2774 3299 2828 montem,
3331 2760 3611 2831 apostolos
3642 2757 3810 2812 intel-

2224 2867 2390 2937 ligere
2419 2864 2699 2925 voluisset,
2739 2860 3030 2915 ostendens
3057 2857 3148 2910 hic
3197 2870 3292 2926 per
3346 2861 3610 2916 montem,
3641 2850 3838 2906 solum-

2225 2956 2495 3012 Christum
2556 2945 3002 3021 intelligendum,
3055 2946 3306 3016 quamvis
3363 2945 3529 3000 etiam
3584 2939 3836 3012 apostoli.

2227 3055 2438 3102 montes
2473 3046 2725 3100 dicantur
2753 3039 3044 3112 coagulati,
3078 3037 3198 3092 ideo
3223 3035 3406 3090 subdit

536 3101 729 3204 I?Clu3'
856 3104 937 3204 ,Ει
975 3105 1174 3204 δΡῗρῑθῑ
1207 3106 1419 3204 30"?“53
1485 3105 1538 3160 id
1590 3113 1674 3160 ea
1709 3104 2123 3174 plﬂchrimdinis
2150 3103 2199 3166 θ’
2230 3101 2255 3102 Π
2295 3139 2337 3194 C
2361 3138 2535 3204 Mons,
2567 3136 2772 3191 scilicet
2801 3101 2903 3188 iste
2928 3101 3108 3187 est'in
3137 3143 3244 3199 quo
3275 3127 3385 3183 Deo
3411 3124 3821 3195 beneplacitum

538 3195 730 3250 domus
761 3195 974 3260 divinae,
1014 3197 1064 3250 id
1095 3206 1178 3252 est
1207 3197 1481 3264 Ecclesiae,
1512 3211 1632 3252 esse
1656 3198 2002 3268 cognoscitur
2027 3213 2124 3251 au-

542 3296 664 3343 ctor
693 3287 883 3354 Filius,
929 3288 1145 3360 quando
1186 3289 1354 3358 spolia
1397 3289 1617 3356 diaboli,
1662 3290 1715 3345 id
1767 3298 1852 3345 est
1878 3291 2126 3346 homines

542 3379 860 3445 sceleratas,
912 3381 964 3435 in
1014 3381 1306 3436 Ecclesiam
1339 3384 1563 3438 adduxit
1592 3385 1657 3439 ad
1709 3385 1887 3441 ﬁdem.
1926 3383 1990 3438 Η.
2030 3383 2124 3438 Vel

541 3472 758 3538 quando
789 3471 1017 3540 apostoli
1051 3473 1104 3526 in
1134 3472 1371 3527 Ecclesia
1422 3473 1611 3542 spolia,
1645 3475 1698 3529 id
1744 3483 1826 3529 est
1851 3475 2124 3537 homines,

538 3557 849 3616 dividebant
881 3581 893 3615 :
922 3578 1042 3632 quae
1085 3571 1410 3632 acceperunt
1455 3565 1522 3619 de
1557 3565 1734 3629 idolis,
1786 3579 1928 3618 unus
1979 3565 2122 3618 enim

494 3699 500 3708 .
542 3647 826 3718 Achaiam,
880 3651 1016 3707 altus
1071 3653 1463 3723 Cappadociam
1515 3654 1566 3707 in
1598 3663 1799 3709 sortem
1828 3653 2035 3722 accepit
2063 3667 2128 3706 ex

544 3738 755 3806 spoliis,
796 3748 900 3795 etc.
943 3741 1193 3812 Duplicat
1226 3755 1352 3796 vero
1377 3743 1612 3812 Spiritus
1647 3750 1888 3807 sanctus,
1921 3741 2128 3806 dilecti,

543 3835 765 3898 propter
791 3845 1030 3886 amorem
1055 3847 1216 3902 quem
1261 3833 1422 3888 habet
1468 3835 1523 3888 in
1576 3834 1793 3888 Filium.
1835 3831 1936 3898 Qui
1985 3832 2130 3887 enim

546 3919 778 3991 aliquem
802 3924 995 3996 diligit,
1027 3942 1239 3996 semper
1265 3943 1385 3982 eum
1419 3927 1471 3980 in
1504 3941 1599 3981 ore
1622 3926 1808 3982 habet.

441 4075 444 4078 .
545 4029 614 4084 14
687 4030 746 4089 Si
769 4037 1041 4091 dormiatis
1065 4039 1198 4092 inter
1227 4037 1424 4094 medios
1454 4037 1618 4092 claros
1665 4036 2134 4107 pennae-columba:

757 4125 1108 4196 deargeutata:
1136 4146 1155 4184 :

690 4212 762 4268 Et
803 4218 1096 4360 polsteriora
1126 4219 1272 4272 dorsi
1311 4217 1424 4288 ejus
1471 4219 1525 4272 in
1563 4218 1765 4289 pallore
1812 4217 1951 4272 auri.
2001 4216 2136 4272 Dia-

760 4323 854 4360 usa
881 4324 986 4360 ma.

760 4323 986 4375 psatma.

625 4415 667 4515 ς]
691 4415 753 4515 βί
785 4419 1085 4515 dormiatis,
1122 4421 1174 4475 id
1204 4429 1311 4487 est,
1343 4423 1386 4478 si
1417 4422 1710 4492 quiescatis
1763 4421 1817 4476 in
1853 4419 2137 4492 prteceptis
2165 4455 2216 4515 D

553 4505 648 4562 Dei
689 4509 832 4562 inter
857 4509 962 4563 duo
993 4521 1333 4566 testamenta.
1392 4513 1436 4567 Η
1474 4513 1515 4569 C
1551 4513 1693 4566 Cleri
1721 4511 1974 4566 dicuntur
2031 4511 2137 4564 duo

553 4595 922 4654 Testamenta.
967 4598 1008 4654 Η
1041 4600 1105 4655 Et
1133 4602 1325 4671 singuli
1354 4602 1474 4655 libri
1509 4602 1718 4656 Veteris
1743 4610 1799 4655 et
1847 4600 1976 4655 Novi
2037 4599 2140 4655 Te-

560 4693 838 4749 Stamenti.
867 4693 908 4748 C
936 4693 1134 4749 Pennze
1160 4694 1462 4764 significant
1493 4692 2138 4763 virtutumjceleritatem,

555 4797 676 4854 qua:
698 4797 797 4838 nos
820 4785 874 4838 in
903 4783 1046 4838 illam
1085 4784 1317 4854 patriam
1349 4784 1567 4846 ducunt,
1597 4785 1640 4838 si
1689 4783 1779 4838 hic
1807 4783 1858 4836 in
1890 4781 2006 4852 lege
2045 4781 2138 4835 Dei

555 4877 836 4947 quiescere
863 4891 1189 4933 mereamur.
1218 4876 1491 4932 Columba:
1535 4880 1915 4946 deargentatae,
1950 4874 2136 4930 Eccle-

557 4969 692 5022 siam
715 4967 831 5023 vult
853 4968 1103 5039 intelligi,
1137 4969 1262 5039 quia
1281 4969 1641 5024 innocentiam
1668 4966 1833 5024 habet
1852 4967 2134 5031 columbae,

557 5067 613 5114 et
663 5059 862 5116 divinis
923 5061 1172 5131 eloquiis.
1213 5073 1470 5131 argenteo
1519 5063 1754 5118 candore
1805 5061 2135 5131 resplendet,

556 5165 716 5220 quam
767 5152 821 5206 in
860 5151 948 5205 illa
986 5153 1164 5207 futura
1194 5154 1589 5208 resurrectione
1615 5154 1732 5208 auri
1787 5153 1965 5224 specie
2014 5151 2144 5205 dicit

559 5257 680 5299 esse
700 5243 1089 5300 adornandam.
1119 5244 1176 5300 Si
1201 5245 1382 5314 itaque
1411 5246 1488 5300 sic
1514 5245 1816 5309 dormiatis,
1841 5242 2142 5312 posteriora

2225 3238 2330 3288 est.
2359 3227 2608 3302 Christus
2636 3226 2779 3281 enim
2811 3233 2895 3279 est
2923 3222 3073 3276 solus
3102 3234 3257 3274 mons
3290 3236 3303 3272 :
3334 3218 3425 3288 qui
3456 3217 3610 3271 Patri
3665 3230 3820 3270 com-

2229 3321 2453 3393 placuit,
2478 3327 2536 3373 ut
2559 3319 2612 3373 in
2633 3316 2821 3372 eodem
2845 3314 3136 3369 hahitaret.
3159 3309 3370 3364 Etenim
3388 3307 3652 3360 Dominus
3672 3303 3828 3360 babi-

2229 3413 2542 3470 tabitetiam
2575 3412 2626 3465 in
2649 3410 2834 3472 ﬁnem,
2863 3405 3078 3460 scilicet
3099 3404 3153 3456 in
3174 3399 3447 3470 apostolis,
3469 3397 3536 3452 de
3554 3396 3666 3450 illis
3679 3395 3826 3451 enim

2217 3509 2374 3560 ’nunc
2405 3503 2664 3574 loquitur,
2691 3498 2834 3569 quod
2877 3496 2930 3550 in
2964 3495 3043 3549 eis
3080 3492 3149 3547 sit
3176 3490 3524 3546 habitaturus
3552 3499 3730 3554 usque
3753 3483 3822 3537 ad

2229 3595 2689 3668 perfectissimum
2742 3589 3035 3646 terminum
3092 3581 3392 3652 majestatis
3437 3593 3575 3644 suae,
3612 3576 3707 3646 qui
3745 3581 3830 3630 est

2233 3687 2357 3742 finis
2388 3684 2656 3745 sineﬁne.

2233 3777 2300 3831 18
2373 3774 2574 3830 Curras
2597 3773 2695 3827 Dei
2733 3771 2909 3825 decem
2931 3766 3161 3822 millibus
3187 3761 3460 3834 multiplex
3487 3779 3506 3815 :
3538 3759 3714 3814 millia
3732 3758 3828 3811 la:-

2453 3865 2676 3920 tantium
2715 3879 2732 3917 :

2377 3958 2635 4013 Dominus
2665 3957 2718 4010 in
2740 3954 2814 4008 eis
2836 3954 2888 4007 in
2923 3950 3056 4007 Sina
3083 3951 3137 4004 in
3158 3958 3366 4004 sancto.

2307 4051 2345 4104 f‘
2377 4048 2580 4104 Currus
2608 4045 2726 4110 Dei,
2758 4054 2842 4099 est
2881 4042 3160 4098 hominum
3201 4038 3470 4094 charitate
3510 4033 3706 4102 juncta
3734 4047 3828 4088 co-

2234 4143 2462 4214 pulatio.
2497 4140 2820 4195 Sanctorum
2851 4150 2981 4205 ergo
3011 4131 3342 4188 unanimitas
3370 4143 3565 4183 currus
3592 4125 3690 4179 Dei
3715 4134 3842 4180 est:

2238 4252 2398 4307 quem
2434 4235 2522 4290 ille
2549 4232 2697 4288 velut
2724 4231 2915 4300 auriga
2943 4226 3161 4290 insidet,
3211 4233 3266 4279 et
3320 4220 3544 4277 salutari
3587 4219 3710 4288 lege
3762 4214 3831 4269 ad

2242 4343 2352 4383 sua:
2367 4324 2664 4382 voluntatis
2687 4317 3046 4376 ministerium
3068 4316 3394 4370 moderatur.
3415 4312 3486 4366 Ut
3510 4324 3644 4364 vero
3668 4309 3846 4362 istum.

2242 4431 2461 4473 currum
2489 4430 2594 4470 non
2620 4412 2795 4483 equis,
2819 4408 2916 4464 sed
2945 4407 3199 4463 humanis
3229 4402 3651 4474 cogitationibus
3677 4397 3833 4452 attriv

2241 4508 2430 4564 butum
2455 4505 2788 4566 ostenderet,
2809 4501 2885 4554 ait
2899 4499 3086 4554 decem
3108 4495 3349 4550 millibus
3367 4491 3672 4561 multiplex,
3688 4487 3832 4558 quod

2246 4599 2314 4653 ad
2334 4598 2648 4652 innumeros
2681 4589 2906 4663 populos
2928 4603 3035 4644 non
3063 4599 3235 4656 equos
3264 4581 3509 4638 noscitur
3533 4578 3829 4650 pertinere.

2243 4689 2406 4745 Millia
2433 4687 2730 4742 laztantium
2762 4701 2776 4738 :
2803 4681 2946 4752 quod
2973 4680 3160 4749 utique
3182 4678 3250 4733 de
3285 4673 3538 4730 ﬁdelibus
3566 4670 3730 4726 debet
3754 4670 3834 4722 in-

2244 4780 2430 4850 telligi.
2463 4777 2720 4834 Dominus
2755 4777 2810 4830 in
2850 4773 2978 4837 illis,
3022 4773 3126 4827 hoc
3154 4776 3238 4824 est
3275 4767 3328 4822 in
3356 4765 3560 4820 sanctis
3587 4760 3720 4816 suis.
3778 4757 3842 4810 In.

2245 4847 2394 4930 Sinai
2445 4873 2499 4928 in
2545 4879 2750 4927 sancto.
2793 4868 2924 4922 Sina
2960 4865 3347 4933 interpretatur
3376 4856 3714 4911 mandatum.
3752 4847 3828 4902 lbi

2241 4963 2550 5034 requiescit,
2592 4959 2680 5013 ubi
2721 4957 2834 5025 ejus
2861 4955 3106 5010 mandata
3139 4949 3512 5020 perﬁciuntur.

2243 5056 2310 5111 i9
2381 5051 2674 5109 Ascendisti
2709 5049 2764 5101 in
2789 5047 2976 5100 altum.
3001 5042 3194 5114 Cepisti
3214 5040 3591 5110 captivitatem.

2385 5142 2642 5213 Accepisti
2669 5141 2806 5194 dona
2833 5139 2886 5191 in
2912 5133 3227 5190 hominibus.

2316 5236 2357 5292 C
2385 5232 2688 5289 Ascendisti
2736 5231 2789 5284 in
2827 5227 3016 5282 altum.
3056 5221 3315 5279 Ascendit
3355 5218 3610 5274 Christus
3649 5217 3836 5284 utique

563 5335 708 5391 dorsi
737 5336 790 5389 in
823 5336 1023 5406 pallore
1048 5337 1168 5392 auri
1194 5305 1645 5406 (subaudiendum
1697 5305 1812 5405 est)?
1843 5305 2147 5401 suscipient
2249 5327 2338 5396 qui
2370 5335 2591 5396 prepter
2616 5337 2713 5376 nos
2739 5317 3018 5374 descendit
3047 5311 3337 5370 eruendas.
3385 5310 3446 5396 In
3491 5308 3663 5362 altum
3697 5305 3836 5361 scili-
