3986 5412
132 678 141 712 l

179 275 292 332 εδδ

1389 227 1753 344 expositio
1792 274 2245 333 PSALMORUM.

3343 274 3452 334 254

179 403 354 446 strum
383 389 516 444 data
543 396 628 444 est
650 387 821 458 gratia
843 387 1138 442 secundum
1174 404 1484 445 mensuram
1513 391 1755 446 donatio-
1794 395 1841 453 Α
1869 391 1940 447 25
2012 392 2079 447 Ut
2105 394 2394 464 intingatur
2411 411 2501 464 pes
2526 401 2646 448 tuus
2674 393 2730 448 in
2755 396 3008 465 sanguine
3029 407 3048 446 :
3145 373 3156 400 ⁷

178 483 265 538 nis
288 480 492 536 Christi
526 477 740 550 (Ephes.
774 478 873 550 tv).

177 570 534 627 ΞοβΕιεηὶηι
564 586 664 623 non
687 571 948 624 credentes
985 585 1006 625 :

321 661 637 716 Inltabitarc
674 659 956 716 Dominum
981 661 1171 717 Deum.

247 752 291 808 C
329 752 549 806 Etenim
579 767 683 808 non
712 751 1020 818 credentes,
1056 755 1143 809 hic
1182 755 1611 811 subaudiendum
1639 767 1721 812 est
1751 775 1765 810 :

176 860 271 900 eos
291 844 590 906 convertit,
621 859 746 898 nam
793 845 885 914 qui
933 861 1039 900 non
1078 846 1308 901 credunt
1357 847 1686 912 inhabitare,
1717 847 1770 902 id

174 935 381 1004 estqui
425 934 496 988 ad
524 934 738 989 Domini
795 937 1090 1004 penetralia
1141 937 1420 1007 negligunt
1465 939 1768 1006 pervenire,

177 1037 236 1080 ut
264 1025 322 1080 in
349 1027 516 1081 domo
545 1026 662 1096 ejus
689 1042 811 1082 cum
863 1027 1107 1083 fidelibus
1146 1028 1394 1084 habitare
1422 1029 1768 1098 przevaleant,

175 1116 441 1172 Dominus
463 1133 566 1172 eos
589 1120 877 1183 convertit,
900 1122 992 1188 qui
1025 1119 1182 1174 fidem
1207 1135 1360 1174 suam
1401 1121 1637 1177 humano
1677 1139 1772 1193 ge-

177 1212 295 1266 neri
329 1213 623 1267 miseratus
650 1212 908 1284 indulget,
938 1214 1054 1284 ipsa
1100 1225 1183 1269 est
1226 1214 1372 1269 enim
1419 1215 1592 1285 gratia
1652 1232 1771 1285 qua:

178 1306 349 1376 gratis
374 1305 561 1360 datur.

173 1395 238 1449 21
314 1393 634 1449 Benedictus
662 1395 916 1450 Dominus
945 1397 1030 1452 die
1054 1399 1286 1468 quotidie
1317 1415 1332 1452 :

319 1484 647 1555 Prospernm
677 1487 776 1540 iter
797 1487 952 1555 faciet
987 1489 1132 1542 nobis
1165 1489 1306 1544 Deus
1331 1489 1646 1544 salutarium
1678 1507 1771 1545 no-

393 1587 648 1630 strorum.
714 1576 1040 1647 Diapsalma.

244 1664 288 1720 C
309 1665 637 1720 Benedictus
669 1667 950 1732 Dominus,
984 1669 1035 1722 id
1062 1678 1142 1723 est
1169 1670 1382 1725 cunctis
1413 1671 1625 1736 diebus,
1655 1687 1772 1728 om-

2013 485 2217 554 Lingua
2247 502 2435 539 canum
2466 496 2677 540 tuorum
2707 502 2773 540 ea:
2795 485 3021 541 inimicis
3059 485 3122 540 ab
3156 486 3289 555 ipso.

1941 573 1982 630 C
2021 575 2328 646 lntiugatur
2346 589 2442 646 pes
2474 584 2618 640 tuus,
2647 576 2700 630 id
2718 584 2804 630 est
2825 577 2973 632 actio
2999 576 3130 632 boui
3167 574 3454 646 prepositi,

1871 678 2043 733 usque
2093 663 2160 718 ad
2199 664 2515 734 sanguinem
2571 665 2792 735 gloriosi
2855 665 3103 736 marlyrii
3151 664 3452 735 perveniat.

1871 754 1961 809 lsti
2005 755 2149 819 enim
2180 770 2345 811 canes
2380 771 2478 826 pro
2508 756 2728 812 domino
2755 756 2956 812 latrare
3009 771 3117 812 non
3175 757 3451 821 desinunt,

1872 845 1962 914 qui
1992 859 2157 900 canes
2181 845 2437 900 dicuntur
2459 860 2527 901 ex
2555 846 2790 902 inimicis
2818 865 2831 900 :
2870 847 2996 916 quia
3045 847 3197 916 prius
3246 845 3453 909 inimici

1872 933 2108 998 fuerunt,
2140 936 2232 1005 qui
2265 944 2452 1004 postea
2479 936 2800 992 clamorosis
2827 936 3116 992 latratibus
3154 935 3453 990 Ecclesiam

1873 1024 1968 1086 Dei
1999 1024 2377 1081 defendebant.
2415 1027 2497 1082 Ah
2528 1027 2668 1096 ipso,
2701 1028 2886 1096 utique
2919 1027 3048 1092 Deo,
3073 1026 3166 1096 qui
3209 1038 3467 1078 amarum

1871 1116 2034 1170 vertit
2061 1116 2115 1170 in
2147 1116 2510 1183 dulcedinem,
2545 1117 2613 1171 ab
2656 1117 2775 1187 ipso
2801 1127 2856 1172 et
2903 1117 3050 1171 nullo
3090 1116 3216 1182 alio,
3271 1114 3455 1184 lingua

1872 1209 1960 1263 illa
1988 1224 2184 1266 cauum
2213 1224 2278 1264 ex
2308 1208 2546 1264 inimicis
2578 1224 2594 1259 :
2625 1208 2764 1264 facta
2789 1220 2872 1264 est
2900 1209 3149 1265 salubris.

1871 1303 1942 1357 26
2023 1301 2276 1356 Viderunt
2306 1303 2571 1371 ingressus
2602 1314 2717 1356 tuos
2754 1301 2895 1356 Deus
2925 1317 2943 1353 :

2015 1395 2290 1464 Ingressus
2335 1393 2430 1446 Dei
2486 1393 2606 1448 mei.
2655 1391 2810 1463 Regis
2864 1393 2988 1458 mei,
3024 1404 3086 1446 +
3116 1390 3207 1461 qui
3246 1399 3320 1442 est
3352 1387 3461 1457 ζ’ἰη

2085 1496 2290 1540 sancto.

1943 1577 1984 1631 (Σ
2021 1575 2290 1632 Viderunt
2320 1577 2596 1647 ingressus
2618 1583 2740 1632 tuos
2769 1578 2882 1633 sive
2907 1576 3168 1647 assumpti
3215 1573 3463 1645 corporis

1875 1665 2104 1720 formam
2142 1683 2157 1719 :
2187 1667 2300 1720 sive
2321 1665 2548 1736 vestigia
2573 1665 2990 1736 praedicationis,
3021 1663 3219 1734 quibus
3265 1663 3317 1716 in
3354 1663 3458 1717 hoc

181 1755 346 1823 nique
381 1765 628 1824 tempore
663 1758 1064 1814 benedicendus
1116 1769 1220 1814 est.
1276 1761 1384 1815 lter
1409 1763 1607 1832 quippe
1648 1780 1772 1819 cur-
1801 1757 1845 1815 B
1874 1755 2075 1809 mundo
2110 1755 2313 1810 sanctis
2341 1754 2616 1825 gressibus
2648 1754 2962 1808 ambulavit.
3018 1753 3110 1808 Dei
3155 1753 3258 1807 mei
3289 1752 3454 1823 regis,

177 1861 296 1900 sum
324 1846 450 1900 vita:
475 1847 775 1915 signiﬁcat,
829 1850 924 1919 qui
959 1851 1071 1920 jam
1104 1867 1331 1922 prosper
1368 1853 1595 1911 eﬂectus
1652 1867 1754 1924 est,

178 1938 432 2008 quoniam
456 1938 878 2010 Redemptorem
925 1959 1081 1999 suum
1136 1946 1370 2001 mundus
1418 1951 1656 2018 agnovit.
1712 1951 1756 2005 Η

177 2027 320 2082 Bene
349 2028 838 2092 dicit,salutarium
867 2033 1168 2102 pluraliter,
1219 2052 1249 2090 a
1293 2053 1412 2107 quo.
1451 2049 1529 2094 tot
1567 2040 1770 2097 salutes

179 2117 464 2183 habemus,
493 2131 629 2190 quot
656 2131 881 2191 peccata
928 2126 1323 2193 commisimus,
1355 2129 1422 2183 ab
1477 2130 1595 2199 ipso
1621 2131 1765 2185 enim

178 2211 474 2267 salvamur.
505 2214 744 2269 Securus
765 2226 880 2270 esto
907 2227 1180 2286 peccator,
1206 2219 1314 2273 noli
1348 2220 1597 2278 dubitare
1626 2224 1769 2292 quod

179 2304 418 2372 quotidie
441 2305 619 2374 possis
649 2305 814 2360 Deum
841 2307 1165 2365 benedicere
1194 2311 1471 2382 operibus,
1507 2317 1766 2383 quoniam

178 2405 499 2462 prosperum
531 2396 638 2450 iter
687 2404 838 2450 tuum
870 2397 1030 2453 faciet
1086 2400 1232 2457 Deus
1279 2403 1624 2470 salutarium,
1677 2408 1770 2476 qui

178 2484 318 2538 enim
343 2485 591 2554 quotidie
628 2487 860 2554 proficit.
893 2499 1067 2558 potest
1103 2493 1345 2560 quotidie
1384 2493 1553 2549 Deum
1607 2495 1770 2550 bene-

179 2574 378 2628 dicere.
419 2575 504 2629 Nil
538 2592 668 2632 vero
696 2579 945 2648 prodest,
989 2581 1106 2636 heri
1137 2583 1484 2655 benedixisse
1547 2585 1718 2640 Deum
1755 2604 1769 2640 :

181 2673 233 2717 et
272 2666 437 2721 hodie
463 2682 595 2722 non.

180 2756 250 2812 22
318 2757 467 2814 Deus
488 2773 665 2815 noster
688 2763 858 2818 salvos
884 2779 946 2820 -ιι-
981 2765 1210 2833 faciendi
1243 2766 1259 2835 ζ
1293 2785 1313 2822 :

324 2850 395 2904 Et
421 2851 631 2906 Domini
654 2857 725 2924 χ
755 2854 966 2912 Domini
998 2855 1018 2928 ζ
1049 2858 1220 2912 exitus
1247 2859 1450 2914 mortis.

252 2941 293 2996 C
326 2943 474 2997 Dens
508 2953 726 3009 noster,
760 2948 1174 3013 subaudiamus,
1206 2951 1294 3004 hic
1350 2951 1512 3005 habet
1541 2958 1773 3021 potesta-

186 3041 294 3088 tem
322 3033 504 3090 salvos
544 3034 777 3092 faciendi
807 3054 924 3094 nos.
955 3041 1150 3096 Exitus
1171 3042 1396 3106 mortis,
1425 3050 1509 3097 est
1541 3043 1774 3104 Domini,

1868 1847 1993 1916 quia
2021 1847 2133 1915 ipse
2183 1854 2264 1901 est
2315 1861 2431 1911 rex,
2460 1845 2551 1916 qui
2606 1846 2659 1900 in
2715 1846 2870 1901 titulo
2921 1846 3156 1916 scriptus
3181 1854 3261 1899 est
3295 1862 3308 1898 :
3343 1843 3462 1898 Rex.
3547 1889 3553 1896 .

1867 1933 2198 1990 Iudaeorum.
2231 1935 2369 1989 Dicit
2391 1951 2520 1990 vero
2552 1935 2792 1990 secundo
2838 1936 3136 2007 ingressus,
3171 1936 3298 2004 quia
3344 1935 3460 2003 ipse

1869 2026 1923 2080 in
1951 2026 2054 2080 hoc
2095 2025 2296 2081 mundo
2321 2026 2632 2096 specialiter
2677 2035 2761 2081 est
2804 2026 3099 2096 ingressus.
3157 2024 3200 2078 ll
3239 2023 3333 2078 Vel
3372 2023 3458 2076 in-

1871 2132 2090 2188 gressus
2131 2118 2183 2172 in
2225 2119 2424 2174 cmlum
2478 2118 2731 2173 viderunt
2776 2117 2829 2172 in
2873 2126 3094 2182 sancto,
3148 2117 3355 2171 scilicet
3403 2114 3464 2169 in

1871 2209 2110 2276 homine,
2136 2209 2189 2264 id
2214 2219 2297 2265 est
2322 2211 2542 2266 Christo
2563 2218 2754 2265 sancto
2799 2211 3047 2264 viderunt
3084 2223 3370 2264 ascensum
3401 2206 3466 2261 in

1873 2300 2086 2354 etclam.

1870 2388 1939 2443 27
2014 2388 2386 2445 Prwvenerunt
2417 2393 2673 2461 principes
2705 2392 2972 2462 conjuncti
2995 2389 3335 2461 psallenlibus
3368 2405 3390 2446 .'

2015 2479 2082 2534 In
2110 2483 2280 2534 medio
2317 2481 2720 2550 jurencularum
2766 2480 3274 2551 tympanistriarum.
3327 2465 3493 2531 Dia-2

2084 2572 2310 2643 psalmo.

1946 2665 2392 2721 CPrzevenerunt
2439 2666 2732 2735 principes,
2773 2666 2823 2719 id
2877 2672 2963 2720 est
3001 2663 3226 2735 apostoli
3270 2677 3464 2719 omnes

1875 2767 2256 2828 prmvenerunt
2285 2757 2340 2811 in
2367 2759 2658 2812 sanctitate
2691 2759 2970 2821 doctrinm,
3003 2757 3464 2827 conjunctamque

1875 2846 2008 2902 dicit
2039 2847 2146 2903 illis
2191 2863 2314 2902 esse
2366 2849 2767 2904 multitudinem
2814 2847 3178 2920 psallentium,
3211 2847 3303 2918 qui
3343 2847 3460 2916 jam

1876 2937 2063 2993 laudes
2087 2938 2300 2993 Domini
2333 2953 2440 2993 non
2469 2955 2602 2994 voce
2628 2949 2860 3003 tantum,
2886 2939 2978 2992 sed
3023 2936 3180 2990 bonis
3205 2933 3462 3006 operibus

1876 3035 2252 3095 personarent.
2302 3028 2468 3083 Addit
2535 3028 2968 3099 juvencularum,
3034 3026 3086 3080 id
3149 3035 3232 3080 est
3286 3025 3470 3094 prima

183 3123 290 3178 hoc
318 3133 402 3180 est
430 3128 760 3183 resurrectio
795 3131 972 3184 votiva
1017 3133 1274 3187 fidelium.
1323 3131 1534 3190 Revera
1595 3135 1773 3189 exitus

1887 3129 2037 3174 aetate
2060 3120 2388 3183 ﬂorentium,
2411 3137 2529 3190 qua!
2554 3131 2800 3192 tympma
2823 3136 2938 3184 sua,
2964 3121 3066 3174 hoc
3095 3127 3178 3173 est
3203 3131 3429 3185 corpora
3445 3131 3466 3170 :

184 3213 259 3267 illi
287 3215 581 3286 singularis
606 3217 730 3283 luit,
756 3220 883 3288 quia
907 3221 1022 3289 ipse
1059 3223 1127 3277 ab
1153 3222 1341 3278 inferis
1388 3238 1638 3293 egressus
1669 3232 1774 3289 est,

183 3313 239 3357 et
280 3303 408 3358 inde
437 3322 540 3361 nos
573 3310 856 3377 prmstabit
874 3311 1045 3367 exire.

182 3394 257 3450 23
339 3396 710 3456 Verumtamen
746 3401 888 3458 Deus
922 3405 1213 3476 confringet
1239 3407 1413 3476 capita
1441 3407 1780 3463 inimicorum

400 3505 616 3542 suorum
641 3508 660 3545 .'

350 3576 604 3632 Verticem
630 3583 807 3650 capilli
833 3585 1312 3653 perambulantium
1337 3587 1393 3641 in
1425 3587 1628 3641 delictis
1645 3589 1773 3643 suis.

227 3669 298 3732 _C
333 3669 522 3742 Capita
558 3673 923 3743 inimicorum,
951 3687 1076 3732 sunt
1112 3676 1305 3742 Judaai,
1334 3678 1424 3748 qui
1451 3679 1629 3749 primo
1656 3695 1779 3748 per-

186 3762 363 3816 secuti
395 3772 524 3817 sunt
552 3764 856 3821 Ecclesiam
881 3808 896 3833 ,
923 3769 1008 3822 vel
1053 3770 1228 3838 capita
1261 3770 1605 3825 inimicorum
1651 3779 1780 3826 sunt

187 3851 574 3910 haereticorum
606 3857 883 3926 doctores,
911 3858 1002 3928 qui
1043 3860 1096 3914 in
1125 3860 1238 3930 ipsa
1261 3861 1426 3915 etiam
1463 3861 1532 3933 (si
1560 3860 1668 3916 dici
1698 3861 1778 3916 fas

187 3945 295 4016 est)
360 3947 570 4016 deitate
619 3949 941 4006 desmviunt.
998 3951 1193 4008 Verte:
1245 3953 1420 4023 capilli
1465 3953 1797 4024 :signifieat.

192 4036 464 4092 versutias
520 4038 765 4095 inanium
830 4043 1188 4111 quaestionum
1245 4059 1432 4097 eorum
1487 4044 1578 4112 qui
1627 4043 1776 4097 utilia

197 4124 474 4194 deserunt,
503 4140 560 4185 et
581 4147 689 4186 non
730 4133 1040 4189 necessaria
1069 4133 1372 4189 detestabili
1417 4134 1780 4203 disputatione

191 4218 544 4287 perquirunt,
581 4220 636 4274 in
669 4220 884 4277 delictis
910 4223 1022 4278 suis
1064 4223 1424 4292 perdurantes
1455 4241 1470 4278 :
1508 4232 1566 4277 ut
1607 4223 1777 4278 Mani-

192 4305 328 4362 ebaei
368 4318 427 4365 et
474 4313 660 4366 caeteri
711 4313 974 4380 haeretici,
1013 4314 1146 4369 tales
1193 4314 1339 4370 enim
1387 4315 1777 4370 calumniarum

193 4398 454 4455 minutias
482 4412 753 4472 quarunt,
788 4413 849 4457 ut
881 4405 1026 4473 ipsos
1060 4421 1276 4476 quoque
1297 4459 1301 4462 .
1325 4407 1560 4462 vertices
1607 4407 1776 4476 capil-

194 4486 373 4544 lorum
414 4495 798 4560 perambulare
823 4504 876 4551 et
899 4498 1232 4566 perscrutari
1279 4512 1438 4568 posse
1477 4499 1779 4553 videantur.

193 4581 264 4638 24
315 4582 488 4637 Dixit
523 4584 784 4640 Dominus
811 4603 874 4640 ea:
901 4587 1080 4642 Basan
1103 4599 1397 4644 convertam
1427 4603 1447 4641 :

338 4671 647 4730 Convertam
675 4677 733 4732 in
763 4679 1090 4747 profundum
1116 4682 1300 4734 maris.

267 4766 312 4822 C
347 4766 494 4822 Dixit
524 4768 789 4826 Dominus
811 4813 825 4834 ,
855 4786 1166 4841 quaeramus
1211 4773 1342 4843 quid
1390 4772 1609 4841 dixerit,
1657 4775 1782 4843 quia

197 4856 386 4912 nescio
441 4874 599 4928 quam
650 4877 908 4934 magnum
960 4872 1046 4918 est
1091 4865 1232 4933 quod
1288 4865 1555 4935 promisit.
1606 4865 1784 4920 Basan

200 4946 590 5018 interpretatur
615 4953 868 5019 siccitas,
912 4970 1031 5024 qua:
1068 4956 1366 5011 humanum
1393 4971 1563 5024 genus
1591 4974 1783 5028 posse-

201 5038 367 5096 derat.
388 5041 637 5098 ariditate
657 5045 900 5116 peccati,
938 5047 1029 5101 sed
1073 5061 1187 5101 eam
1221 5045 1486 5103 Dominus
1517 5049 1784 5106 convertit

203 5132 265 5164 αλ
293 5133 618 5164 ὀἶοῖλίοηΙΛ-νι
648 5155 803 5164 an--.“
868 5137 986 5164 ι-Ιηυνι
1023 5138 1091 5164 21Ιῖ
1126 5139 1313 5164 0.---3Αρ.
1343 5137 1536 5164 ’.ιιι-..2-
1568 5142 1759 5164 3..ο.-)ζ⁸

1881 3210 1947 3264 ad
1977 3209 2188 3264 Domini
2219 3210 2405 3264 laudes
2428 3219 2727 3273 verterunt,
2762 3217 3101 3263 macerantes
3127 3199 3190 3262 se
3219 3205 3468 3274 jejuniis,

1877 3300 2169 3369 carnisque
2190 3299 2481 3355 afﬂictione
2507 3300 2829 3369 gaudentes,
2855 3298 3129 3352 tensiones
3155 3295 3323 3351 etiam
3347 3309 3468 3350 cor—

1877 3393 2026 3462 poris
2053 3392 2119 3446 ad
2149 3391 2335 3446 laudes
2361 3390 2575 3446 Domini
2607 3397 2900 3459 vertentes,
2926 3388 3186 3458 martyrio
3211 3399 3469 3444 consum-

1879 3491 2186 3539 maverunt.

1881 3574 1955 3629 28
2030 3573 2097 3628 In
2130 3571 2380 3626 Ecclesiis
2411 3571 2690 3625 benedicite
2713 3569 2824 3624 Deo

2054 3664 2278 3717 Domino
2303 3663 2367 3716 de
2399 3662 2629 3732 fontibus
2649 3660 2842 3718 Israel.

1943 3761 1986 3815 C
2014 3759 2097 3814 Ad
2124 3757 2308 3812 ﬁdeles
2353 3757 2429 3811 ait
2463 3773 2476 3808 :
2526 3754 2583 3809 lu
2648 3754 2906 3810 Ecclesiis
2934 3752 3237 3810 benedicite
3267 3752 3468 3818 Deum,

1878 3868 1987 3908 non
2016 3852 2067 3906 in
2093 3850 2364 3922 perversis
2392 3848 2781 3905 conventiculis
2805 3861 3140 3919 paganorum.
3163 3845 3247 3900 vel
3286 3845 3464 3900 hmre-

1880 3945 2132 4010 ticorum,
2159 3943 2251 3997 sed
2301 3943 2354 3996 in
2391 3940 2634 3996 Ecclesia
2668 3940 2958 4005 catholica,
3007 3939 3097 3993 ubi
3129 3945 3278 3992 recta
3327 3935 3470 3990 fides

1877 4045 1960 4091 est
1988 4045 2045 4090 et
2067 4051 2197 4090 vera
2239 4033 2530 4089 confessio.
2567 4033 2644 4088 De
2673 4031 2927 4095 fontibus,
2957 4033 3022 4085 de
3049 4030 3316 4090 doctrina,
3357 4028 3465 4082 sci-

1880 4128 2006 4183 licet
2037 4126 2372 4190 Christiana,
2405 4141 2566 4195 quam
2594 4121 3102 4195 gentibus'apostoli
3131 4118 3464 4174 infuderunt.

1879 4221 2025 4276 Fons
2071 4220 2272 4290 quippe
2313 4234 2343 4271 a
2388 4216 2620 4272 fovendo
2663 4217 2837 4270 dictus
2866 4223 2972 4278 est,
3012 4227 3077 4268 eo
3105 4211 3248 4281 quod
3281 4219 3470 4264 nostra

1881 4325 2112 4380 corpora
2143 4309 2329 4364 labore
2358 4306 2500 4363 fessa
2537 4305 2798 4362 refoveal.
2829 4304 2956 4359 Sive
2983 4319 3012 4358 a
3044 4301 3317 4357 fundendo
3339 4299 3470 4371 quia

1884 4401 2110 4458 effundit
2135 4415 2322 4471 aquas,
2352 4400 2474 4454 fons
2501 4399 2648 4453 extim
2677 4397 2898 4467 proprie
2919 4395 3119 4466 estqui
3146 4400 3349 4449 manat.

1890 4493 1960 4549 9.9
2029 4491 2114 4546 lbi
2140 4490 2418 4560 Benjamin
2444 4485 2860 4542 adolescentulus
2882 4499 2903 4537 :

2035 4583 2104 4636 In
2133 4582 2316 4636 utentis
2355 4595 2591 4634 excessu.

1963 4675 2009 4730 ﬂ
2031 4674 2072 4729 C
2101 4674 2176 4731 lbi
2202 4672 2482 4744 Beniamin
2513 4688 2528 4726 :
2562 4669 2764 4725 Paulus
2783 4667 3082 4738 apostolus,
3119 4664 3210 4735 qui
3236 4664 3304 4719 de
3329 4662 3476 4716 tribu

1891 4767 2176 4837 Benjamin
2233 4763 2534 4821 descendit.
2578 4762 2619 4818 C
2669 4760 3113 4816 Adolescentulus
3161 4756 3371 4811 exstitit
3423 4757 3478 4809 iu

1895 4859 2094 4916 mentis
2117 4872 2368 4921 excessu,
2391 4855 2613 4924 quando
2634 4851 2848 4909 Domini
2883 4865 3014 4905 voce
3053 4848 3276 4908 corruit,
3308 4845 3400 4913 qui
3427 4853 3481 4898 ct

1891 4952 2180 5007 miseratus
2221 4947 2461 5004 intonuit
2495 4963 2510 4998 :
2552 4945 2733 5008 Saule,
2781 4941 2944 4996 Saule
2993 4942 3128 5013 (Act.
3175 4938 3272 5005 ix),
3301 4933 3483 4987 adole—

1892 5055 2047 5096 scens
2071 5039 2275 5094 dicitur
2305 5039 2372 5093 ab
2406 5035 2701 5100 adolenda,
2732 5033 2786 5086 id
2816 5041 2896 5086 est
2951 5028 3262 5086 crescendo.
3309 5021 3356 5075 ll
3394 5023 3488 5075 Di-

1893 5141 2008 5164 hinc
2041 5130 2202 5164 οιῖσιηι
2233 5129 2554 5164 mlnlncnnnc
2603 5129 2723 5164 ηηίιι
2753 5123 3075 5164 novissimus
3099 5114 3335 5164 nmnium
3358 5126 3490 5164 300'
