3986 5412
541 354 650 411 155

1461 358 1520 415 S.
1564 359 1912 418 BRUNONIS
1949 361 2488 419 llERBlPOLENSlS
2527 363 2827 420 EPISCOPI

3678 359 3788 416 256

536 465 696 532 Juda,
729 466 782 522 id
811 478 894 525 est
937 467 1150 522 Domini
1177 466 1496 536 Salvatorls,
1529 481 1589 524 ιιι
1617 485 1752 526 Juua
1782 483 1852 527 stt
1880 475 2104 545 genitivi
2136 479 2183 536 Α
2211 487 2271 531 et
2292 480 2527 532 tenebris
2549 489 2888 548 peccatorum
2912 490 3146 549 plenum.
3165 475 3460 532 ldololatrae
3483 490 3613 548 ergo
3639 491 3786 546 pra-

546 570 725 610 casus.
747 555 901 610 Sicut
925 557 1060 610 dixit
1087 574 1100 609 :
1125 554 1291 611 Iacob
1321 555 1484 622 Iuda,
1519 567 1570 614 te
1599 560 1892 616 laudabunt
1913 562 2107 618 fratres

539 646 617 700 tui
645 646 798 715 (Gen.
829 646 998 715 mx).
1033 644 1075 702 C
1109 647 1280 702 Duces
1313 662 1524 714 eorum,
1555 651 1608 704 id
1633 659 1717 704 est
1739 651 2053 720 populorum
2089 671 2102 706 :

539 738 630 807 qui
657 748 813 793 erant
857 739 910 792 in
946 739 1185 795 Ecclesia
1216 741 1514 806 constituti,
1549 741 1788 798 Z'abulon
1837 752 1892 798 et
1922 743 2104 813 Neph-

540 827 685 883 Ialim
721 829 888 886 tribus
915 829 1155 897 fuerunt,
1188 833 1330 887 unde
1355 834 1582 902 apostoli
1614 843 1898 890 traxerunt
1936 836 2106 907 origi-

537 931 680 971 nem.
719 915 855 971 Juda
909 918 1179 975 confessio
1202 920 1419 987 dicitur,
1444 922 1704 988 Zabulon,
1739 924 2103 979 habitaculum

534 1007 896 1074 fortitudinis;
946 1009 1214 1080 Nephtali,
1248 1012 1432 1068 dilatio
1470 1029 1610 1080 mea,
1657 1030 1778 1084 quae
1825 1017 2105 1071 catholicae

533 1097 788 1154 Ecclesia:
814 1112 1186 1170 competenter
1209 1105 1450 1173 aptabis;
1480 1106 1523 1160 si
1553 1106 1838 1176 diligenter
1861 1108 2101 1178 inspicis.

533 1210 596 1264 51
673 1210 866 1266 Danda
894 1213 1034 1267 Deus
1058 1215 1239 1270 virtuti
1271 1225 1374 1270 tua:
1405 1231 1422 1269 :

671 1303 960 1372 Con/irata,
991 1306 1152 1372 Deus,
1181 1308 1278 1362 hoc
1304 1310 1443 1379 quod
1467 1324 1707 1378 operatus
1727 1327 1778 1364 es
1800 1312 1854 1365 in
1878 1311 2043 1365 nobis.

599 1416 640 1471 C
675 1415 859 1471 Virtus
905 1419 1046 1472 enim
1092 1419 1269 1475 Patris
1307 1421 1566 1478 Christus.
1605 1431 1710 1488 est,
1756 1423 1884 1492 quid
1923 1436 2100 1480 autem

464 1548 480 1572 ι
529 1506 818 1561 mandetur
869 1508 1048 1563 edicit.
1081 1510 1352 1566 Conli'rma
1401 1511 1524 1578 hoc,
1569 1513 1726 1578 Deus,
1775 1524 1880 1568 etc.
1910 1514 2094 1586 Magna

529 1596 721 1664 petitio
745 1606 894 1652 certe
920 1618 932 1653 :
963 1608 1022 1654 ut
1046 1601 1330 1659 conﬁrmet
1351 1604 1492 1659 Deus
1513 1605 1564 1658 in
1593 1605 1747 1661 nobis
1770 1605 1926 1662 {idem
1947 1623 2099 1662 suam

527 1702 691 1756 quam
723 1689 926 1746 donare
957 1691 1211 1764 dignatus
1235 1706 1338 1752 est.
1376 1696 1522 1767 Opus
1554 1698 1766 1753 Domini
1793 1700 1935 1754 enim
1959 1700 2054 1754 fuit
2082 1721 2094 1755 :

525 1786 588 1832 ut
615 1793 754 1834 ca:ca
807 1783 1078 1852 gentilitas
1121 1786 1322 1841 lumine
1368 1789 1612 1844 veritatis
1668 1787 1864 1855 amata,
1913 1806 2094 1846 verum

525 1870 810 1928 Dominum
839 1875 1158 1932 salvatorem
1175 1894 1502 1950 cognoscere
1531 1891 1730 1952 posset.
1752 1882 1798 1936 ll
1824 1883 2094 1940 Conﬁrma

524 1959 724 2015 donum
753 1961 1002 2032 baptismi
1034 1965 1269 2037 Spiritus
1317 1969 1486 2024 sancti
1516 1970 1824 2027 inlusione:
1857 1980 1912 2026 et
1949 1975 2100 2028 auxi-

524 2048 654 2105 lium
695 2054 892 2122 prrebe,
924 2063 983 2110 ut
1009 2055 1062 2111 in
1094 2056 1386 2114 virtutibus
1412 2059 1660 2115 incedere
1693 2069 1748 2116 et
1780 2076 2098 2130 permanere

522 2140 811 2210 possimus.

521 2248 593 2304 δε
661 2253 704 2305 Α
729 2255 916 2325 templo
941 2259 1108 2312 tuoin
1134 2257 1463 2315 Hierusalem
1488 2299 1503 2314 .

665 2342 778 2398 Tibi
803 2347 1025 2416 offerunt
1054 2367 1194 2421 reges
1219 2367 1456 2406 munera.

587 2433 628 2490 (ἒ
656 2436 704 2491 Α
740 2441 939 2510 templo
992 2441 1326 2500 Hierusalem
1357 2443 1590 2500 offerunt
1639 2460 1794 2517 reges
1842 2463 2085 2514 munera.

518 2526 610 2596 qui
645 2527 698 2582 in
739 2520 983 2586 Ecclesia
1023 2533 1118 2589 Dei
1154 2544 1302 2592 recte
1331 2536 1590 2603 viventes,
1623 2537 1705 2593 sui
1745 2539 1924 2593 cordis
1955 2537 2089 2593 offe-

516 2625 646 2672 runt
688 2621 997 2687 puritatem.
1061 2623 1104 2678 ll
1153 2625 1372 2681 Munera
1420 2627 1642 2696 Christi,
1676 2629 1919 2692 ,virtutes
1961 2639 2087 2685 sunt

514 2716 824 2763 sanctorum
858 2728 872 2765 :
904 2720 961 2767 et
988 2715 1078 2783 qui
1117 2718 1435 2787 semetipsos
1465 2727 1682 2789 regunt,
1732 2735 1887 2791 reges
1939 2731 2084 2776 sunt.

516 2795 796 2867 Templum
827 2801 988 2870 igitur
1012 2818 1206 2874 corpus
1261 2817 1345 2863 est
1371 2808 1658 2878 cujuslibet
1705 2812 1901 2878 sancti,
1943 2812 2087 2882 quod

515 2885 652 2941 bene
693 2889 919 2947 vivendo
964 2902 1209 2950 sanctum
1251 2896 1331 2965 lit,
1381 2899 1448 2954 ab
1475 2898 1565 2954 illo
1611 2898 1846 2955 offerunt
1894 2909 2083 2958 sancta

514 2991 698 3045 opera.

509 3066 584 3121 55
657 3068 879 3142 Increpa
903 3074 1045 3144 feras
1097 3079 1414 3136 arundinis:
1457 3084 1784 3155 congregatio
1809 3094 2080 3140 taurorum

727 3164 783 3218 in
805 3167 970 3219 vaccis
990 3168 1299 3238 papulorum
1323 3185 1343 3224 :

587 3267 650 3307 σιν
683 3252 751 3308 Ut
783 3256 801 3326 ξ
832 3256 1110 3314 excludant
1139 3277 1225 3343 eos
1246 3264 1336 3333 qui
1355 3265 1556 3334 probati
1581 3277 1700 3322 sunt
1723 3279 1958 3341 argento.

583 3366 627 3420 C
661 3367 880 3440 lncrepa
908 3370 1075 3439 feras,
1106 3374 1161 3430 id
1182 3384 1284 3442 est,
1312 3393 1478 3449 argue
1510 3381 1769 3450 superbos
1791 3393 1845 3438 et
1872 3383 2080 3440 feroces

512 3458 602 3526 qui
629 3458 681 3512 in
718 3475 882 3529 prava
921 3463 1198 3520 voluntate
1226 3469 1530 3525 consistunt
1556 3481 1611 3527 et
1640 3473 1897 3528 vacillant
1933 3475 2080 3528 velut

512 3554 738 3606 arundo.
783 3554 1078 3613 Concilium
1122 3568 1420 3627 taurorum,
1453 3563 1507 3618 id
1543 3572 1646 3630 est,
1699 3565 2077 3621 haereticorum

513 3641 896 3701 indomitorum
928 3665 942 3702 :
988 3649 1078 3718 qui
1116 3659 1293 3706 erecta
1324 3652 1535 3708 cervice
1575 3655 1836 3709 seducunt
1868 3657 2078 3712 animas

513 3731 841 3791 innocentes.
889 3737 935 3792 ll
964 3738 1150 3796 Vaccae
1196 3742 1501 3812 significant
1527 3745 1720 3800 stultas
1753 3747 1962 3802 animas
1984 3765 2078 3817 po-

511 3820 619 3889 puli
644 3834 930 3892 sequentes
957 3837 1158 3884 tauros.
1179 3828 1303 3886 ldeo
1329 3847 1459 3887 vero
1479 3831 1611 3888 dicit
1631 3848 1726 3889 eos
1753 3839 2074 3906 arguendos,

511 3918 569 3964 ut
595 3927 698 3965 non
727 3914 1084 3972 excludantur
1113 3935 1143 3974 a
1168 3935 1334 3991 regno
1363 3923 1482 3986 Dei,
1506 3925 1597 3992 qui
1631 3926 1844 3994 probati
1870 3928 2072 3982 inventi

507 4007 629 4054 sunt
650 3998 804 4068 justi,
831 4019 1017 4060 verum
1051 4009 1158 4082 ista
1181 4011 1450 4079 expositio
1472 4011 1786 4084 Hieronymi
1829 4015 2076 4070 innititur

505 4091 841 4147 translationi
873 4093 1128 4153 Romana:
1155 4117 1168 4152 :
1201 4115 1319 4169 qua:
1341 4102 1523 4167 habet,
1553 4110 1611 4157 ut
1656 4119 1762 4158 non
1786 4105 2074 4162 excludan-

504 4186 608 4244 tur,
639 4181 889 4238 similiter
917 4184 1226 4242 Cassiodori
1259 4192 1543 4260 expositio.
1575 4191 1681 4249 Sed
1715 4193 2072 4266 Augustinus,

500 4281 773 4336 exponens
820 4283 1060 4332 nostram
1093 4280 1496 4337 translationem
1526 4285 1619 4348 ait,
1660 4294 1720 4341 ut
1761 4289 2067 4354 excludant,

500 4355 554 4412 id
581 4371 665 4414 est
685 4376 943 4432 apparere
971 4367 1174 4425 faciant
1200 4387 1294 4428 eos
1335 4375 1426 4444 qui
1455 4375 1714 4444 latebant,
1735 4380 1825 4449 qui
1856 4382 2068 4451 probati

499 4456 890 4542 suntargento,
919 4455 971 4510 id
1012 4468 1096 4513 est
1149 4460 1246 4516 Dei
1275 4463 1506 4534 eloquio.
1549 4465 1773 4536 Oportet
1812 4471 1955 4525 enim
1985 4472 2068 4542 (ut

499 4537 576 4590 ait
621 4540 931 4616 Apostolus)
983 4546 1217 4606 haereses
1262 4565 1406 4621 esse,
1435 4563 1496 4610 ut
1535 4558 1748 4626 probati
1794 4537 2062 4618 manifesti
2093 4549 2140 4608 Ι)

498 4626 628 4683 fiant
655 4630 795 4687 inter
817 4649 934 4690 nos.

495 4715 564 4771 54
637 4719 849 4794 Dissipa
876 4736 1051 4795 gentes
1090 4746 1208 4800 qua
1245 4731 1378 4788 bella
1419 4735 1593 4790 volunt
1616 4751 1636 4789 :
1660 4741 1864 4794 veniant
1907 4741 2064 4814 legati

699 4831 765 4870 ea:
790 4817 1021 4890 /Egypto
1058 4839 1078 4878 :

631 4905 904 4975 Ethiopia
931 4916 1204 4982 prtrveniet
1232 4933 1418 4974 manus
1438 4920 1552 4990 ejus
1571 4919 1702 4978 Deo.

562 4995 777 5083 Dissipa
794 5012 1002 5071 gentes,
1027 5006 1130 5063 hoc
1158 5019 1242 5064 est
1265 5011 1546 5069 haereticos
1572 5014 1662 5084 qui
1685 5016 1872 5072 volunt
1893 5018 2054 5086 bella,

493 5086 543 5138 id
589 5097 673 5138 est
721 5094 1095 5138 cantaminum
1140 5109 1326 5138 nnnlro
1372 5102 1666 5138 ρηηιοοςηη.
1741 5108 2054 5138 ρηωηηηη.

2207 571 2426 624 venient
2463 569 2696 634 Judaeos,
2737 570 2864 624 dare
2898 583 3088 623 manus
3113 569 3239 624 Deo.

2207 657 2275 713 55
2347 657 2526 728 Regna
2551 670 2702 713 teme
2729 669 2930 712 cantate
2961 658 3068 712 Deo
3097 672 3115 710 :

2347 748 2563 803 Psallile
2588 749 2831 803 Domino.
2856 749 3186 820 Diapsalma.

2274 839 2314 895 C
2339 839 2520 910 Regna
2557 851 2731 896 terrae.
2761 839 2931 895 Omne
2957 856 3124 911 genus
3150 841 3442 897 humanum
3469 843 3795 912 signiﬁcare

2205 928 2388 994 voluit,
2421 935 2634 983 cantate
2661 947 2673 982 :
2708 929 2773 983 ad
2818 929 3016 984 animas
3041 930 3258 999 respicit
3289 933 3606 1000 puritatem,
3639 935 3782 1003 psal-

2205 1019 2296 1074 lite
2320 1038 2333 1074 :
2368 1019 2435 1073 ad
2455 1034 2616 1089 opera
2644 1035 2764 1090 quae
2795 1020 3018 1076 Domino
3035 1021 3332 1091 probantur
3357 1031 3601 1091 accepta.

2203 1111 2269 1166 56
2343 1128 2404 1169 +
2442 1112 2780 1167 PsallileDeo
2814 1114 2831 1184 ζ
2863 1116 2952 1184 qui
2977 1115 3207 1170 ascendit
3246 1115 3740 1186 supercalstmcatli
3762 1130 3790 1167 ἴ

2343 1205 2425 1257 Ad
2454 1206 2719 1260 orientem.

2271 1294 2311 1351 C
2357 1294 2490 1349 Nam
2544 1296 2628 1349 oui
2676 1294 2784 1349 Deo
2832 1297 2984 1365 psalli
3033 1298 3223 1352 debeat
3273 1297 3528 1361 ostendit,
3571 1297 3799 1352 scilicet

2201 1389 2250 1442 ei
2290 1388 2378 1458 qui
2412 1403 2572 1456 super
2601 1388 2794 1443 coelum
2828 1391 3090 1458 ascendit,
3122 1391 3380 1446 Dominus
3419 1391 3563 1446 enim
3595 1390 3794 1455 Jesus,

2200 1480 2289 1550 qui
2320 1481 2468 1550 prius
2495 1481 2772 1537 descendit
2802 1481 2868 1536 de
2913 1482 3050 1537 coelo
3078 1483 3143 1536 ad
3181 1481 3512 1537 liberandum
3548 1481 3794 1536 infirmi-

2202 1573 2326 1626 tatis
2348 1580 2545 1628 nostra:
2570 1582 2836 1641 naturam,
2868 1573 2983 1644 ipse
3016 1576 3178 1630 etiam
3203 1575 3465 1640 ascendit,
3502 1575 3596 1644 qui
3628 1572 3782 1631 sedet

2199 1665 2265 1718 ad
2312 1666 2586 1720 dexteram
2631 1665 2829 1721 Patris.
2879 1667 2962 1722 Ad
3005 1668 3291 1732 orientem,
3344 1665 3777 1737 Hierosolymam

2197 1755 2474 1810 evidenter
2500 1757 2752 1822 ostendit,
2790 1773 2909 1828 quae
2939 1767 3021 1814 est
3065 1758 3117 1813 in
3146 1758 3396 1814 orientali
3423 1766 3580 1828 parte
3614 1761 3780 1815 collo-

2129 1828 2174 1886 Β
2201 1854 2341 1900 cata.
2390 1845 2542 1902 Unde
2585 1845 2843 1903 Dominus
2883 1847 3188 1903 videntibus
3229 1849 3487 1920 apostolis
3530 1851 3781 1905 ascendit

2200 1938 2267 1992 ad
2303 1937 2470 1993 caelos
2498 1938 2633 2010 (Act.
2663 1939 2726 2010 ι).
2755 1938 2800 1992 Η
2843 1939 2940 1995 Vel
2980 1940 3048 1994 ad
3076 1941 3360 2007 orientem,
3395 1941 3605 1996 scilicet
3647 1943 3776 2011 quia

2198 2030 2311 2101 ipse
2336 2033 2517 2088 oriens
2545 2042 2648 2098 est,
2677 2033 2790 2089 sive
2825 2034 2949 2103 quia
2992 2049 3091 2104 per
3123 2050 3246 2090 eum
3281 2050 3468 2092 omnes
3508 2037 3576 2092 ad
3605 2037 3776 2090 vitam

2195 2123 2477 2189 oriuntur,
2535 2124 2708 2179 fertur
2758 2127 2919 2180 etiam
2969 2140 3124 2181 mons
3153 2125 3342 2182 Oliveti
3392 2127 3544 2198 (Luc.
3588 2127 3796 2196 IXW),_

2195 2216 2340 2270 unde
2362 2215 2620 2273 Dominus
2641 2218 2905 2285 ascendit,
2923 2231 3043 2274 esse
3074 2218 3139 2273 ad
3164 2221 3426 2276 orientem
3457 2220 3629 2292 ipsius
3653 2222 3782 2278 [lie-

2193 2306 2446 2363 rusalem.
2498 2300 2505 2308 ’

2191 2399 2259 2454 57
2295 2418 2305 2429 ’
2331 2399 2467 2454 Ecce
2492 2401 2634 2455 dabit
2664 2402 2776 2456 voci
2804 2419 2912 2457 sua:
2944 2418 3118 2457 vocem
3146 2403 3347 2458 virtutis
3374 2405 3526 2460 :date
3547 2404 3794 2476 gloriarm

2237 2512 2256 2568 ξ
2347 2498 2355 2510 ’
2408 2491 2516 2547 Deo
2542 2511 2698 2562 super
2725 2494 2895 2550 Israel
2909 2498 2957 2547 :'

2339 2582 2734 2655 Magniﬁcentia
2760 2588 2872 2657 ejus
2896 2596 2943 2641 et
2963 2591 3125 2643 virtus
3155 2588 3268 2657 ejus
3290 2603 3348 2642 m
3369 2586 3617 2641 nubibus.

2262 2673 2305 2728 H
2335 2673 2374 2729 (Ἰ
2396 2674 2555 2730 Dabit
2580 2675 2742 2729 etiam
2769 2675 2888 2730 voci
2926 2691 3036 2731 suae
3065 2691 3253 2732 vocem
3283 2675 3516 2740 virtutis,
3550 2678 3796 2745 quando-

2190 2767 2242 2821 iu
2271 2767 2562 2823 novissimo
2584 2767 2668 2824 die
2689 2776 2744 2822 ut
2769 2777 3017 2839 resurgat
3041 2769 3332 2824 humanum
3354 2783 3520 2839 genus
3544 2768 3765 2823 dixerit.

2189 2858 2327 2925 Quid
2354 2857 2547 2913 fortius
2574 2873 2732 2928 quam
2769 2873 3024 2915 revocare
3048 2859 3254 2915 favillas
3277 2859 3344 2914 ad
3384 2874 3599 2929 corpus.
3631 2860 3770 2915 Date

2186 2948 2413 3017 gloriam
2445 2947 2573 3012 Deo,
2603 2963 2726 3002 nam
2755 2949 2844 3017 qui
2870 2949 2980 3004 Deo
3009 2949 3100 3004 dat
3124 2949 3370 3019 gloriam,
3397 2964 3456 3005 se
3483 2949 3617 3004 facit
3640 2964 3768 3004 esse

2185 3039 2523 3110 laudabilem.
2571 3038 2612 3093 ﬂ
2645 3039 2818 3110 Super
2850 3040 3032 3105 lsrael,
3066 3041 3116 3096 id
3146 3049 3230 3096 est
3270 3041 3441 3111 magis
3495 3040 3780 3096 honorate

2186 3131 2350 3186 Deum
2379 3146 2540 3202 quam
2569 3133 2799 3188 carnalis
2822 3133 2982 3188 Israel
3009 3134 3255 3196 honorat,
3287 3133 3412 3202 quia
3442 3131 3532 3187 ille
3578 3131 3764 3199 labiis,

2181 3237 2278 3278 vos
2305 3223 2485 3278 corde.
2517 3221 2559 3278 C
2589 3223 3007 3295 Magnificentia,
3039 3224 3162 3294 quia
3201 3238 3416 3292 semper
3451 3238 3648 3295 magna
3683 3223 3764 3278 fa-

2181 3314 2276 3369 cit.
2309 3311 2509 3378 Virtus,
2552 3314 2678 3384 quia
2719 3314 2944 3384 imperio
2979 3315 3096 3386 ejus
3145 3314 3436 3370 famulatur
3481 3329 3619 3385 opus
3647 3315 3787 3370 sive.

2179 3402 2423 3459 effectus.
2451 3402 2652 3470 Nubes,
2679 3405 2904 3476 apostoli
2933 3413 2988 3462 et
3016 3405 3310 3475 prophetae.

2179 3494 2246 3549 58
2269 3497 2272 3500 ’
2319 3493 2580 3548 Mirabilis
2607 3493 2746 3548 Deus
2767 3495 2820 3550 in
2842 3495 3037 3550 sanctis
3067 3495 3178 3550 suis
3206 3509 3227 3548 :

2319 3583 2462 3641 Deus
2506 3585 2675 3639 Israel
2714 3587 2823 3656 ipse
2861 3586 3004 3640 dabit
3036 3587 3278 3642 virtutem
3321 3594 3369 3640 et
3397 3586 3764 3657 fortitudinem

2385 3677 2544 3748 plebis
2574 3692 2633 3734 -ε-
2652 3695 2762 3732 sua:
2791 3677 2809 3747 ζ
2842 3679 3137 3734 benedictus
3169 3677 3325 3733 Deus.

2225 3767 2289 3824 -C
2316 3767 2576 3824 Mirabilis
2603 3770 2717 3825 sive
2746 3770 2798 3825 in
2831 3770 3054 3841 angelis,
3082 3785 3174 3825 seu
3203 3769 3256 3824 in
3290 3768 3601 3826 hominibus
3629 3786 3758 3825 san-

2177 3862 2297 3916 ctis.
2326 3860 2486 3914 Dabit
2527 3860 2784 3915 Dominus
2828 3859 3071 3916 fidelibus
3109 3860 3222 3916 suis
3249 3861 3501 3915 virtutem
3543 3862 3757 3930 patien-

2179 3952 2284 4017 tiae,
2308 3958 2362 4005 et
2386 3949 2505 4005 fidei
2530 3950 2917 4016 fortitudinem,
2940 3959 2999 4004 ut
3018 3951 3186 4021 possit
3209 3951 3276 4005 ad
3301 3957 3507 4005 aeterna
3529 3951 3751 4019 praemia

2173 4038 2478 4111 pervenire.
2529 4038 2851 4095 Benedictus
2890 4039 3052 4108 Deus,
3101 4039 3190 4095 ille
3237 4048 3415 4110 potest
3453 4040 3586 4095 dare
3631 4056 3752 4111 qua:

2175 4130 2424 4200 superius
2455 4128 2610 4195 dixit,
2654 4129 2705 4183 id
2743 4137 2847 4196 est,
2887 4130 2976 4200 qui
3004 4131 3242 4185 omnium
3272 4145 3366 4185 ore
3405 4145 3626 4200 semper
3652 4147 3766 4200 pro»

2172 4219 2449 4276 beneficiis
2476 4219 2634 4275 debet
2661 4220 2925 4286 benedici,
2961 4229 3021 4275 ut
3064 4221 3202 4276 sicut
3243 4235 3455 4290 semper
3483 4221 3747 4278 beneficia

2171 4321 2412 4382 praestat,
2444 4312 2517 4367 ita
2547 4311 2946 4368 benedictiones
2974 4327 3188 4383 semper
3212 4313 3459 4384 accipiat.

2243 4403 2332 4459 Fit
2377 4413 2557 4459 autem
2600 4403 2902 4460 benedictio
2935 4403 3037 4458 ista
3077 4403 3460 4475 multipliciter.
3513 4403 3652 4460 Nam
3694 4414 3746 4461 et

2171 4496 2261 4567 qui
2291 4496 2598 4568 Scripturas
2633 4505 2849 4552 sanctas
2883 4497 3195 4563 meditatur,
3233 4497 3503 4553 benedicit
3532 4499 3740 4556 Deum:

2165 4596 2220 4644 et
2248 4587 2478 4658 quiejus
2505 4588 2656 4660 jussa
2687 4587 3056 4658 compleverit,
3100 4588 3410 4645 benedicit:
3452 4599 3508 4644 et
3545 4584 3644 4662 'qui
3693 4594 3740 4648 ei

2165 4677 2471 4743 confitetur,
2505 4677 2776 4734 benedicit
2800 4677 2989 4733 Deum.

2601 4783 2798 4825 ORATIO
2835 4785 2904 4825 Εἰ
2939 4784 3087 4824 PSAL.
3125 4785 3291 4827 ιινιι.

2233 4859 2564 4923 Dominator,
2604 4858 2849 4926 Domine,
2896 4862 2985 4930 qui
3018 4861 3182 4930 justis
3235 4861 3471 4933 spiritale
3518 4864 3737 4933 epulum

2166 4952 2437 5016 tribuens,
2486 4948 2622 5007 facis
2671 4966 2765 5006 eos
2818 4953 2873 5006 in
2922 4951 3102 5008 lzetitia
3159 4952 3445 5021 delectari,
3497 4956 3754 5010 concede—

2156 5042 2303 5113 gregi
2335 5051 2446 5105 tuo,
2483 5049 2712 5096 mortem
2761 5049 2903 5096 tuam
2946 5043 3264 5112 intelligere,
3308 5051 3467 5114 teque
3535 5044 3739 5098 trium-
