3986 5412
516 337 627 403 959

1483 333 1539 389 s.
1579 328 1924 388 enumeres
1959 302 2502 408 nunstmLENSIs
2540 327 2845 386 EPISCOPI

3680 325 3797 383 200

522 451 676 517 dixit,
720 456 781 507 ut
820 447 1071 505 effectum
1120 445 1314 502 mortis
1355 443 1703 509 ostenderet,
1733 456 1896 512 quem
1929 441 2108 497 crucis
2134 446 2183 507 Α
2210 456 2550 512 nequaquam
2597 440 2787 497 redimi
2837 446 3150 510 poteramus
3187 437 3427 494 obnoxii.
3477 436 3596 494 Non
3638 440 3796 496 enim

523 544 838 613 dignatione
894 541 1153 610 suscepit.
1211 538 1631 609 Exprobrabant
1683 535 1848 592 etiam
1907 532 2101 588 Patri:

523 654 648 695 cum
679 636 954 692 Christum
999 635 1244 691 dicerent
1276 632 1479 705 Ioseph
1509 630 1649 687 fabri
1683 644 1805 686 esse
1834 628 2026 692 ﬁlium,
2054 635 2110 682 et

526 735 854 793 daemonium
903 732 1075 788 habes
1122 729 1340 802 (Matth.
1379 728 1523 800 nn),
1564 725 1919 798 opprobrium
1962 721 2110 778 enim

524 824 664 882 Filio
700 824 928 888 dictum,
954 821 1098 878 redit
1118 821 1173 876 in
1198 819 1439 876 Patrem.

527 902 597 968 l5
666 910 736 966 Et
762 913 944 984 aperui
966 913 1023 966 in
1038 911 1253 982 jejunio
1277 909 1511 963 animant
1543 918 1755 961 meam:

669 1004 737 1060 Et
763 1004 967 1075 factum
994 1013 1069 1058 est
1101 1003 1161 1056 in
1184 999 1519 1071 opprobrium
1551 997 1703 1051 milii.

599 1094 642 1151 C
672 1094 898 1165 Operuit
919 1093 1126 1165 jejunio
1160 1092 1421 1156 animam,
1453 1090 1581 1161 quia
1623 1087 1905 1144 hominum
1933 1084 2113 1148 ﬁdem,

529 1199 694 1255 quam
732 1182 889 1239 valde
918 1183 1211 1248 esuriebat,
1257 1180 1480 1235 minime
1508 1184 1726 1248 poterat
1763 1174 2027 1236 invenire,
2055 1182 2121 1229 et

531 1277 654 1332 ideo
677 1274 831 1346 quasi
857 1274 1036 1343 aliquo
1056 1271 1220 1342 pallio
1244 1270 1478 1325 tristitia:
1499 1265 1863 1324 circumdedit
1880 1264 2116 1319 animam

532 1383 687 1423 suam
711 1366 920 1438 jejunio
950 1364 1040 1418 tali
1088 1362 1364 1419 alllictam.
1392 1359 1626 1430 Semper
1664 1354 1793 1413 boni
1834 1354 1992 1410 malis
2025 1369 2123 1423 op-

530 1458 821 1531 probrium
859 1464 1008 1519 sunt,
1052 1454 1178 1525 quia
1206 1452 1430 1507 minime
1472 1464 1660 1505 eorum
1702 1444 2000 1502 sceleribus
2031 1459 2125 1499 ac-

532 1550 845 1622 quiescunt,
891 1555 945 1604 et
986 1547 1094 1602 illis
1131 1545 1371 1601 studiose
1401 1541 1712 1607 detrahunt,
1742 1538 1942 1610 quibus
1978 1535 2124 1592 nulla

534 1644 800 1701 societate
817 1641 1146 1712 junguntur.

539 1736 609 1791 ﬂ
679 1733 749 1789 Et
771 1733 923 1805 posui
952 1731 1307 1786 vestimentum
1337 1743 1509 1783 meum
1536 1724 1765 1780 cilicium
1788 1735 1811 1775 :

684 1825 753 1881 Et
778 1825 954 1896 [actus
983 1838 1100 1876 sum
1125 1820 1230 1874 illis
1256 1820 1313 1873 in
1337 1816 1666 1889 parabolam.

610 1916 653 1976 C
681 1917 785 1972 Per
833 1916 1073 1971 cilicium
1110 1910 1335 1968 tristitia
1378 1908 1719 1980 significatur
1757 1913 1813 1961 et
1852 1903 2126 1975 lacrymze,

537 2006 760 2078 quando
788 2006 1048 2062 Dominus
1076 2001 1297 2059 humani
1345 1998 1558 2071 generis
1586 1994 1963 2052 imbecillitate
2005 2007 2132 2077 per-

540 2109 748 2165 motus,
791 2098 1158 2154 suscitaturus
1188 2093 1463 2148 Lazarum
1507 2088 1654 2144 ﬂevit
1685 2087 1867 2163 (Joan.
1914 2073 2012 2157 xtf,
2054 2083 2133 2139 di-

541 2192 796 2250 cantibus
823 2187 1057 2244 Judzeis;
1074 2187 1215 2242 Ecce
1240 2182 1510 2256 quomodo
1536 2176 2134 2236 amabateum.Factus

542 2293 633 2342 est
659 2296 876 2353 quoque
919 2278 1121 2334 ludatis
1162 2276 1218 2332 in
1250 2272 1582 2345 paraltolam,
1616 2270 1833 2342 quando
1856 2283 1955 2339 per
1986 2266 2137 2321 simi—

544 2377 808 2434 iitudines
835 2372 1101 2446 quasdam
1143 2367 1420 2426 carnalem
1458 2364 1714 2435 populum
1758 2362 1955 2417 docere
1984 2359 2138 2415 vide-

548 2468 752 2525 batur:
787 2468 929 2521 sicut
968 2463 1021 2517 in
1052 2457 1349 2531 Evangelia
1391 2456 1607 2527 legitur,
1636 2450 1957 2509 dixitJesus
1984 2463 2140 2519 para-

554 2560 735 2618 bolam
788 2557 854 2613 ad
926 2555 1160 2610 turbam.
1230 2552 1326 2606 Est
1393 2556 1574 2604 autem
1622 2543 1885 2616 .parabola
1946 2550 2141 2596 natura

555 2650 982 2723 discrepantium
1031 2661 1240 2709 rerum,
1262 2643 1368 2699 sub
1397 2641 1577 2710 aliqua
1610 2635 1966 2693 similitudine
2001 2633 2144 2689 facta

554 2740 915 2815 comparatio.
944 2737 1073 2793 ideo
1113 2751 1243 2791 vero
1287 2736 1368 2789 sic
1404 2729 1749 2799 loquebatur,
1796 2735 1854 2781 ut
1891 2725 1982 2796 qui
2031 2738 2146 2778 coe—

556 2814 719 2889 lestia
762 2844 957 2901 capere
990 2843 1100 2882 non
1142 2829 1416 2897 poterant,
1474 2836 1566 2891 per
1608 2828 1851 2874 terrenas
1898 2814 2149 2871 similitu-

561 2923 722 2979 dines
750 2920 1137 2989 intelligerent.

565 3036 635 3093 l5
706 3034 996 3089 Adversum
1019 3045 1099 3083 me
1124 3026 1471 3098 loquebantur
1491 3022 1579 3094 qui
1604 3020 1849 3075 sedebant
1879 3018 1934 3072 in
1957 3026 2149 3088 parta.“

714 3126 784 3180 Et
807 3140 871 3182 οι-
903 3125 957 3178 in
990 3138 1070 3177 me
1098 3121 1120 3191 ζ
1151 3118 1440 3191 psallebant
1466 3116 1554 3187 qui
1585 3113 1823 3168 bibebant
1850 3111 2045 3165 vinum.

638 3217 681 3273 Ο
712 3217 877 3273 Porta
899 3183 1120 3284 quippe'
1139 3183 1279 3266 dicta
1309 3218 1417 3272 est,
1538 3205 1682 3275 quod
1713 3202 1839 3257 inde
1866 3206 2152 3271 portantur
2179 3183 2224 3244 Ο

563 3309 773 3366 omnia.
802 3304 859 3360 in
888 3314 1044 3375 porta
1074 3311 1258 3358 autem
1289 3299 1503 3362 sedent,
1533 3295 1624 3365 qui
1657 3291 2016 3349 conventibus
2051 3289 2154 3345 bo—

568 3401 780 3458 minum
805 3395 993 3452 sedula
1021 3386 1338 3451 curiositate
1363 3389 1685 3444 miscentur.
1716 3386 1860 3456 Ergo
1879 3382 2013 3438 dicit
2039 3396 2158 3452 pas-

568 3492 782 3549 sionem
814 3503 966 3544 suam
992 3485 1140 3558 genti
1163 3482 1404 3540 Judaicae
1428 3480 1595 3535 fuisse
1622 3476 1878 3533 fabulam.
1905 3474 1965 3529 In
1986 3474 2156 3529 Deum

573 3583 812 3658 psallunt
836 3582 887 3636 si
931 3580 985 3634 in
1018 3580 1216 3634 bonum
1256 3573 1544 3644 accipitur,
1575 3570 1669 3640 qui
1709 3568 1923 3623 actione
1961 3564 2159 3636 proba-

576 3656 673 3734 bili
701 3676 1025 3745 diriguntur.
1051 3671 1248 3726 Vinum
1281 3665 1566 3731 similiter;
1600 3678 1705 3718 non
1733 3658 2034 3724 ebrietatis,
2067 3656 2162 3713 sed

574 3766 842 3839 spiritale.
891 3764 995 3834 Ipsi
1038 3762 1182 3817 enim
1229 3758 1554 3830 psallebant,
1584 3755 1677 3825 qui
1724 3768 1821 3824 per
1866 3751 2167 3821 intelligen-

582 3857 718 3912 tiam
751 3869 1041 3927 supernam
1073 3850 1298 3907 salutari
1328 3848 1574 3905 doctrina
1602 3846 1947 3917 putabantur.
1977 3843 2048 3899 Et
2090 3842 2165 3896 ita

576 3950 940 4008 Cassiodorus
984 3945 1220 4018 psallere
1263 3944 1331 3998 de
1381 3941 1629 3998 ﬁdelibus
1674 3938 1907 3996 etbonis
1947 3934 2170 4006 exponit

582 4054 641 4100 et
668 4040 973 4112 sequentia.
1000 4037 1108 4095 Sed
1134 4037 1432 4094 secundum
1463 4033 1850 4104 Hieronymum
1882 4028 2088 4085 Scribze
2113 4034 2171 4082 et

525 4162 533 4172 -
583 4134 846 4191 Pharisaei
876 4133 930 4188 in
960 4140 1118 4203 porta
1149 4129 1365 4202 (Matth.
1394 4133 1576 4198 mu),
1603 4125 1654 4180 id
1681 4134 1766 4180 est
1788 4123 1995 4196 judicio
2017 4121 2170 4178 sede-

585 4230 742 4295 bant,
773 4227 865 4297 qui
901 4225 1109 4281 clavem
1139 4222 1382 4279 scientia:
1407 4219 1689 4285 habentes,
1725 4231 1826 4271 nec
1852 4213 2170 4279 introibant,

590 4337 693 4378 nec
739 4321 874 4376 alios
904 4319 1129 4374 introire
1168 4317 1440 4372 sinebant.
1482 4312 1562 4369 llli
1588 4310 1781 4382 repleti
1821 4309 1952 4364 vino
1978 4306 2175 4377 iniqui-

594 4415 744 4477 tatis,
773 4413 1008 4483 qualiter
1034 4426 1159 4465 eum
1194 4409 1562 4464 interficerent
1591 4402 1968 4461 concinebant.
2000 4399 2050 4455 Η
2080 4398 2176 4455 Vel

589 4504 731 4560 ebrii
768 4512 927 4559 erant
960 4502 1111 4566 vino,
1140 4498 1355 4570 quando
1381 4497 1624 4552 velantes
1650 4493 1847 4550 faciem
1877 4493 1993 4563 ejus
2030 4489 2176 4545 dice-

594 4597 763 4651 bant:
787 4591 1111 4663 Prophetiza
1134 4590 1313 4655 nobis,
1341 4587 1581 4652 Christe,
1608 4587 1730 4657 quis
1753 4595 1837 4641 est
1862 4584 1954 4655 qui
1981 4591 2032 4639 te
2057 4595 2180 4653 per-

593 4687 808 4743 cussit?
838 4683 992 4757 (Luc.
1015 4681 1174 4752 χχιι.)

601 4780 671 4835 l6
744 4779 857 4851 Ego
888 4794 1006 4833 vero
1033 4775 1323 4830 orationem
1354 4788 1524 4828 meam
1549 4771 1619 4826 ad
1645 4780 1716 4837 te,
1744 4768 1964 4825 Domine
1983 4781 2005 4819 :

748 4870 971 4941 Tempus
997 4866 1307 4939 beneplaciti
1337 4865 1496 4920 Deus.

670 4962 715 5019 (Γ.
750 4962 882 5018 Illud
931 4971 1143 5031 tempus
1172 4967 1259 5014 est
1304 4957 1629 5028 bcneplaciti
1673 4954 1888 5025 quando
1930 4951 2187 5007 Incarna—

632 5055 768 5078 ε---ε-
803 5069 909 5078 -..ω
960 5051 1221 5078 ιςλιςηηηῖη
1273 5048 1666 5078 Ἀηηῖηιῗοηηιηω
1700 5048 1955 5078 ΜΙιηᾹΙΙῘη
1991 5048 2056 5078 ﬁll
2084 5048 2190 5078 im-

1423 5048 1666 5078 "Ioniam
1700 5044 1955 5078 mundum
1991 5042 2056 5078 Call
2084 5042 2097 5078 ἶ

2207 548 2374 604 parva
2405 533 2776 590 misericordia
2815 531 2939 599 fuit,
2977 547 3100 603 quae
3131 538 3243 586 tam
3288 530 3529 602 ingentia
3565 542 3797 601 peccata

2210 627 2506 697 superavit.
2549 626 2757 681 Exaudi
2800 640 2911 690 me,
2960 632 3115 696 rogat
3154 622 3396 690 Patrem,
3438 640 3546 680 non
3595 633 3801 681 natura

2211 715 2448 781 deitatis,
2475 729 2582 786 qua
2609 715 2659 770 ei
2705 713 3078 785 tequalisest:
3110 713 3206 769 sed
3250 728 3319 768 ex
3350 712 3666 769 inﬁrmitate
3695 714 3807 770 hn-

2176 832 2185 837 -
2213 821 2395 873 mana,
2429 807 2484 862 in
2518 823 2621 877 qua
2654 808 2833 861 minor
2855 814 2940 861 est
2956 805 3140 860 Patre.

2213 896 2284 953 18
2356 896 2517 968 Eripe
2542 915 2625 953 me
2653 898 2718 954 de
2740 897 2851 952 luto
2882 909 2938 951 ut
2969 913 3075 950 non
3100 896 3293 967 inﬁgar
3316 913 3334 950 :

2352 983 2547 1042 Libera
2573 1005 2654 1043 me
2680 988 2746 1042 ab
2768 988 2848 1042 his
2876 987 2967 1059 qui
2995 987 3216 1041 oderunt
3246 1002 3328 1042 me
3352 996 3400 1041 et
3426 987 3492 1041 de
3516 988 3808 1058 profundis

2430 1097 2715 1151 aquarum.

2287 1172 2333 1231 C
2378 1174 2640 1245 Exposcit
2689 1174 2941 1230 Christus
2986 1188 3057 1231 ex
3097 1180 3250 1244 parte
3294 1154 3699 1236 membrorum,
3749 1178 3815 1226 ut

2220 1266 2398 1322 anima
2429 1266 2544 1337 ejus
2573 1283 2603 1322 a
2630 1260 2917 1323 desideriis
2960 1265 3120 1322 luteis
3144 1306 3161 1333 ,
3210 1264 3265 1320 id
3301 1273 3387 1320 est
3428 1264 3590 1336 hujus
3616 1265 3812 1321 mundi

2222 1359 2615 1431 cupiditatibus
2644 1358 2903 1414 reddatur
2929 1357 3127 1413 aliena.
3166 1356 3363 1413 Libera
3393 1371 3480 1412 me
3507 1356 3577 1411 ab
3602 1356 3693 1411 his
3720 1354 3816 1427 qui

2223 1468 2312 1508 me
2334 1453 2588 1517 oderunt,
2621 1450 2674 1505 id
2699 1459 2782 1507 est
2808 1465 2840 1506 a
2858 1449 3087 1506 Iudaeis.
3124 1450 3200 1506 De
3226 1448 3493 1519 profundo
3520 1464 3815 1519 aquarum,

2224 1542 2294 1598 ad
2342 1542 2491 1597 illum
2536 1540 2794 1611 populum
2831 1539 3104 1610 pertinet,
3137 1538 3230 1608 qui
3267 1546 3325 1593 et
3350 1537 3655 1608 profundus
3700 1546 3822 1593 erat

2220 1633 2455 1689 consilio
2486 1632 2851 1703 malignitatis
2874 1639 2935 1686 et
2965 1630 3317 1687 seditionibus
3358 1630 3711 1685 turbulentis.

2228 1723 2296 1780 l9
2366 1720 2490 1777 Non
2518 1738 2601 1777 me
2620 1721 2889 1792 dentergat
2917 1728 3196 1791 tempestas
3227 1735 3381 1786 aquw
3403 1734 3422 1773 :
3446 1735 3611 1789 neque
3632 1717 3845 1793 αωοβ,

2450 1817 2567 1871 beat
2595 1832 2676 1871 me
2702 1814 3027 1885 profundum
3053 1826 3072 1866 :

2374 1905 2558 1977 Neque
2578 1915 2761 1976 urgeat
2790 1919 2948 1977 super
2978 1921 3062 1960 me
3088 1914 3274 1976 puteus
3299 1922 3358 1960 os
3381 1921 3553 1961 suum.

2302 1995 2352 2053 Η
2383 1996 2502 2052 Νοιι
2531 2010 2617 2052 me
2643 1997 2941 2067 demergat,
2974 1994 3026 2050 id
3052 2002 3142 2050 est
3165 1995 3281 2049 haec
3304 1995 3572 2064 passionis
3605 2003 3821 2065 tempe-

2235 2095 2347 2144 stas
2376 2102 2483 2142 non
2513 2100 2638 2141 eum
2666 2085 2724 2141 in
2756 2084 3124 2156 profunditate
3148 2085 3329 2158 abyssi
3369 2085 3605 2141 retineat
3650 2084 3824 2139 infer-

2235 2180 2394 2236 nalis.
2428 2180 2470 2236 C
2498 2176 2832 2234 Profundum
2879 2176 3062 2245 itaque
3107 2183 3187 2230 est
3236 2186 3587 2247 peccatorum
3613 2215 3631 2240 ,
3680 2173 3828 2244 quod

2237 2271 2468 2341 deglutit
2493 2269 2707 2324 animas
2732 2267 3061 2338 impiorum,
3106 2266 3182 2320 ita
3215 2274 3274 2320 ut
3317 2266 3384 2321 ad
3430 2264 3830 2337 pmnitudinem

2238 2362 2419 2418 redire
2434 2362 2738 2430 'nequeant.
2766 2358 2992 2429 Urgere,
3019 2357 3250 2413 dicimus
3274 2357 3618 2412 concludere.
3654 2356 3705 2411 Η
3733 2355 3834 2413 Pe-

2244 2453 2309 2507 tit
2339 2467 2471 2524 ergo
2495 2459 2555 2506 ut
2595 2451 2776 2507 aditus
2809 2446 3094 2505 infernalis
3129 2460 3238 2504 non
3268 2447 3556 2503 concludat
3577 2462 3643 2502 os
3670 2462 3830 2502 suum

2245 2559 2410 2617 super
2435 2558 2559 2598 eum
2586 2542 2703 2598 sive
2728 2539 2995 2597 diabolus.

2316 2636 2358 2693 C
2396 2635 2603 2692 Potens
2633 2644 2817 2690 autem
2843 2642 3106 2689 excavata
3139 2641 3298 2688 terra
3338 2630 3686 2703 profunditas
3733 2638 3831 2694 eat,

2247 2730 2342 2799 qui
2374 2737 2431 2784 et
2458 2730 2514 2783 in
2560 2727 2705 2783 bono
2731 2737 2788 2781 et
2818 2726 2961 2781 malo
3010 2725 3066 2780 in
3114 2723 3396 2795 Scriptura
3436 2721 3698 2795 ponitur;
3749 2720 3834 2776 hic

2247 2836 2380 2878 vero
2406 2822 2462 2875 in
2493 2819 2637 2875 malo
2660 2818 2946 2888 accipitur.

2246 2913 2323 2972 Ἄ)
2392 2912 2607 2971 Exaudi
2639 2930 2739 2979 me,
2778 2911 3019 2977 Domine,
3043 2909 3295 2981 quoniam
3320 2908 3541 2979 benigna
3571 2916 3650 2962 est
3684 2905 3838 2960 utiu-

2467 3006 2698 3060 ricordia
2722 3016 2817 3059 tua
2833 3017 2859 3056 .:

2391 3095 2700 3154 Secundum
2744 3094 3138 3151 multitudinem
3184 3089 3583 3146 miserationunt
3626 3096 3838 3141 tuam

2468 3190 2664 3260 respice
2693 3190 2750 3242 in
2774 3204 2875 3242 me.

2330 3282 2377 3339 ll
2416 3282 2543 3338 Haec
2570 3280 2865 3337 secundant
2895 3278 3188 3333 humanam
3216 3271 3568 3344 fragilitatem
3607 3266 3845 3340 postulat

2258 3376 2450 3432 dicens
2470 3373 2617 3441 τρυε
2643 3372 2780 3428 alios
2807 3384 2928 3426 mea
2955 3368 3213 3440 passione
3240 3364 3487 3430 redimis,
3510 3376 3603 3417 me
3629 3376 3843 3434 quoque

2262 3475 2631 3540 praecurrente
2666 3463 3042 3521 misericordia
3067 3458 3458 3529 contemplare.

2261 3561 2327 3619 21
2405 3559 2473 3614 Et
2498 3575 2561 3614 ne
2589 3566 2794 3611 avertas
2818 3554 3008 3623 [aciem
3038 3561 3184 3606 tuam
3214 3567 3247 3604 ι
3271 3563 3432 3620 puero
3459 3556 3583 3603 tuo.

2408 3651 2676 3719 Quoniam
2707 3646 2952 3713 tribulor,
2982 3643 3226 3701 uelociter
3250 3639 3445 3696 exaudi
3477 3656 3551 3694 me
3602 3649 3625 3689 ξ

2337 3741 2379 3799 C
2414 3742 2556 3797 Puer
2582 3739 2727 3795 enim
2757 3737 3069 3806 frequenter
3095 3733 3286 3805 legitur
3308 3729 3569 3805 Dominus
3599 3728 3672 3781 ab
3697 3726 3848 3781 irino.

2266 3834 2459 3891 centiae
2502 3832 2767 3904 puritate.
2813 3843 2937 3884 cum
2964 3825 3195 3897 simplex
3222 3832 3356 3880 aetas
3384 3823 3489 3878 hoc
3525 3818 3849 3876 beneficium

2269 3925 2548 3996 largiatur,
2598 3931 2658 3977 ut
2699 3921 2831 3976 vitia
2890 3917 3078 3974 mundi
3126 3930 3234 3971 non
3300 3912 3511 3983 diligat.
3584 3907 3853 3965 Velociter

2270 4015 2466 4072 exaudi
2494 4012 2602 4070 me.
2633 4012 2681 4068 Η
2711 4013 2783 4069 Ut
2807 4025 3078 4067 resumam
3109 4006 3378 4077 spiritum,
3409 4017 3571 4074 quem
3606 4000 3719 4057 tuis
3747 4013 3854 4053 τηεν

2273 4106 2435 4162 nibus
2463 4103 2857 4162 commendavi.

2277 4184 2350 4255 22
2422 4197 2644 4252 Intende
2684 4196 2874 4249 anima:
2908 4207 3036 4246 mea!
3073 4199 3121 4245 et
3161 4189 3327 4243 libera
3362 4202 3477 4240 eam
3500 4226 3518 4241 .

2416 4284 2641 4359 Propter
2666 4286 2905 4340 inimicos
2929 4298 3072 4338 meos
3098 4281 3236 4350 eripe
3261 4294 3362 4331 me.
3416 4281 3431 4295 ‘

2346 4379 2389 4436 C
2422 4378 2646 4434 intende
2675 4377 2868 4431 anima:
2898 4389 3049 4436 meat.
3078 4381 3140 4426 ut
3168 4384 3359 4426 revera
3394 4365 3566 4421 libera
3596 4363 3715 4430 fiat,
3743 4377 3857 4419 cum

2278 4488 2401 4529 eam
2425 4471 2681 4531 divinitas
2708 4467 2994 4540 propitiata
3019 4463 3336 4536 respexerit.
3359 4459 3590 4530 Propter
3616 4456 3861 4511 inimicos

2208 4539 2256 4600 θ
2281 4564 2444 4621 etiam
2475 4563 2692 4635 petebat
2735 4559 3077 4616 celerrimum
3130 4551 3546 4611 resurrectionis
3573 4549 3857 4610 auxilium,

2280 4673 2341 4712 nt
2365 4655 2459 4729 qui
2486 4659 2928 4724 contempserant
2972 4645 3293 4703 cruciﬁxum
3316 4684 3333 4710 ,
3383 4641 3540 4698 tertia
3571 4640 3661 4695 die
3691 4651 3865 4693 resur-

2283 4759 2501 4823 gentem
2531 4747 2840 4803 crederent.

2282 4843 2355 4897 25
2413 4840 2491 4896 Tu
2511 4840 2611 4894 scis
2633 4836 3004 4908 improperium
3028 4840 3258 4887 meamet
3279 4828 3639 4899 confusionem
3665 4836 3863 4880 meam:

2429 4930 2495 4986 Et
2528 4928 2868 4985 reverentiam
2897 4936 3088 4981 meant.

2365 5026 2407 5078 ϐ
2441 5021 2852 5078 lmnrooerium.
2882 5017 3253 5073 confusionem
3289 5021 3346 5068 et
3390 5009 3751 5066 reverentiam
3780 5017 3866 5076 pro
