3986 5412
525 218 638 276 265

1487 217 1545 270 S.
1586 212 1932 271 BRUNONIS
1967 212 2506 270 llERBIPOLENSlS
2543 212 2845 272 EPISCOPI

3691 213 3794 269 264

534 336 688 388 notat
711 327 971 392 oblatam,
998 333 1055 382 ut
1084 325 1155 382 sit
1190 339 1412 391 sensus,
1447 325 1556 379 Deo
1583 323 1689 379 erit
1716 322 2112 393 complacentia
2140 331 2186 387 Α
2260 323 2370 378 ΤΤ.
2406 323 2473 378 In
2494 324 2650 392 ﬁnem
2681 324 2852 378 David
2882 325 2936 378 in
2962 324 3389 378 rememoratione
3423 337 3484 378 -ιν
3507 339 3568 379 eo
3595 326 3737 395 quod

535 423 604 478 de
633 420 727 475 tali
774 419 942 474 vitulo
979 432 1139 483 novo,
1174 431 1281 470 non
1325 414 1549 479 carnali,
1591 414 1685 470 sed
1727 414 1972 484 mystico,
2003 429 2109 468 non

533 513 703 568 veteri
733 511 1007 583 ﬁguranti,
1038 510 1132 564 sed
1163 523 1303 564 novo
1333 507 1587 579 ﬁgurato.

534 621 603 676 57
679 621 907 676 Videant
931 636 1186 691 pauperes
1213 629 1261 674 et
1303 617 1548 674 (celentur
1576 631 1595 669 :

677 712 910 779 Queerite
950 711 1118 766 Deum
1154 721 1201 765 et
1240 712 1367 765 vivet
1396 710 1576 764 anima
1614 718 1806 764 uestra.

602 803 645 860 C
673 803 904 859 Videant
929 816 1216 872 pauperes,
1265 801 1393 872 quia
1436 799 1580 854 Deus
1627 799 1837 869 respuit
1881 798 2117 855 oblatio-

535 910 659 952 nem
691 895 986 967 pecudum,
1024 899 1090 947 et
1121 890 1536 947 mundissimum
1580 905 1676 945 cor
1707 889 1967 961 requirit;
2000 890 2119 945 ideo

533 986 808 1053 laetentur,
844 985 971 1054 quia
1001 983 1056 1038 in
1087 981 1285 1036 mentis
1326 978 1521 1036 all‘eetu
1549 982 1722 1049 posita
1773 989 1858 1035 est
1894 978 2117 1043 oblatio,

2531 416 2729 470 salvum
2771 433 2886 470 eum
2926 416 3046 485 fecit
3075 415 3326 470 Dominus
3358 417 3377 486 ζ
3414 457 3427 470 .

2285 505 2326 562 C
2363 506 2512 562 Finis
2537 517 2592 562 et
2617 507 2808 571 David,
2847 507 3126 562 Christum
3171 507 3462 578 signiﬁcat.
3505 507 3568 562 In
3616 521 3795 564 reme-

2215 599 2537 664 moratione,
2583 612 2730 668 spem
2762 597 3031 667 signiﬁcat
3068 597 3402 652 liberationis
3435 607 3492 652 et
3516 599 3797 653 certitudi-

2217 701 2339 742 ueni
2363 685 2534 740 futuri
2563 687 2804 757 praemii,
2831 703 2951 758 quae
2992 688 3106 742 suis
3148 688 3356 742 sanctis
3393 687 3670 756 pollicitus
3691 698 3794 744 est.

2227 799 2251 852 Ι
2374 799 2511 854 Deus
2541 800 2595 853 in
2620 798 2942 869 adjutorium
2969 815 3139 853 meum
3163 814 3232 854 -ε-
3254 799 3462 853 intende
3482 813 3506 851 :

2394 889 2461 956 )t(
2491 887 2711 942 Domine
2732 904 2752 942 :
2774 888 2843 942 ad
2871 888 3229 958 adjuvandum
3251 904 3334 941 me
3366 887 3578 956 festina.

2286 977 2331 1034 Ο
2370 978 2521 1035 Tunc
2554 979 2699 1034 enim
2733 977 3064 1047 adiutorium
3113 979 3406 1048 poscimus,
3459 978 3682 1047 quando
3702 993 3776 1049 .pe

529 1077 627 1133 ubi
645 1085 705 1132 et
727 1091 937 1147 pauper
972 1082 1152 1145 potest
1197 1087 1319 1128 esse
1366 1071 1686 1127 ditissimus.
1734 1069 1972 1138 Quaerite
2009 1069 2123 1125 Do-
2214 1067 2408 1124 »riculis
2436 1068 2797 1137 subjacemus,
2835 1077 2897 1123 ut
2922 1068 3016 1122 tali
3044 1067 3284 1123 remedio
3320 1066 3605 1129 sublevati,
3651 1066 3799 1122 cala-

531 1171 762 1236 minum,
800 1169 1057 1224 admonet
1095 1180 1360 1236 pauperes
1402 1174 1462 1218 ut
1503 1178 1686 1218 escam
1734 1162 1933 1218 mentis
1977 1176 2123 1232 quae-

534 1269 682 1326 rant,
728 1258 872 1334 unde
902 1257 1094 1312 anima
1134 1255 1433 1326 saginetur.
1479 1252 1612 1306 lllud
1651 1266 1864 1322 quoque
1904 1250 2122 1322 proprie

529 1353 713 1406 vivere
735 1337 984 1418 dicimus,
1008 1348 1150 1418 quod
1171 1348 1226 1402 iu
1254 1344 1606 1402 beatitudinis
1623 1344 1963 1415 jocunditate
1991 1357 2121 1399 con-

530 1441 694 1496 sis:it.

527 1530 601 1587 38
675 1529 935 1596 Quoniam
961 1529 1225 1584 exaudivit
1256 1543 1509 1599 pauperes
1528 1525 1788 1580 Dominus
1813 1540 1839 1579 ε

677 1623 748 1678 Et
778 1626 972 1680 vinctos
1002 1640 1126 1678 suos
1169 1638 1272 1676 non
1297 1621 1550 1692 despexit.

605 1713 646 1770 C
697 1713 972 1784 Pauperes
1017 1722 1145 1768 sunt
1189 1711 1506 1776 Christiani,
1549 1709 1642 1780 qui
1691 1706 1995 1777 despiciunt
2029 1720 2121 1760 vo-

533 1807 769 1878 luptates
813 1813 870 1860 et
909 1804 1126 1859 divitias
1155 1801 1340 1858 mundi
1377 1801 1565 1868 istius,
1595 1808 1652 1854 et
1688 1799 1895 1868 eligunt
1923 1797 2116 1851 huma-

535 1915 728 1956 narum
781 1913 964 1954 rerum
1024 1897 1399 1967 indigentiam,
1457 1900 1526 1948 «ut
1569 1890 1743 1961 epulis
1789 1886 2121 1960 spiritalibus

533 1993 881 2064 impleantur.
911 1989 1134 2045 Vinctos
1163 2003 1293 2044 suos
1335 1987 1530 2042 liberat
1569 2000 1602 2039 a
1644 1982 1852 2052 laqueis
1888 1979 2122 2036 carnali-

527 2087 654 2154 bus,
683 2102 818 2158 quos
851 2085 966 2141 suis
993 2083 1194 2154 regulis
1224 2096 1501 2137 connexos
1532 2074 1871 2148 cOgnoverit.

531 2196 603 2253 59
673 2195 913 2251 Laudent
951 2192 1102 2246 illum
1131 2189 1247 2246 caeli
1286 2199 1334 2244 et
1361 2199 1501 2244 terra
1528 2203 1548 2243 :

678 2287 832 2343 Mare
869 2294 918 2341 et
945 2286 1124 2340 omnia
1160 2282 1370 2352 reptilia
1393 2282 1448 2334 in
1467 2281 1567 2334 eis.

599 2378 645 2434 C
679 2377 743 2432 in
800 2375 924 2432 coeli
975 2372 1501 2430 commemoratione
1572 2369 1732 2426 datur
1775 2367 2009 2439 intelligi
2062 2373 2123 2420 at

528 2468 715 2526 omnia
774 2467 1005 2522 debeant
1055 2463 1300 2519 caelestia
1372 2461 1614 2515 laudare.
1672 2459 1856 2515 Terrae
1909 2472 2124 2529 quoque

533 2555 1050 2615 commemoratione
1094 2551 1334 2620 intellige
1386 2551 1698 2615 terrestria;
1767 2549 1957 2611 maris,
2004 2545 2124 2601 uni-

530 2666 694 2712 versa
737 2649 1012 2713 natantia;
1056 2656 1112 2701 et
1159 2646 1232 2700 ita
1272 2645 1341 2700 ad
1379 2644 1589 2700 Domini
1638 2642 1824 2698 laudes
1865 2641 2126 2697 invitatur

531 2741 797 2813 quidquid
821 2749 1197 2796 creaturarum
1225 2749 1347 2791 esse
1359 2733 1727 2805 cognoscitur.

534 2854 606 2910 ιο
675 2854 941 2922 "Quoniam
967 2851 1112 2906 Deus
1142 2851 1344 2906 salvam
1376 2849 1540 2919 faciet
1571 2847 1704 2904 Sion
1726 2859 1747 2898 :

680 2944 752 2999 Et
779 2943 1183 3012 wdiﬁeabuntur
1209 2941 1439 2996 civitates
1468 2939 1645 2994 Iudae.

608 3039 652 3096 C
694 3038 826 3095 Sion
853 3038 998 3093 enim
1044 3050 1244 3107 parvus
1290 3033 1572 3090 colliculus
1617 3041 1720 3098 est,
1761 3033 1852 3102 qui
1892 3033 2130 3088 cohaeret
2155 3027 2201 3090 C

535 3131 1031 3204 Hierosolymitano
1053 3127 1273 3198 templo,
1305 3125 1398 3182 sed
1414 3124 1651 3180 nominis
1676 3123 1936 3194 qualitate
1965 3139 2129 3195 gran-

537 3225 798 3288 descens;
857 3221 1126 3292 significat
1185 3217 1331 3273 enim
1395 3215 1712 3271 Ecclesiam.
1765 3213 1812 3270 li
1867 3213 2126 3269 Civitates

533 3316 689 3373 Iuda:
746 3316 940 3369 animae
984 3320 1112 3368 sunt
1155 3317 1497 3374 sanctorum,
1546 3322 1666 3378 qua:
1702 3321 1803 3377 per
1827 3305 2128 3362 confessio-

537 3426 665 3466 nem
697 3409 750 3464 in
781 3407 1037 3480 templum
1080 3413 1330 3461 sanctum
1364 3410 1622 3473 tanquam
1655 3399 1763 3455 vivi
1794 3399 2000 3470 lapides
2027 3399 2125 3455 de-

541 3501 817 3557 feruntur.
1301 3504 1304 3507 ’

540 3593 608 3647 41
685 3589 753 3646 Et
784 3589 1146 3645 inhabttabunt
1172 3586 1244 3640 ibi
1273 3599 1294 3638 :

686 3683 758 3736 Et
787 3681 1092 3736 licereditate
1130 3678 1401 3748 nequirent
1439 3691 1576 3730 eam.

612 3771 656 3828 C
694 3770 846 3825 Hanc
880 3770 1029 3824 enim
1060 3767 1356 3824 Ecclesium
1391 3765 1480 3820 hic
1518 3762 1764 3819 habitant
1808 3757 2127 3822 Christiani,

543 3863 869 3922 haereditate
899 3875 1028 3916 vero
1075 3859 1364 3929 acquirent
1406 3871 1552 3921 eam,
1594 3853 1812 3925 quando
1840 3849 1908 3905 ad
1939 3850 2128 3905 Hiero-

538 3955 808 4026 solymam
863 3951 1013 4006 illam
1071 3959 1333 4005 aeternam
1388 3948 1486 4003 Dei
1536 3944 1892 4001 miseratione
1937 3956 2130 4013 perve-

544 4048 746 4102 nerint.

541 4136 615 4190 62
687 4135 756 4189 Et
781 4151 956 4189 semen
977 4149 1242 4188 servorum
1265 4131 1379 4200 ejus
1416 4127 1699 4200 possidebit
1725 4143 1841 4182 eam
1870 4141 1890 4180 :

687 4229 756 4284 Et
785 4232 873 4301 qui
910 4231 1134 4300 diligunt
1161 4243 1345 4282 nomen
1381 4225 1494 4294 ejus
1532 4221 1841 4276 habitabant
1883 4221 1938 4273 in
1974 4235 2056 4272 ea.

618 4323 662 4379 C
699 4322 902 4378 Semen
949 4323 1094 4377 eiiim
1149 4322 1240 4375 hic
1269 4335 1404 4389 opus
1434 4315 1754 4386 perfectum,
1799 4327 1905 4366 non
1950 4308 2130 4364 carnis

2148 1676 2260 1761 Ba

2221 1160 2440 1216 mitates
2490 1162 2824 1217 diversarum
2873 1161 3184 1232 passionum
3234 1159 3453 1214 vincere
3504 1157 3798 1228 possimus.

2220 1250 2462 1318 Intende,
2496 1250 2550 1306 id
2586 1260 2671 1306 est
2708 1251 2970 1322 propitius
2998 1250 3230 1319 respice,
3260 1249 3388 1319 quia
3429 1250 3613 1304 omnia
3659 1249 3802 1304 Deus

2212 1343 2486 1413 agnoscit,
2507 1343 2670 1398 etiam
2693 1359 2816 1397 cum
2837 1357 2945 1396 non
2968 1352 3210 1412 rogatur.
3233 1339 3451 1394 Festina
3473 1341 3556 1394 sic
3572 1339 3800 1404 dicitur,

2219 1435 2376 1505 quasi
2403 1434 2774 1490 misericordia
2811 1433 2992 1488 divina
3028 1432 3290 1495 tardaret,
3337 1430 3434 1484 sed
3478 1429 3696 1484 tardum
3724 1430 3804 1484 vi-

2213 1527 2384 1583 detur
2403 1525 2459 1581 ei
2475 1524 2764 1590 auxilium,
2784 1523 2879 1594 qui
2902 1523 2968 1578 de
2995 1520 3155 1590 hujus
3189 1519 3373 1576 saeculi
3395 1517 3550 1575 clade
3576 1518 3803 1574 liberari

2223 1617 2461 1673 festinat.

2372 1705 2782 1776 Confundantur
2800 1712 2855 1759 et
2879 1711 3213 1758 revereantur

2361 1800 2468 1867 Qui
2495 1809 2737 1871 quierunt
2761 1799 2992 1852 animam
3018 1811 3207 1850 meam.

2281 1894 2333 1950 C
2402 1893 2854 1956 Confundantur,
2906 1903 3012 1944 vox
3075 1894 3379 1957 martyrum
3446 1880 3804 1952 expostulans

2214 1986 2656 2044 emendationem
2702 1982 3049 2038 inimicorum
3102 1992 3346 2034 suorum.
3392 1973 3666 2030 Confundi
3698 1981 3804 2036 est,

2220 2077 2439 2150 quando
2467 2077 2628 2132 homo
2676 2075 2925 2129 turbatur
2952 2071 3019 2127 de
3058 2069 3216 2125 factis
3258 2082 3372 2123 suae
3407 2064 3803 2136 perversitatis.

2216 2167 2479 2225 Revereri
2518 2175 2622 2233 est,
2677 2165 2895 2235 quando
2952 2160 3331 2234 cognoscimus
3381 2166 3571 2212 nostra
3616 2168 3808 2225 cpera-

2221 2260 2369 2315 tione
2393 2257 2660 2329 justitiam
2687 2255 2894 2319 laesam,
2942 2260 2999 2308 et
3039 2266 3140 2321 pro
3183 2249 3268 2304 his
3310 2245 3568 2316 operibus
3613 2257 3806 2315 ptenas

2223 2351 2500 2406 incurrere
2527 2346 2906 2402 formidamus.
2967 2341 3296 2410 Quaerebam
3323 2336 3530 2393 inimici
3560 2335 3802 2389 animam

2223 2439 2480 2506 ﬁdelium,
2504 2451 2612 2492 non
2639 2435 2694 2489 in
2719 2434 2884 2500 bono,
2912 2432 3008 2487 sed
3039 2439 3099 2485 ut
3126 2444 3248 2485 eam
3274 2443 3307 2484 a
3344 2439 3577 2496 corpore
3619 2437 3803 2495 segre-

2223 2540 2434 2602 garent.

2224 2645 2259 2700 3
2367 2644 2685 2698 Avertantur
2709 2649 2992 2694 retrorsum
3015 2646 3065 2693 et
3088 2634 3387 2691 erubescant
3415 2646 3437 2683 :

2368 2734 2472 2802 Qui
2497 2733 2673 2786 volunt
2696 2732 2822 2785 mihi
2847 2729 3007 2784 mala.

2295 2825 2338 2880 C
2375 2825 2707 2879 Avertantur
2758 2831 3060 2876 retrorsum
3087 2860 3102 2886 ,
3148 2832 3276 2888 quia
3316 2830 3347 2870 a
3396 2828 3566 2884 prava
3599 2812 3812 2883 cogita-

2231 2916 2373 2972 tione
2400 2911 2753 2975 descendens,
2777 2908 2928 2978 jussa
2948 2908 3160 2964 Domini
3191 2905 3559 2974 subsequitur.
3583 2901 3691 2970 Qui
3719 2917 3817 2958 vo-

2232 3007 2350 3062 lunt
2377 3005 2508 3060 mihi
2541 3003 2704 3068 mala,
2735 3003 2878 3057 hanc
2921 2999 3333 3056 retributionem
3374 2996 3717 3065 suscipiant,
3748 3010 3814 3049 ne

2231 3101 2286 3154 in
2316 3113 2411 3153 sua
2437 3096 2728 3166 iniquitate
2759 3093 3077 3164 persistant.
3105 3090 3151 3146 0
3178 3090 3266 3162 pia
3299 3099 3617 3145 sanctorum
3645 3086 3811 3142 etiam

2230 3190 2345 3260 ipsa
2377 3204 2497 3258 qua:
2518 3194 2740 3256 putatur
2767 3184 3102 3247 adversitas,
3129 3181 3322 3235 melius
3345 3179 3610 3250 optabant
3635 3175 3813 3230 inimi-

2229 3282 2329 3348 cis,
2363 3296 2526 3352 quam
2554 3279 2762 3334 inimici
2792 3277 2896 3333 sibi
2936 3275 3068 3345 ipsis
3107 3275 3161 3329 in
3201 3272 3478 3344 prosperis
3504 3267 3811 3326 constituti.

2227 3395 2262 3450 4
2370 3397 2690 3450 Avertantur
2714 3395 2891 3448 statim
2912 3393 3265 3447 erubescentes
3293 3406 3314 3444 :

2371 3485 2477 3552 Qui
2505 3487 2686 3538 dicunt
2716 3484 2844 3537 milii
2873 3499 2892 3537 :
2929 3482 3096 3552 Euge,
3127 3497 3274 3550 euge.

2301 3579 2343 3635 C
2376 3578 2724 3643 Avertantur,
2748 3575 2883 3645 petit
2909 3581 2990 3638 ut,
3016 3589 3047 3626 a
3073 3587 3170 3627 suo
3198 3568 3475 3641 pr0posito
3494 3565 3818 3621 erubescen-

2232 3682 2333 3738 tes,
2362 3671 2621 3726 velociter
2675 3683 2733 3724 se
2782 3673 3121 3724 convertant.
3153 3663 3279 3732 'Qui
3327 3663 3516 3717 dicunt
3559 3678 3573 3714 :
3630 3659 3814 3729 Euge,

2231 3779 2385 3834 euge.
2415 3762 2585 3832 Euge,
2613 3774 2792 3816 sermo
2819 3757 3088 3813 laudantis
3119 3763 3202 3812 est
3223 3795 3238 3821 ,
3267 3753 3361 3810 sed
3389 3753 3478 3807 hic
3503 3752 3681 3806 ironia
3709 3760 3814 3804 est.

2233 3857 2343 3912 Seu
2377 3855 2494 3910 illos
2526 3856 2769 3924 increpat
2803 3853 2894 3922 qui
2927 3850 3240 3906 aillictiones
3265 3857 3566 3918 martyrum
3594 3858 3814 3914 ptrnas—

2232 3964 2336 4020 que
2359 3946 2689 4014 collaudant,
2716 3955 2774 3999 et
2795 3959 2900 3999 non
2932 3944 2998 3998 ad
3027 3941 3265 3996 auctoris
3291 3939 3518 4010 gloriam
3549 3935 3809 3995 referunt,

2233 4041 2376 4110 quod
2398 4040 2478 4094 eis
2500 4039 2648 4109 larga
2671 4037 2870 4107 pietate
2897 4043 2981 4090 est
3004 4047 3341 4090 concessum.

2230 4149 2308 4204 5‘?
2377 4147 2658 4202 Exsultent
2681 4145 2985 4215 etliwtentur
3006 4145 3060 4198 in
3081 4136 3130 4197 te
3149 4159 3324 4198 omnes
3344 4141 3434 4212 qui
3454 4148 3700 4212 quaerunt
3726 4147 3775 4192 te
3793 4151 3811 4188 :

2375 4239 2444 4293 Et
2472 4239 2649 4292 dicant
2676 4253 2878 4307 semper
2897 4235 3260 4306 magniﬁcetur
3284 4232 3541 4287 Dominus
3568 4231 3658 4302 qui
3687 4228 3813 4282 dili-

2443 4339 2570 4400 gunt
2595 4328 2828 4383 salutare
2852 4338 3021 4381 tuum.

545 4415 860 4487 progeniem
891 4413 1148 4468 debemus
1175 4412 1444 4480 accipere,
1470 4407 1616 4476 quod
1652 4405 1890 4459 futuram
1929 4411 2128 4457 terrain
2160 4399 2208 4456 ο
2301 4421 2350 4478 ιι
2387 4399 2515 4477 post
2550 4419 2987 4490 persequentium
3031 4415 3369 4485 iniquitatem
3406 4423 3464 4468 ει
3497 4412 3814 4469 οοηνετείο,

546 4504 863 4576 possidebit,
890 4518 1010 4572 qum
1034 4501 1180 4556 nullo
1201 4500 1317 4570 jam
1357 4500 1462 4552 line
1491 4495 1747 4551 mutanda
1788 4503 1910 4558 est;
1943 4491 2038 4546 sed
2075 4491 2129 4544 in

547 4613 614 4652 ea
641 4595 981 4659 habitabunt,
1015 4593 1108 4663 qui
1151 4591 1381 4662 diligunt
1411 4603 1609 4644 nomen
1654 4585 1793 4656 ejus,
1841 4595 1897 4639 et
1941 4596 2175 4653 perpe-s

548 4698 642 4742 tua
672 4685 932 4742 felicitate
966 4684 1263 4755 potientur.

974 4810 1174 4852 ORATIO
1210 4811 1281 4849 EX
1331 4807 1480 4848 PSA]...
1519 4805 1712 4846 LXVIII.

619 4912 1016 4985 Benignissime
1049 4908 1296 4972 Domine,
1325 4906 1521 4963 exaudi
1555 4919 1655 4959 nos
1685 4903 1740 4956 in
1789 4903 2020 4956 veritate
2045 4916 2131 4956 sa-

553 5010 688 5064 lutis
729 5017 857 5073 tum,
888 5015 948 5072 ut
971 5005 1112 5061 eruti
1142 5019 1174 5056 a
1204 5002 1458 5071 squalore
1487 4997 1716 5069 peccati,
1749 5010 2052 5050 mereamur
2078 4994 2132 5047 in

552 5099 693 5154 libro
723 5100 844 5154 vitae
893 5097 1062 5168 digito
1101 5094 1309 5188 caelesti
1358 5090 1649 5146 conscribi.
1705 5088 1814 5143 Per
1847 5087 2133 5143 Dominum

549 5199 795 5246 nostrum
823 5188 1011 5245 Jesum
1038 5187 1335 5248 Christum,
1367 5195 1474 5238 etc.

1069 5298 1392 5359 PSALMUS
1433 5294 1619 5351 LXIX.

2235 4531 2394 4581 nem,
2443 4515 2510 4570 ad
2558 4514 2785 4583 gloriam
2835 4511 3167 4566 convertitur
3201 4510 3513 4572 beatorum,
3542 4515 3604 4561 ut
3635 4508 3815 4563 exsul-

2238 4615 2353 4662 tent
2379 4605 2473 4675 qui
2517 4618 2615 4672 per
2666 4602 2934 4672 lacrymas
2972 4598 3306 4670 poenitentia:
3342 4595 3629 4651 Dominum
3668 4613 3816 4667 qua:-

2237 4704 2384 4751 runt.
2434 4694 2476 4749 C
2526 4691 2904 4764 Magnificatur
2929 4699 3109 4744 autem
3140 4687 3400 4742 Dominus
3430 4685 3484 4740 in
3517 4686 3698 4750 nobis,
3723 4685 3814 4756 qui

2237 4789 2293 4844 in
2338 4801 2399 4842 se
2449 4800 2554 4838 non
2597 4782 2758 4836 habet
2804 4789 2861 4834 ut
2889 4787 3120 4844 crescat,
3143 4793 3267 4832 cum
3312 4775 3500 4831 laudes
3539 4773 3653 4830 Deo
3682 4791 3816 4846 pura

2237 4887 2420 4934 mente
2466 4874 2854 4946 persolvimus,
2897 4879 3189 4939 nostraque
3227 4866 3556 4922 conscientia
3601 4879 3817 4935 semper

2238 4980 2491 5042 augetur,
2516 4983 2641 5022 cum
2665 4965 2940 5021 Christum
2971 4963 3132 5033 digne
3170 4959 3468 5014 laudamus.
3506 4957 3642 5013 lllud
3676 4973 3814 5027 quo-

2237 5078 2342 5135 que
2368 5062 2612 5126 verbum,
2640 5057 3032 5128 magniﬁcetur,
3064 5055 3130 5109 ab
3153 5053 3390 5106 humana
3420 5051 3817 5105 consuetudine

2240 5162 2542 5211 mutuatum
2566 5158 2684 5215 est;
2712 5145 3088 5217 magnificatur
3115 5142 3259 5198 enim
3295 5141 3415 5202 ille,
3443 5139 3534 5210 qui
3563 5137 3817 5195 laudibus

2241 5244 2460 5308 crescit,
2493 5241 2588 5311 qui
2614 5240 2754 5294 bona
2778 5236 3030 5307 opinione
3055 5229 3380 5305 grandescit.

2240 5335 2274 5390 6
2385 5333 2499 5402 Ego
2527 5348 2642 5386 vero
2664 5345 2850 5398 egenus
2874 5337 2923 5382 et
2944 5340 3142 5397 pauper
3163 5336 3224 5377 -ε-
3248 5335 3367 5374 sum
