3986 5412
174 245 289 301 965

175 471 410 523 guamus
441 453 790 508 adversitate.

172 567 209 622 Ἰ
316 566 554 637 Adjutor
579 580 723 618 meus
750 572 797 616 et
825 562 1076 616 liberator
1099 577 1245 615 meus
1271 577 1323 614 es
1352 569 1409 614 tu
1440 573 1459 610 :

318 659 568 723 Domine,
591 674 655 712 ne
681 657 917 711 moreris.

244 743 287 807 (ἶ
325 749 562 818 Adjutor
612 763 765 802 meus
808 747 862 802 in
890 747 1328 811 necessitatibus,
1372 753 1428 800 et
1477 744 1543 800 de
1590 743 1771 799 szeculi

171 843 332 899 clade
364 841 652 896 liberator.
684 838 762 894 Ne
795 839 1116 894 tardaveris.
1169 837 1284 893 Mos
1325 846 1410 892 est
1456 837 1770 907 periclitan-

175 937 335 1001 tium,
361 933 621 1004 judicare
648 931 860 986 tardum
884 930 1140 984 auxilium
1161 971 1175 995 ,
1206 927 1456 1000 quamvis
1485 925 1771 982 celerrime

172 1024 770 1100 prtestetur.Cbristus
818 1010 962 1077 enim
1013 1029 1325 1076 mensurate
1373 1018 1503 1073 facit
1551 1017 1767 1081 omnia;

173 1123 271 1177 sed
296 1135 400 1175 nos
426 1118 652 1174 tardum
679 1125 956 1188 putamus,
983 1116 1127 1187 quod
1163 1127 1356 1184 magno
1391 1109 1658 1167 desiderio
1685 1123 1772 1165 re-

170 1215 466 1285 quirimus.

629 1319 829 1361 ORATIO
865 1319 936 1358 EX
983 1317 1130 1357 PSAL.
1177 1315 1328 1356 LXIX.

240 1416 564 1476 inexhausti
594 1415 869 1487 adjutorii,
904 1416 1045 1470 Deus
1070 1422 1290 1478 mterne,
1318 1411 1383 1466 ad
1409 1408 1770 1478 adjuvandum

175 1512 402 1568 familiae
425 1509 656 1580 supplici
686 1507 914 1562 festinus
939 1522 1188 1570 occurre,
1213 1515 1271 1558 ut
1294 1503 1483 1559 evictis
1507 1503 1768 1556 malorum

173 1603 511 1674 opprobriis,
576 1601 684 1655 tuis
737 1615 951 1670 semper
1003 1597 1217 1651 auxiliis
1275 1596 1606 1650 numiamur.
1667 1595 1770 1648 Per

183 1693 479 1748 Dominum
511 1701 759 1748 nostrum
784 1687 969 1744 Jesum
1000 1687 1302 1753 Christum,
1333 1699 1440 1742 etc.

705 1798 1029 1855 PSALMUS
1067 1798 1231 1854 LXX.

618 1927 986 1968 ABGUIENTU)!
1027 1926 1174 1966 PSA]...
1215 1924 1342 1964 ιιι.

243 2034 287 2092 C
313 2031 436 2090 Vox
462 2031 806 2096 devotorum,
840 2028 934 2100 qui
987 2027 1054 2082 ab
1101 2025 1360 2082 humanis
1391 2024 1770 2096 iniquitatibus

173 2143 233 2185 se
256 2135 454 2199 petunt
478 2124 724 2192 liberari,
753 2130 814 2181 ut
843 2122 1069 2180 Domino
1095 2121 1299 2192 gratias
1325 2119 1546 2175 liberius
1568 2119 1773 2176 referre

176 2220 411 2290 possint.

317 2329 434 2386 TT.
498 2345 562 2388 -ι-
613 2328 864 2385 Psalmus
925 2327 1095 2384 David
1148 2328 1382 2398 ﬁliorum
1433 2327 1678 2383 Ionadab
1723 2335 1770 2383 et

390 2423 630 2492 priorum
656 2422 975 2492 captivorum
1010 2423 1028 2493 ξ

247 2516 288 2571 C
326 2513 610 2580 Ionadab,
639 2514 1023 2585 interpretatur
1053 2524 1369 2585 spontaneus
1397 2512 1524 2579 Dei,’
1550 2513 1639 2584 qui
1672 2510 1773 2567 fuit

179 2608 271 2662 Dei
303 2606 583 2669 sacerdos,
623 2615 680 2660 et
732 2606 991 2676 prrccepit
1039 2604 1164 2660 ﬁliis
1209 2606 1320 2660 suis
1362 2605 1414 2659 in
1451 2605 1543 2659 Dei
1579 2603 1773 2674 templo

175 2697 409 2768 degere,
441 2710 506 2750 ac
543 2694 725 2751 sobrie
746 2696 950 2752 servire
977 2696 1110 2765 (Jer.
1144 2696 1332 2766 xxxv),
1364 2694 1504 2765 quod
1533 2711 1626 2750 eos
1644 2710 1774 2750 con-

174 2797 284 2843 stat
338 2787 576 2854 fecisse,
607 2787 700 2858 qui
738 2803 883 2844 nunc
927 2803 1027 2858 pro
1083 2789 1331 2844 ﬁdelibus
1363 2798 1656 2859 pouuutur.
1706 2787 1774 2843 Et

173 2880 426 2950 priorum
480 2879 856 2950 captivorum;
909 2881 1002 2950 qui
1052 2879 1364 2950 frequenter
1406 2881 1687 2945 admoniti,
1715 2895 1775 2936 se

175 2971 478 3025 emendare
538 2969 848 3036 noluerunt,
895 2970 991 3026 sed
1042 2981 1388 3027 contumaces
1431 2971 1606 3026 effecti
1638 2971 1771 3037 Deo,

1394 236 1760 296 EXPOSlTiO
1797 236 2243 297 PSALMORUM.

175 374 263 419 est
290 364 344 417 in
373 360 727 416 tribulatione
763 358 1034 414 mundana
1053 397 1068 421 ,
1103 357 1193 412 ubi
1235 371 1358 412 cum
1387 357 1642 412 vitiorum
1673 373 1769 426 pu.
1798 361 1848 419 Α
1877 357 1910 412 ι

3343 235 3452 290 266

2019 358 2281 422 Quoniam
2303 357 2690 427 ﬁrmamentum
2715 370 2884 412 meum
2915 366 2934 408 :

2015 450 2081 502 Et
2113 451 2368 518 refugiunt
2393 466 2558 502 meum
2581 465 2634 503 es
2655 460 2732 503 tu.

1941 541 1984 595 C
2009 540 2436 594 Firmamentum
2467 541 2518 595 in
2572 542 2674 596 hoe
2704 540 2901 596 szeculo
2951 538 3211 595 Dominus
3233 537 3452 603 dicitur,

1871 632 1964 687 ubi
1997 641 2052 687 et
2079 633 2340 701 patientia
2365 634 2648 703 quaeritur.
2679 633 2968 705 Rcfugium
3009 633 3064 688 in
3097 632 3185 688 illa
3222 632 3458 688 beatitu-

1874 725 2023 792 dine,
2050 725 2139 779 ubi
2168 725 2283 794 jam
2305 724 2522 796 aliquod
2547 725 2846 794 periculum
2878 741 2985 781 non
3011 726 3253 781 timetur.

1875 835 1910 891 5
2012 835 2156 891 Deus
2181 853 2343 900 meus,
2367 837 2506 907 eripe
2525 853 2608 890 me
2625 838 2689 890 de
2728 854 2886 892 manu
2907 843 3196 908 peccatoris
3223 855 3243 893 :

2012 927 2082 980 Et
2104 928 2166 982 de
2189 944 2346 981 manu
2369 936 2553 981 contra
2592 926 2755 998 legem
2782 930 2980 1001 agentis
3000 940 3049 986 et
3079 931 3268 1002 iniqui.

1944 1037 1984 1094 C
2019 1038 2217 1094 Contra
2255 1037 2427 1110 legem
2460 1041 2571 1108 agit
2604 1041 2718 1111 qui,
2756 1052 2977 1112 accepta
3007 1043 3146 1114 lege,
3174 1045 3302 1100 facit
3331 1061 3460 1102 con-

1873 1137 1956 1182 tra
1981 1128 2193 1200 regulas
2221 1128 2621 1193 mandatorum,
2651 1138 2710 1183 ut
2739 1140 2864 1186 sunt
2890 1130 3080 1188 Judaai.
3131 1131 3302 1206 Iniqui
3328 1151 3459 1190 vero

1872 1230 1998 1275 sunt
2055 1221 2272 1292 pagani,
2313 1221 2403 1291 qui
2452 1221 2595 1276 nulla
2646 1222 2764 1292 lege
2825 1224 3037 1279 Domini
3091 1225 3458 1293 refrenantur,

1873 1313 1967 1368 sed
1996 1327 2145 1367 more
2181 1312 2414 1368 ferarum
2454 1313 2658 1369 faciunt
2693 1317 3054 1388 quodcunque
3093 1318 3342 1386 libuerit;
3377 1322 3459 1377 sic

1871 1416 2087 1456 omnem
2135 1411 2473 1473 peecatorcm
2499 1404 2706 1461 duabus
2757 1408 2840 1464 his
2895 1409 3142 1480 partibus
3188 1411 3460 1482 complec-

1877 1494 2029 1549 titur.

1873 1606 1906 1661 6
2014 1607 2277 1672 Quoniam
2301 1620 2354 1664 tu
2379 1627 2431 1665 es
2453 1612 2703 1682 patientia
2742 1631 2877 1682 mea,
2918 1614 3177 1674 Domine:

2015 1701 2264 1768 Domine,
2289 1721 2401 1772 sjzcs
2429 1721 2540 1758 mea
2567 1723 2597 1757 α
2617 1706 2890 1776 juventute
2911 1726 3047 1764 mea.

1942 1813 1984 1868 C
2015 1813 2174 1870 Prius
2199 1816 2342 1870 enim
2375 1826 2460 1870 est
2485 1827 2543 1872 ut
2566 1833 2686 1872 cum
2726 1819 2816 1873 Dei
2843 1822 3019 1891 gratia
3051 1823 3344 1895 probemur
3362 1839 3462 1896 per

1875 1905 2224 1976 patientiam,
2255 1915 2310 1963 et
2341 1917 2467 1963 tunc
2509 1909 2654 1964 illam
2684 1910 3019 1969 fructuosam
3046 1931 3198 1986 spem
3225 1917 3342 1987 ipso
3365 1920 3465 1974 do-

1874 2006 2038 2052 nante
2075 1996 2278 2054 habere
2329 2001 2680 2068 merebimur,
2734 2003 2802 2058 de
2847 2022 2956 2075 qua
2999 2007 3076 2061 ait
3124 2009 3459 2079 Apostolus:

1875 2091 2176 2147 'l‘ribulatio
2238 2093 2557 2162 patientiam
2614 2106 2895 2166 operatur,
2946 2101 3207 2169 patientia
3263 2105 3465 2174 proba-

1875 2183 2100 2248 tionem,
2137 2184 2389 2254 probatio
2414 2200 2562 2254 spem
2595 2187 2768 2256 (Rom.
2808 2190 2883 2261 v).
2915 2191 2960 2243 A
2987 2192 3270 2262 juventutc
3297 2195 3465 2266 signi-

1875 2276 2026 2341 ficat,
2076 2289 2145 2329 ex
2195 2291 2303 2346 quo
2333 2277 2563 2346 coeperit
2616 2277 2777 2334 homo
2809 2292 2998 2336 contra
3039 2283 3311 2339 diabolum
3358 2302 3464 2356 pu-

1874 2380 2060 2435 gnare,
2092 2367 2217 2436 quia
2263 2376 2396 2423 tetas
2444 2367 2534 2426 illa
2583 2372 2648 2425 ad
2685 2383 2957 2430 certamen
3009 2375 3300 2448 dirigitur;
3336 2394 3464 2434 nam

1873 2471 2200 2528 quocunque
2243 2467 2488 2532 tempore
2535 2464 2603 2519 ad
2633 2464 2807 2533 ipsum
2837 2467 3104 2527 veniatur.
3151 2470 3461 2540 meritoju-

1876 2556 2070 2604 ventus
2100 2549 2319 2618 dicitur,
2343 2552 2470 2622 quia
2504 2561 2632 2611 tunc
2679 2556 2732 2612 in
2759 2556 2875 2628 ipso
2922 2557 3237 2629 plenissimo
3267 2561 3467 2620 robore

1874 2640 2192 2697 solidantur.

1875 2757 1908 2810 7
2014 2758 2080 2813 In
2108 2769 2156 2814 te
2181 2761 2524 2830 conﬁrmatus
2550 2781 2664 2818 sum
2691 2783 2754 2820 ex
2790 2777 2938 2822 utero
2967 2783 2986 2822 :
3110 2837 3122 2848 .

2015 2848 2093 2905 De
2115 2862 2287 2907 uentre
2316 2856 2500 2908 matris
2537 2872 2668 2910 mea:
2701 2868 2756 2912 tu
2786 2875 2838 2913 es
2864 2871 3124 2930 protector
3152 2880 3314 2918 meus.

1947 2963 1988 3020 C
2013 2965 2166 3021 Tunc
2186 2966 2331 3021 enim
2363 2968 2704 3026 confirmatio
2730 2982 2913 3028 nostra
2946 2985 3030 3030 est
3059 2975 3219 3042 Deus,
3249 2979 3466 3049 quando

172 3062 387 3131 primat,
417 3061 673 3117 secundae
722 3071 778 3117 et
829 3063 1003 3118 tertiae
1044 3063 1344 3135 captivitati
1401 3063 1770 3131 subjacebant.
1801 3083 1849 3147 ρ
1879 3055 1946 3111 ad
1975 3071 2098 3112 eum
2146 3056 2271 3114 ﬁdei
2305 3075 2527 3116 munere
2564 3065 2831 3120 venimus.
2873 3064 3176 3131 Protector,
3209 3070 3466 3139 quoniam

175 3153 468 3208 Moriemur
496 3168 629 3225 ergo
668 3155 772 3210 hoc
799 3155 977 3219 titulo,
1007 3164 1066 3209 ut
1109 3156 1404 3211 habeamus
1436 3156 1771 3212 voluntatem

176 3254 232 3300 ct
271 3245 624 3301 devotionem
674 3244 908 3300 ﬁliorum
936 3245 1180 3302 Ionadab
1199 3288 1213 3312 ,
1243 3263 1349 3303 non
1376 3249 1771 3304 contumaciam

176 3337 494 3396 Jud:eorum
515 3379 534 3408 ,
563 3340 654 3410 qui
675 3341 872 3411 captivi
897 3356 1017 3398 esse
1045 3351 1382 3398 meruerunt.

180 3452 202 3505 l
323 3451 393 3508 In
417 3462 488 3516 te,
510 3451 746 3520 Domine,
761 3455 962 3526 speravi
979 3473 1082 3511 non
1101 3457 1230 3528 conf
1229 3457 1401 3512 undar
1422 3457 1476 3513 in
1491 3466 1773 3514 retentum:

323 3543 390 3597 In
412 3545 629 3614 justitia
653 3556 743 3599 tua
774 3546 937 3602 libera
963 3565 1044 3603 me
1071 3559 1118 3603 et
1148 3551 1288 3620 eripe
1318 3567 1418 3605 me.

252 3634 298 3689 Η
340 3635 480 3690 Orat
529 3651 655 3706 ergo
692 3637 957 3692 mediator
1003 3649 1207 3708 noster,
1253 3650 1313 3696 ut
1361 3643 1479 3698 haec
1531 3644 1776 3702 confusio

182 3726 379 3780 mortis
407 3741 518 3780 non
565 3727 640 3780 sit
685 3727 767 3798 (ut
797 3737 1120 3785 cancrorum
1154 3733 1453 3805 hominum)
1497 3735 1771 3792 diuturna.

182 3818 406 3875 Iustitia
438 3820 537 3875 Dei
568 3828 674 3888 est,
701 3821 791 3891 qui
818 3821 1007 3878 fecerit
1032 3824 1360 3880 voluntatem
1393 3825 1510 3895 ejus
1535 3836 1778 3892 transeat

187 3913 255 3964 de
306 3919 488 3966 morte
531 3912 600 3966 ad
630 3912 796 3968 vitam
822 3954 838 3979 ,
868 3929 966 3983 per
1003 3931 1164 3985 quant
1212 3917 1300 3973 hic
1344 3915 1589 3974 Christus
1639 3921 1775 3991 eripi

185 4013 466 4074 precatur.
501 4002 543 4060 C
581 4004 677 4060 Vel
703 4005 1067 4061 membrorum
1109 4008 1311 4064 Christi
1350 4026 1454 4066 vox
1479 4022 1564 4068 est
1588 4022 1778 4084 peten-

188 4096 353 4159 tium,
381 4097 482 4151 etsi
506 4096 597 4152 bic
623 4098 995 4168 temporaliter
1024 4108 1078 4154 et
1126 4101 1327 4156 utiliter
1355 4102 1776 4171 confundantur,

187 4203 298 4242 non
326 4197 504 4244 tamen
548 4190 603 4244 in
657 4198 920 4245 mternum
973 4192 1251 4247 confundi.
1283 4194 1350 4248 Et
1386 4197 1529 4265 quod
1559 4197 1690 4251 dicit
1721 4198 1776 4253 in

190 4287 282 4332 tua
307 4277 536 4347 justitia,
569 4283 811 4337 ostendit
850 4297 1005 4338 suam
1045 4283 1312 4353 justitiam
1355 4302 1462 4344 non
1506 4285 1774 4354 sumcere,

187 4371 284 4424 sed
333 4374 700 4428 necessariam
751 4388 876 4429 esse
921 4376 1024 4431 sibi
1071 4376 1524 4435 misericordiam.
1554 4378 1774 4435 Iustitia

189 4461 285 4517 Dei
315 4471 416 4529 est,
447 4481 672 4536 parcere
695 4465 1004 4535 paenitenti.

189 4573 225 4627 2
335 4574 536 4632 lncliua
559 4579 631 4632 ad
658 4593 741 4632 me
764 4593 948 4630 aurem
975 4587 1138 4632 luant.

263 4672 334 4727 Et
363 4674 498 4731 salva
530 4694 635 4731 me.

256 4765 307 4823 Η
347 4767 512 4826 Aures
551 4765 788 4834 Domini
821 4764 1098 4832 dicuntur,
1139 4767 1358 4838 quando
1404 4773 1665 4826 exaudire
1693 4770 1782 4826 di-

191 4865 375 4927 gnatur
421 4858 714 4923 humilem,
747 4852 1112 4924 postulantem
1165 4859 1376 4914 veniam
1421 4874 1518 4927 pro
1569 4859 1783 4918 delictis

194 4949 312 5006 suis.

190 5055 225 5112 5
311 5063 435 5121 Esto
461 5064 594 5119 nti/ti
621 5061 687 5115 in
740 5055 925 5109 Deum
957 5067 1284 5122 protectorem
1315 5072 1364 5115 ct
1389 5061 1438 5116 in
1463 5065 1632 5124 locum
1664 5085 1781 5122 mu-

369 5140 535 5193 nilum
561 5149 582 5187 :

296 5231 360 5287 Ut
385 5233 592 5288 salvum
617 5238 717 5280 me
748 5222 952 5290 factas.

231 5323 270 5378 ll
305 5325 429 5379 Esto
457 5322 589 5378 mibi
638 5317 704 5370 in
763 5309 944 5363 Deum
969 5320 1360 5379 protectorem,
1393 5321 1517 5387 quia
1569 5326 1778 5394 absque

1877 3146 2140 3203 adversus
2167 3148 2365 3206 diaboli
2413 3152 2687 3223 nequitias
2736 3155 2851 3224 ipse
2882 3171 2984 3212 nos
3016 3160 3250 3230 protegit
3275 3175 3339 3215 ac
3369 3159 3466 3216 de-

1876 3234 2070 3304 fendit,
2098 3240 2185 3295 hic
2214 3251 2428 3297 uterum
2464 3255 2665 3300 sancta:
2690 3248 2882 3302 matris
2923 3247 3177 3304 Ecclesiae
3206 3250 3468 3307 debemus

1878 3327 2163 3398 accipere,
2216 3330 2308 3386 ubi
2365 3333 2598 3402 primum
2657 3351 2754 3405 per
2799 3337 3101 3395 rudimenta
3152 3339 3275 3397 ﬁdei
3331 3357 3464 3398 eon-

1876 3420 2132 3490 cipimur,
2159 3422 2355 3481 deinde
2384 3441 2450 3480 ex
2481 3441 2622 3498 aqua
2661 3436 2715 3485 et
2760 3428 2966 3500 Spiritu
3007 3442 3194 3491 sancto
3242 3450 3468 3508 regeneo

1878 3526 2083 3568 ramur.

1875 3624 1910 3681 8
2017 3628 2088 3684 In
2111 3639 2161 3684 te
2180 3633 2408 3687 cantatio
2442 3649 2560 3689 mea
2580 3652 2781 3708 semper
2806 3653 2826 3693 :

2027 3719 2300 3794 Tanquam
2326 3726 2622 3796 prodigium
2652 3727 2825 3797 factus
2847 3745 2963 3784 sum
2997 3729 3194 3797 multis,
3219 3741 3267 3786 et
3288 3742 3342 3786 tu
3370 3732 3462 3787 ad-

2081 3817 2234 3886 jutor
2258 3817 2432 3886 fortis.

1949 3905 1991 3961 C
2013 3905 2291 3976 Signiﬁcat
2321 3909 2463 3964 enim
2494 3911 2734 3967 cantatio
2759 3925 2995 3983 semper,
3025 3921 3079 3968 et
3106 3928 3344 3985 praesens
3363 3929 3464 3969 sat-

1878 3997 2060 4052 culum
2096 4007 2152 4052 et
2176 4000 2436 4066 futurum,
2461 4002 2551 4057 hic
2574 4003 2718 4057 enim
2743 4005 2817 4057 illi
2857 4019 2958 4073 pro
2983 4003 3304 4061 liberatione
3333 4021 3466 4060 can-

1880 4099 2082 4155 tamus,
2119 4091 2190 4146 ibi
2218 4104 2396 4147 autem
2423 4095 2629 4162 gratias
2666 4112 2762 4166 pro
2787 4107 2989 4152 aeterna
3024 4099 3466 4154 remuneratione

1878 4184 2208 4254 peragimus.
2263 4185 2577 4256 Prodigium
2633 4188 2684 4242 iu
2726 4189 2827 4243 hoc
2878 4188 3079 4245 saeculo
3129 4190 3235 4246 erit
3268 4191 3466 4258 tidelis,

1877 4275 2094 4343 quando
2131 4274 2233 4330 alia
2259 4285 2502 4331 sectatur
2531 4292 2693 4348 quam
2748 4294 2933 4336 amare
2962 4289 3140 4351 potest
3181 4282 3471 4338 multitudo

1879 4366 2252 4436 peccantium;
2289 4378 2540 4438 qurerunt
2591 4378 2910 4440 peccatores
2973 4371 3222 4439 divitias,
3283 4371 3472 4428 ﬁdeles

1886 4459 2229 4530 pauperiem;
2258 4472 2506 4532 quaerunt
2555 4473 2872 4534 peccatores
2922 4468 3130 4538 epulas,
3161 4467 3294 4537 justi
3331 4467 3479 4539 jeju-

1887 4551 2010 4618 uia;
2039 4562 2288 4622 qua:runt
2309 4554 2543 4625 denique
2568 4555 2644 4611 illi
2667 4556 2862 4628 gaudia
2883 4597 2899 4623 ,
2930 4557 3021 4616 isti
3059 4559 3356 4616 tristitiam.
3392 4559 3474 4616 Ne

1887 4656 2066 4699 autem
2092 4646 2357 4702 bonorum
2411 4647 2657 4704 semitam
2688 4651 2768 4703 ire
2795 4650 2960 4706 nimis
2992 4651 3210 4709 dithcile
3237 4651 3475 4706 aestime-

1890 4745 1997 4800 tur,
2022 4738 2188 4802 addit,
2217 4745 2272 4793 et
2295 4748 2350 4792 tu
2381 4738 2597 4808 adjutor
2617 4740 2793 4796 fortis.

1888 4848 1924 4904 9
2033 4847 2314 4917 liepleatur
2339 4867 2396 4904 os
2427 4866 2600 4905 meum
2624 4851 2783 4906 laude

2038 4952 2098 4994 -t—
2127 4937 2193 4992 Ut
2218 4951 2421 4994 cautem
2445 4941 2668 5010 gloriam
2694 4953 2841 4997 tuam
2872 4944 2893 5014 ζ
2922 4951 3040 5000 tota
3065 4945 3148 5000 dic
3166 4941 3486 5010 magnitudi-

2106 5047 2220 5086 nem
2257 5041 2423 5086 luant.

1963 5122 2005 5180 C
2035 5120 2168 5177 Nam
2203 5122 2249 5178 si
2288 5122 2535 5178 Christus
2587 5141 2696 5182 non
2728 5122 2934 5193 repleat
2989 5143 3058 5183 os
3093 5131 3356 5182 nostrum.
3389 5134 3492 5175 nec

1889 5221 2072 5288 lingua
2100 5222 2367 5278 movetur,
2395 5229 2494 5269 nec
2516 5216 2789 5273 desideria
2821 5215 3057 5272 honesta
3091 5215 3495 5272 inflammantur

1889 5317 2098 5367 nostra.
2139 5305 2272 5362 Cum
2301 5319 2430 5360 vero
2479 5309 2654 5374 ponit,
2693 5315 2808 5361 tota
2846 5303 2957 5368 die,
3012 5305 3283 5378 signiﬁca:
3331 5316 3497 5357 name

3015 5398 3053 5412 -ἱ
