3986 5412
563 298 666 354 Ξϐῖ

564 410 631 465 10
705 407 786 461 Ne
809 403 1056 476 proficias
1081 414 1159 453 me
1188 399 1242 455 in
1272 406 1498 469 tempore
1519 397 1795 453 senectutis
1819 415 1837 451 :

706 497 835 551 Cum
862 494 1060 565 deﬁciet
1089 491 1249 546 virtus
1270 506 1382 543 mea
1407 505 1469 543 ne
1481 488 1812 559 derelinquas
1830 504 1929 542 me.

573 611 583 623 ν
631 587 671 642 C
703 583 981 657 Supplicat
1009 581 1183 637 ﬁdelis
1231 594 1298 635 ne
1322 576 1639 649 projiciatur
1674 577 1728 632 in
1779 584 2020 645 tempore
2054 586 2134 629 sc-

564 679 796 737 ncctutis
818 691 927 733 suae
954 689 983 728 a
1007 673 1138 739 Deo,
1166 669 1382 741 quando
1410 669 1553 724 fessa
1577 669 1750 723 virtus
1775 665 2022 736 corporis
2050 665 2133 721 sui

564 771 681 841 plus
712 768 914 838 indiget
937 762 1201 835 adjuvari.
1233 760 1384 816 Tunc
1415 772 1626 829 quoque
1665 771 1725 813 se
1755 756 1890 826 petit
1916 770 2020 809 non
2044 755 2134 810 de-

561 865 688 918 bere
710 857 1033 928 derelinqui.
1084 872 1202 910 cum
1235 853 1493 911 defecerit
1519 851 1688 906 virtus
1724 848 2017 921 patientiae,
2046 847 2131 902 vel

562 950 827 1009 mollescit
870 949 973 1003 sub
995 961 1162 1005 onere
1191 942 1574 1009 tribulationis,
1604 941 1732 997 dum
1771 937 2131 994 tribulationi-

560 1043 659 1099 bus
681 1040 885 1097 crebris
905 1049 1066 1109 atque
1089 1034 1362 1107 martyriis
1386 1033 1550 1088 robur
1561 1032 1755 1085 animae
1772 1028 2129 1092 consenescit,

561 1137 686 1208 quia
715 1150 837 1189 cum
865 1132 1084 1189 Christo
1114 1139 1284 1185 totum
1314 1127 1512 1200 poterit
1540 1125 1828 1190 sustinere,
1859 1124 1975 1180 sine
2014 1123 2132 1192 ipso

558 1241 686 1282 vero
714 1223 866 1279 nihil.

559 1318 619 1373 ll
701 1317 838 1382 Quia
860 1298 1102 1371 dixerunt
1135 1312 1333 1368 inimici
1353 1310 1453 1366 mei
1478 1309 1603 1365 milii
1626 1322 1647 1361 :

698 1408 766 1462 Et
784 1411 873 1480 qui
894 1406 1249 1463 custodiebant
1273 1403 1504 1459 animam
1548 1418 1715 1459 meam
1754 1400 2027 1458 consilium
2054 1398 2134 1469 fe-

768 1511 947 1555 cerunt
971 1502 1023 1555 in
1048 1500 1233 1554 unum.

627 1594 668 1648 C
693 1592 955 1647 Redditur
974 1606 1157 1656 causa,
1175 1606 1272 1645 cur
1296 1589 1362 1645 ad
1388 1588 1812 1644 subveniendum
1842 1585 2010 1654 pietas
2035 1583 2130 1639 Dei

556 1687 746 1741 debeat
774 1684 1075 1756 provocari,
1105 1683 1359 1753 quoniam
1385 1680 1661 1736 debilitate
1686 1687 1921 1748 captata,
1952 1676 2132 1733 fervor

1518 288 1578 344 S.
1617 283 1960 343 BRUNONIS
1998 282 2536 342 llERBlPOLENSlS
2577 283 2881 341 EPISCOPI

2162 398 2210 455 Δ
2241 394 2439 466 adjecit
2481 397 2754 451 cumulum
2797 393 3046 451 laudibus
3087 393 3337 465 plenum;
3386 394 3458 449 ita
3491 391 3613 448 laus
3654 405 3817 463 super

2235 484 2446 541 laudent
2478 486 2746 558 adjicitur.

2236 575 2304 632 l6
2380 576 2451 631 0s
2479 595 2649 634 meum
2679 580 3012 635 annuntiabit
3027 578 3292 651 justitiam
3321 587 3466 632 tuam
3491 617 3505 632 .

2381 666 2510 722 Tota
2536 669 2621 723 die
2642 669 2876 724 salutare
2903 681 3075 723 tuum.

2307 754 2349 812 C
2386 755 2604 813 Justitia
2626 756 2806 814 Patris
2842 757 3092 816 Salvator
3118 766 3222 822 est,
3248 766 3305 813 et
3329 755 3569 813 salutare
3595 754 3815 817 dicitur,

2234 848 2360 920 quia
2384 850 2508 906 inde
2537 850 2685 907 salus
2711 851 2918 917 mundi,
2946 866 3044 922 per
3069 851 3359 923 gloriosam
3390 848 3818 904 incarnationem

2235 943 2503 1012 provenit.
2564 944 2699 1000 Tota
2746 946 2852 1012 die,
2907 946 3225 1002 continuum
3292 954 3503 1014 tempus
3555 941 3817 996 ostendit.

2234 1032 2480 1090 Ostendit
2508 1035 2668 1106 igitur
2688 1051 2748 1093 se
2778 1036 3258 1107 pronuntiaturum
3287 1034 3540 1105 gentibus
3570 1031 3822 1087 Salvato-

2234 1140 2370 1181 rem.
2395 1125 2439 1182 ll
2477 1127 2570 1184 Vel
2612 1128 2665 1182 in
2696 1143 2929 1200 persona
2975 1126 3184 1185 Christi
3224 1127 3441 1198 capitis,
3468 1125 3563 1196 qui
3595 1124 3649 1179 in
3693 1138 3822 1194 apo-

2234 1218 2390 1273 stolis
2419 1234 2476 1274 se
2501 1221 2863 1276 aununtiavit.

2236 1306 2302 1362 17
2378 1308 2642 1375 Quoniam
2691 1328 2796 1367 non
2825 1311 3041 1382 cognoui
3084 1307 3730 1368 litteraturam:introibo
3769 1307 3822 1361 in

2449 1403 2734 1473 potentiam
2764 1403 2978 1459 Domini
3000 1418 3020 1457 :

2377 1494 2621 1562 Domine,
2653 1496 2981 1550 memorabor
2993 1495 3220 1566 justitite
3246 1504 3352 1549 tua:
3371 1492 3558 1548 solius.

2306 1588 2347 1644 C
2386 1589 2500 1644 Non
2539 1589 2764 1660 cognovi
2798 1588 3185 1653 litteraturam,
3219 1586 3271 1641 id
3300 1596 3383 1641 est
3411 1584 3697 1641 scientiam
3726 1597 3824 1636 sm-

2237 1680 2498 1746 cularcm,
2528 1691 2581 1736 et
2620 1680 2987 1749 eloquentiam
3016 1694 3240 1744 vanam,
3273 1678 3434 1734 malis
3474 1676 3693 1731 actibus
3734 1675 3820 1730 in-

556 1778 922 1833 insidiantium
973 1790 1232 1831 accensus
1259 1783 1363 1837 est,
1405 1774 1532 1829 dum
1563 1771 1794 1826 credunt
1844 1768 2004 1824 facile
2034 1769 2130 1823 de-
2159 1784 2204 1843 Β
2238 1772 2534 1841 quinatam.
2567 1768 2691 1826 Ideo
2713 1770 2947 1826 introibo
2972 1770 3023 1825 in
3050 1768 3347 1840 potentiam
3377 1766 3498 1832 Dei,
3525 1766 3633 1821 hoc
3660 1767 3820 1820 estin

556 1867 683 1939 eipi,
720 1882 747 1920 a
778 1880 886 1935 quo
906 1880 1011 1920 non
1042 1871 1219 1935 potest
1242 1863 1448 1917 viribus
1474 1860 1700 1917 defectis
1727 1858 1955 1914 obviari.
1986 1856 2125 1911 Tru-

556 1956 822 2013 culentiur
849 1969 933 2013 est
969 1957 1312 2012 inimicorum
1348 1968 1561 2024 semper
1591 1953 1823 2009 adunata
1850 1949 2126 2013 collectio,

553 2061 610 2105 et
636 2050 780 2121 quod
814 2065 920 2104 non
950 2048 1233 2112 dividitur,
1260 2047 1478 2118 gravius
1506 2060 1616 2101 uno
1663 2042 1811 2097 fasce
1858 2049 2125 2112 portatur.

553 2137 733 2194 innuit
756 2154 884 2209 ergo
913 2154 1017 2194 non
1044 2138 1189 2195 leves
1213 2151 1336 2193 esse
1369 2135 1635 2190 inimicos.
1666 2129 1978 2203 Cujusmodi
2000 2143 2137 2184 vero

553 2230 836 2286 consilium
866 2226 1106 2294 inierint,
1137 2234 1427 2299 sequenter
1446 2224 1640 2295 aperit.

551 2320 622 2374 £2
692 2319 934 2375 Dicentes
962 2334 980 2372 :
1006 2319 1147 2375 Deus
1175 2317 1448 2389 dereliquit
1482 2331 1603 2370 eum
1629 2327 1649 2367 :
1678 2310 2047 2385 persequimini
2079 2319 2131 2364 et

762 2411 1180 2483 comprehendite
1207 2425 1326 2465 eum

693 2504 833 2570 Quia
864 2520 967 2559 non
994 2513 1071 2559 est
1097 2504 1188 2575 qui
1214 2503 1422 2573 eripiat.

621 2594 664 2650 C
701 2593 897 2650 Hostes
925 2595 1069 2649 enim
1112 2592 1393 2657 carnales;
1422 2607 1545 2647 cum
1573 2590 1809 2651 viderint
1853 2587 2128 2644 hominem

552 2686 745 2740 crebra
799 2685 1109 2741 calamitate
1150 2683 1454 2754 fatigatum,
1501 2683 1731 2738 credunt
1775 2696 1900 2736 eum
1947 2696 1976 2734 a
2020 2680 2131 2734 Deo

551 2777 894 2833 derelictum.
944 2776 1049 2844 Qui
1095 2776 1333 2832 divinam
1384 2774 1617 2843 gratiam
1659 2780 1852 2843 putant
1894 2770 1947 2826 in
1997 2770 2128 2827 solis

552 2867 799 2936 corporis
847 2866 1053 2921 viribus
1106 2865 1483 2930 constitutam,
1525 2858 2128 2929 dicentes:Dereliquit

551 2972 674 3013 eum
707 2959 867 3025 Deus,
899 2956 1310 3028 persequimini,
1349 2956 1475 3025 quia
1502 2954 1687 3024 fugere
1732 2967 1839 3007 non
1874 2950 2045 3016 valet;
2074 2959 2132 3006 et

551 3049 1026 3121 comprehendite,
1071 3047 1199 3120 quia
1257 3045 1412 3103 nobis
1460 3042 1720 3100 reluctari
1767 3057 1874 3098 non
1932 3041 2131 3113 poterit

550 3140 974 3198 violentissitnis.

554 3235 623 3289 iii
694 3235 858 3303 Deus,
891 3253 953 3291 ne
983 3234 1239 3307 elongeris
1263 3252 1294 3290 α
1318 3250 1398 3288 me
1425 3248 1444 3289 :

692 3326 834 3381 Deus
874 3343 1050 3392 meus,
1079 3327 1135 3380 in
1164 3322 1425 3379 auxilium
1458 3337 1629 3377 meum
1655 3320 1869 3392 respice.

624 3421 869 3478 llumana
925 3429 1080 3493 putat
1145 3417 1434 3473 infirmitas
1493 3415 1746 3486 elongare
1801 3429 1861 3470 se
1916 3412 2123 3481 Deum,

550 3514 767 3585 quando
818 3514 868 3569 ei
912 3512 1101 3568 venire
1144 3510 1323 3564 tardat
1372 3507 1667 3571 auxilium;
1711 3504 1829 3561 ideo
1856 3505 2015 3576 petit,
2062 3517 2129 3557 ue

553 3606 726 3679 gratia
756 3605 875 3677 ejus
917 3604 985 3658 ab
1030 3603 1144 3673 ipsa
1175 3599 1435 3662 discedat,
1467 3605 1525 3653 et
1552 3606 1673 3651 orat
1718 3605 1778 3650 ut
1799 3610 1897 3667 per
1922 3590 2130 3664 adjuto-

553 3699 694 3753 rium
726 3696 847 3762 Dei,
877 3695 925 3750 ei
957 3693 1120 3763 digna
1148 3689 1408 3763 patientia
1438 3686 1728 3742 tribuatur.

548 3792 620 3845 'M
693 3774 1102 3860 Confu'ndantur
1157 3794 1206 3840 et
1262 3783 1510 3853 drﬁciant
1554 3779 1882 3834 detrahentes
1935 3777 2129 3832 animte

761 3894 930 3935 nwae:

694 3971 1017 4045 Operiantur
1052 3967 1458 4038 confusione.“
1499 3962 1718 4030 pudore.
1756 3961 1847 4031 qui
1884 3969 2128 4032 quierunt

764 4063 905 4120 mula
935 4060 1083 4116 mihi.

619 4160 662 4215 (ἶ
699 4157 1113 4227 Confundantur
1141 4154 1287 4209 enim
1314 4151 1607 4218 dicit,cum
1637 4157 1729 4204 tua
1759 4148 1988 4205 viderint
2014 4146 2126 4202 dis-

546 4250 730 4320 posita
800 4263 905 4303 non
955 4246 1176 4301 mutari.
1221 4243 1485 4300 Defleiant
1528 4242 1900 4305 detrahentes,
1946 4239 1999 4295 id
2045 4247 2129 4295 cst

552 4342 905 4411 ubloquentes
948 4338 1203 4392 inaniter.
1229 4334 1578 4406 Operiautur,
1616 4333 1776 4400 dixit,
1809 4332 1961 4406 quasi
1994 4345 2126 4401 quo-

554 4434 679 4488 dam
698 4430 842 4495 velo,
873 4444 966 4485 seu
1002 4427 1327 4483 verecundia
1353 4427 1679 4495 obtegantur
1708 4439 1893 4481 eorum
1923 4422 2123 4489 facies;

554 4521 699 4594 quod
729 4493 866 4576 solet
912 4518 1130 4574 evenire
1160 4517 1266 4579 his,
1297 4516 1386 4585 qui
1432 4493 1672 4570 actiones
1714 4513 1972 4585 pristinas
2006 4528 2124 4569 me~
2157 4493 2204 4551 ί)

554 4611 693 4666 liore
732 4610 844 4664 vita
882 4609 1265 4663 condemnant.
1312 4604 1450 4660 Mala
1502 4614 1772 4674 quaerunt,
1803 4604 1893 4673 qui
1945 4603 2127 4674 pravis

553 4700 957 4765 blandimentis,
990 4697 1204 4755 occulto
1232 4696 1477 4763 vulnere,
1510 4706 1720 4751 mentes
1753 4697 2003 4751 videntur
2029 4695 2127 4750 im-

554 4804 761 4866 petere,
789 4795 916 4851 dum
965 4792 1149 4868 carnis
1188 4790 1416 4847 salutem
1462 4790 1692 4846 suadent
1732 4787 1800 4844 ad
1846 4787 2125 4844 interitum

555 4886 750 4945 anima:

559 4979 631 5035 i5
704 4979 819 5052 Ego
842 4989 1016 5034 autem
1031 4994 1233 5050 semper
1256 4976 1474 5049 sperabo
1496 4993 1516 5033 :

697 5070 766 5126 Et
796 5072 1046 5142 adjiciam
1075 5086 1230 5140 super
1258 5086 1461 5125 omnem
1491 5067 1701 5124 laudem
1721 5078 1887 5124 tuam.

623 5160 667 5217 ι]
707 5161 942 5217 Decursa
964 5159 1346 5218 emendatione
1375 5159 1738 5230 peccantium,
1760 5159 1829 5214 ad
1856 5171 2010 5215 suam
2036 5157 2128 5213 de-

532 5251 901 5309 ‘leetationem
943 5253 1254 5321 bonumque
1298 5250 1650 5316 convertitur,
1680 5257 1744 5304 ut
1774 5250 1917 5305 sicut
1944 5247 2021 5303 illi
2059 5248 2126 5304 de

560 5342 744 5398 divina
769 5342 1007 5412 potentia
1035 5339 1416 5412 desperabant,
1449 5341 1524 5395 ita
1550 5338 1778 5409 populus
1808 5336 1982 5393 ﬁdelis
2008 5351 2129 5408 spe-

2232 1862 2568 1917 l-lierusalcm
2614 1862 2911 1921 ctnlcstem.
2963 1861 3117 1916 Tunc
3161 1860 3539 1927 memorabor,
3568 1873 3696 1913 cum
3736 1873 3823 1913 se-

2229 1966 2464 2025 questmt
2494 1971 2663 2026 agnos
2691 1955 2759 2011 ab
2784 1957 2952 2013 hasdis
2974 1965 3032 2012 et
3058 1956 3254 2026 impios
3282 1969 3315 2009 a
3344 1952 3617 2009 ﬁdelibus.

2233 2051 2300 2109 18
2336 2050 2478 2107 Deus
2504 2091 2519 2116 ,
2566 2050 2793 2106 docuisti
2833 2066 2916 2106 me
2967 2065 3033 2106 ea;
3066 2049 3342 2120 juventute
3394 2061 3509 2101 mea
3560 2054 3613 2101 et
3653 2060 3818 2115 usque

2443 2155 2621 2195 nunc:

2374 2232 2742 2288 Pronuntiabo
2766 2233 3031 2289 mirabilia
3056 2241 3168 2286 tua.

2299 2324 2341 2380 C
2377 2324 2619 2380 Docuisti
2649 2332 2852 2390 autem,
2876 2325 2993 2380 sive
3024 2324 3092 2380 ad
3125 2324 3291 2379 libros
3317 2322 3556 2396 pertinet
3580 2320 3817 2387 divinos,

2229 2415 2347 2471 sive
2375 2415 2443 2470 ad
2480 2413 2716 2469 infusam
2753 2414 2972 2470 coalitus
3013 2414 3193 2470 fidem.
3222 2412 3486 2468 iuventus
3530 2411 3725 2482 incipit
3752 2427 3817 2466 ex

2228 2524 2338 2581 quo
2367 2509 2535 2580 cmpit
2563 2508 2724 2563 homo
2754 2508 2821 2563 ad
2842 2507 3076 2562 divinam
3104 2506 3334 2579 gratiam
3361 2503 3672 2576 pervenire.
3707 2502 3820 2560 [Iti-

2228 2613 2334 2671 que
2359 2592 2631 2653 mirabilia
2672 2599 2914 2664 fuerunt,
2948 2605 3009 2653 ut
3051 2598 3343 2653 doceretur
3366 2595 3645 2661 indoctus,
3673 2602 3729 2674 et
3753 2609 3823 2657 ex

2228 2689 2439 2761 perfido
2478 2688 2633 2746 ﬁeret
2674 2692 2921 2755 devotus,
2962 2700 3021 2747 et
3047 2706 3113 2747 ex
3140 2699 3430 2760 peccatore
3452 2689 3814 2762 justissimus.

2231 2782 2299 2839 19
2372 2781 2440 2836 Et
2482 2798 2645 2853 usque
2673 2781 2729 2836 in
2752 2792 3015 2838 senectam
3043 2793 3090 2838 et
3119 2784 3323 2853 senium
3345 2796 3365 2835 :

2371 2870 2511 2926 Deus
2532 2888 2596 2927 ne
2624 2872 2956 2944 derelinquas
2988 2890 3089 2929 me.

2297 2964 2341 3023 C
2372 2966 2527 3037 Apud
2567 2963 2787 3023 Graecos
2832 2966 2939 3022 duo
2979 2966 3200 3024 nomina
3243 2965 3346 3023 ista
3382 2966 3600 3024 diversa
3649 2976 3813 3024 sunt:

2229 3066 2532 3124 senectam,
2561 3058 2871 3129 gravitatem
2899 3065 3130 3125 vocant;
3182 3057 3421 3126 senium,
3450 3067 3672 3115 natalem
3701 3059 3821 3113 liui-

2150 3137 2198 3199 C
2230 3151 2434 3206 timam.
2459 3149 2666 3206 Latinae
2693 3166 2822 3207 vero
2849 3151 3003 3223 quasi
3030 3150 3192 3208 simili
3233 3151 3453 3208 nomine
3492 3166 3819 3223 nuncupan-

2232 3249 2343 3297 tur.
2397 3239 2542 3296 Petit
2569 3240 2752 3311 itaque
2789 3240 3017 3312 populus
3059 3240 3253 3308 fidelis,
3306 3250 3365 3296 ut
3401 3256 3582 3312 neque
3613 3241 3671 3296 in
3702 3257 3818 3299 ma-

2230 3340 2374 3400 tura,
2422 3346 2600 3402 neque
2641 3332 2694 3386 in
2744 3331 2904 3388 senili
2946 3339 3108 3388 aetate
3150 3331 3435 3388 deseratur
3487 3348 3520 3386 a
3564 3331 3819 3389 Domino.

2229 3425 2366 3481 Cum
2407 3424 2555 3479 enim
2603 3439 2634 3480 a
2655 3423 2942 3494 iuventute
2987 3439 3048 3482 se
3080 3423 3330 3480 docuerit
3368 3431 3425 3481 et
3470 3422 3815 3486 custodierit,

2228 3516 2366 3587 petit
2392 3515 2445 3571 id
2469 3515 2775 3571 continuari
2809 3516 2863 3571 in
2892 3523 3194 3573 senectute.

2228 3607 2300 3663 20
2374 3607 2548 3663 Donec
2571 3607 2881 3663 aununtiem
2912 3608 3181 3662 brachium
3203 3616 3353 3662 tuum
3378 3617 3399 3660 .'

2371 3698 2708 3755 Generationi
2744 3701 2885 3754 omni
2906 3716 3022 3770 quae
3047 3709 3263 3755 ventura
3287 3707 3385 3753 est.

2297 3792 2340 3851 C
2367 3792 2655 3849 Brachium
2679 3791 2879 3861 Patris,
2911 3790 3161 3849 Salvator
3196 3790 3458 3847 Dominus
3500 3797 3608 3847 est.
3656 3791 3727 3846 Et
3756 3805 3820 3845 ne

2226 3892 2450 3957 putares
2478 3883 2581 3940 illis
2608 3892 2820 3940 tantum
2843 3883 3268 3940 denuntiandum
3314 3882 3485 3938 fuisse
3510 3881 3817 3947 Christum,

2229 3975 2323 4045 qui
2357 3989 2423 4030 eo
2453 3983 2696 4046 tempore
2742 3972 2983 4041 fuerunt,
3013 3989 3134 4029 cum
3174 3972 3268 4031 ille
3293 3987 3393 4045 pro
3434 3972 3596 4029 nobis
3642 3974 3820 4028 incar-

2229 4067 2344 4122 nari
2371 4066 2621 4137 dignatus
2645 4074 2747 4131 est,
2779 4064 3003 4133 addidit,
3032 4079 3153 4135 qua:
3176 4073 3405 4119 ventura
3434 4071 3521 4119 est
3546 4081 3564 4117 :
3593 4071 3657 4119 ut
3682 4063 3821 4119 hanc

2228 4157 2661 4230 pmdicalioncm
2708 4170 2877 4228 usque
2920 4157 2986 4212 ad
3027 4156 3188 4212 finem
3231 4153 3413 4211 sateculi
3459 4169 3820 4227 cognosceres

2229 4262 2350 4304 esse
2384 4247 2708 4304 faciendam.
2741 4247 2881 4302 Petit
2916 4262 3045 4320 ergo
3071 4245 3310 4303 Ecclesia
3349 4261 3410 4302 se
3440 4261 3550 4302 non
3579 4244 3817 4302 derelin-

2229 4338 2320 4408 qui
2349 4354 2519 4407 usque
2545 4338 2609 4393 ad
2640 4337 2799 4392 tinent
2827 4338 3031 4394 saeculi.

2225 4430 2291 4485 21
2371 4428 2666 4484 Potentiam
2694 4438 2838 4483 tuam
2867 4439 2914 4484 et
2936 4429 3202 4499 justitiam
3236 4439 3383 4483 tuam
3412 4427 3553 4484 Deus
3577 4444 3744 4500 usque
3768 4427 3819 4482 in

2441 4520 2698 4575 altissima
2726 4536 2843 4590 qua:
2871 4520 3042 4591 fecisti
3066 4520 3369 4592 magnnlia:

2377 4610 2516 4666 Deus
2538 4612 2653 4682 quis
2684 4610 2870 4665 similis
2904 4610 2996 4665 tibi
3019 4612 3044 4665 2’

2305 4704 2347 4761 C
2382 4704 2683 4760 Potentiam
2716 4711 2899 4758 tuam:
2934 4704 3021 4761 hic
3067 4718 3284 4774 quoque
3332 4703 3674 4761 reddendum
3715 4716 3816 4774 est,

2235 4798 2406 4853 donec
2438 4795 2752 4850 aununtiem
2786 4794 3079 4864 potentiam
3112 4802 3282 4861 tuam,
3313 4803 3419 4851 etc.
3457 4795 3596 4852 Nam
3622 4808 3818 4869 poten-

2237 4887 2312 4943 tia
2339 4886 2406 4941 ad
2433 4887 2664 4957 gratiam
2693 4885 3088 4942 lncarnationis
3117 4887 3356 4958 respicit.
3384 4886 3608 4944 Iustitia
3635 4890 3707 4944 ad
3728 4888 3819 4958 ju-

2230 4979 2428 5035 dicium
2456 4978 2511 5032 in
2531 4993 2639 5048 quo
2660 4977 2830 5033 Adam
2856 4976 3130 5047 judicatus
3156 4988 3259 5044 est,
3292 4978 3346 5034 id
3369 4989 3472 5045 est,
3502 4989 3684 5035 morte
3717 4996 3816 5050 pu-

2227 5069 2373 5124 nitus
2400 5084 2524 5123 cum
2553 5067 2867 5137 posteritate
2898 5083 3014 5123 sua.
3049 5067 3236 5140 Usque
3269 5069 3324 5125 in
3354 5070 3623 5127 altissima
3650 5090 3666 5126 :
3690 5072 3817 5143 quia

2223 5160 2370 5215 Deus
2392 5158 2553 5212 homo
2568 5157 2717 5212 sedet
2759 5158 2826 5212 ad
2853 5156 3132 5213 dexteram
3164 5159 3362 5225 Patris,
3402 5176 3642 5232 regnans
3686 5176 3812 5217 cum

2229 5261 2294 5304 eo
2317 5261 2414 5317 per
2437 5244 2647 5300 infinita
2686 5244 2904 5301 saecula.
2942 5245 3230 5317 Magnalia,
3263 5264 3293 5303 a
3322 5250 3702 5319 magnitudine
3726 5264 3818 5302 vo-

2228 5347 2463 5396 cantur:
2487 5337 2745 5406 quoniam
2791 5337 2860 5392 ad
2900 5338 3284 5396 vindicandum
3314 5338 3495 5396 fortis
3527 5350 3610 5396 est
3649 5341 3816 5402 Deus.
