3986 5412
123 296 232 352 269

1312 287 1677 344 EXPOSITIO
1715 286 2161 343 PSALMORUM.

3264 287 3369 342 270

120 413 190 466 22
263 408 508 476 Quantas
546 406 816 461 ostendisti
855 405 980 459 mihi
1024 405 1381 460 tribulationes
1420 406 1609 460 multas
1650 415 1696 458 et
1725 411 1771 470 Α
1806 420 1896 470 per
1925 404 2364 458 meditationibus
2393 400 2656 460 bonorum
2689 404 2989 459 insmuator
3029 415 3244 460 exerCc.
3273 407 3377 462 Per

332 499 544 556 malas?
579 508 626 554 et
648 513 921 552 conversus
945 496 1211 563 viviﬁcasti
1233 513 1346 552 me:

263 589 332 644 Et
357 591 422 644 de
443 590 643 658 abyssis
664 597 815 642 terra:
843 589 1030 640 iterum
1061 586 1313 640 reduxisti
1341 602 1442 640 me.

187 707 232 761 C
265 705 532 773 Quantas,
560 703 662 758 sub
690 700 1049 756 admiratione
1093 699 1381 768 legendum
1412 709 1514 764 est,
1546 700 1702 768 quasi

126 793 547 848 innumerabiles
579 792 886 863 passiones;
918 791 1042 860 quia
1072 789 1318 844 ﬁdelibus
1346 789 1413 843 ad
1439 806 1701 859 praesens,

125 889 283 940 duras
321 884 708 940 tribulationes
732 881 988 938 ostendit.
1019 881 1217 937 Multas
1244 896 1394 952 ergo,
1428 881 1702 951 quantita-

126 985 229 1030 tem
257 993 271 1028 :
304 973 500 1039 malas,
548 973 750 1028 indicat
777 972 1116 1043 qualitatem.
1160 971 1482 1036 Conversus,
1513 972 1564 1027 id
1595 981 1702 1036 est,

125 1068 364 1123 converti
437 1081 527 1122 me
570 1066 779 1132 fecisti;
837 1066 964 1136 quia
1017 1066 1280 1122 distortus
1330 1064 1535 1120 fueram
1587 1064 1704 1135 lege

128 1160 352 1229 peccati.
400 1156 698 1214 Sciendum
734 1159 923 1228 utique
949 1168 1052 1222 est,
1084 1158 1204 1212 ideo
1236 1157 1432 1211 iterum
1477 1156 1701 1219 dictum,

129 1259 184 1304 ut
209 1249 479 1304 medicina
507 1245 730 1311 Christi,
778 1246 1113 1318 frequentior
1157 1246 1444 1311 indicetur,
1487 1245 1704 1314 quinos

129 1344 188 1396 de
215 1341 462 1412 abyssso,
496 1339 549 1393 id
579 1348 686 1403 est,
722 1339 789 1393 de
819 1338 1188 1409 profunditate
1223 1346 1565 1406 peccatorum
1607 1350 1706 1405 per

131 1433 324 1486 multas
353 1431 706 1486 remissiones
730 1429 936 1485 eduxit.

130 1548 194 1600 23
264 1544 640 1614 Hultiplicasti
673 1544 1114 1613 magniﬁcentiam
1143 1552 1321 1596 tuam:

261 1638 334 1691 Et
362 1652 639 1690 conversus
669 1636 966 1689 consolatus
995 1651 1049 1687 es
1081 1651 1182 1686 me.

195 1728 235 1780 (ἶ
262 1727 581 1797 Multiplicat
632 1726 1113 1795 magniﬁcentiam,
1160 1725 1376 1794 quando
1423 1725 1579 1778 nobis
1609 1739 1702 1793 per
1736 1753 1779 1810 Β

135 1819 367 1870 diversas
423 1830 619 1870 causas
669 1814 1014 1870 alnictionum
1081 1813 1368 1868 subvenire
1427 1814 1698 1886 dignatur.

1801 491 2090 546 Dominum
2122 501 2361 546 nostrum
2387 491 2571 548 Jesum
2599 493 2894 560 Christum,
2931 503 3045 550 etc.

2320 603 2638 660 PSALMUS
2667 606 2886 661 LXXI.‘

2225 714 2582 754 ARGUMENTUM
2619 715 2766 755 PSAL.
2792 716 2938 755 LXXI.

1875 790 1916 845 C
1946 789 2215 860 Pmpbcta
2245 789 2447 845 Christi
2485 791 2774 847 adventum
2808 793 3108 864 prmcinens
3134 813 3147 847 :
3175 793 3241 849 ab
3264 812 3382 850 om-

1803 883 1962 939 nibus
1994 884 2212 954 regibus
2244 899 2370 938 eum
2398 883 2532 939 dicit
2560 886 2915 955 adorandum,
2935 888 3062 958 quia
3089 889 3381 946 humanum

1801 991 1973 1048 genus
2003 992 2033 1030 a
2071 976 2271 1031 diaboli
2301 983 2564 1046 potestate
2593 976 2843 1032 redemit.

2156 1066 2266 1122 TT.
2297 1066 2365 1122 In
2404 1065 2732 1122 Salomonem
2765 1068 3019 1138 psalmus.

1877 1158 1918 1213 C
1949 1157 2204 1214 Salomon
2262 1159 2653 1228 interpretatur
2702 1139 2979 1230 paciﬁcus,
3013 1168 3070 1215 et
3117 1162 3386 1232 signiﬁcat

1802 1251 2106 1316 Christum,
2129 1251 2194 1305 de
2217 1265 2324 1319 quo
2350 1250 2640 1321 Apostolus
2669 1251 2745 1305 ait
2777 1270 2790 1304 :
2824 1251 2941 1322 Ipse
2968 1260 3051 1307 est
3071 1268 3173 1321 pax
3195 1264 3387 1308 nostra

1804 1343 1900 1412 qui
1919 1341 2044 1396 fecit
2068 1353 2298 1411 utraque
2314 1357 2477 1396 unum
2497 1340 2712 1412 (Ep/tes.
2728 1344 2808 1413 ιι).
2829 1341 3174 1412 Ipsiusverba
3190 1351 3388 1398 testan-

1807 1444 1900 1489 tur
1929 1449 2050 1490 eum
2079 1450 2199 1490 esse
2224 1434 2534 1505 paciﬁcum,
2568 1435 2657 1505 qui
2701 1436 2857 1502 dixit,
2881 1451 3072 1492 oacem
3107 1452 3284 1491 meam
3320 1437 3390 1492 do

1805 1527 1958 1582 vobis
1985 1526 2168 1597 (Joan.
2202 1527 2339 1597 XIV).

1807 1617 1831 1670 1
1945 1617 2387 1686 Deus,judicium
2407 1625 2553 1670 tuum
2581 1620 2683 1687 regi
2709 1619 2775 1670 da
2805 1633 2824 1671 :

1953 1709 2020 1762 Et
2041 1710 2309 1778 justitiam
2333 1719 2475 1762 tuam
2499 1709 2612 1777 ﬁlio
2638 1712 2795 1780 regis.

1873 1795 1932 1850 C.
1965 1797 2235 1867 Propheta
2283 1796 2552 1853 desiderio
2585 1798 2974 1871 inﬂammatus,
3006 1801 3141 1869 petit
3172 1818 3198 1853 a
3227 1799 3391 1857 Patre

135 1908 435 1961 Conversus
460 1907 776 1961 consogams
801 1921 862 1962 es
887 1922 994 1970 me,
1023 1906 1124 1960 hoc
1147 1914 1255 1970 est,
1285 1914 1518 1960 mentem
1545 1921 1704 1960 sanas
1799 1889 2062 1958 judicium
2101 1889 2216 1943 dari
2268 1888 2426 1954 Filio,
2459 1891 2601 1959 quod
2654 1892 2859 1946 sciebat
2912 1907 3033 1948 esse
3077 1903 3385 1947 venturum.

138 1998 356 2052 diversis
380 1997 732 2065 languoribus
761 1997 1060 2052 sauciatam
1086 2015 1100 2052 :
1127 2011 1286 2051 sanas
1306 2011 1438 2050 vero
1469 2004 1703 2050 mentem

140 2088 414 2143 revelando
442 2097 498 2142 et
523 2088 825 2143 divinarum
857 2087 1260 2159 Scripturarum
1303 2087 1539 2158 alloquio
1571 2104 1704 2142 con-

139 2181 367 2235 solando.

139 2270 201 2323 Si
271 2269 410 2324 Nam
443 2279 490 2324 et
520 2288 614 2341 ego
641 2271 926 2339 conﬁtebor
947 2269 1040 2324 tibi
1068 2270 1122 2323 in
1144 2270 1283 2324 vasis
1305 2267 1492 2339 psalmi
1520 2269 1706 2321 cerita-

338 2373 439 2415 tem
481 2372 645 2428 tuam,
677 2362 816 2417 Deus
838 2378 856 2416 :

275 2450 512 2506 Psallam
541 2451 635 2504 tibi
665 2453 720 2506 in
742 2453 947 2506 cithara
983 2461 1196 2506 sanctus
1223 2449 1415 2504 Israel.

202 2542 242 2598 C
273 2543 369 2598 llic
391 2542 506 2612 jam
542 2544 724 2614 justus
772 2543 862 2600 ille
904 2544 1058 2600 hctus
1086 2542 1368 2599 veritatem
1397 2557 1456 2597 se
1481 2539 1709 2610 psallere

145 2632 438 2687 conﬁtetur.
469 2632 526 2689 ln
558 2633 722 2700 vasis,
751 2633 797 2688 Η
823 2635 925 2690 hoc
949 2642 1035 2690 est
1071 2634 1124 2689 in
1148 2633 1392 2688 ﬁdelibus
1419 2631 1706 2687 Ecclesize:

146 2734 195 2779 et
225 2726 278 2779 iu
305 2725 534 2792 cithara,
560 2725 601 2780 C
632 2725 686 2781 id
722 2735 808 2781 est
835 2727 1045 2781 actione
1069 2726 1227 2797 digna
1253 2742 1267 2778 :
1296 2739 1393 2794 per
1419 2723 1704 2793 psalmum,

149 2828 282 2874 recta
322 2818 615 2888 ﬁdeszper
659 2819 939 2884 citharam,
987 2825 1136 2873 recta
1173 2815 1416 2887 operatio
1457 2815 1707 2884 designa-

149 2917 253 2974 tur;
284 2909 411 2980 quia
441 2908 682 2979 psalmus
727 2908 795 2964 de
836 2908 1224 2978 superioribus,
1254 2906 1322 2961 de
1362 2905 1710 2960 inferioribus

150 3003 388 3068 cithara,
436 3001 608 3057 melos
657 3001 728 3056 ad
767 3015 998 3072 superna
1049 2998 1389 3055 transmittit.
1440 2995 1538 3052 Vel
1581 3010 1711 3050 vasa

1804 1978 2072 2034 .lndicium
2100 1979 2243 2034 enim
2275 1980 2474 2034 dictum
2503 1989 2607 2044 est,
2635 1982 2787 2050 quasi
2811 1981 2949 2049 juris
2979 1981 3198 2045 ditium,
3226 1982 3276 2036 id
3305 1995 3391 2037 est

1807 2071 1949 2140 quod
2001 2071 2148 2125 ineo
2187 2071 2276 2140 jus
2314 2071 2545 2136 dicatur,
2582 2072 2661 2126 vel
2699 2074 2850 2142 quasi
2876 2072 3016 2143 juris
3072 2074 3330 2128 indicium
3370 2093 3381 2127 :

1807 2162 1949 2231 quod
2004 2162 2056 2215 in
2083 2160 2258 2229 eojus
2299 2162 2582 2216 indicetur.
2628 2162 2694 2216 Et
2730 2172 2788 2216 ut
2814 2164 3161 2218 voracissima
3192 2164 3392 2231 proba-

1807 2263 1958 2308 retur
2007 2267 2127 2308 esse
2169 2254 2380 2322 petitio,
2411 2254 2598 2308 eadem
2632 2255 2825 2308 iterum
2867 2256 3242 2325 ingeminavit,
3283 2256 3390 2310 hoc

1807 2352 1891 2399 est
1933 2345 2079 2399 enim
2123 2344 2265 2414 quod
2311 2345 2441 2399 dicit
2486 2354 2542 2399 et
2581 2345 2844 2412 justitiam
2883 2355 3028 2400 tuam
3071 2346 3181 2401 tilio
3224 2347 3386 2415 regis,

1807 2434 1952 2503 quod
1977 2435 2225 2502 superius
2253 2434 2389 2488 dixit
2421 2451 2435 2488 :
2467 2433 2730 2503 judicium
2755 2445 2903 2489 tuum
2931 2435 3043 2507 regi
3069 2436 3155 2499 da,
3191 2446 3246 2491 cl.
3276 2437 3381 2490 hoc

1809 2525 2100 2581 secundum
2142 2526 2433 2580 humanam
2464 2535 2710 2581 naturam
2739 2542 2841 2595 qua
2872 2527 3032 2581 Patre
3068 2527 3247 2584 minor
3275 2538 3388 2583 est.

1807 2613 1844 2667 2
1951 2613 2207 2667 Iudicare
2230 2613 2480 2684 populum
2506 2625 2651 2668 tuum
2677 2616 2730 2668 in
2744 2614 2959 2685 justitia
2985 2632 3004 2668 :

1951 2703 2018 2758 Et
2037 2720 2286 2773 pauperes
2319 2713 2434 2758 tuos
2460 2705 2513 2757 in
2531 2704 2755 2774 judicio.

1879 2795 2180 2864 CExponit
2232 2810 2454 2850 causam
2508 2811 2674 2866 quare
2726 2797 2942 2866 petierit
2987 2797 3099 2852 ﬁlio
3129 2795 3393 2866 judicium

1813 2886 1956 2952 dari,
1981 2885 2189 2941 scilicet
2230 2895 2286 2939 ut
2312 2885 2518 2956 judicet
2571 2886 2757 2941 orbem
2790 2897 3055 2942 terrarum
3089 2902 3182 2956 per
3228 2875 3414 2955 justi?

1814 2975 1944 3031 tiam
1975 2976 2176 3030 Patris.
2209 2975 2485 3046 Panperes
2528 2976 2624 3030 Dei
2668 2987 2811 3042 sunt,
2842 2977 2934 3047 qui
2983 2978 3251 3032 nmndana
3300 2993 3394 3032 su-

151 3091 350 3160 psalmi’
374 3065 612 3160 bsalmos
653 3091 786 3146 dicit
813 3065 966 3160 q'uasi
995 3088 1295 3160 spiritualia
1339 3086 1499 3150 dolia,
1526 3087 1710 3141 vinum
1741 3107 1787 3168 Ο
1816 3065 2006 3168 p'erbia
2037 3066 2318 3168 derelicta,
2353 3081 2410 3120 se
2436 3066 2723 3168 humilitati
2753 3081 2852 3136 per
2875 3069 3055 3168 omnia
3085 3067 3393 3122 subdidere.

151 3182 350 3239 Domini
392 3184 706 3255 incorrupto
735 3196 929 3253 sapore
958 3181 1253 3237 servantia.
1298 3179 1343 3234 li
1375 3179 1472 3234 Vel
1498 3179 1616 3234 illos
1644 3179 1717 3233 si-

152 3275 378 3346 gniﬁcat,
403 3275 497 3346 qui
523 3275 590 3331 de
612 3276 764 3342 vino,
788 3273 1110 3344 evangelica:
1156 3270 1571 3342 apostolicaeque
1623 3269 1718 3324 do-

153 3370 328 3423 ctrinae
366 3384 506 3424 novo
531 3369 754 3440 repleti,
789 3368 840 3422 in
866 3367 1086 3438 psalmis
1108 3363 1381 3420 Christum
1413 3363 1732 3436 intelligunt

156 3467 531 3527 praeonatum.

156 3547 217 3602 '25
288 3549 641 3605 Exsultabunt
666 3549 807 3604 labia
825 3565 940 3603 mea
961 3563 1079 3601 cum
1097 3555 1373 3600 eantacero
1393 3543 1485 3597 tibi
1501 3559 1522 3595 :

288 3638 351 3693 Et
381 3641 564 3693 anima
590 3657 702 3694 mea
727 3655 884 3710 quam
925 3637 1211 3692 redemisti.

222 3729 263 3784 C
291 3729 475 3795 Labia,
511 3745 574 3785 os
611 3730 884 3785 interioris
920 3728 1154 3784 hominis
1180 3727 1344 3782 dicit:
1382 3726 1545 3781 habet
1571 3726 1719 3782 enim

159 3831 372 3878 stmens
409 3837 596 3878 vocem
647 3837 822 3887 suam,
865 3837 967 3892 qua
1015 3821 1176 3876 tacite
1203 3819 1403 3875 clamat
1447 3820 1514 3873 ad
1541 3819 1720 3873 Domi-

161 3928 279 3967 nnm
308 3929 483 3969 suum.
513 3912 721 3969 Gaudet
753 3927 884 3983 ergo
911 3912 1089 3966 anima
1119 3927 1236 3976 sua,
1268 3925 1387 3980 qua:
1415 3924 1474 3964 sc
1508 3909 1718 3963 redem-

162 4015 299 4072 ptam
322 4003 739 4074 mitescit
761 4021 777 4060 :
801 4013 860 4059 ut
886 4003 1030 4059 enim
1055 4003 1122 4058 de
1157 4001 1312 4057 labiis
1340 4000 1532 4055 anima:
1560 3998 1719 4054 intelo

163 4094 360 4164 ligeres,
393 4095 592 4166 adjecit
615 4105 670 4150 et
691 4095 870 4150 anima
901 4110 1039 4158 mea,
1067 4103 1174 4148 etc.

164 4207 228 4262 26
297 4209 395 4264 Sed
419 4221 466 4265 et
492 4210 672 4282 lingua
704 4225 820 4264 mea
851 4219 956 4264 tota
977 4209 1063 4263 die
1094 4208 1430 4263 meditabitur
1449 4205 1718 4276 justitiam

361 4311 500 4356 tuam
516 4318 535 4357 ἔ

297 4391 418 4448 Cum
447 4394 653 4464 confusi
684 4403 735 4450 et
759 4393 961 4448 reveriti
990 4391 1183 4461 fuerint
1210 4391 1300 4461 qui
1316 4401 1555 4461 quau-unt
1580 4388 1719 4444 mala

362 4484 506 4539 mihi.

231 4573 274 4629 C
321 4574 654 4634 Meditabitur
722 4589 854 4633 tunc
903 4579 1081 4649 lingua
1125 4580 1315 4632 laudes
1365 4577 1572 4631 Domini
1626 4591 1720 4645 per

172 4677 321 4719 omne
364 4675 581 4739 tempus,
613 4669 833 4740 quando
862 4684 1082 4740 regnum
1107 4670 1223 4738 ejus
1267 4671 1322 4724 in
1356 4667 1442 4722 illa
1476 4682 1720 4723 resurre-

173 4752 342 4807 Ctione
378 4761 690 4830 perceperit.
743 4757 961 4812 Duobus
1004 4759 1178 4814 modis
1226 4756 1624 4815 confunduntur
1665 4764 1722 4810 et

177 4851 468 4901 tererentur
512 4847 761 4913 inimici,
813 4848 1027 4917 quando
1073 4856 1166 4902 aut
1211 4849 1298 4903 hic
1345 4847 1717 4917 ptenitentiam

178 4943 379 5002 gerunt,
403 4949 487 4993 aut
507 4950 656 4998 certe
690 4940 745 4995 in
775 4940 1007 4994 adventu
1035 4939 1150 5005 Dei,
1177 4941 1300 4996 dum
1333 4938 1421 4992 illa
1453 4939 1564 4994 suis
1591 4954 1721 4993 ocu-

181 5025 238 5080 lis
265 5029 522 5088 manil‘esta
545 5034 770 5097 vident,
804 5047 924 5100 qua:
953 5033 1065 5087 ﬁeri
1098 5047 1201 5088 non
1229 5032 1541 5089 credebant.
1570 5031 1720 5085 Tunc

181 5121 298 5187 ergo
367 5134 548 5180 securae
625 5123 1015 5181 exsultationis
1078 5133 1284 5194 tempus
1349 5132 1430 5176 est
1497 5125 1718 5183 sanctis,

180 5211 378 5277 quando
413 5213 511 5281 iam
553 5219 737 5273 locum
784 5213 1157 5269 dominationis
1203 5214 1354 5286 impii
1411 5230 1515 5270 non
1559 5214 1724 5269 habe-

180 5302 314 5356 bunt.

1748 4453 1803 4513 D

1817 3155 1952 3210 Nam
1981 3165 2036 3212 et
2068 3157 2110 3211 si
2140 3173 2343 3227 pauper
2374 3159 2667 3227 superbiat,
2701 3176 2807 3214 non
2849 3168 2929 3214 est
2957 3161 3050 3215 Dei
3092 3176 3312 3230 panper,
3345 3171 3398 3216 et

1818 3248 1862 3303 si
1888 3247 2128 3318 locuples
2156 3247 2516 3303 humilitatem
2543 3249 2751 3318 diligat,
2778 3265 2881 3304 non
2912 3259 2992 3305 est
3016 3251 3195 3305 smculi
3221 3251 3394 3316 dives,

1815 3338 2121 3393 voluntates
2145 3337 2288 3392 enim
2307 3337 2849 3408 taliuminspiciendae
2878 3348 3019 3404 sunt,
3050 3356 3155 3395 non
3180 3341 3399 3396 nomina

1817 3427 1851 3481 5
1958 3425 2262 3497 Suscipiant
2284 3437 2481 3482 montes
2502 3444 2680 3499 pacem
2708 3427 2898 3498 populo
2931 3443 2950 3483 :

1969 3517 2037 3570 Et
2066 3517 2222 3572 colles
2240 3517 2522 3587 justitiam.

1890 3610 1932 3664 C
1966 3609 2070 3662 Per
2104 3616 2314 3664 montes
2361 3609 2740 3680 signiﬁcantur
2765 3610 2992 3680 apostoli
3017 3620 3070 3665 et
3105 3613 3415 3681 prophetae;

1817 3699 1908 3770 qui
1941 3715 2146 3768 pacem,
2185 3701 2235 3754 id
2260 3710 2341 3755 est
2386 3701 2658 3756 Christum
2685 3702 3004 3771 suscipiunt,
3037 3703 3176 3758 ﬁdeli
3205 3703 3401 3772 populo

1818 3791 2240 3860 prtedicandnm.
2279 3791 2456 3846 Colles
2481 3793 2610 3848 dicit
2642 3801 2866 3848 eteteros
2896 3794 3101 3856 beatos,
3137 3796 3227 3862 qni
3259 3805 3403 3848 recte

1816 3882 2068 3936 videntur
2121 3882 2334 3937 Domini
2386 3885 2681 3953 prmdicare
2735 3887 3005 3940 mandata.
3058 3885 3125 3939 Et
3153 3885 3402 3939 Christus

1815 3972 2027 4042 justitia
2054 3973 2272 4037 dicitur,
2311 3975 2565 4042 quoniam
2604 3975 2872 4030 diabolum
2901 3990 2998 4044 per
3024 3973 3290 4044 justitiam
3312 3975 3398 4028 vi-

1819 4063 1895 4118 cit
1923 4063 2094 4133 magis
2130 4078 2290 4132 quam
2341 4079 2436 4134 per
2476 4065 2793 4134 potentiam,
2823 4073 2878 4119 et
2897 4066 3084 4119 orbem
3110 4063 3404 4135 judicatin

1814 4154 2044 4224 iustitia.

1820 4245 1855 4299 4
1963 4247 2234 4301 Judicabit
2273 4261 2524 4316 pauperes
2551 4245 2750 4315 populi.
2779 4245 2844 4301 Et
2875 4246 3045 4302 salvos
3084 4247 3240 4317 faetet
3261 4247 3402 4315 [ilics

2028 4355 2315 4408 pauperum
2347 4350 2366 4388 :

1967 4430 2031 4484 Et
2051 4429 2345 4484 humiliabit
2367 4427 2846 4484 calumniatorem.‘

1895 4523 1937 4578 C
1977 4521 2246 4590 Pauperes
2291 4520 2514 4591 populi,
2562 4521 2615 4575 id
2667 4529 2749 4574 est
2778 4521 3006 4578 humiles
3033 4522 3249 4592 spiritu,
3277 4533 3405 4578 sunt

1827 4613 2075 4686 apostoli.
2108 4613 2230 4668 Filii
2251 4628 2380 4668 vero
2408 4626 2728 4683 pauperum,
2750 4611 2844 4666 ﬁlii
2872 4623 2999 4669 sunt
3022 4614 3290 4678 Ecclesiae,
3305 4628 3403 4682 per

1825 4707 2192 4778 apostolorum
2245 4706 2682 4777 prmdicationem
2731 4707 2786 4761 in
2818 4707 3036 4762 Christo
3077 4709 3398 4776 regenerati.

1825 4795 2214 4860 Calumniator,
2243 4796 2509 4858 diabolus,
2552 4796 2756 4852 Christi
2800 4797 3042 4865 potentia
3068 4795 3400 4850 humiliatus.

1824 4884 2194 4942 Calumniator
2221 4885 2419 4955 quippe
2445 4885 2655 4942 dicitur
2675 4895 2730 4940 et
2763 4892 2870 4948 est,
2910 4885 2998 4953 qui
3045 4883 3407 4939 innocentiam

1824 4979 2076 5045 alienam,
2107 4980 2160 5034 in
2196 4985 2403 5032 reatum
2456 4975 2665 5034 nititur
2705 4973 2966 5042 exquisita
3015 4971 3408 5028 machinatione

1825 5073 2158 5141 perducere,
2205 5068 2348 5137 quod
2394 5066 2688 5126 diabolum
2729 5067 2797 5121 ab
2837 5065 2990 5120 initio
3026 5061 3201 5119 saeculi
3238 5073 3409 5125 usque

1829 5163 1884 5217 in
1916 5163 2074 5217 ﬁnem
2104 5165 2318 5216 constat
2346 5157 2546 5212 facere.

1829 5252 1865 5306 5
1970 5249 2041 5305 Et
2069 5247 2382 5318 permanebit
2407 5261 2524 5299 cum
2543 5256 2673 5306 sole
2697 5257 2741 5302 et
2774 5253 2891 5297 ante
2915 5241 3091 5295 lunam
3120 5253 3136 5290 :

1975 5342 2042 5396 1η
2065 5337 2397 5412 generatione
2422 5341 2862 5407 generationum.
