3986 5412
570 343 667 403 9η

1525 343 1583 398 S.
1621 340 1969 401 BRUNONIS
2003 339 2545 401 llERBlPOLENSlS
2583 342 2887 402 EPISCOPI

3707 345 3817 401 ιη

565 473 694 518 ante
720 461 922 524 lunam,
955 457 1007 515 id
1034 466 1116 516 est
1146 466 1272 516 ante
1297 467 1642 533 censpectum
1672 460 1949 527 Ecclesiae,
1977 474 2136 530 quem
2164 463 2217 522 Α
2241 458 2311 514 12
2383 462 2520 528 Quia
2546 461 2781 518 liberavit
2806 476 3083 532 pauperem
3109 479 3139 515 a
3164 468 3408 533 po'm-te:

570 556 751 612 cordis
779 553 1069 643 luminibus
1091 566 1304 625 semper
1334 560 1641 610 contuetur.
1670 553 1910 611 Ecclesia
1937 553 2080 611 enim
2109 566 2141 608 a

567 646 785 701 Christo
810 642 1013 711 lumen,
1042 642 1185 700 sicut
1210 643 1337 699 luna
1361 660 1393 699 a
1418 645 1552 711 sole,
1575 644 1788 716 recipit.

567 762 601 816 ϐ
703 758 985 815 Descendit
1010 758 1143 814 sicut
1173 757 1350 828 pluvia
1372 760 1428 814 in
1450 757 1611 814 vellus
1646 775 1669 815 .'

697 849 787 906 Et
804 851 947 906 sicut
960 847 1228 906 stillicidia
1253 850 1509 905 stillantia
1530 868 1687 921 super
1712 860 1927 907 terram.

635 942 942 1014 C'Exponit
985 943 1299 1014 mysterium
1345 942 1595 1013 gloriosa:
1647 940 1975 997 Nativitatis.
2005 939 2141 996 Nam

570 1034 830 1088 Dominus
865 1032 1148 1099 virtutum,
1188 1039 1314 1086 ante
1343 1031 1496 1101 cujus
1525 1029 1714 1086 faciem
1759 1038 1902 1084 terra
1944 1038 2143 1085 treme-

516 1174 517 1181 η
571 1125 716 1180 facta
772 1125 1100 1191 concutitur,
1128 1124 1301 1178 voluit
1329 1123 1524 1179 leniter
1569 1124 1621 1178 in
1668 1134 1880 1179 uterum
1906 1123 2145 1194 virgina-

569 1217 705 1282 lem,
733 1216 852 1274 sine
898 1216 1080 1286 aliquo
1128 1214 1359 1285 strepitu
1413 1223 1669 1284 tanquam
1692 1214 1869 1283 pluvia
1898 1213 1948 1267 in
1974 1212 2144 1268 vellus

569 1324 742 1380 agnae,
774 1303 1187 1363 descendere}!
1213 1305 1378 1360 Arida
1406 1304 1548 1361 enim
1593 1312 1712 1360 erat
1742 1313 1884 1359 terra
1922 1304 2143 1359 humani

570 1401 831 1471 corporis,
875 1414 996 1454 cum
1037 1397 1408 1463 advenit,nec
1436 1395 1600 1450 ullum
1626 1396 1859 1450 fructum
1889 1394 2146 1449 exhibere

570 1501 783 1561 poterat
808 1489 1133 1557 sanctitatis,
1158 1489 1255 1545 sed
1275 1489 1387 1558 ipse
1413 1502 1549 1546 eam.
1576 1487 1863 1542 stillicidiis
1891 1487 2147 1562 praedica-

575 1582 737 1640 tionis
764 1590 881 1639 sua!
912 1583 1279 1648 l'ecundatam,
1322 1581 1544 1636 aeternis
1582 1578 1849 1634 fructibus
1880 1578 2141 1647 implevit.

564 1676 603 1729 7
713 1675 927 1731 Orictur
964 1676 1020 1731 iu
1057 1674 1240 1730 diebus
1274 1673 1394 1745 (ejus
1446 1670 1656 1742 iustitia
1707 1680 1755 1725 et
1820 1668 2145 1725 abundantia

781 1767 924 1836 pacis
952 1781 974 1822 :

714 1855 885 1912 Donec
908 1856 1183 1927 auferatur
1206 1855 1355 1911 luna.

637 1948 966 2016 COrietur,
1013 1964 1082 2004 ex
1148 1958 1389 2020 tempore
1461 1954 1663 2004 sancta:
1723 1945 2139 2009 incarnationis,

566 2041 783 2109 quando
832 2047 1130 2111 eratpartu
1158 2038 1386 2111 virginis
1410 2038 1710 2093 nascitura.
1749 2035 1967 2091 Iustitia
1998 2035 2141 2089 enim

565 2130 789 2186 verbum
832 2138 915 2187 est
962 2130 1157 2188 Patris.
1180 2131 1525 2188 Abundantia
1551 2144 1680 2186 vero
1714 2130 1863 2200 pacis
1886 2137 1989 2193 est,
2013 2128 2139 2183 dum

568 2219 1209 2291 religio’Citristianorum
1240 2229 1355 2276 toto
1378 2221 1512 2277 orbe
1540 2219 1814 2275 dilatatur.
1840 2218 2021 2274 Donec
2041 2234 2140 2273 au-

568 2310 803 2378 feratur,
830 2311 883 2366 id
906 2319 1010 2379 est,
1032 2312 1324 2368 extallatur
1349 2311 1496 2378 luna,
1536 2311 1587 2366 id
1616 2320 1722 2376 est,
1747 2310 1983 2379 quandiu
2017 2324 2144 2380 pro-

566 2402 818 2458 tendatur
845 2412 899 2458 et
937 2403 1502 2476 augeatur‘Eccle‘sia,
1535 2402 1622 2458 vel
1670 2417 1954 2473 quousque
2003 2415 2141 2473 prie-

564 2497 957 2554 dcstinatorum
988 2513 1244 2554 numerus
1270 2497 1630 2567 compleatur.

564 2588 598 2643 8
703 2586 773 2641 Et
801 2588 1158 2641 dominabitur
1178 2604 1211 2640 a
1240 2588 1375 2640 mari
1394 2602 1556 2656 usque
1576 2592 1645 2639 ad
1667 2602 1811 2640 mare
1839 2597 1861 2638 :

689 2678 775 2734 'Et
816 2698 848 2733 a
878 2679 1095 2750 flumine
1137 2694 1297 2749 usque
1335 2677 1403 2733 ad
1444 2678 1691 2732 terminos
1718 2692 1779 2732 -ι-
1813 2675 1950 2729 orbis
1984 2673 2000 2743 ξ
2033 2686 2137 2728 ter-

775 2787 976 2825 rarum.

634 2863 680 2918 Η
709 2864 1105 2930 Dominabitur,
1135 2871 1305 2919 totum
1346 2863 1487 2918 hunc
1528 2862 1785 2917 mundum
1816 2861 2140 2932 acquisitum

561 2973 670 3018 sua
689 2956 939 3027 passione
974 2965 1136 3026 atque
1174 2953 1475 3025 subjectum
1508 2950 1983 3009 Clu-isto‘Dontino
2010 2950 2146 3005 Pro-

561 3047 725 3115 pheta
774 3054 1021 3101 testatur.
1054 3044 1097 3101 C
1134 3044 1176 3099 A
1211 3044 1450 3108 ﬂumine,
1483 3042 1691 3098 scilicet
1711 3040 1964 3107 Iordane,
2003 3042 2143 3095 unde

561 3152 661 3207 per
688 3145 855 3192 totum
885 3136 1071 3193 orbem
1110 3144 1382 3191 terrarum
1420 3132 1770 3189 saluberrima
1803 3132 1983 3203 regula
2014 3131 2140 3201 bap-

564 3227 801 3282 tismatis
844 3227 1145 3291 emanavit;
1192 3224 1416 3297 pulchra
1464 3222 1681 3293 quidem
1742 3222 2144 3287 brevit.ts,.sed

565 3317 801 3389 ingentia
829 3316 982 3373 nobis
1008 3325 1349 3372 sacramenta
1370 3312 1647 3385 .prol'udit.

562 3430 597 3485 9
684 3429 901 3485 Coram
925 3429 1016 3485 illo
1040 3429 1311 3500 procidant
1335 3427 1612 3498 Ethiopes
1634 3444 1655 3482 :

703 3518 771 3574 Et
798 3519 997 3574 inimici
1034 3519 1152 3588 ejus
1183 3527 1377 3573 terram
1408 3516 1627 3587 lingent.

632 3609 675 3665 C
702 3608 1007 3678 .‘Ethiopes,
1055 3608 1314 3665 debemus
1352 3616 1669 3678 peccatores
1711 3609 2016 3672 advertere,
2049 3607 2139 3677 qui

561 3712 690 3759 ante
720 3703 875 3758 illum.
895 3702 1207 3772 procidunt,
1250 3703 1468 3772 quando
1494 3718 1554 3758 se
1597 3702 1928 3773 pwnitentitc
1965 3703 2142 3757 ltnmi-

561 3795 712 3851 litate
732 3802 1111 3865 prosternunt.
1129 3793 1336 3848 Inimici
1360 3790 1554 3857 .lndtci,
1573 3791 1661 3862 qui
1688 3802 1887 3847 terram
1910 3792 2138 3862 lingenl,

559 3887 615 3941 id
635 3894 739 3952 est,
771 3895 973 3941 terram
993 3883 1231 3955 sapiunt,
1255 3893 1311 3939 et
1334 3883 1607 3940 Christum
1631 3898 1735 3938 non
1764 3883 2013 3947 credunt,
2039 3883 2139 3938 hoc

558 3976 703 4033 enim
730 3975 870 4046 sapit
897 3973 1271 4044 unusquisque
1297 3973 1442 4045 quod
1472 3972 1646 4044 lingit.
1681 3972 1806 4027 Illos
1835 3981 2016 4027 autem
2045 3969 2139 4027 Ju-

558 4069 705 4126 dceos
730 4068 1005 4141 intelligit,
1048 4068 1145 4140 qui
1175 4068 1230 4124 in
1266 4083 1361 4124 sua
1391 4066 1690 4140 pertinacia
1722 4067 2134 4137 permanebunt.

557 4177 631 4233 1-0
691 4176 867 4250 Βεθεσ
898 4177 1115 4233 Tharsis
1141 4187 1189 4233 et
1226 4176 1415 4233 insula:
1442 4190 1659 4231 munera
1693 4176 1943 4247 offerent:

702 4268 861 4339 Reges
888 4268 1121 4324 Arabum
1146 4277 1194 4322 et
1224 4267 1366 4324 Saba
1393 4268 1533 4321 dona
1567 4267 1847 4320 adducent.

626 4359 674 4415 C
696 4359 878 4430 Reges
903 4376 1033 4433 ergo
1052 4360 1100 4415 Τ
1107 4360 1303 4425 harsis,
1353 4359 1406 4414 id
1451 4368 1556 4425 est,
1584 4358 1953 4415 dominatores
1972 4358 2138 4414 vitio-

555 4466 680 4508 rum
706 4450 845 4505 dona
871 4448 1103 4506 oderunt
1130 4450 1258 4513 Deo,
1292 4449 1507 4520 quando
1549 4449 1597 4503 ei
1628 4448 2135 4519 probantnrtanimo

557 4541 763 4598 servire
782 4542 997 4597 devoto.
1030 4541 1223 4596 Insula:
1263 4555 1392 4595 vero
1417 4550 1564 4607 sunt,
1587 4540 1678 4610 qui
1706 4539 2130 4595 circumﬂuentia
2163 4530 2207 4591 Ι)

479 4618 489 4632 ’
556 4632 744 4689 mundi
766 4633 925 4701 vitia,
960 4649 990 4686 a
1036 4632 1150 4687 suis
1184 4632 1515 4702 corporibus
1554 4631 1927 4686 excluserunt.
1958 4631 2134 4701 [teges

555 4721 798 4778 Arabum
821 4730 965 4788 sunt,
993 4722 1086 4793 qui
1116 4719 1481 4776 blandimenta
1525 4736 1811 4790 corporum
1844 4721 2135 4791 subjiciunt

559 4814 748 4883 rigidae
776 4814 1090 4885 disciplinae.
1146 4811 1287 4868 Saba
1325 4812 1525 4882 .(unde
1580 4811 1799 4884 Sabmi)
1855 4813 1981 4867 dicti
2008 4822 2136 4867 sunt

556 4920 767 4973 «mines,
794 4910 885 4976 qnl
916 4907 1056 4961 dona
1110 4904 1367 4959 virtutum
1416 4902 1651 4958 olferttnt
1704 4903 1814 4959 Deo
1859 4904 2131 4972 suaviora,

556 5011 719 5065 quam
745 5009 864 5065 qua:
890 4995 943 5050 in
974 4994 1064 5050 illa
1095 5002 1239 5049 terra
1267 5001 1394 5049 sunt
1420 5000 1664 5048 aromata
1692 4991 1984 5051 redoleant.

556 5107 619 5163 Η
692 5088 769 5161 Et
792 5107 1084 5185 adorabunt
1111 5121 1229 5161 eum
1265 5122 1442 5162 omnes
1473 5121 1614 5176 reges
1637 5120 1656 5159 :

691 5198 890 5256 Omnes
918 5208 1093 5272 gentes
1115 5201 1335 5255 servient
1358 5201 1426 5255 ei.

624 5308 666 5363 C
691 5306 798 5363 Per
815 5322 1003 5366 omnes
1035 5323 1214 5379 reges,
1242 5318 1468 5365 cunctas
1494 5305 1664 5363 voluit
1692 5306 1940 5364 nationes
1978 5302 2136 5359 intel-

2388 552 2454 606 Et
2474 570 2771 624 pauperem,
2801 554 2885 608 cui
2913 569 3015 608 non
3036 563 3149 608 erat
3176 554 3412 623 adjutor.

2312 642 2354 699 C
2374 642 2649 699 Liberavit
2671 659 2980 714 pauperem,
3015 642 3065 698 id
3105 654 3209 709 est,
3243 645 3452 700 lidelem
3478 644 3763 716 populum,
3789 665 3820 704 ι

2242 739 2459 804 potente
2487 732 2718 798 diabolo,
2753 742 2804 787 et
2834 746 3149 803 pauperem,
3174 734 3260 787 cui
3293 749 3400 788 non
3426 745 3545 788 erat
3578 736 3819 806 adjutor,

2190 820 2197 824 ’
2243 823 2369 892 quia
2396 824 2689 878 humanum
2714 837 2882 894 genus
2909 824 2976 879 ad
3002 823 3264 880 idolorum
3293 823 3560 879 culturam
3603 841 3664 881 se
3687 843 3821 882 con-

2245 915 2463 971 tulerat.
2496 915 2563 971 Et
2591 915 2723 985 quid
2770 916 2838 971 ab
2883 916 2966 971 eis
3002 914 3247 985 adjuvari
3289 924 3562 987 poterant,
3601 918 3696 987 qui
3746 920 3824 975 τοι

2244 1019 2462 1061 sensum
2488 1006 2753 1076 pecudum
2783 1020 2889 1061 non
2912 1004 3218 1061 habebant?

2247 1096 2316 1151 15
2388 1095 2576 1150 Parcet
2603 1095 2822 1167 pauperi
2847 1106 2896 1151 et
2929 1095 3116 1167 inopi:

2387 1185 2454 1241 Et
2476 1190 2682 1242 animas
2700 1203 2986 1259 pauperum
3008 1189 3183 1243 salvas
3206 1189 3384 1259 faciet.

2314 1277 2357 1332 C
2384 1276 2519 1332 Cum
2558 1276 2692 1331 dicit
2719 1286 2924 1347 parcet,
2966 1277 3295 1348 generaliter
3337 1295 3528 1335 omnes
3575 1281 3828 1339 homines

2245 1376 2557 1439 peccatores
2570 1367 2835 1432 ostendit;
2864 1366 2969 1424 illis
2985 1368 3129 1425 enim
3154 1371 3415 1440 parcitur,
3441 1372 3531 1441 qui
3560 1373 3615 1427 in
3642 1374 3826 1445 aliquo

2244 1470 2397 1516 reatu
2426 1461 2757 1517 detinentur.
2787 1460 2892 1532 Ipsi
2919 1469 3099 1518 autem
3123 1461 3257 1518 salvi
3288 1463 3440 1530 tiunt,
3467 1465 3561 1536 qui
3595 1482 3821 1537 regnum

2247 1556 2341 1612 Dei
2381 1557 2752 1627 possidebunt.

2247 1651 2314 1707 ﬂ
2388 1652 2473 1706 Ex
2494 1653 2669 1706 usuris
2693 1660 2741 1706 et
2769 1653 3044 1724 iniquitate
3069 1653 3283 1708 redimet
3309 1654 3511 1709 animas
3536 1670 3718 1708 eorum
3739 1669 3758 1707 :

2388 1741 2458 1795 Et
2487 1741 2791 1796 honorabile
2813 1758 2996 1797 nomen
3021 1758 3201 1797 eorum
3231 1758 3406 1796 coram
3438 1743 3552 1797 illo.

2170 1817 2219 1878 Β
2314 1830 2355 1887 C
2386 1830 2559 1887 Usura
2594 1832 2662 1885 ab
2690 1845 2788 1885 usu
2820 1846 3015 1887 nomen
3045 1832 3278 1901 accepit,
3322 1848 3444 1903 qua:
3472 1834 3696 1889 creditae
3733 1850 3825 1903 pe-

2242 1922 2414 1977 cunia:
2439 1929 2695 1991 procurat
2723 1937 2939 1992 semper
2971 1932 3337 1995 augmentum.
3384 1922 3478 1979 Sic
3503 1925 3556 1978 in
3584 1927 3824 1994 peccatis

2241 2013 2547 2068 viventibus
2576 2028 2739 2068 usura
2787 2014 2987 2070 crescit
3029 2015 3320 2080 malorum,
3346 2016 3566 2086 quando
3594 2018 3743 2085 quod
3773 2018 3821 2070 in

2242 2103 2523 2174 temporali
2550 2104 2960 2160 conversatione
2983 2105 3322 2175 delinquunt,
3354 2106 3409 2159 in
3447 2115 3653 2160 :cterna
3681 2108 3824 2161 cala-

2240 2193 2429 2249 mitate
2454 2192 2746 2263 recipiunt.
2790 2194 2873 2250 Ab
2912 2194 3032 2250 istis
3073 2210 3202 2265 ergo
3228 2194 3410 2250 usuris
3434 2195 3740 2251 liberantur
3768 2199 3823 2250 ti-

2239 2284 2386 2342 deles
2430 2284 2643 2349 animm,
2692 2286 2909 2357 quando
2955 2302 3056 2358 per
3096 2287 3472 2357 paenitentiam
3520 2290 3824 2345 redduntur

2239 2375 2520 2432 absolutaz.
2553 2374 2793 2443 Quorum
2839 2391 3037 2431 nomen
3066 2378 3412 2444 honorabile;
3447 2391 3639 2433 revera
3687 2396 3817 2450 pra.»

2240 2469 2443 2525 clarum
2473 2483 2688 2532 nomen,
2719 2478 2775 2522 ut
2802 2468 3094 2525 Christiani
3123 2470 3392 2535 dicantur,
3424 2478 3481 2525 et
3506 2487 3535 2525 a
3566 2486 3670 2526 suo
3704 2487 3821 2542 rege

2241 2559 2623 2629 resplendeant
2689 2558 2933 2615 vocabuli
2995 2560 3277 2631 dignitate.
3332 2558 3555 2616 Addidit
3618 2562 3816 2624 etiam.

2241 2667 2423 2708 coram
2456 2652 2564 2719 illo,
2591 2652 2644 2707 id
2671 2661 2755 2708 est
2784 2668 2964 2708 coratn
2992 2654 3101 2709 Deo
3126 2654 3379 2724 quoniam
3409 2662 3536 2709 ante
3565 2654 3743 2725 ipsum
3767 2665 3818 2711 et

2242 2744 2295 2798 in
2323 2744 2493 2815 ipsius
2527 2758 2690 2813 regno
2718 2744 2912 2799 victuri
2937 2753 3081 2800 sunt.

2245 2835 2310 2890 15
2382 2834 2451 2889 Et
2473 2836 2599 2889 vivet
2624 2845 2673 2889 et
2696 2835 2912 2890 dabitur
2937 2837 2984 2889 ei
3013 2837 3078 2891 de
3115 2851 3247 2891 auro
3292 2833 3507 2892 Arabiae
3535 2844 3588 2891 et
3617 2837 3815 2890 adorn-

2454 2927 2578 2981 bunt
2607 2927 2672 2981 de
2692 2928 2803 2997 ipso
2828 2943 3060 2999 semper:

2388 3020 2521 3075 Tota
2555 3020 2642 3075 die
2671 3021 2968 3076 benedicent
2997 3020 3065 3076 ei.

2314 3112 2355 3168 C
2383 3111 2516 3167 Nam
2547 3128 2667 3168 cum
2718 3113 2871 3178 dicit,
2912 3120 2968 3169 et
2989 3113 3157 3182 vivet,
3200 3114 3435 3171 ostendit
3460 3115 3817 3171 :eternitatem

2169 3164 2213 3226 α
2244 3202 2467 3265 Christi,
2498 3218 2601 3273 qua
2630 3218 2736 3258 non
2766 3204 2873 3257 vita
2916 3213 3119 3269 creata,
3150 3205 3244 3261 sed
3274 3205 3606 3261 beatitudine
3634 3215 3816 3260 sancta

2243 3293 2478 3351 Trinitas
2510 3296 2661 3352 vivit.
2717 3297 2919 3351 Aurum
2962 3296 3193 3365 Arabiae,
3240 3314 3354 3369 pra:
3400 3300 3616 3353 caeteris
3664 3290 3844 3354 terris.

2241 3386 2413 3442 fertur
2434 3402 2552 3442 esse
2586 3388 2959 3458 purissimum,
3004 3390 3150 3460 quod
3198 3392 3265 3446 ad
3317 3391 3638 3460 sapientiam
3687 3390 3819 3446 bene

2240 3477 2489 3532 refertur.
2525 3476 2567 3530 Η
2592 3475 2900 3533 Oll‘eruntur
2921 3479 3065 3533 enim
3107 3478 3157 3533 ei
3198 3487 3407 3533 mentes
3431 3479 3677 3548 puritate
3703 3496 3820 3533 san-

2239 3578 2347 3632 Cta,
2385 3576 2638 3637 tanquam
2662 3582 2853 3621 aurum
2882 3566 3172 3622 Arabicum
3203 3566 3487 3637 splendore
3515 3567 3817 3637 pulcherri-

2239 3673 2329 3711 mo
2357 3656 2659 3712 rutilantes.
2704 3657 2771 3711 Et
2808 3658 3113 3713 adorabunt
3139 3657 3205 3712 de
3234 3659 3371 3728 ipso,
3405 3657 3510 3713 hoc
3537 3658 3606 3712 ad
3629 3658 3819 3712 huma-

2240 3749 2464 3802 nitatem
2520 3748 2686 3816 ipsius
2723 3757 2936 3803 constat
2975 3748 3188 3813 rel‘erri,
3235 3748 3453 3818 quando
3477 3763 3578 3803 ore
3603 3749 3817 3818 proprio

2238 3837 2691 3907 quemadmodum
2728 3848 2982 3894 oraretur
3022 3837 3277 3893 instituit.
3326 3836 3462 3893 Tota
3510 3838 3621 3900 die.
3655 3839 3815 3892 totius

2238 3930 2361 3985 vita:
2393 3940 2593 3985 nostrae
2613 3938 2826 4001 tempus
2855 3932 3112 3987 ostendit.

2238 4020 2307 4076 16
2378 4021 2492 4076 Erit
2523 4022 2907 4091 ﬁrmamentum
2933 4024 2989 4079 in
3020 4033 3163 4078 terra
3186 4039 3207 4079 :
3229 4025 3282 4078 in
3318 4024 3539 4077 summis
3560 4023 3811 4076 montium

2429 4114 2869 4182 superextolletur
2885 4131 3041 4185 super
3063 4114 3599 4184 Libanumerut-tus
3618 4114 3738 4184 ejus
3766 4114 3787 4183 ζ

2379 4206 2449 4262 Et
2482 4207 2738 4279 florebunt
2764 4209 2829 4262 de
2855 4208 3061 4263 civitate
3081 4210 3212 4262 sicut
3238 4207 3415 4276 fenum
3438 4216 3621 4261 terrae.

2306 4297 2349 4355 C
2380 4299 2805 4354 Firmamentum
2849 4300 3112 4354 montium
3162 4297 3412 4355 Christus
3452 4308 3559 4352 est.
3588 4298 3809 4352 Summa

2235 4393 2498 4449 montium
2534 4390 2911 4447 excellentiam
2943 4390 3212 4461 significat
3234 4390 3639 4460 prophetarum.
3659 4388 3704 4443 ll
3722 4388 3809 4442 Su.

2234 4486 2643 4558 perestolletur,
2673 4483 2882 4540 scilicet
2934 4484 3110 4555 gratia
3135 4482 3403 4553 baptismi,
3440 4496 3605 4551 super
3629 4497 3811 4537 omnis

2233 4576 2548 4632 altitudines
2562 4574 2878 4643 sateuli,per
2899 4589 3058 4643 quam
3083 4582 3302 4644 peccata
3337 4568 3673 4626 tolluntur.C
3699 4569 3811 4623 Flo.

2235 4668 2430 4722 rebunt
2470 4681 2602 4737 ergo
2626 4666 2693 4722 de
2717 4665 3108 4736 civitatejusti,
3143 4665 3195 4720 id
3217 4672 3300 4719 est
3325 4664 3391 4719 de
3419 4663 3663 4719 Ecclesia
3697 4662 3807 4721 Dei.

2233 4761 2374 4817 sicut
2396 4760 2609 4827 fenum;
2639 4760 2792 4831 cujus
2814 4770 2944 4816 aetas
2967 4777 3073 4816 non
3096 4769 3446 4830 comparatur
3467 4761 3696 4821 sanctis,
3719 4758 3808 4813 sed

2234 4851 2428 4907 decora
2454 4851 2718 4907 viriditas.
2762 4852 2829 4906 Et
2868 4851 3074 4921 inspice
3100 4852 3243 4921 quod
3290 4850 3444 4915 dicit,
3482 4851 3549 4906 de
3590 4850 3808 4905 civitate

2234 4941 2521 5006 ﬂorebunt,
2552 4958 2659 4996 non
2689 4942 2742 4996 in
2771 4941 3009 5002 civitate,
3035 4940 3161 5010 quia
3191 4939 3258 4993 de
3279 4938 3380 4994 ista
3408 4932 3627 4994 civitate
3654 4938 3808 5007 hujus

2232 5031 2415 5087 saeculi
2443 5031 2754 5097 laborando,
2796 5031 2847 5086 in
2886 5030 2982 5086 illa
3018 5029 3285 5086 ﬂorebunt
3315 5029 3652 5085 beatitudine
3677 5042 3806 5083 sem-

2233 5123 2444 5193 piterna
2474 5122 2806 5177 coronando.

2236 5212 2303 5267 17
2376 5210 2456 5266 Sit
2486 5228 2671 5265 nomen
2696 5210 2810 5280 ejus
2841 5226 2902 5267 -t—
2937 5213 3259 5268 benedictum
3287 5214 3309 5282 ξ
3342 5211 3397 5265 in
3427 5210 3622 5267 secula
3646 5222 3665 5261 :

2378 5304 2513 5357 Ante
2536 5302 2695 5356 solem
2717 5314 2988 5372 permanet
3021 5320 3204 5357 nomen
3229 5302 3365 5373 ejus.

2311 5395 2349 5412 Π
2389 5394 2466 5412 (ν’.

3549 5399 3800 5412 ΑΑΑΑ-Δ---Δ
