3986 5412
183 231 291 290 273

1390 221 1733 283 EXPOSITO
1776 224 2223 287 PSALMORUM.

3360 235 3464 293 τη

181 344 278 399 Dei
301 342 523 407 Filium,
543 337 891 412 temporalem
910 336 1105 407 aliquis
1121 334 1430 408 blaspliema
1446 336 1775 409 cogitatione
1804 338 1849 398 Α
1878 335 1993 406 ejus
2030 341 2244 396 animus
2278 340 2645 413 discrepabat.
2696 339 2933 399 Cressus
2980 343 3253 416 signiﬁcat
3305 359 3462 409 actus

178 436 442 489 sentiret.
473 430 681 486 Nomen
706 440 885 484 autem
909 430 1112 483 dictum
1136 437 1255 495 est,
1282 428 1425 497 quod
1450 437 1633 483 nolam
1661 441 1773 482 rem

178 526 370 580 faciat.
402 524 470 578 Et
500 524 591 578 hic
621 522 825 586 solem,
865 535 963 590 pro
992 521 1247 575 omnibus
1284 518 1553 574 creaturis
1591 516 1775 587 ponit,

177 618 445 687 quoniam
506 614 890 684 conspectibus
950 611 1153 667 nostris
1208 612 1415 683 gratior
1467 608 1773 672 illucescit,

175 712 270 765 ubi
301 718 355 765 et
394 708 724 780 sugillantur
767 706 1108 778 philosophi,
1149 706 1244 776 qui
1289 705 1457 761 solem
1500 704 1776 776 ponebant

163 800 472 855 aeternum.
744 844 745 847 η

176 890 248 947 18
324 889 394 944 Et
423 890 796 945 benedicentur
826 890 879 945 in
911 891 1023 959 ipso
1050 901 1113 945 -ι-
1142 904 1318 942 omnes
1348 885 1511 941 tribus
1540 894 1694 940 terra:
1726 886 1749 957 ζ

324 982 524 1037 Omnes
557 995 732 1053 gentes
760 981 1175 1053 magniﬁcabunt
1205 997 1347 1035 eum.

126 1070 133 1135 ἶ
248 1074 291 1130 C
330 1075 399 1129 Et
424 1076 821 1131 benedicentur
847 1075 900 1130 in
933 1075 1069 1145 ipso,
1102 1074 1333 1128 Domino
1360 1072 1614 1128 videlicet
1642 1070 1769 1127 Jesu

174 1168 420 1225 Christo.
454 1170 591 1226 Cum
621 1171 755 1226 dicit
781 1168 1233 1241 magniﬁcabunt,
1263 1167 1559 1223 laudabunt
1586 1156 1772 1236 utique

174 1261 469 1333 signiﬁcat.
503 1260 678 1317 Aliter
706 1262 853 1316 enim
898 1259 1237 1332 magiiilicari
1282 1275 1393 1315 non
1438 1258 1769 1329 potest,cui

170 1371 367 1411 omnes
393 1355 744 1410 summitates
772 1354 1108 1409 deserviunt.

173 1447 243 1505 l9
316 1448 636 1503 Benedictus
665 1447 955 1514 Dominus,
986 1445 1127 1501 Deus
1164 1442 1389 1501 Israel:

319 1539 427 1605 Qui
464 1540 597 1610 facit
629 1538 892 1594 mirabilia
921 1537 1087 1594 solus.

248 1628 289 1685 C
332 1631 473 1685 Deus
504 1629 702 1693 Israel,
740 1629 793 1684 id
825 1638 938 1695 est,
977 1629 1122 1685 Deus
1158 1628 1430 1686 universa:
1469 1636 1630 1685 terra:
1666 1628 1768 1685 be-

176 1727 512 1783 nedicendus
551 1740 768 1798 semper
803 1735 925 1791 est;
967 1726 1058 1796 qui
1097 1725 1227 1780 facit
1261 1725 1530 1782 mirabilia
1580 1725 1759 1793 solus,
1792 1713 1839 1774 Β

171 1821 295 1889 quia
337 1819 486 1875 nullo
528 1820 732 1888 indiget
769 1817 1062 1889 adiutorio.
1117 1816 1255 1873 Nam
1304 1816 1432 1874 licet
1478 1817 1654 1889 angeli
1707 1824 1762 1873 et

173 1912 323 1965 multi
360 1910 494 1978 justi
538 1911 743 1968 faciant
781 1910 1085 1974 mirabilia,
1127 1926 1232 1965 non
1273 1911 1372 1966 soli
1411 1919 1627 1976 tamen,
1666 1909 1761 1966 sed

173 2002 466 2075 adjuvante
502 2004 728 2059 Domino
755 2003 1062 2074 perﬁciunt.
1094 2002 1137 2058 ll
1171 2003 1337 2059 Debet
1367 2018 1499 2060 vero
1525 2003 1610 2060 bis
1633 2002 1760 2075 poni

172 2094 313 2151 Drus
332 2137 348 2161 ,
376 2098 503 2165 quia
537 2107 596 2152 et
623 2097 867 2153 Trinitas
896 2096 949 2152 in
982 2112 1142 2152 versu
1174 2096 1500 2152 ostenditur.

169 2186 235 2243 20
314 2189 378 2242 Et
398 2189 726 2245 benedictum
745 2206 931 2245 nomen
953 2190 1245 2262 majestatis
1265 2190 1380 2261 ejus
1401 2190 1455 2245 in
1470 2190 1721 2246 teternum
1738 2203 1760 2245 :

310 2278 382 2333 Et
415 2281 701 2351 replebitur
726 2282 1002 2354 majestate
1028 2281 1142 2353 ejus
1171 2284 1341 2337 omnis
1376 2292 1517 2339 terra
1544 2300 1563 2339 :

382 2373 499 2443 fiat,
537 2373 661 2443 ﬁat.

234 2462 281 2517 ll
319 2461 677 2519 Benedictum
702 2477 899 2520 nomen
922 2473 1028 2530 est,
1061 2464 1257 2522 scilicet
1286 2465 1415 2537 quia
1441 2465 1510 2523 de
1537 2465 1758 2524 Christo

172 2554 465 2610 Christiani
512 2566 640 2611 sunt
689 2555 871 2624 dicti,
904 2557 1048 2629 quod
1084 2558 1415 2614 vocabulum
1452 2567 1623 2616 totum
1660 2576 1755 2617 or-

170 2646 297 2701 bem
328 2662 487 2702 sacra
520 2649 873 2703 veneratione
900 2648 1208 2719 complevit.
1239 2646 1466 2706 Terram
1491 2651 1639 2706 enim
1666 2650 1757 2708 hic

172 2748 385 2794 sanctos
423 2739 601 2804 dicit,
639 2740 767 2810 quia
807 2739 980 2810 ipsius
1016 2739 1265 2796 claritate
1315 2728 1556 2813 replendi
1603 2751 1752 2799 sunt.

172 2826 412 2895 Optantis
439 2838 528 2885 est
556 2830 739 2887 dicere
770 2830 865 2886 liat
886 2871 902 2897 ,
952 2831 1049 2888 sed
1088 2832 1320 2889 nimium
1355 2829 1750 2904 desiderantis,

173 2919 335 2988 ipsum
368 2930 621 2993 repetere
648 2931 709 2979 et
731 2923 955 2980 dicere:
988 2923 1112 2990 ﬁat,
1147 2923 1267 2980 ﬁat.

615 3029 815 3071 οιιΑτιο
851 3029 921 3070 Εἰ
956 3031 1104 3071 PSAL.
1145 3032 1270 3071 LXXI

234 3103 437 3162 Nomen
472 3114 626 3161 tuum
647 3146 666 3173 ,
693 3107 1040 3178 omnipotens
1069 3105 1243 3177 Deus,~
1261 3115 1390 3164 ante
1420 3117 1617 3167 cuncta
1649 3125 1752 3168 sai-

171 3193 281 3247 cula
327 3195 677 3251 benedictum
724 3196 1073 3263 invocantes,
1113 3213 1334 3254 oramus
1370 3207 1429 3254 ut
1468 3201 1753 3257 humiliato

171 3283 580 3351 calumniatore,
611 3301 800 3357 pacem
830 3287 1031 3358 populo
1048 3286 1425 3359 iustitiamque
1464 3287 1648 3360 largiri
1676 3289 1753 3343 di-

171 3378 361 3450 gneris.
383 3378 493 3436 Per
512 3381 805 3437 Dominum
830 3390 1074 3438 nostrum
1100 3382 1287 3440 Jesum
1317 3383 1593 3441 Christum
1641 3394 1748 3442 etc.

659 3493 984 3553 PSALMUS
1038 3496 1248 3553 LXXII.

564 3600 935 3644 ARGUIENTUI
973 3600 1124 3646 ΡεΔι..
1165 3605 1336 3645 LXX".

232 3672 271 3725 C
306 3672 419 3729 Vox
446 3674 741 3746 Prophetas
775 3677 1100 3734 admirantis
1151 3694 1251 3736 cur
1285 3679 1522 3738 inimicis
1558 3682 1653 3738 Dei
1692 3691 1750 3738 et

170 3767 379 3837 paganis
403 3770 742 3839 prosperitas
772 3779 921 3827 tanta
953 3772 1188 3829 eveniat.

436 3860 757 3933 Defecerunt
794 3863 977 3920 laudes
1017 3866 1185 3921 David
1212 3866 1317 3937 ﬁlii
1343 3867 1510 3925 Jesse.

653 3955 768 4012 TT.
810 3955 1060 4013 Psalmus
1089 3960 1288 4030 Asaplt.

1882 429 2177 499 humanos,
2208 431 2297 502 qui
2330 448 2497 504 prope
2536 434 2686 489 ell‘usi
2724 445 2884 504 sunt,
2925 452 3050 494 cum
3086 454 3118 494 a
3151 454 3278 497 vera
3315 445 3464 518 cogi-

1881 520 2086 576 tatione
2113 522 2428 594 discrepare
2459 537 2767 595 cmpernut.

1878 608 1912 664 3
2020 610 2158 677 Quia
2200 613 2363 668 zelavi
2393 632 2548 687 super
2575 617 2779 687 irriguos
2802 634 2825 672 :

2022 702 2212 758 Pacem
2248 716 2581 775 peccatorum
2621 709 2818 764 ridens.

1947 791 1989 847 C
2029 792 2224 849 Secuta
2261 803 2345 849 est
2382 812 2545 853 causa
2582 813 2680 853 cur
2715 814 2936 870 gressus
2968 802 3088 874 ejus
3142 806 3461 866 viderentur

1876 881 2108 950 clTundi,
2141 885 2266 955 quia
2298 888 2677 957 peccatoribus
2705 889 3063 963 incongruum
3093 895 3270 952 zelum
3302 899 3454 955 adhi‘

1875 973 1993 1027 huit
2024 984 2083 1029 ut
2111 990 2205 1030 eos
2235 986 2449 1047 putaret
2483 977 2700 1046 felices,
2730 995 2867 1049 quos
2896 991 3104 1038 certum
3137 995 3223 1041 est
3250 997 3456 1043 interna

1875 1064 2221 1123 damnatione
2246 1070 2443 1137 puniri.
2468 1069 2686 1136 Pacem,
2714 1071 2908 1143 inquit,
2933 1084 3276 1144 peccatorum
3295 1118 3311 1146 ,
3336 1094 3458 1150 qua:

1874 1166 2115 1225 putatur,
2151 1159 2246 1214 sed
2283 1176 2469 1215 revera
2507 1178 2613 1217 non
2645 1172 2727 1219 est
2763 1178 2891 1234 pax.
2932 1164 3067 1221 Nam
3104 1182 3227 1223 cum
3267 1184 3459 1240 pecca-

1877 1260 2023 1304 tores
2062 1251 2316 1307 videntur
2356 1253 2683 1323 locupletes,
2724 1266 2779 1311 et
2818 1258 2954 1313 nihil
2988 1275 3109 1315 esse
3153 1261 3207 1316 in
3256 1267 3458 1319 mundo

1873 1338 2016 1407 quod
2049 1340 2303 1405 timeant,
2337 1355 2596 1413 putantur
2626 1347 2826 1402 habere
2850 1364 3068 1419 pacem,
3098 1352 3193 1408 sed
3221 1369 3322 1423 pax
3354 1355 3455 1410 ista

1871 1446 1995 1485 cum
2056 1434 2394 1491 conscientia
2459 1454 2675 1509 semper
2734 1439 2947 1514 litigat,
3014 1452 3070 1501 et
3126 1444 3458 1504 intrinsecus

1873 1522 2085 1577 rixatur
2118 1540 2413 1598 secumque
2444 1530 2712 1586 decertat.

1868 1614 1903 1670 ι
1992 1616 2130 1682 Quia
2159 1635 2261 1674 non
2306 1632 2379 1675 est
2413 1634 2673 1692 respectus
2711 1627 2866 1682 morti
2895 1643 3074 1682 eorum
3104 1641 3127 1680 :

1991 1707 2061 1761 Et
2082 1707 2469 1777 ﬁrmamentum
2495 1714 2548 1768 in
2578 1714 2733 1788 plaga
2763 1734 2965 1772 eorum.

1933 1796 1974 1854 C
2011 1799 2199 1857 Adhuc
2234 1802 2365 1857 dicit
2392 1804 2457 1859 de
2477 1806 2926 1877 prosperitatibus
2971 1809 3295 1881 impiorum,
3320 1813 3448 1883 quis

1859 1905 1965 1945 non
1996 1900 2080 1946 est
2106 1904 2384 1965 respectus
2411 1897 2593 1964 morti,
2633 1897 2687 1954 id
2734 1908 2818 1956 est
2860 1901 2988 1972 quia
3028 1915 3257 1960 mortem
3288 1920 3446 1962 suam

1859 1998 1964 2037 non
1999 1985 2317 2053 praevideut,
2348 1988 2415 2042 ad
2446 1991 2842 2048 emendandum
2867 2008 2926 2050 se
2952 2010 3060 2050 non
3097 2005 3445 2055 convertunt.

1860 2072 1926 2127 Et
1975 2074 2377 2132 ﬁrmamentum
2432 2080 2860 2139 subaudiendum
2919 2101 3026 2142 non
3078 2095 3184 2154 est,
3221 2087 3349 2159 quia
3393 2090 3443 2145 si

1859 2168 2121 2239 contingit
2148 2184 2242 2226 eos
2278 2174 2582 2245 praestringi
2610 2175 2789 2246 aliqua
2829 2177 3179 2245 adversitate,
3228 2196 3335 2236 non
3389 2182 3441 2236 in

1857 2256 1939 2311 eis
1971 2256 2183 2314 videtur
2210 2261 2417 2317 diutina
2439 2279 2760 2335 permanere
2815 2267 3055 2335 tristitia,
3098 2282 3153 2326 et
3183 2272 3305 2327 ideo
3333 2288 3441 2328 non

1858 2349 2042 2406 statim
2075 2352 2143 2407 ad
2173 2354 2440 2411 medicum
2472 2372 2661 2414 verum
2695 2370 3002 2415 recurrunt.

1857 2465 1893 2521 5
2001 2466 2070 2523 In
2096 2467 2272 2525 labore
2303 2471 2574 2527 hominum
2597 2489 2702 2530 non
2731 2485 2852 2530 sunt
2894 2491 2917 2527 :

2004 2559 2073 2615 Et
2098 2577 2216 2616 cum
2238 2562 2535 2621 hominibus
2583 2582 2688 2621 non
2718 2567 3142 2639 ﬂagellabantur.

1927 2648 2276 2719 Cﬂomines,
2305 2653 2393 2710 hic
2446 2664 2664 2713 sanctos
2712 2657 2861 2714 viros
2912 2658 3293 2732 intelligamus,
3340 2660 3434 2732 qui

1856 2751 1912 2799 et
1935 2743 2149 2800 labores
2178 2746 2233 2801 in
2259 2746 2364 2803 hoc
2390 2749 2588 2804 sicculo
2608 2749 2903 2821 sustinent,
2920 2760 2977 2807 et
2999 2751 3211 2808 diversa
3225 2753 3433 2826 ﬂagella

1856 2837 2155 2909 patiuntur,
2189 2846 2249 2893 ut
2282 2841 2511 2896 correcti
2568 2839 2636 2896 ad
2689 2842 2979 2899 Dominum
3036 2845 3281 2913 redeant,
3333 2847 3440 2902 hoc

1854 2928 2233 3000 peccatoribus
2270 2946 2377 2987 non
2409 2933 2678 3002 provenit,
2706 2934 2850 3004 quod
2877 2935 2944 2990 ad
2990 2933 3220 2991 salutem
3275 2937 3439 2992 datur

1855 3020 2084 3088 devotis,
2111 3021 2237 3093 quia
2266 3022 2322 3078 in
2357 3023 2460 3081 hoc
2488 3026 2689 3083 mundo
2725 3041 2991 3098 congruas
3021 3042 3126 3083 non
3169 3028 3438 3098 recipiunt

1855 3113 2109 3172 ultiones.

1854 3204 1888 3260 6
2001 3206 2135 3262 Ideo
2159 3210 2323 3265 tenuit
2343 3226 2431 3266 eos
2450 3210 2695 3282 superbia
2736 3225 2760 3265 :

1997 3299 2179 3371 Operti
2199 3312 2319 3358 sunt
2347 3303 2621 3375 iniquitate
2650 3312 2700 3359 et
2734 3304 3000 3374 impietate
3018 3319 3139 3359 sua.

1920 3389 1964 3445 C
1992 3389 2187 3447 Tenuit
2223 3401 2449 3458 -autem,
2502 3392 2663 3461 dixit,
2701 3392 2756 3448 id
2803 3402 2889 3449 est
2923 3394 3079 3464 quasi
3102 3393 3431 3465 quibusdam

1849 3483 2206 3553 apprehendit
2233 3469 2481 3542 manibus
2506 3500 2602 3542 eos
2639 3483 2915 3557 superbia,
2959 3492 3020 3541 ut
3055 3486 3435 3544 evaderene-

1849 3583 2073 3646 queant.
2098 3574 2235 3632 Dicit
2255 3592 2472 3648 quoque
2495 3578 2793 3632 secundum
2815 3576 2978 3632 aliam
2999 3577 3430 3642 translationem.

1848 3650 2098 3737 superbia
2124 3680 2334 3733 eorum,
2365 3666 2492 3737 quia
2521 3681 2710 3723 revera
2732 3666 2931 3723 diaboli
2953 3675 3060 3734 est,
3083 3665 3426 3723 Ιιοεκιὶιείιιιιε

1849 3770 2184 3832 perpetrare.
2215 3759 2401 3833 Operti
2428 3768 2556 3817 sunt
2601 3760 2908 3832 iniquitate,
2937 3776 3045 3816 non
3080 3761 3217 3817 dixit
3245 3760 3431 3817 amicti

1847 3863 1997 3921 sunt,
2023 3853 2118 3911 sed
2148 3854 2344 3925 operti,
2380 3862 2439 3908 ut
2455 3868 2551 3909 eos
2575 3853 2941 3922 intelligamus
2992 3862 3137 3908 totos
3181 3867 3305 3908 esse
3332 3852 3429 3906 deo

1846 3961 2076 4001 mersos.
2107 3945 2329 4000 Addidit
2355 3943 2657 4015 impietate,
2699 3959 2821 4014 qtue
2871 3944 3135 4001 malorum
3181 3940 3426 3998 omnium

236 4041 278 4095 tt
317 4044 643 4104 Defecerunt
682 4049 872 4106 laudes
905 4051 1076 4105 David
1115 4052 1210 4107 lilii
1249 4051 1432 4119 Iesse,
1474 4055 1541 4109 ad
1580 4056 1743 4111 linem
1843 4036 2107 4108 probatur
2159 4044 2426 4103 extrema.
2484 4034 2745 4104 iniquitas
2798 4033 2958 4090 enim
2986 4033 3272 4088 mediocris
3301 4046 3427 4087 esse

174 4138 543 4207 septuagesimi
587 4141 752 4210 primi
798 4140 992 4213 psalmi
1041 4144 1295 4214 pertinet.
1336 4145 1392 4201 Id
1433 4160 1565 4201 vero
1600 4148 1745 4218 quod

176 4226 434 4295 sequitur,
496 4231 740 4301 psalmus
792 4232 1018 4303 Asaph,
1051 4234 1263 4290 initium
1317 4237 1389 4292 sit
1440 4240 1739 4309 sequentis.

139 4313 142 4317 ’
172 4313 211 4367 ε
244 4316 413 4390 Asaph
451 4336 584 4378 vero
616 4339 888 4395 synagoga
931 4324 1341 4396 interpretatur,
1387 4328 1479 4399 qui
1520 4344 1587 4385 ex
1616 4339 1745 4402 typo

2004 4138 2049 4185 ι.

2004 4140 2049 4185 ι.

1845 4140 2206 4277 ξοωδΡνοάὶιι
2233 4238 2471 4295 quasiet:
2510 4221 2667 4293 adipe
2687 4223 2940 4293 iniquitas
2964 4237 3144 4278 eorum
3190 4236 3210 4275 :

2000 4315 2342 4371 Transierunt
2369 4317 2424 4371 in
2456 4316 2702 4387 affectum
2730 4316 2926 4371 cordis.

176 4423 441 4485 synagoga:
481 4429 581 4486 per
618 4425 795 4472 totum
827 4416 1067 4490 loquitur
1090 4419 1382 4489 psalmum.
1417 4421 1742 4480 Defecerunt

1916 4406 1957 4463 C
1984 4407 2063 4463 Ex
2087 4408 2244 4479 adipe
2277 4407 2521 4478 procedit
2544 4407 2822 4477 iniquitas,
2866 4406 3184 4476 quandohi,
3212 4407 3305 4474 qui
3347 4405 3430 4460 al-

173 4513 292 4556 vero
316 4502 490 4561 laudes
520 4506 716 4574 David,
776 4509 830 4565 id
873 4519 958 4565 est
993 4510 1311 4568 defecerunt
1344 4513 1745 4574 immolationes
1848 4497 2064 4554 ﬂuentia
2087 4498 2369 4569 Praesentis
2399 4497 2584 4554 sai-culi
2610 4505 2903 4570 praestante
2931 4498 3043 4554 Deo
3059 4497 3248 4568 repleti
3277 4508 3426 4562 sum.

177 4593 417 4658 pecudum
442 4606 497 4654 et
526 4598 966 4668 immolationes;
1002 4618 1145 4658 nunc
1174 4605 1417 4677 corporis
1444 4616 1499 4660 et
1525 4608 1744 4679 sanguio

180 4681 257 4736 nis
285 4683 514 4755 Christi,
543 4699 733 4747 sancta
764 4692 979 4762 peragit
1007 4691 1270 4750 Ecclesia.

180 4776 200 4829 l
308 4777 469 4844 Quam
494 4784 653 4841 bonus
682 4784 860 4841 Israel
889 4784 1027 4839 Dens
1046 4828 1060 4850 ,

306 4868 402 4926 His
429 4876 515 4944 qui
542 4889 678 4934 recto
708 4885 838 4933 sunt
870 4877 1069 4932 corde!

238 4956 279 5013 C
311 4959 481 5020 Bonus
516 4968 651 5024 enim
699 4968 887 5031 Deus,
929 4965 1014 5022 his
1051 4970 1147 5039 qui
1186 4979 1334 5028 recto
1372 4982 1498 5029 sunt
1534 4982 1734 5049 corde,

249 5061 378 5144 est,
419 5056 501 5124 qui
534 5074 696 5144 opera
745 5056 876 5128 ejus
917 5058 1094 5144 studio
1133 5063 1355 5133 pietatis
1403 5063 1731 5144 intelligunt.

181 5129 219 5184 ll
249 5132 309 5187 Et
346 5150 459 5191 eum
501 5129 651 5199 visuri
699 5148 878 5203 sunt,
924 5138 1061 5195 sicut
1112 5129 1186 5198 ait
1224 5145 1530 5206 Dominus:
1577 5129 1737 5214 flenti

179 5221 361 5276 mundo
430 5230 578 5286 corde
605 5275 620 5299 ,
677 5226 957 5302 quoniam
1038 5230 1136 5301 ipsi
1216 5236 1387 5290 Deum
1461 5241 1728 5303 videbunt

179 5312 397 5365 (Matth.
450 5333 479 5365 ν
506 5321 542 5365 ὶ,

177 5312 193 5375 (
220 5312 397 5369 llattlt.
450 5333 479 5373 v

1846 4592 1901 4647 in
1923 4592 2105 4649 divina
2131 4592 2466 4648 detractione
2496 4601 2742 4662 peccant.
2773 4590 2978 4663 Pingue
3000 4591 3147 4647 enim
3190 4597 3277 4646 est
3296 4604 3427 4659 pec-

1844 4698 2046 4751 eatum,
2082 4683 2223 4758 quod
2252 4685 2423 4753 magis
2454 4685 2684 4740 arbitrio
2711 4699 2878 4754 quam
2918 4683 3247 4738 necessitate
3277 4696 3429 4737 com~

1844 4778 2099 4834 mittitur.
2134 4776 2457 4832 Peccatores
2487 4776 2825 4833 transierunt
2849 4774 2903 4829 in
2932 4774 3183 4828 allectum
3223 4771 3426 4835 cordis,

1846 4870 1900 4927 id
1923 4878 2031 4937 est,
2058 4876 2399 4930 erraverunt.
2427 4869 2646 4937 quando
2677 4866 2972 4922 insensatis
3016 4865 3183 4921 idolis
3223 4862 3428 4917 servic—

1842 4961 1995 5017 hant.
2023 4961 2067 5019 ll
2105 4961 2203 5018 Vel
2229 4957 2284 5014 in
2310 4956 2591 5026 allectum,
2626 4956 2679 5013 id
2716 4962 2802 5008 est
2824 4950 3338 5025 concupiscentiam,
3368 4961 3432 5006 ut

1842 5068 1999 5110 suam
2022 5071 2127 5113 non
2157 5050 2253 5107 Dei
2284 5050 2524 5106 lacerent
2539 5050 2895 5109 voluntatem.

1841 5145 1875 5201 8
1991 5146 2362 5218 Cogitaeerunt
2389 5149 2436 5192 et
2458 5136 2624 5197 locuti
2646 5149 2767 5197 sunt
2797 5137 3078 5209 nequitiam
3123 5150 3140 5187 :

1982 5236 2323 5309 Iniquitatem
2349 5230 2405 5283 in
2429 5234 2647 5289 excelso
2671 5229 2835 5286 locuti
2866 5238 3012 5282 sunt.

1911 5332 1957 5390 C
1980 5334 2188 5405 Duplex
2232 5327 2433 5384 malum
2457 5338 2546 5387 est
2568 5324 2867 5401 nequitiam
2897 5322 3162 5393 cogitare,
3200 5332 3436 5412 eamque
