3986 5412
1456 297 1515 353 S.
1556 292 1902 355 BRUNONIS
1937 295 2478 356 HERBlPOLENSlS
2508 298 2811 356 EPISCOPI
3659 294 3773 352 27G

2129 413 2184 474 Α
2209 416 2264 464 et
2293 417 2626 472 sanctorum,
2654 410 2744 479 qui
2771 407 3022 464 dixerunt
3047 406 3446 476 etscripserunt
3470 414 3520 461 te
3532 405 3775 461 humana

2205 515 2396 555 curare
2421 509 2476 557 et
2494 499 2700 570 justum
2726 514 2847 557 esse
2879 499 2934 554 in
2958 499 3216 570 praemiis.

2206 594 2275 650 l6
2344 594 2414 649 Et
2435 595 2792 649 existimabam
2823 602 2880 647 ut
2909 607 3269 663 cognoscerem
3292 608 3311 646 :

2350 682 2467 737 Hoc
2486 683 2638 738 labor
2658 693 2732 737 est
2755 695 2875 738 ante
2897 700 2995 737 me.

2280 774 2323 833 ll
2367 774 2466 830 llic
2510 775 2773 846 propheta
2818 773 3094 845 loquitur:
3134 773 3548 838 Existimabam,
3599 771 3655 826 id
3701 780 3785 825 est

2208 875 2579 936 perscrutatus
2606 882 2722 922 sum
2744 877 2963 930 cuncta,
2993 874 3049 920 et
3072 866 3323 936 quamvis
3354 865 3647 928 laboriose,
3672 863 3789 919 exis

2210 957 2424 1013 stimavi
2453 966 2635 1012 tamen
2666 972 2787 1010 cum
2817 957 3095 1027 Apostolo,
3119 956 3262 1026 quod
3289 969 3395 1010 non
3442 962 3572 1009 sunt
3599 952 3790 1008 condi-

2209 1056 2328 1117 gtue
2353 1048 2630 1117 passiones
2682 1045 2839 1114 hujus
2881 1046 3136 1114 temporis
3163 1045 3231 1099 ad
3271 1042 3509 1097 futuram
3559 1039 3792 1111 gloriam

2212 1137 2383 1207 (Rom.
2410 1138 2548 1209 vni).
2583 1137 2623 1192 C
2653 1135 2746 1191 Vel
2792 1137 2941 1207 prius
2980 1135 3286 1190 existimavi
3340 1149 3424 1188 me
3463 1131 3788 1202 intelligere,
3822 1173 3834 1182 .

2212 1242 2332 1283 eum
2376 1229 2537 1283 stulte
2590 1228 2903 1297 cogitarem,
2942 1226 3033 1281 sed
3066 1240 3211 1280 nunc
3254 1224 3590 1279 illuminatus
3633 1220 3794 1276 video

2212 1334 2333 1373 esse
2375 1317 2613 1373 laborem
2665 1332 2916 1388 magnum
2959 1316 3192 1372 scrutari
3212 1331 3310 1372 cur
3339 1314 3482 1371 Deus
3526 1313 3636 1368 ista
3667 1325 3794 1382 per-

2215 1412 2420 1463 mittat.

536 302 641 356 275

537 416 570 470 9
678 413 976 469 Posuerunt
1000 410 1053 463 in
1080 410 1262 464 mlum
1305 425 1363 463 os
1400 425 1554 464 suum
1577 424 1597 465 :

662 504 731 558 Et
758 503 935 573 lingua
957 516 1134 555 eorum
1161 498 1399 553 transivit
1429 498 1485 552 in
1512 507 1675 553 terra.

607 592 650 650 C
688 592 847 648 Ponit
874 591 931 643 in
959 587 1154 645 cretum
1191 602 1254 665 os
1301 602 1476 654 suum,
1512 587 1604 658 qui
1632 586 1841 654 Jovem,
1885 584 2101 643 Mercu-

542 687 683 740 rium
725 692 1028 752 cmteraque
1067 687 1340 752 portenta,
1369 679 1482 736 Deo
1518 687 1674 750 putat
1718 693 1839 735 esse
1882 677 2101 734 similia.

539 778 603 829 Et
626 775 808 844 lingua
831 788 1020 829 eorum
1045 771 1294 826 transivit
1322 772 1376 826 in
1404 780 1573 837 terra,
1617 771 1708 840 qui
1753 769 1895 824 ultra
1930 783 2096 839 quam

535 868 690 921 decet
709 865 1019 936 loquuntur,
1045 871 1123 922 et.
1149 863 1277 917 dum
1310 871 1436 917 sunt
1480 860 1582 930 ipsi
1628 859 1865 931 fragiles,
1920 867 2109 913 tenere

542 972 602 1012 se
621 953 1010 1010 inunmortales
1037 952 1306 1008 aestimant
1339 950 1656 1021 dignitates;
1687 950 1771 1005 vel
1817 949 1907 1020 qui
1938 951 2107 1003 Deum

534 1057 758 1115 peccata
784 1060 888 1100 non
911 1043 1102 1113 punire
1131 1050 1338 1112 putant.
1390 1041 1435 1096 ll
1478 1043 1586 1095 Aut
1637 1041 1729 1111 qui
1787 1055 1885 1111 per
1923 1052 2111 1108 super-

475 1149 481 1157 '
540 1137 687 1190 hiam
713 1135 953 1191 scientiae
990 1134 1152 1189 locuti
1185 1142 1310 1188 sunt
1338 1142 1527 1188 contra
1550 1132 1916 1186 llabitatorem
1944 1128 2105 1191 coeli;

536 1227 612 1280 illi
638 1233 932 1295 posuerunt
960 1225 1014 1278 in
1054 1224 1250 1279 caelum
1292 1239 1353 1277 os
1401 1240 1584 1286 suum,
1631 1222 1725 1276 sed
1770 1219 2110 1275 humiliatum

541 1331 624 1373 est
656 1319 897 1388 iniquum
936 1316 1212 1385 eloquium
1255 1331 1441 1371 comm
1499 1329 1668 1383 usque
1705 1313 1758 1365 in
1804 1323 2026 1375 terram,
2057 1318 2111 1363 et

536 1411 874 1480 pertransiit,
900 1410 1024 1480 quia
1053 1408 1265 1462 tinuum
1294 1408 1585 1462 stationem
1610 1420 1717 1459 non
1748 1402 1959 1460 habuit.

542 1500 611 1555 l0
681 1501 811 1554 Ideo
876 1508 1200 1554 convertetur
1243 1499 1465 1569 populus
1514 1513 1660 1550 meus
1714 1495 1847 1550 hic:

760 1590 828 1644 Et
871 1590 981 1644 dies
1013 1588 1150 1660 pleni
1185 1589 1507 1644 invenientur
1534 1589 1588 1641 in
1614 1587 1707 1641 eis.

610 1683 653 1740 C
702 1683 1006 1754 Congruutn
1031 1692 1116 1738 est
1141 1682 1260 1738 illos
1308 1682 1536 1753 populos
1560 1680 1651 1734 hic
1676 1680 1980 1742 advertere,
2022 1675 2117 1746 qui

2216 1500 2282 1555 17
2361 1500 2534 1555 Donec
2562 1502 2750 1555 intrem
2778 1502 2834 1555 in
2853 1499 3211 1554 sanctuarium
3233 1496 3369 1552 Dei:

2360 1591 2496 1646 +Et
2531 1589 2549 1661 ζ
2579 1590 2864 1662 intelligam
2878 1592 2932 1644 in
2944 1590 3233 1645 novissimis
3245 1604 3443 1643 eorum.
3464 1584 3799 1656 Diapsalnta.

2294 1684 2336 1740 C
2366 1685 2745 1740 Sauctuarium
2777 1683 2871 1738 Dei
2916 1691 2999 1740 est
3044 1682 3130 1737 lex
3160 1681 3279 1746 Dei,
3321 1678 3464 1750 quod
3510 1684 3804 1732 contuetur

542 1760 911 1842 aliquando'iu
937 1779 1161 1840 accepta
1181 1770 1277 1825 Dei
1304 1769 1420 1839 lege
1445 1776 1777 1831 manserunt,
1803 1767 1895 1822 sed
1920 1780 2014 1834 per
2035 1779 2128 1818 Va.-

2240 1784 2288 1829 nt
2335 1775 2658 1843 intelligeret
2702 1772 2994 1828 novissima
3023 1779 3391 1843 peccatorum,
3430 1767 3693 1839 quoniam
3747 1765 3801 1818 in

547 1865 630 1918 ria
673 1862 937 1918 desideria
969 1860 1222 1932 dispersi,
1250 1862 1448 1917 iterum
1494 1875 1628 1916 vero
1655 1859 1909 1923 correcti,
1942 1858 2008 1912 ad
2033 1856 2127 1911 Dei

544 1959 815 2022 prmcepta
837 1950 1138 2006 redierunt.
1169 1950 1292 2005 Dies
1322 1949 1464 2020 pleni
1502 1957 1649 2013 sunt,
1698 1948 1919 2019 quando
1968 1946 2130 2002 Chri-

543 2054 661 2100 stus
704 2044 960 2101 Dominus
983 2043 1037 2097 in
1062 2041 1396 2112 plenitudine
1444 2039 1705 2110 temporis
1748 2038 2005 2095 advenire
2039 2038 2122 2093 di-

544 2145 740 2208 gnatus
760 2142 861 2192 est.
887 2133 933 2188 li
960 2132 1056 2190 Vel
1077 2134 1143 2189 de
1179 2131 1506 2203 quibuslibet
1531 2132 1689 2187 bonis
1727 2130 1985 2200 loquitur,
2029 2130 2122 2200 qui

543 2227 675 2284 visis
702 2226 787 2283 his
815 2242 933 2297 qua:
956 2225 1097 2280 dicta
1125 2231 1271 2290 sunt,
1317 2222 1436 2293 plus
1489 2224 1558 2277 ad
1599 2222 1768 2277 Deum
1806 2230 2130 2277 convertun-

549 2329 661 2370 Illl'.

548 2412 637 2470 li.
719 2408 782 2464 Et
808 2410 1051 2465 dixerunt
1075 2424 1095 2462 :
1120 2405 1393 2473 Quomodo
1413 2406 1509 2461 scit
1537 2404 1678 2461 Deus
1702 2420 1722 2459 :

697 2497 768 2551 Et
795 2499 840 2553 si
856 2507 931 2551 est
958 2496 1173 2551 scientia
1203 2496 1258 2548 in
1285 2493 1549 2550 Excelso?

622 2588 668 2643 il
693 2588 945 2656 Ignorant
968 2587 1111 2642 enim
1157 2594 1470 2655 peccatores
1508 2586 1675 2640 Deum
1724 2582 1905 2639 omnia
1957 2598 2118 2653 posse

556 2694 892 2749 cognoscere,
920 2679 1241 2743 nescientes,
1281 2677 1486 2743 miseri,
1522 2677 1652 2747 quia
1695 2676 1832 2731 nihil
1886 2675 1956 2729 ab
2001 2676 2119 2745 ejus

556 2768 729 2823 oculis
763 2767 1134 2824 absconditur.

556 2863 645 2917 l2.
718 2863 854 2917 Ecce
877 2862 976 2932 ipsi
995 2868 1288 2931 peccatores
1316 2870 1364 2916 et
1386 2862 1713 2916 abundantes
1729 2861 1784 2914 in
1812 2858 2009 2915 saeculo
2043 2878 2063 2916 :

705 2951 1056 3007 Obtinuerunt
1082 2950 1309 3005 divitias.

635 3043 682 3099 ll
722 3043 860 3100 Ecce
901 3042 1002 3112 ipsi
1053 3052 1391 3114 peccatores,
1439 3041 1777 3101 abundantes
1802 3041 2004 3097 divitiis
2029 3055 2133 3096 sa:-

564 3134 696 3209 culi,
722 3133 1223 3204 perdideruntdoua
1248 3133 1504 3203 paradisi.
1528 3133 1570 3189 ϐ
1591 3133 1861 3190 Putabant
1881 3133 2138 3203 insipien-

563 3237 650 3282 tes
680 3226 846 3280 Deum
877 3225 1088 3279 nescire
1121 3225 1265 3293 quod
1312 3226 1548 3295 agebant
1592 3223 1743 3289 mali,
1794 3240 1862 3280 ex
1902 3241 1981 3281 'eo
2014 3225 2141 3294 quia

569 3326 889 3388 peccatores
929 3316 1147 3372 divitias
1169 3316 1540 3387 possidebant,
1572 3326 1628 3372 et
1654 3315 1788 3385 justi
1811 3331 1950 3383 non;
1987 3317 2141 3384 quasi

559 3408 723 3477 justis
749 3416 806 3463 et
846 3406 1088 3463 ﬁdelibus
1131 3406 1257 3461 talia
1293 3407 1367 3463 sit
1404 3405 1696 3476 pollicitus.
1732 3412 1790 3460 et
1813 3421 1920 3460 non
1970 3406 2143 3476 magis

567 3514 836 3572 pauperes
861 3501 917 3554 in
957 3500 1158 3555 mundo
1199 3514 1319 3555 esse
1364 3498 1595 3555 voluerit
1639 3497 1837 3569 quibus
1883 3497 2143 3555 cmlorum

548 3637 557 3641 -
580 3607 743 3662 regna
767 3592 1038 3661 promisit.

572 3682 660 3736 15.
689 3682 757 3736 Et
786 3696 846 3739 σε·
863 3683 975 3738 dixi
1006 3684 1026 3755 ζ
1055 3682 1197 3753 Ergo
1219 3684 1332 3738 sine
1359 3699 1520 3738 causa
1532 3682 1928 3753 justiﬁcacicpr
1952 3696 2143 3740 meum.

721 3770 788 3824 Et
812 3774 913 3826 lavi
936 3772 1071 3826 inter
1091 3772 1384 3827 innocentes
1405 3788 1594 3826 manus
1622 3788 1783 3826 meas.

653 3860 694 3918 C
719 3859 831 3921 Vox
861 3862 1054 3917 animae
1076 3863 1386 3919 ﬂuctuantis
1416 3871 1471 3918 et
1492 3862 1667 3919 anxia:
1696 3863 1763 3917 de
1791 3862 2149 3931 prosperitate

571 3962 944 4024 peccatorum,
987 3963 1043 4009 et
1093 3952 1367 4009 aﬂluentia
1417 3968 1626 4011 eorum.
1700 3952 2020 4009 Justillcatio
2066 3962 2152 4007 est

553 4049 792 4118 .cordis';
821 4049 1176 4122 cogitationes
1195 4048 1425 4116 mundae,
1456 4048 1659 4104 ablutio
1681 4062 1959 4116 manuum,
1984 4061 2150 4117 opera

456 4214 463 4222 ,
528 4174 543 4182 ν
572 4147 932 4206 rectitudinis.
991 4145 1165 4202 Causa
1214 4154 1396 4214 autem
1443 4161 1479 4200 a
1519 4161 1648 4200 casu
1701 4145 1844 4200 dicta
1886 4152 1998 4209 est,
2030 4157 2152 4213 quae

576 4254 722 4308 saepe
777 4239 917 4293 bona
955 4238 1046 4304 sit,
1080 4253 1223 4310 saepe
1243 4236 1418 4302 mala;
1466 4237 1608 4307 quod
1641 4250 1813 4307 genus
1843 4250 2020 4291 causae
2050 4250 2152 4290 an-

577 4342 708 4397 ceps
729 4328 950 4395 dicitur,
974 4328 1228 4399 quoniam
1265 4327 1460 4384 dubius
1503 4335 1589 4383 est
1641 4326 1856 4383 animus
1909 4326 2037 4397 quid
2068 4338 2156 4383 se-

580 4426 801 4487 quatur.

580 4506 653 4564 14
724 4505 794 4561 Et
821 4508 900 4580 fui
924 4509 1216 4581 ﬂagellatus
1240 4520 1351 4565 tota
1374 4511 1460 4563 die
1479 4524 1499 4562 :

727 4597 792 4654 Et
817 4602 1093 4671 castigatio
1109 4618 1222 4656 mea
1244 4604 1299 4655 in
1322 4602 1593 4656 matutinis
1608 4602 1635 4656 Ρ

654 4693 697 4749 C
716 4694 911 4748 Anima
938 4701 1192 4756 aestuans,
1232 4693 1407 4748 adhuc
1429 4693 1494 4748 de
1523 4692 1868 4748 tribulatione
1924 4709 2020 4749 sua
2074 4694 2154 4750 lc-

587 4785 792 4856 quitur,
821 4798 986 4854 quam
1009 4784 1061 4838 in
1087 4783 1335 4853 prmsenti
1363 4782 1582 4848 sicculo,
1606 4783 1751 4838 velut
1780 4793 1890 4839 tota
1914 4785 2001 4839 die
2028 4800 2151 4839 sus-

586 4876 766 4941 tinuit,
796 4876 949 4946 quasi
984 4876 1136 4931 irrite
1172 4876 1510 4937 sustinuerit,
1546 4875 1674 4930 dum
1713 4876 1928 4931 divitias
1968 4876 2152 4931 saeculi

583 4969 829 5042 (prepter
851 4967 990 5033 bona
1015 4981 1178 5037 opera
1199 4974 1255 5022 et
1281 4966 1672 5036 tribulationes)
1702 4980 1810 5021 non
1835 4966 2149 5023 obtinuerit.

584 5058 654 5114 15
726 5057 785 5114 Si
806 5059 1037 5113 dicebam
1055 5075 1072 5112 :
1092 5056 1338 5112 Narrabo
1372 5057 1446 5111 sic
1464 5073 1483 5111 :

727 5150 865 5205 Ecce
893 5132 1156 5204 nationem
1178 5149 1412 5218 filiorum
1439 5158 1649 5206 tuorum
1675 5148 1963 5217 reprobavi.
2128 5150 2158 5173 η

658 5238 705 5293 Η
735 5239 939 5296 Sensus
984 5239 1086 5296 iste
1110 5249 1212 5304 est,
1268 5253 1335 5293 ac
1380 5236 1429 5290 si
1451 5237 1595 5295 dicat
1656 5235 2041 5291 animazbum
2072 5250 2161 5291 me

596 5344 788 5362 ann-Ian
813 5331 863 5362 :n
893 5328 1227 5362 Λκηιῖηηῖιιηε
1275 5327 1558 5362 ηνιΙιιΙῖηἶα
1622 5326 1667 5362 αἱ

1715 5325 1937 5362 vnlnarn
1983 5325 2164 5362 Inlilnr

2229 1867 2412 1921 futuro
2428 1865 2632 1937 judicio
2655 1864 2885 1920 felicitas
2909 1865 3144 1919 lmmana
3174 1860 3540 1925 damnabitur,
3576 1872 3699 1927 quae
3717 1855 3806 1910 hic

2230 1958 2297 2011 ad
2326 1966 2536 2026 tempus
2579 1955 2773 2011 ﬂorere
2800 1963 3149 2010 monstratur.
3190 1953 3271 2009 Ex
3321 1950 3440 2007 istis
3493 1947 3808 2004 novissimis

2188 2097 2193 2102 .
2229 2048 2456 2119 quaestio
2483 2047 2655 2103 soluta
2685 2058 2784 2112 cst,
2822 2062 2923 2101 cur
2949 2045 3121 2100 malos
3149 2044 3341 2098 ﬂorere
3368 2042 3459 2097 hic
3497 2039 3646 2095 Deus
3686 2053 3811 2108 per-

2231 2142 2431 2203 mittat,
2463 2149 2516 2193 et
2540 2136 2718 2207 justos
2740 2139 2924 2193 vexari
2966 2137 3021 2191 in
3048 2136 3256 2207 paucis,
3284 2134 3340 2189 in
3369 2131 3668 2188 novissimo
3694 2140 3811 2183 atro

2230 2232 2432 2299 optime
2460 2229 2667 2300 disponi
2691 2228 2933 2298 praemio.

2233 2324 2299 2378 18
2378 2320 2747 2376 Verumtamen
2765 2326 2975 2389 prapter
2992 2315 3140 2371 dolos
3160 2313 3379 2385 posuisti
3417 2312 3495 2367 eis
3511 2324 3533 2362 :

2377 2411 2621 2478 Deiecisti
2645 2425 2731 2464 eos
2764 2408 2889 2463 dum
2913 2406 3287 2463 allevarentur.

2304 2506 2346 2558 A
2378 2505 2761 2558 Verumtamen
2792 2508 3012 2570 propter
3037 2497 3209 2564 dolos,
3242 2496 3347 2550 hoc
3370 2502 3454 2551 est
3482 2492 3610 2564 quia
3631 2489 3810 2546 dolum

2234 2596 2459 2659 faciunt,
2507 2591 2690 2648 dolum
2732 2590 3027 2661 patiantur,
3082 2596 3142 2643 ut
3182 2587 3416 2657 decepti,
3466 2594 3685 2640 terrena
3717 2581 3812 2637 eli-

2182 2750 2187 2755 .
2234 2694 2362 2756 gaut
2413 2694 2468 2739 et
2526 2682 2836 2750 relinquant
2897 2689 3123 2736 aeterna.
3164 2677 3319 2746 Quod
3356 2674 3628 2744 contingit
3690 2687 3813 2729 cum

2236 2776 2520 2829 traduntur
2543 2772 2757 2842 reprobi
2780 2771 2834 2827 in
2863 2771 3129 2826 desideria
3148 2768 3326 2825 cordis
3354 2767 3526 2840 (Rom.
3557 2768 3623 2836 ι).
3647 2774 3709 2820 ut
3736 2764 3815 2819 fa-

2235 2866 2377 2921 ciant
2408 2880 2529 2935 quae
2556 2879 2663 2920 non
2698 2863 3043 2920 conveniunt.
3089 2859 3132 2916 C
3173 2862 3409 2929 Quorum
3441 2859 3696 2922 elevatio,
3723 2857 3816 2911 de-

2231 2956 2401 3027 jectio
2430 2963 2538 3021 est,
2564 2953 2838 3025 quo'enim
2863 2953 3059 3008 celsius
3081 2951 3300 3006 ruinosa
3332 2947 3729 3011 conscendunt,
3752 2959 3818 3001 eo

2242 3050 2356 3120 ipso
2377 3047 2734 3120 periculosius
2769 3053 2954 3111 ruunt,
2992 3046 3070 3100 sic
3118 3044 3266 3100 enim
3314 3041 3535 3107 efferri;
3573 3038 3689 3109 iam
3722 3053 3818 3094 ca-

2243 3141 2372 3196 dere
2396 3148 2497 3195 est.

2245 3232 2312 3288 l9
2385 3230 2660 3298 Quomodo
2688 3229 2815 3300 facti
2835 3238 2954 3284 sunt
2992 3228 3047 3282 in
3069 3226 3441 3283 desolationem
3465 3224 3689 3280 ?subito
3731 3218 3821 3277 dc-

2457 3323 2685 3392 {ecerunt
2703 3335 2721 3372 :
3168 3322 3171 3325 ’

2384 3412 2659 3467 Perierunt
2681 3421 2891 3483 propter
2915 3412 3241 3480 iniquitatem
3269 3426 3441 3464 suam.

2314 3503 2355 3558 C
2380 3502 2682 3569 Quomodo,
2716 3500 3035 3555 admirantis
3082 3508 3166 3554 est
3193 3514 3319 3564 vos,
3351 3507 3410 3552 ut
3443 3497 3627 3553 subito
3670 3495 3824 3550 dese.

2246 3591 2388 3647 latus
2415 3600 2692 3661 appareat.
2733 3591 2826 3662 qui
2871 3599 3020 3644 tanta
3050 3588 3305 3645 felicitate
3349 3586 3605 3661 pollebat.
3648 3585 3825 3654 Expo-

2246 3686 2327 3739 nit
2352 3685 2516 3740 etiam
2558 3684 2774 3739 modum
2816 3681 3185 3746 desolatiouis,
3230 3680 3359 3750 quia
3387 3678 3571 3733 subito
3615 3677 3824 3732 defece-

2249 3785 2414 3841 runt;
2467 3774 2610 3844 quod
2652 3772 2920 3844 significat
2951 3771 3243 3841 repentina:
3286 3767 3478 3823 mortis
3508 3767 3823 3821 adventum.

2249 3868 2567 3932 Perierunt,
2613 3865 2736 3936 quia
2768 3863 2893 3918 mali
2933 3864 3015 3918 sic
3058 3863 3113 3917 in
3169 3862 3274 3916 hoc
3312 3857 3512 3916 saeculo
3544 3855 3825 3919 deﬁciunt,

2249 3968 2311 4014 ut
2331 3959 2526 4013 iterum
2551 3965 2807 4028 perpetua
2836 3953 2989 4011 clade
3011 3953 3331 4010 moriantur.

2250 4051 2322 4105 20
2405 4048 2552 4104 Velut
2576 4049 2837 4103 somniant
2861 4046 3184 4117 surgentium
3208 4057 3229 4096 :

2391 4141 2636 4205 Domine,
2680 4140 2734 4193 in
2765 4139 2968 4193 civitate
3013 4146 3104 4190 tua
3148 4133 3426 4205 imaginem
3464 4131 3707 4201 ipsorum
3763 4124 3828 4180 ad

2467 4230 2690 4286 nihilum
2713 4228 2932 4297 redigas.

2325 4321 2366 4377 C
2393 4319 2625 4375 Pulchra
2672 4316 3075 4386 comparatione
3116 4312 3275 4370 talem
3305 4310 3438 4367 dicit
3462 4323 3587 4365 esse
3611 4308 3832 4364 felicita-

2257 4421 2366 4467 tem
2395 4410 2661 4465 malorum
2682 4406 2841 4477 quale
2864 4405 3133 4461 somnium
3158 4400 3552 4473 evigilantium.
3574 4400 3671 4455 Sic
3692 4373 3856 4457 animi

2255 4503 2368 4573 jam
2400 4499 2595 4556 mortui
2644 4498 2861 4553 divitias
2908 4495 3185 4566 possidere
3226 4509 3336 4548 non
3391 4500 3648 4564 possunt,
3697 4490 3832 4547 sicut

2259 4590 2577 4663 evigilantcs
2629 4603 2725 4642 sua
2767 4587 2958 4658 gaudia
3001 4584 3369 4655 perdiderunt.
3413 4581 3565 4637 Perit
3618 4593 3832 4657 quoque

2261 4683 2439 4751 imago
2468 4688 2832 4751 peccatorum,
2880 4675 3094 4746 quando
3138 4689 3198 4729 se
3231 4674 3312 4730 eis
3339 4672 3453 4744 ipsa
3481 4672 3688 4727 veritas
3710 4669 3832 4724 alie.

2262 4780 2388 4826 nata
2443 4768 2774 4823 subtraxerit
2822 4767 2876 4822 in
2904 4764 3110 4821 caelesti
3148 4764 3522 4830 Hierusalem;
3572 4762 3649 4817 ibi
3691 4760 3830 4815 enim

2258 4877 2448 4918 eorum
2474 4858 2677 4930 cﬂigies
2704 4872 2809 4913 non
2843 4856 3133 4922 videbitur,
3155 4855 3248 4927 qui
3284 4854 3337 4909 in
3361 4852 3623 4926 gehennae
3646 4864 3835 4921 seque.

2258 4953 2576 5008 stratiouem
2604 4946 2853 5003 mittendi
2880 4954 3026 5001 sunt.

2254 5045 2322 5100 21
2400 5041 2538 5108 Quia
2570 5040 2958 5109 inflammatum
2994 5046 3070 5091 est
3107 5051 3199 5091 cor
3233 5046 3443 5088 meum:
3468 5041 3522 5086 et
3567 5046 3713 5086 renes
3738 5029 3831 5085 mei

2476 5126 2779 5184 commutati
2806 5134 2968 5180 sunt:

2407 5219 2473 5274 Et
2498 5235 2589 5289 ego
2616 5218 2685 5272 ad
2710 5216 2931 5272 nihilum
2956 5215 3193 5269 redactus
3221 5222 3405 5266 sumet
3433 5209 3645 5265 nescivi.

2338 5312 2385 5362 ιι
2423 5310 2670 5362 Christus
2709 5308 2963 5362 Dominus
3001 5320 3146 5361 nunc
3170 5303 3426 5362 loquitur,
3474 5301 3600 5362 quia
3630 5297 3830 5354 inﬂant-
