3986 5412
176 332 283 388 ίτῖ

1384 315 1746 375 EXPOSITIO
1781 314 2226 376 I‘SALMOIIUM.

3323 317 3428 377 278

177 456 371 498 verum
402 437 701 496 hominem.
725 434 1004 506 lgnorasse
1031 445 1160 487 vero
1188 443 1248 486 se
1273 427 1426 497 dicit,
1465 428 1593 500 quia
1635 443 1757 498 pec-
1786 432 1836 493 Α
1860 430 1931 486 27
2003 430 2138 487 Atilii
2168 442 2343 488 autem
2369 434 2637 491 adlawrere
2660 433 2767 488 Deo
2791 432 2982 488 bonum
3005 440 3122 486 est;

180 542 399 589 catores
447 538 504 585 et
551 536 766 600 peccata
806 526 1039 597 ignorat,
1087 523 1181 593 qui
1232 521 1379 577 nulla
1425 520 1759 591 ignoratione

184 626 415 680 fallitur.
449 622 493 680 C
526 621 625 677 Vel
648 620 883 691 loquitur
928 617 1072 673 idetn
1110 615 1316 671 relator
1343 614 1437 684 qui
1476 613 1644 670 doluit
1671 627 1762 668 su-

179 733 277 788 per
305 713 600 785 temporali
628 709 953 769 abundantia
984 706 1272 772 malorum,
1306 720 1511 777 ponens
1539 717 1759 759 causam

179 825 280 866 cur
304 809 490 878 imago
516 820 704 862 eorum
733 804 800 859 ad
828 801 960 858 nihil
988 800 1280 872 redigatur,
1313 797 1438 868 quia
1462 794 1763 851 inﬂamma-

182 911 297 957 tum
323 906 414 955 est
442 913 543 954 cor
566 911 743 953 meum
771 893 931 950 noxia
970 890 1267 947 invidentia
1303 903 1401 960 per
1428 902 1542 951 eos.
1573 886 1627 942 id
1653 894 1760 951 est,

184 991 286 1061 ipsi
314 991 495 1045 bonos
542 988 751 1044 faciunt
790 998 1040 1055 peccare,
1086 990 1145 1038 ut
1165 979 1490 1052 quandoque
1517 977 1765 1033 dubitent

186 1087 251 1142 de
274 1084 463 1141 divina
486 1079 846 1153 providentia,
874 1086 930 1135 et
975 1090 1155 1140 renes,
1192 1075 1246 1130 id
1265 1081 1381 1138 est,
1409 1069 1608 1127 mentis
1635 1083 1764 1122 con-

186 1177 385 1233 stantia
406 1174 698 1235 bonontm,
715 1179 960 1229 movetur
977 1166 1046 1225 ad
1078 1164 1424 1237 quaerendum
1446 1158 1761 1230 temporalia

187 1282 283 1337 pro
305 1266 425 1323 suis
447 1263 747 1328 laboribus,
762 1262 956 1333 quibus
984 1259 1251 1315 debentur
1275 1263 1498 1317 aeterna,
1523 1260 1576 1306 et
1604 1252 1675 1305 ita
1694 1247 1761 1302 ad

188 1355 339 1421 nihil,
370 1356 429 1411 id
454 1366 562 1419 est,
591 1361 877 1424 peccatum
902 1349 1156 1405 redactus
1177 1360 1318 1410 sum,
1344 1352 1450 1400 etc.

187 1466 255 1521 93
327 1464 401 1522 Ut
421 1465 727 1535 iumentum
754 1461 926 1533 factus
951 1476 1067 1515 sunt
1088 1457 1228 1530 apud
1257 1467 1305 1511 te
1330 1474 1344 1508 ε

321 1558 395 1613 Et
421 1575 517 1630 ego
539 1572 739 1627 semper
761 1565 951 1611 tecum.

258 1668 304 1723 II
340 1667 413 1725 Ut
427 1665 734 1736 iumentum
762 1665 936 1721 factus
957 1677 1075 1719 sum
1097 1660 1225 1718 dicit
1248 1658 1516 1724 Christus,
1542 1663 1766 1727 portans

191 1765 243 1820 in
278 1778 445 1820 carne
492 1768 716 1828 peccata
765 1758 967 1832 populi,
1003 1765 1060 1813 et
1085 1770 1187 1828 ego
1215 1768 1431 1825 semper
1462 1760 1662 1812 tecum,
1702 1753 1763 1801 ut
1794 1771 1842 1834 Β

191 1863 271 1909 est
297 1853 453 1919 illud,
491 1866 597 1923 ego
622 1850 676 1906 in
702 1858 757 1906 te
780 1858 835 1905 et
859 1856 915 1905 tu
940 1848 998 1903 in
1031 1861 1135 1901 me.
1167 1845 1208 1901 C
1256 1843 1352 1899 Vel
1401 1841 1491 1897 ille
1529 1838 1769 1910 loquitur

193 1944 346 2016 cujus
386 1958 526 2013 pene
570 1940 703 1997 moti
733 1947 861 1997 sunt
887 1938 1068 2010 pedes.
1105 1934 1204 2003 Qui
1226 1932 1346 2003 jure
1370 1933 1672 2004 jumentum
1710 1942 1769 1984 se

195 2034 345 2099 dicit,
373 2033 631 2105 quoniam
657 2029 894 2088 carnalis
921 2026 1194 2085 (emutatio
1216 2040 1362 2089 eum,
1388 2021 1541 2094 quasi
1570 2017 1769 2076 animal

194 2124 588 2191 irrationabile,
642 2122 916 2179 insidebat
972 2114 1544 2190 superprosperitate
1596 2111 1767 2167 malo-

197 2232 314 2272 rum
342 2231 358 2269 :
386 2225 442 2271 et
481 2227 661 2270 tamen
697 2212 875 2268 adhuc
905 2222 1080 2267 tecum
1111 2223 1228 2265 sum
1262 2208 1315 2261 in
1347 2204 1452 2262 ﬁde
1490 2204 1617 2259 licet
1639 2216 1768 2273 pec-

195 2322 252 2362 ω
263 2317 367 2363 tor.

193 2399 264 2455 23
338 2398 572 2455 Tenuiin
602 2412 817 2453 manum
844 2395 1111 2450 dexteram
1142 2402 1350 2446 meum:
1378 2402 1435 2445 -ιν
1468 2397 1517 2442 et
1549 2389 1570 2458 ζ
1598 2386 1651 2441 in
1680 2401 1772 2441 vo-

406 2489 607 2545 luntate
627 2498 720 2542 tua
746 2486 1009 2543 deduxisti
1033 2497 1152 2538 me:

328 2581 400 2638 Et
421 2597 541 2636 cum
565 2580 735 2652 gloria
756 2579 1025 2650 suscepisti
1058 2592 1159 2631 nte.

262 2695 329 2751 Ii.
371 2692 571 2750 Tenuit
602 2692 882 2749 dexteram
925 2689 1085 2745 Pater
1126 2685 1286 2752 Filio,
1315 2698 1381 2741 eo
1410 2681 1774 2740 descendente

195 2789 249 2845 in
293 2786 597 2852 infernum,
629 2784 757 2855 quia
786 2782 1007 2839 sinistra
1047 2778 1242 2836 diaboli
1290 2772 1681 2831 adversabatur
1723 2770 1774 2827 ei

195 2883 247 2938 in
279 2881 466 2938 terris.
497 2877 732 2935 Deduxit
757 2877 813 2932 in
838 2875 1114 2932 voluntate
1155 2879 1556 2941 resurgentem,
1592 2881 1774 2922 susce-

192 2977 273 3047 pit
310 2975 364 3030 in
392 2973 568 3047 gloria
600 2971 669 3028 ad
707 2968 875 3027 ctelos
906 2968 1248 3025 redeuntem.
1275 2963 1316 3022 C
1356 2963 1475 3032 Vel,
1524 2977 1622 3034 per
1659 2974 1774 3015 ma-

195 3083 323 3123 nttm
379 3066 667 3122 dexteram
712 3060 960 3120 remissio
1008 3068 1352 3131 peccatorum
1402 3055 1669 3125 accipitur
1719 3062 1776 3108 et

196 3158 318 3213 ﬁdei
351 3158 527 3213 virtus
553 3164 611 3213 et
630 3154 932 3213 ccelestium
958 3151 1305 3215 desiderium,
1335 3160 1389 3204 et
1412 3146 1648 3220 gratuita
1677 3161 1771 3201 vo-
1798 3155 1845 3218 ο

196 3248 401 3305 luutate
430 3264 540 3304 non
571 3247 708 3304 meis
736 3245 949 3303 meritis
975 3243 1243 3301 deduxisti
1279 3256 1385 3308 me,
1423 3248 1480 3296 et
1520 3248 1773 3296 naturam

196 3355 368 3396 meam
401 3339 777 3395 incarnatione
797 3344 890 3392 tua
910 3335 1143 3409 gloriose
1166 3332 1451 3404 suscepisti
1481 3331 1549 3386 ad
1591 3330 1779 3387 deste-

201 3447 315 3486 ram
347 3432 548 3487 Patris.

201 3542 267 3596 24
322 3542 485 3609 Quid
510 3542 654 3597 enim
678 3541 807 3596 mihi
834 3549 910 3597 est
936 3540 992 3595 in
1015 3539 1160 3595 caelo.

341 3633 411 3689 Et
437 3651 472 3688 a
499 3643 550 3688 te
571 3633 698 3705 quid
724 3629 867 3687 uolui
889 3645 1045 3701 super
1071 3628 1312 3684 terram?

270 3747 313 3802 ιι
349 3747 492 3816 Quid
521 3747 669 3803 enim
699 3745 833 3801 mihi
862 3753 968 3811 est,
997 3744 1050 3801 id
1074 3754 1179 3809 est,
1223 3743 1291 3798 ad
1316 3740 1776 3812 comparationem

204 3842 441 3899 ctelestis
462 3838 674 3913 gratiae,
705 3852 872 3910 quam
905 3836 1093 3893 electis
1117 3834 1223 3891 tuis
1252 3831 1589 3906 praeparasti,
1615 3844 1777 3900 quam

203 3934 326 3988 vilia
355 3941 415 3988 et
444 3931 653 3987 caduca
682 3939 828 3997 sunt,
855 3944 976 4001 quae
1003 3944 1034 3984 a
1069 3937 1124 3984 te
1156 3927 1327 3982 voluit
1358 3927 1596 3982 humana
1627 3938 1780 3979 mens

206 4038 361 4095 super
411 4022 664 4078 terram?
710 4020 921 4088 Aliter,
962 4033 1139 4091 neque
1185 4020 1241 4073 in
1285 4017 1445 4083 caelo,
1497 4029 1673 4084 neque
1722 4013 1778 4068 in

209 4124 370 4180 terra,
393 4113 565 4169 alium
592 4122 793 4184 praeter
822 4122 875 4168 te
898 4112 1123 4182 qmesivi
1150 4128 1163 4164 :
1196 4128 1226 4164 a
1260 4119 1309 4164 te
1329 4106 1546 4178 impleta
1576 4116 1662 4161 est
1688 4122 1780 4162 vo-

207 4203 384 4260 luntas
404 4219 551 4269 mea,
575 4214 638 4260 ut
658 4204 790 4259 mihi
816 4204 1033 4259 ﬂectant
1055 4204 1234 4257 omnia
1261 4214 1432 4271 genua
1458 4198 1778 4262 cmlestium,

208 4298 543 4352 terrestrium
576 4304 634 4352 et
664 4296 996 4352 infernorum
1024 4292 1243 4366 (Philip.
1270 4294 1352 4364 ιι).

206 4409 274 4466 25
343 4412 550 4482 Deiecit
575 4427 698 4467 caro
728 4428 843 4466 mea
870 4421 918 4467 et
950 4426 1040 4465 cor
1062 4427 1233 4465 meum
1254 4425 1273 4463 :

345 4503 490 4557 Deus
516 4501 690 4559 cordis
724 4502 826 4556 mei
856 4512 905 4557 et
941 4517 1064 4573 pars
1106 4516 1222 4554 mea
1259 4497 1401 4553 Deus
1427 4497 1483 4551 in
1510 4506 1779 4552 (sternam.
1807 4523 1865 4588 Β
1886 4497 1919 4553 '.

275 4620 319 4678 II
359 4622 476 4678 Vox
502 4619 778 4685 Ecclesiae,
807 4617 849 4675 C
879 4617 1096 4682 deiecit,
1129 4631 1227 4673 cor
1254 4616 1437 4687 utique
1475 4629 1505 4668 a
1535 4613 1677 4669 mala
1697 4628 1786 4669 co-

213 4716 494 4788 gitatione.
528 4716 669 4772 Deus
696 4714 898 4778 cordis,
951 4714 1151 4770 bonum
1199 4712 1529 4767 intellectum
1570 4708 1781 4781 signiti-

215 4818 319 4877 cat,
356 4824 483 4865 cum
530 4824 590 4864 se
628 4822 844 4865 errasse
885 4807 1173 4862 sentiebat.
1222 4802 1369 4859 Illius
1400 4801 1636 4857 hominis
1659 4815 1786 4870 pars

216 4901 356 4957 Deus
376 4910 483 4966 est,
533 4900 625 4972 qui
651 4915 709 4956 se
737 4898 1009 4971 majestati
1045 4897 1211 4968 ipsius
1235 4893 1557 4950 credulitate
1588 4905 1785 4948 conso-

218 4994 360 5050 ciat:
392 4994 452 5049 In
484 5002 742 5049 a:tcrnum
782 5009 843 5048 se
877 4990 974 5062 ipsi
1006 4991 1280 5046 adluercre
1324 4985 1590 5058 promisit,
1641 4982 1791 5055 quod

221 5094 301 5141 est
326 5085 705 5158 perlecturum.

222 5196 293 5252 26
364 5196 508 5262 Quid
541 5213 650 5255 ecce
676 5199 769 5271 qui
799 5195 1045 5266 elongant
1068 5210 1125 5250 se
1153 5212 1187 5249 α
1210 5204 1258 5249 te
1285 5191 1564 5264 peribunt:

365 5285 641 5345 Perdidisti
661 5304 875 5346 omnem
905 5286 995 5356 qui
1027 5286 1317 5356 fornicatur
1341 5283 1434 5339 abs
1461 5292 1532 5340 te.

300 5377 335 5395 θ’
372 5377 475 5408 Ιηοῖ
527 5378 659 5408 οηὲσνι
704 5396 764 5408 ιυ-
819 5375 1206 5408 n'unnnuo-ssnl
1257 5376 1325 5408 ηΙιι
1370 5385 1438 5408 Μ
1489 5374 1580 5408 ιιιιῖ

1630 5371 1792 5408 ἔδαισα

2002 518 2206 577 Ponere
2235 523 2290 578 in
2325 523 2550 578 Domino
2580 523 2685 578 Deo
2712 540 2848 591 spem
2874 539 3064 577 meum.

1931 608 1973 664 C
2009 610 2058 665 Is
2082 611 2227 666 enim
2257 612 2526 667 divinitati
2555 614 2816 676 adlttnrct,
2847 613 2937 681 qui
2970 628 3029 666 se
3057 611 3131 665 illi
3172 628 3295 664 vera
3328 609 3432 668 title

1862 706 2028 771 atque
2065 717 2290 773 operum
2336 705 2605 775 probitate
2650 704 2948 777 coniungit,
2997 714 3052 758 et
3092 705 3241 775 ponit
3281 720 3429 773 spent

1862 811 2014 853 suam
2047 814 2262 870 semper
2296 802 2350 856 in
2375 800 2504 868 Deo,
2530 801 2657 871 quia
2688 801 2823 856 nihil
2849 808 3025 873 potest
3049 814 3167 854 esse
3195 800 3428 864 beatius,

1863 903 2025 959 quam
2052 889 2125 945 illi
2156 892 2336 947 omnia
2366 893 2723 959 committere,
2748 893 2840 965 qui
2889 892 3036 948 novit
3078 889 3191 947 suis
3218 889 3435 949 cultori~

1863 978 1965 1034 bus
1990 980 2273 1050 profutura
2305 990 2587 1054 prastare.

1863 1071 1933 1129 28
2009 1072 2076 1128 Ut
2096 1078 2400 1133 annuntiem
2435 1096 2611 1133 omnes
2635 1079 3034 1150 prtedicationes
3062 1088 3178 1132 tuas
3203 1092 3221 1130 :

2009 1161 2076 1219 In
2109 1168 2271 1233 portis
2300 1167 2428 1236 ﬁlia:
2450 1167 2600 1223 Sion.

1935 1254 1978 1310 C
2017 1256 2150 1313 Sion
2182 1260 2468 1330 speculatio
2504 1262 2912 1334 interpretatur.
2954 1261 3114 1316 Istius
3151 1276 3278 1332 ergo
3307 1274 3433 1313 con-

1867 1346 2228 1417 templationis
2278 1350 2460 1417 tiliam,
2504 1353 2827 1409 catholicam
2856 1362 3068 1407 constat
3102 1368 3220 1405 esse
3253 1349 3437 1404 Eccle-

1866 1438 2024 1501 siam,
2076 1438 2163 1492 ubi
2207 1454 2393 1494 revera
2449 1441 2634 1497 laudes
2672 1442 2882 1497 Domini
2924 1441 3116 1503 reddit,
3164 1441 3254 1509 qui
3302 1454 3438 1506 pura

1866 1535 2048 1581 mente
2091 1529 2402 1585 crediderit.
2426 1530 2484 1584 In
2510 1531 2700 1601 portis,
2750 1534 2924 1603 ipsum
2956 1531 3255 1602 ingressum
3282 1527 3439 1582 Chri£

1866 1617 2165 1672 stianitatis
2208 1619 2364 1685 dicit,
2411 1622 2628 1690 quando
2656 1622 2725 1676 ad
2767 1622 2926 1677 [idem
2973 1634 3157 1675 veram
3204 1615 3436 1689 populus

1870 1723 2023 1765 nom
2043 1711 2467 1779 regenerationis
2491 1712 2795 1769 adducitur.

1964 1875 1970 1886 _
2301 1837 2503 1880 ORATIO
2536 1842 2606 1881 EX
2644 1840 2792 1881 PSAL.
2834 1841 3003 1881 ιιιιι.

1936 1911 2047 1970 Fac
2071 1927 2193 1981 nos,
2232 1912 2481 1981 Domine,
2511 1915 2607 1970 tibi
2625 1915 2829 1989 iugiter
2853 1914 3151 1978 adhaerere,
3185 1909 3237 1964 in
3271 1917 3323 1964 te
3349 1916 3436 1961 to-

1871 2013 1979 2060 tam
2024 2006 2280 2061 virtutem
2323 2004 2437 2077 spei
2486 2016 2686 2062 nostrae
2721 2006 2979 2078 deligere,
3028 2014 3089 2059 nt
3132 2016 3440 2057 mereamur

1869 2096 2056 2154 laudes
2092 2107 2213 2154 tuas
2245 2098 2297 2153 in
2332 2097 2504 2169 portis
2530 2096 2877 2154 teternalibus
2907 2095 3178 2151 nuntiare.
3208 2091 3309 2146 Per
3337 2088 3444 2144 Do-

1870 2190 2078 2247 minum
2104 2199 2349 2247 nostrum
2377 2190 2563 2246 Iesum
2591 2190 2889 2255 Christum,
2920 2196 3029 2245 etc.

2354 2299 2579 2358 PSALM
2587 2300 2674 2358 US
2725 2299 2956 2358 LXXIII.

2271 2427 2636 2470 ABGUIENTUI
2676 2425 2821 2466 PSA]...
2862 2425 3029 2465 LXXIII
3040 2447 3053 2461 .

1943 2524 1986 2581 C
2012 2524 2295 2598 Synagoga
2335 2522 2602 2593 deplorat,
2632 2537 2731 2578 cur
2756 2520 2840 2576 sui
2874 2519 3054 2575 traditi
3082 2517 3285 2573 iuerint
3314 2531 3443 2586 geu-

1877 2616 2042 2672 tibus.

2016 2704 2127 2763 TT.
2167 2703 2469 2763 Intellectus
2488 2704 2685 2776 Asaplt.

1946 2799 1990 2856 ϐ
2033 2797 2342 2855 Intellectus
2391 2797 2661 2869 signiﬁcat
2699 2794 3123 2864 speculationem
3168 2788 3441 2848 divinam,

1876 2907 2040 2963 quam
2086 2890 2323 2965 psalmus
2368 2890 2471 2946 iste
2511 2889 2816 2947 denuntiat.
2846 2887 3023 2955 Asaph
3056 2884 3445 2952 interpretatur

1878 2985 2227 3057 congregatio,
2257 2998 2379 3054 qum
2407 2996 2549 3039 nunc
2577 2989 2802 3036 vocatur
2824 2975 3087 3033 Ecclesia.

1880 3077 1907 3131 I
2020 3073 2088 3129 Ut
2110 3073 2256 3147 quid,
2285 3072 2448 3137 Deus,
2475 3071 2711 3142 repulisti
2740 3070 2794 3123 in
2814 3068 2971 3138 ﬁnem
2997 3081 3016 3120 :

2016 3164 2197 3220 Iratus
2219 3174 2293 3219 est
2317 3163 2467 3234 {uror
2487 3171 2607 3215 tuus
2633 3174 2790 3229 super
2814 3162 2929 3212 ove's
2951 3167 3161 3228 pascuis
3183 3148 3326 3205 tute!

1942 3256 1985 3313 C
2022 3233 2385 3313 Israelitarum
2427 3250 2658 3322 populus
2705 3263 2802 3320 per
2829 3255 2998 3301 totum
3030 3241 3267 3312 loquitur
3306 3233 3451 3307 psal-

1873 3363 2045 3416 mum,
2088 3345 2182 3418 qui
2208 3341 2486 3415 quzerebat
2518 3339 2761 3407 territus,
2807 3352 2906 3394 cur
2952 3331 3322 3390 sanctuarium
3352 3329 3453 3383 Do-

1875 3438 2004 3493 mini
2037 3417 2318 3509 passurum
2344 3441 2491 3489 esset
2519 3429 2962 3487 nefandissimam
2989 3426 3316 3482 vastitatem.
3348 3417 3457 3473 Re-

1876 3514 2082 3601 pulisti,
2099 3527 2152 3582 id
2173 3535 2256 3582 est
2277 3524 2545 3597 abjecisti,
2572 3522 2724 3595 quasi
2747 3521 2951 3576 alienos
2973 3534 3003 3572 a
3028 3526 3119 3571 tua
3144 3511 3453 3597 defensione

1876 3620 2075 3678 fecisti.
2100 3619 2156 3674 In
2184 3592 2385 3673 ﬁneurz
2419 3592 2786 3687 captivitatem
2808 3610 3093 3681 signiﬁcat,
3120 3620 3240 3676 quae
3276 3592 3453 3659 fuerat

1877 3718 1979 3775 sub
2006 3726 2248 3788 tempore
2275 3713 2589 3785 Vespasiani
2632 3723 2687 3767 et
2723 3710 2850 3765 Titi.
2880 3708 3019 3764 Oves
3042 3706 3170 3760 dicit
3201 3700 3454 3774 populum

1876 3808 2204 3867 Juda‘orum.

1877 3902 1917 3957 2
2021 3901 2226 3957 Memor
2250 3908 2358 3955 esto
2385 3894 2798 3968 congregationis
2822 3901 2926 3946 tua:
2958 3906 2978 3945 :

2020 3993 2192 4059 Quam
2218 3988 2491 4061 possedisti
2511 3987 2576 4039 ab
2604 3984 2773 4038 initio.

1950 4083 1992 4139 C
2028 4079 2384 4153 Congregatio
2410 4076 2716 4132 Iudaeorum
2748 4075 3096 4127 vehementer
3134 4062 3410 4136 praevaluit
3438 4077 3455 4114 :

1879 4192 2004 4233 cum
2038 4190 2131 4230 eos
2154 4152 2268 4229 sub
2308 4169 2524 4241 IEgypti
2568 4165 2761 4237 populo
2803 4176 3047 4219 cresaere
3091 4157 3334 4212 fac'ehat.
3378 4152 3460 4207 Ab

1884 4269 2036 4324 initio
2060 4268 2189 4323 dicit
2215 4264 2357 4326 ﬁdei,
2389 4262 2596 4317 scilicet
2629 4258 2848 4315 culturae
2880 4252 3111 4317 traditae,
3158 4242 3318 4320 quain
3365 4256 3462 4314 per

1884 4358 2102 4431 Moysen
2128 4354 2336 4423 accepit
2356 4351 2581 4422 pupulas
2610 4346 2880 4403 Hebraeus.

1885 4451 1920 4506 5
2025 4447 2307 4503 Redemisti
2330 4445 2524 4516 virgam
2563 4439 3008 4495 Itwreditatistum
3041 4449 3058 4486 :

2028 4538 2182 4595 Mons
2208 4534 2335 4593 Sion
2355 4535 2409 4591 in
2436 4549 2538 4606 quo
2561 4530 2806 4586 Itabitasti
2832 4543 2893 4585 σε-
2927 4531 2980 4582 in
3003 4541 3061 4580 eo
3117 4525 3136 4595 ζ
3168 4562 3185 4578 .

1960 4633 2002 4691 C
2039 4628 2335 4689 Haereditas
2362 4629 2464 4684 fuit
2495 4625 2583 4681 Dei
2608 4621 2835 4694 populus
2859 4619 3166 4676 Judaeorum
3184 4656 3200 4682 ,
3228 4611 3465 4685 quandiu

1891 4729 1938 4784 ei
1967 4741 2100 4799 puro
2120 4724 2303 4780 animo
2328 4719 2597 4778 serviebat
2627 4731 2643 4770 :
2676 4718 2813 4772 hanc
2839 4712 3206 4771 btereditatem
3233 4702 3468 4775 appella-

1892 4796 2051 4875 vit'ct
2082 4819 2313 4888 virgam,
2339 4824 2558 4885 propter
2582 4809 2793 4882 Moysen
2815 4804 3073 4858 famulum
3093 4799 3231 4869 eius,
3260 4796 3470 4888 qni-per

1894 4911 2098 4979 virgam
2127 4881 2223 4977 pio
2247 4881 2452 4974 populo
2464 4881 2728 4967 tnagnalia
2756 4894 2904 4951 fecit.
2931 4891 3035 4947 Per
3059 4881 3470 4979 montem-Sion.

1892 4969 2611 5069 Hierosolymam‘signiﬁcat
2632 4988 2926 5051 civitatem,
2950 4980 3011 5041 in
3029 4996 3137 5054 qua
3153 4969 3476 5033 Israeliticus

1891 5092 2123 5163 populus
2152 5086 2452 5146 habitabat.

1896 5148 1931 5241 λ
1963 5148 1983 5163 ⁵
2041 5183 2179 5239 Leve
2206 5194 2394 5235 manus
2424 5186 2546 5230 tuas
2574 5171 2637 5226 in
2658 5164 2924 5239 superbius
2945 5175 3127 5215 eorum
3149 5156 3204 5208 in
3231 5148 3429 5219 tinent:

2045 5276 2259 5341 Quanta
2295 5268 2618 5337 malignattts
2649 5270 2725 5316 est
2750 5253 2989 5310 inimicus
3014 5251 3069 5302 in
3088 5249 3287 5339 sancta.

1971 5365 2017 5408 η
2049 5322 2274 5408 Elatiam
2303 5369 2393 5408 est
2415 5322 2550 5408 eruo
2575 5351 2636 5408 in
2661 5346 2795 5408 ipsis
2826 5336 3040 5408 populis
3077 5326 3312 5407 ροιθηιὶει
3340 5322 3441 5379 Dei
3468 5339 3485 5377 ε
