3986 5412
557 366 665 422 279

1456 335 1543 422 .S.
1580 364 1930 423 BRUNONIS
1963 364 2506 423 HERBIPOLENSIS
2545 362 2849 421 EPISCOPI

3697 359 3813 420 28.

556 480 806 546 bebatur,
843 479 935 549 qui
963 477 1281 549 malignatus
1306 478 1464 534 estin
1488 478 1621 537 locis
1648 481 1853 537 sanctis
1875 479 2130 537 Hierusa-
2155 486 2205 543 Α
2234 482 2302 536 ll)
2373 480 2538 550 Signa
2563 490 2740 535 nostra
2760 495 2861 532 non
2885 478 3137 531 vidimus:
3162 477 3410 548 jamnon
3426 486 3500 532 est
3525 478 3819 548 praeiacta:

557 576 662 631 lem
680 613 697 640 ,
725 573 939 644 quando
961 571 1271 628 sacerdotes
1294 579 1511 644 totaque
1541 573 1840 629 ministeria
1865 573 2048 643 templi
2075 572 2130 627 in

556 665 793 735 praedam
830 662 996 717 missa
1042 669 1352 731 patuerunt,
1405 670 1706 734 cunctaque
1747 678 1880 734 gens
1920 662 2132 719 Iudaeos

558 768 677 809 rum
703 792 719 820 ,
746 760 841 806 aut
862 750 1333 822 gladio_subjacuit
1355 792 1371 819 ,
1402 760 1496 806 aut
1521 752 1819 823 captivitati
1844 752 2130 823 subjugata

554 843 675 897 fuit.

549 958 585 1012 5
688 956 760 1013 Et
789 958 999 1029 gloriati
1019 966 1140 1013 sunt
1174 957 1264 1029 qui
1291 957 1513 1012 oderunt
1529 943 1579 1013 te
1606 971 1626 1010 :

694 1047 764 1102 In
792 1048 960 1103 medio
983 1047 1326 1102 solemnitatis
1353 1058 1479 1102 tum.

620 1160 666 1215 il
700 1160 1011 1216 Gloriautur
1036 1170 1368 1230 peccatores,
1398 1176 1519 1216 cum
1549 1160 1801 1220 instinctu
1834 1158 2028 1214 diaboli
2061 1174 2128 1214 ex

549 1251 647 1306 Dei
680 1252 828 1318 odio,
874 1259 1091 1306 sanctos
1137 1260 1404 1322 martyres
1450 1252 1627 1321 pmnis
1661 1253 1920 1320 allligunt.
1953 1251 1993 1305 C
2031 1249 2128 1303 Vel

553 1340 761 1405 gloriati
788 1350 913 1395 sunt
944 1340 1192 1404 “uitiaui,
1236 1341 1360 1395 dum
1399 1342 1560 1396 etiam
1608 1342 1660 1396 iu
1701 1343 1897 1411 templo
1938 1341 2031 1395 Dei
2072 1341 2128 1394 in

550 1429 887 1486 Hierusalem
918 1431 1258 1501 sacrilegium
1279 1431 1701 1487 committerent.

549 1540 584 1593 ti
688 1507 985 1597 Positerunt
1034 1543 1183 1615 signa
1206 1560 1304 1597 sua
1335 1558 1394 1600 σι-
1421 1546 1571 1616 signa

766 1645 944 1689 rerum
968 1649 989 1689 ἔ

691 1716 844 1779 Sicut
877 1725 931 1780 in
953 1726 1097 1782 exitu
1123 1744 1281 1798 super
1298 1745 1581 1785 summum.

1626 1545 1649 1615 ζ
1709 1554 1755 1599 et
1796 1561 1899 1600 non
1935 1560 2128 1615 cogno-

2372 568 2442 624 Et
2466 588 2557 625 nos
2575 586 2676 624 non
2696 577 2965 639 cognoscet
2995 568 3222 638 amplius

2300 662 2342 718 C
2374 662 2564 717 Adhuc
2584 662 2687 717 ista
2713 661 2878 716 verba
2902 670 3028 715 sunt
3049 657 3806 730 desperantiumludzeorum.

2230 751 2526 808 dicentium
2556 752 2732 823 signa,
2763 765 2883 820 quae
2913 749 3158 821 patribus
3184 764 3374 805 eorum
3402 748 3620 803 fuerunt
3647 746 3819 802 colla-

2230 852 2306 907 ta,
2338 843 2656 912 semetipsos
2684 857 2790 896 nou
2817 842 3016 896 vidisse
3048 841 3100 895 in
3129 840 3233 896 illis
3279 838 3700 901 calamitatibus,
3750 852 3819 890 ac

2228 936 2543 1005 prophetas,
2565 935 2632 989 de
2653 934 2848 1004 quibus
2868 934 3292 999 iustruerentur,
3316 946 3424 988 nos]
3453 931 3732 994 habuisse,
3763 938 3820 983 et

2229 1024 2356 1080 ideo
2378 1039 2437 1080 se
2466 1040 2495 1078 a
2525 1025 2633 1079 Deo
2663 1025 2828 1079 fuisse
2857 1025 3167 1080 derelictos.

2235 1115 2290 1168 ll
2373 1115 2671 1187 Usqueqno,
2702 1116 2863 1178 Deus,
2884 1115 3253 1186 improperabit
3284 1115 3568 1169 inimicus:

2372 1206 2554 1259 Irrita:
2577 1206 2908 1261 adversarius
2926 1221 3111 1259 nomen
3125 1214 3274 1259 tuum
3295 1206 3350 1272 in
3366 1204 3524 1273 linem
3540 1204 3570 1257 2

2303 1294 2343 1347 Η
2374 1295 2535 1349 Facta
2560 1304 2685 1349 sunt
2733 1296 2870 1360 haec,
2897 1310 3017 1364 quin
3035 1294 3148 1362 jam
3181 1301 3399 1350 narrata
3425 1303 3577 1359 sunt,
3617 1307 3821 1348 secuti-

2230 1384 2356 1439 dum
2404 1383 2711 1449 historiam,
2739 1398 2863 1437 cum
2914 1383 3415 1440 Nabuchodonosor
3460 1380 3691 1437 abduxit
3714 1378 3819 1434 Ju-

2229 1474 2375 1529 dteos
2409 1474 2463 1528 in
2507 1473 2858 1545 Babylonem,
2898 1474 2985 1531 vel
3014 1492 3138 1531 cum
3166 1476 3323 1535 Titus
3360 1483 3421 1531 et
3445 1473 3823 1545 Vespasianus

2229 1578 2489 1621 succensa
2516 1566 2734 1622 civitate
2748 1567 2944 1623 multos
2966 1567 3377 1638 perimerunt.C
3399 1566 3603 1631 lrritat,
3622 1564 3822 1621 scani—

2228 1657 2330 1713 bus
2347 1666 2575 1713 tractum
2600 1667 2700 1724 est,
2717 1674 2948 1728 quorum
2966 1659 3272 1726 latratibus,
3290 1657 3343 1713 id
3368 1665 3453 1713 est
3473 1657 3657 1712 littera
3700 1654 3822 1725 plu~

2233 1748 2431 1802 rimum
2464 1758 2639 1805 sonat.
2672 1750 2748 1804 De
2768 1747 2968 1803 ludatis
3002 1749 3184 1820 itaque
3210 1764 3279 1804 ex
3314 1745 3663 1818 impatientia
3685 1757 3822 1803 con-

621 1816 663 1872 (ἶ
698 1815 890 1873 Ροευίι
916 1818 1190 1905 Βριιιειηυε
1215 1821 1485 1875 exemi“?!
1510 1821 1663 1892 signa
1688 1861 1704 1886 ν
1730 1820 1939 1876 δοίιίοθῑ
1964 1818 2121 1889 θαιιῖ-
2151 1825 2198 1885 Β
2229 1846 2310 1893 tra
2340 1839 2621 1894 Dominum
2644 1838 2990 1907 loquentibus
3027 1815 3220 1907 quierit
3239 1876 3256 1891 .
3303 1815 3561 1904 Quandiu
3621 1834 3699 1887 ita
3722 1845 3821 1887 em

545 1909 649 1977 las,
691 1900 1305 1982 dracones,ica2teraque
1333 1911 1528 1983 quibus
1573 1912 1626 1965 in
1664 1910 1849 1982 prmlio
1885 1912 1961 1964 uti
1988 1909 2127 1965 sole-

547 1999 664 2053 bat.
702 1998 864 2054 Addit
888 1999 1039 2071 signa
1067 2040 1082 2067 ,
1111 2009 1172 2054 ut
1199 2001 1315 2072 ipsa
1353 1999 1603 2071 repetitio
1630 2007 1993 2057 commoveret
2032 1996 2125 2068 juv

550 2088 725 2145 dicem
754 2090 823 2145 ad
852 2090 1141 2145 vindictam
1175 2090 1402 2147 celerem
1423 2131 1439 2156 ,
1494 2099 1550 2145 et
1583 2105 1688 2146 non
1738 2095 2124 2159 cognoverunt,

548 2183 693 2251 quod
739 2182 785 2237 si
821 2182 1217 2253 cognovissent,
1268 2182 1363 2237 tibi
1405 2183 1589 2253 utique
1639 2180 2029 2246 sacriﬁcarent,
2071 2191 2127 2235 et

544 2288 657 2329 non
683 2271 974 2344 elegissent
1017 2274 1085 2329 ad
1112 2274 1413 2329 daemonum
1462 2273 1637 2329 redire
1668 2272 1927 2327 culturas.
1961 2270 2028 2324 Et
2052 2271 2126 2325 si-

544 2378 649 2434 gna
691 2379 787 2420 sua
828 2379 991 2436 super
1014 2380 1304 2430 summum,
1352 2364 1405 2419 in
1447 2372 1537 2419 tuo
1580 2361 1776 2432 templo
1806 2368 1993 2416 sancto
2029 2375 2126 2430 po-

543 2456 720 2513 suisse
742 2465 1129 2524 memorantur,
1154 2457 1604 2528 quemadmodum
1628 2456 1802 2512 solent
1821 2454 2124 2524 principum

540 2554 737 2602 statuze
760 2563 774 2598 :
812 2546 866 2601 in
893 2546 1082 2616 plateis
1102 2562 1198 2616 per
1223 2547 1338 2603 loca
1360 2546 1517 2602 aedita
1540 2544 1808 2610 collocari,
1835 2552 1896 2599 ut
1916 2558 2122 2598 memo-

544 2635 626 2691 ria
656 2636 918 2692 viantium
944 2639 1244 2694 instruatur
1268 2639 1397 2694 visis
1427 2638 1641 2693 talibus.

545 2748 578 2801 7
690 2748 857 2816 Quasi
877 2750 933 2803 in
957 2748 1089 2804 silva
1117 2747 1377 2819 lignorum
1420 2747 1686 2804 securibus
1713 2746 2017 2802 exciderunt
2032 2746 2125 2816 ja-

762 2856 894 2895 nuas
918 2840 1033 2910 ejus
1061 2840 1114 2893 in
1142 2840 1368 2909 idipsum
1389 2851 1410 2891 :

686 2929 754 2985 In
782 2933 952 2986 securi
970 2940 1019 2986 et
1049 2931 1191 2985 ascia
1216 2931 1511 3000 dejecerunt
1545 2943 1610 2987 -t-
1645 2946 1760 2987 eam
1790 2928 1812 3000 ζ

615 3044 657 3100 C
692 3043 865 3099 Janua
900 3044 1044 3099 enim
1090 3059 1121 3098 a
1158 3043 1296 3099 Iano
1330 3044 1472 3100 dicta
1501 3054 1617 3111 est,
1649 3044 1791 3116 quod
1820 3059 1920 3115 per
1948 3044 2125 3115 ipsum

547 3136 678 3191 anni
705 3136 787 3208 (ut
824 3137 1091 3208 putabant
1130 3137 1441 3210 idololatrze)
1467 3138 1801 3210 praeberetur
1824 3138 2120 3210 ingressus.

2227 1932 2601 2001 iuiproperare
2629 1930 2798 1986 sinis?
2847 1930 3088 2000 quandiu
3135 1929 3414 1986 inimicum
3463 1934 3519 1982 et
3553 1924 3820 1979 adversa-

2231 2022 2371 2079 rium
2409 2024 2559 2078 illum
2602 2023 2698 2078 tibi
2748 2023 3002 2093 populant
3050 2039 3157 2078 non
3187 2018 3463 2078 convertis
3493 2017 3563 2072 ad
3601 2012 3821 2070 confes~

2226 2113 2433 2171 sionem
2455 2128 2639 2169 veram
2662 2112 2835 2168 laudis
2867 2113 3008 2168 tuae?
3037 2112 3095 2167 lu
3124 2112 3311 2179 ﬁnem,
3339 2108 3550 2166 scilicet
3604 2103 3823 2169 mundi,

2227 2206 2441 2277 quando
2466 2220 2597 2277 gens
2620 2204 2712 2261 illa
2741 2214 3108 2260 convertetur.

2227 2298 2297 2353 12
2370 2296 2436 2351 Ut
2459 2298 2584 2368 quid
2606 2296 2792 2351 avertis
2812 2312 3025 2350 manuni
3043 2305 3187 2350 tuam
3223 2306 3271 2351 et
3290 2297 3560 2352 dexteram
3583 2306 3732 2352 tuam
3757 2310 3780 2347 :

2367 2386 2444 2441 De
2470 2386 2637 2441 medio
2671 2387 2789 2441 sinu
2811 2395 2901 2439 tuo
2924 2385 2977 2439 in
3003 2385 3205 2455 ﬁnem?

2297 2474 2664 2550 Spiritualiter
2694 2475 2783 2529 hic
2811 2474 3051 2530 Ecclesia
3077 2477 3242 2531 Deum
3291 2474 3509 2533 Patrem
3550 2475 3819 2546 depreca-

2226 2578 2314 2624 tur
2337 2570 2403 2624 de
2415 2566 2688 2638 unigenito
2708 2565 2968 2636 Filio,qui
2991 2571 3044 2620 tn
3067 2567 3185 2621 sinu
3201 2566 3493 2634 Patrisesl,
3510 2569 3603 2639 qui
3625 2577 3679 2623 et
3692 2568 3824 2621 dex-

2226 2671 2342 2714 tera
2366 2658 2688 2729 appellatur,
2708 2664 2764 2711 et
2785 2671 2995 2723 manus,
3021 2672 3088 2711 ne
3117 2657 3293 2714 tardet
3319 2674 3441 2714 eum
3474 2658 3818 2714 transmitte-

2227 2765 2285 2804 re
2318 2751 2370 2805 in
2401 2750 2581 2805 terris.
2608 2748 2653 2803 ll
2677 2749 2717 2804 C
2740 2747 2890 2803 Tunc
2916 2758 3096 2803 autem
3120 2758 3368 2805 avertere
3413 2764 3637 2803 manum
3671 2749 3815 2804 dici-

2225 2855 2336 2911 tur,
2367 2858 2491 2900 cum
2521 2858 2619 2898 nos
2645 2857 2873 2913 peccare
2926 2841 3078 2895 sinit.
3110 2840 3151 2897 C
3184 2839 3335 2896 Tunc
3366 2856 3495 2895 vero
3544 2839 3818 2895 convertit

2228 2952 2474 3003 manum,
2520 2952 2643 2993 cum
2671 2943 2895 3006 peccata
2941 2935 3030 2990 bic
3077 2933 3322 3004 corrigit.
3355 2933 3397 2987 ll
3436 2932 3603 2988 Sinus
3629 2941 3813 2985 autem

2228 3026 2347 3091 Dei,
2395 3027 2765 3083 sanctuariuni
2810 3026 2926 3096 ejus
2969 3035 3074 3090 est,
3123 3024 3375 3093 templum
3392 3022 3529 3092 ejus,
3561 3021 3650 3076 vel
3697 3022 3815 3091 ejus

2226 3122 2489 3177 custodia.
2513 3120 2554 3175 C
2579 3119 2674 3176 Vel
2698 3119 2765 3173 ad
2785 3118 3044 3172 litteram.
3069 3133 3167 3173 cur
3194 3133 3223 3171 a
3250 3116 3389 3178 sinu.
3416 3116 3467 3169 id
3496 3123 3583 3171 est
3611 3112 3816 3169 ludatis

546 3226 691 3300 Ergo
713 3204 769 3282 ut
799 3204 1073 3283 civitatem
1092 3228 1262 3293 illam,
1287 3204 1573 3283 inmodum
1599 3228 1853 3284 silvarum
1875 3204 2119 3284 ostende-

2233 3213 2430 3269 avertis
2478 3226 2718 3275 manum,
2768 3210 2823 3265 id
2868 3218 2952 3264 est
2977 3209 3276 3273 Christum,
3327 3221 3498 3278 usque
3531 3207 3600 3261 ad
3650 3207 3812 3259 tinem

544 3331 632 3377 ret
660 3320 902 3377 [illiditus
933 3336 1052 3377 esse
1075 3330 1359 3387 vastatam,
1393 3337 1493 3393 per
1513 3321 1627 3378 haec
1659 3321 2013 3377 instrumenta
2043 3320 2125 3375 fa-

539 3410 701 3467 brilia
750 3411 880 3467 dicit
920 3427 1040 3467 esse
1089 3410 1371 3483 dejectam.
1422 3408 1551 3480 Ejus
1589 3426 1721 3467 vero
1761 3409 1990 3483 :templi
2040 3410 2123 3464 in-

540 3502 741 3571 tellige.

544 3596 578 3648 8
688 3595 1037 3652 lncenderunt
1061 3598 1169 3668 igni
1196 3596 1552 3652 sanctuarium
1573 3605 1720 3651 tuum
1742 3611 1763 3651 :

683 3685 750 3741 In
779 3696 920 3742 terra
948 3688 1247 3758 polluerunt
1274 3687 1668 3743 tabernaculum
1698 3689 1922 3742 nominis
1947 3688 2044 3741 tui.

616 3801 656 3853 C
690 3798 899 3856 Crescit
927 3801 1121 3857 dolor:
1171 3799 1260 3856 ubi
1310 3801 1589 3858 calamitas
1618 3801 1915 3858 eversionis
1960 3817 2119 3873 auge-

543 3900 652 3945 tur.
687 3888 1067 3947 Sanctuarium
1098 3891 1226 3946 illud
1271 3892 1572 3964 :templum
1621 3892 1721 3947 fuit
1769 3893 1910 3962 quod
1965 3891 2118 3947 Salo-

546 3997 672 4036 mon
721 3981 954 4037 mirabili
1000 3981 1354 4038 aediﬁcatione
1408 3982 1727 4038 construxit.
1774 3981 1921 4037 Istud
1970 3983 2115 4037 enim

540 4074 827 4150 templum,
877 4072 1021 4144 quod
1069 4074 1326 4130 visitabat
1376 4074 1548 4131 virtus
1593 4075 1879 4132 caelestis:
1925 4090 2117 4131 manus

536 4164 730 4235 polluit
758 4165 1065 4231 vastatoris,
1088 4174 1144 4221 et
1184 4180 1357 4238 usque
1383 4166 1450 4221 ad
1492 4178 1692 4222 terram
1737 4166 1970 4224 culmina
2018 4168 2115 4222 de-

539 4256 731 4312 duxit:
780 4273 900 4328 qua:
949 4258 1016 4313 ad
1056 4258 1265 4316 laudem
1314 4258 1526 4315 Domini
1571 4262 1941 4332 probabantur
1994 4276 2115 4317 esse

539 4360 872 4407 constructa.
907 4351 1111 4408 Crescit
1135 4362 1316 4409 autem
1345 4354 1435 4409 hic
1461 4354 1719 4410 atrocitas
1747 4354 1871 4410 facti
1901 4355 1954 4409 in
1982 4369 2114 4409 nar-

536 4440 754 4495 ratione
773 4442 1065 4512 prophetae,
1101 4451 1163 4499 ut
1191 4450 1297 4498 tam
1326 4443 1638 4500 immaniter
1664 4446 2037 4502 excidentibus
2060 4453 2115 4501 et

537 4532 881 4588 vastantibus
903 4531 1094 4588 debeat
1129 4534 1197 4588 ab
1224 4535 1574 4607 omnipotenti
1604 4535 1787 4608 judice
1814 4536 2038 4593 obviari.

524 4644 578 4699 '9
683 4644 944 4700 Dixerunt
969 4646 1024 4700 in
1044 4647 1200 4700 corde
1225 4663 1321 4702 suo
1348 4648 1586 4719 cognatio
1607 4664 1786 4702 eorum
1811 4647 1969 4701 simul
1993 4660 2013 4701 .'

687 4750 753 4792 +
779 4735 1053 4804 Quiescere
1082 4738 1102 4808 ζ
1134 4736 1392 4806 faciamus
1414 4754 1589 4793 omnes
1611 4739 1720 4792 dies
1746 4738 1906 4807 {cstas

680 4826 781 4884 Dei
806 4845 840 4883 a
864 4837 1026 4884 terra.

610 4940 656 4997 (Ξ
694 4941 791 4998 Hic
816 4941 982 4997 verba
1032 4940 1345 4998 referuntur
1372 4942 1722 4999 irascentium
1761 4940 2069 4998 Juda‘orum
2099 4956 2116 4997 :

539 5033 800 5104 quoniam
845 5033 1099 5090 viderunt
1146 5042 1393 5090 sanctam
1440 5035 1713 5089 civitatem
1736 5073 1750 5098 ,
1781 5042 1836 5087 et
1862 5033 1956 5090 Dei
1990 5051 2118 5091 san-

537 5124 748 5179 ctuarla
773 5123 975 5190 diruta,
1004 5124 1210 5179 furiose
1232 5132 1288 5179 et
1314 5124 1631 5192 insipienter
1648 5123 1902 5178 dixerunt
1930 5142 1945 5179 ι
1969 5126 2118 5195 Abji-

538 5213 749 5270 ciamus
772 5214 948 5285 legem
972 5214 1099 5277 Dei;
1127 5221 1183 5267 et
1208 5227 1277 5267 ne
1298 5213 1452 5281 pauci
1476 5211 1791 5266 viderentur
1808 5228 1950 5279 esse,
1982 5216 2117 5272 dixit

541 5305 791 5338 nnannlin
814 5318 1002 5338 annum
1032 5301 1191 5340 εἴη*ηῆ
1242 5302 1307 5340 FO
1351 5301 1489 5340 male)
1530 5302 1775 5340 annos-ina
1800 5316 2111 5342 anisum-mla

2224 3305 2674 3374 saeculi?quando
2697 3303 2889 3356 iterum
2921 3302 2988 3355 ad
3017 3302 3193 3357 sinum
3221 3310 3371 3355 tuum
3396 3299 3677 3355 convertis
3695 3314 3810 3353 ma.

2224 3411 2374 3461 num,
2409 3395 2461 3450 id
2490 3403 2575 3450 est
2601 3392 2817 3448 Judmos
2839 3402 3121 3448 convertes
3143 3393 3210 3447 ad
3237 3391 3538 3447 Christum.

2222 3487 2291 3543 l3
2360 3486 2505 3541 Deus
2525 3494 2700 3540 autem
2724 3500 2816 3538 rea:
2840 3493 3014 3538 noster
3028 3495 3150 3538 ante
3185 3483 3380 3538 saecula
3402 3498 3424 3536 :

2363 3574 2619 3645 Operatus
2644 3588 2708 3630 ει-
2733 3584 2810 3628 est
2841 3572 2859 3642 ζ
2891 3573 3111 3627 salutem
3135 3573 3188 3627 in
3202 3572 3370 3627 medio
3394 3582 3571 3626 term.

2288 3666 2329 3723 C
2356 3666 2563 3723 Smcula
2594 3676 2773 3720 autem
2817 3665 2958 3721 dicta
3003 3673 3149 3730 sunt,
3191 3662 3333 3733 quod
3357 3663 3410 3718 iu
3438 3677 3499 3718 se
3528 3662 3810 3718 revolvant

2220 3767 2485 3829 tempora.
2538 3754 2616 3812 Ne
2657 3755 2906 3812 crederet
2938 3755 3061 3825 quis
3113 3752 3463 3822 temporalem
3494 3750 3808 3815 Dominum,

2217 3850 2339 3905 ideo
2368 3850 2497 3904 dicit
2521 3862 2646 3902 eum
2674 3862 2795 3902 esse
2849 3861 3031 3917 regem
3076 3854 3204 3900 ante
3245 3844 3457 3901 sazcula.
3513 3844 3571 3898 lu
3618 3844 3797 3898 medio

2216 3950 2397 4003 terrm,
2416 3938 2466 3992 id
2486 3946 2570 3993 est
2593 3936 2868 3993 hominum
2879 3937 2968 4005 qui
2995 3944 3149 3991 terra:
3171 3934 3387 3990 nomine
3402 3931 3802 4003 signiﬁcantur;

2214 4031 2444 4090 cunctis.
2476 4030 2679 4086 scilicet
2709 4030 3056 4085 cernentibus
3076 4027 3306 4099 populis,
3332 4035 3593 4095 operatus
3619 4034 3705 4081 est
3727 4041 3811 4080 sa-

2214 4120 2378 4175 lutem
2414 4120 2634 4175 humani
2656 4120 2900 4191 generis;
2928 4118 2973 4174 il
2991 4119 3094 4185 vel,
3120 4120 3172 4174 in
3195 4116 3402 4184 Judaea,
3424 4133 3545 4187 qua:
3568 4118 3805 4173 medium

2216 4221 2372 4269 terra:
2392 4212 2610 4268 dicitur.
3472 4282 3487 4289 ἧ

2217 4304 2284 4358 ﬂ
2356 4303 2462 4358 Aut
2493 4303 2820 4373 conﬁrmasti
2846 4305 2901 4359 in
2923 4305 3110 4361 virtute
3136 4315 3230 4360 tua
3257 4320 3402 4360 mare
3419 4317 3443 4355 :

2356 4396 2734 4452 Contribulasti
2753 4398 2923 4467 capita
2949 4397 3238 4454 draconum
3262 4398 3319 4453 in
3333 4397 3505 4468 aquis.

2285 4488 2326 4544 C
2353 4487 2601 4544 Ostendit
2632 4503 2772 4542 nunc
2827 4487 3074 4543 eumdem
3115 4487 3456 4545 Salvatorem
3507 4503 3631 4546 esse
3673 4504 3797 4544 cum

2140 4569 2310 4651 uni
2339 4579 2611 4648 quondam
2655 4577 2783 4632 fecit
2812 4577 3096 4632 mirabilia.
3142 4577 3495 4634 Conﬁrmavit
3537 4579 3685 4634 enim
3730 4579 3796 4632 li-

2222 4670 2415 4740 quidas
2444 4668 2612 4724 Rubri
2638 4670 2803 4724 maris
2829 4670 3073 4740 abyssos,
3101 4670 3317 4740 quando
3342 4670 3396 4725 in
3417 4669 3631 4725 duobus
3660 4670 3796 4724 latc-

2222 4765 2374 4820 ribus
2394 4766 2464 4821 ita
2495 4777 2579 4820 est
2599 4763 2854 4826 deﬁxum,
2873 4771 2931 4816 ut
2953 4778 3101 4817 mare
3123 4764 3437 4833 navigerum
3465 4761 3572 4817 iter
3592 4760 3799 4816 faceret

2218 4871 2340 4911 esse
2373 4865 2668 4911 terrenum.
2716 4853 2906 4923 Capita
2938 4852 3256 4919 draconum,
3290 4853 3546 4922 superbia
3598 4853 3799 4908 dtemo-

2218 4948 2453 5011 uiorum,
2473 4962 2591 5017 qua:
2613 4945 2980 5016 perducuntur
2999 4944 3065 5000 ad
3077 4944 3324 5019 nihilum,
3349 4948 3563 5017 quando
3585 4944 3797 4999 animas

2220 5052 2356 5107 quas
2390 5036 2465 5091 illi
2492 5035 2851 5106 inquinabaut
2910 5032 3032 5090 fons
3066 5034 3322 5090 salutaris
3352 5035 3610 5090 emundat
3656 5035 3795 5104 bap-

2217 5129 2380 5183 tismi.
2408 5128 2465 5182 In
2489 5128 2593 5183 hoc
2626 5126 2768 5181 enim
2795 5140 2956 5180 versu
2985 5125 3428 5196 mysteriumjam
3471 5125 3601 5181 dicti
3629 5124 3795 5179 mira-

2216 5218 2321 5274 culi
2350 5218 2603 5288 exponit;
2638 5217 2981 5287 signiﬁcabat
3004 5217 3149 5271 enim
3176 5217 3442 5271 transitus
3486 5216 3653 5270 maris
3685 5214 3794 5268 Ruv

2215 5309 2296 5342 ‘noi
2319 5309 2641 5342 Bantia-“nm
2696 5318 2743 5342 nl
2780 5308 2976 5342 Jinhn"
3036 5307 3315 5342 viain-lium
3363 5306 3512 5342 Ιῖηδο
3541 5308 3593 5342 in
3614 5306 3766 5342 anni:
