3986 5412
147 628 429 686 ceperam
456 622 659 679 habere
678 625 973 693 diabolum,
1003 631 1128 700 quia
1150 649 1179 685 a
1205 634 1529 695 Christianis
1552 643 1732 699 detra-

147 706 388 763 ctionum
413 713 687 769 morsibus
701 719 1023 772 comeditur.
1049 719 1090 773 ll
1117 720 1246 777 Sive
1274 733 1334 779 ut
1378 728 1445 781 ab
1471 729 1552 784 his
1584 748 1729 787 cout-

145 799 489 855 minueretur
507 817 612 873 per
646 806 858 877 signum
902 811 1102 878 crucis,
1130 826 1267 882 quos
1312 817 1466 887 prius
1499 820 1729 878 devora-

148 898 297 943 verat
318 891 376 944 in
407 894 755 951 suasionibus
774 898 948 953 vanis.

146 978 210 1035 i6
254 1014 267 1025 -
309 981 391 1036 Tu
418 983 667 1053 dirupisti
688 988 858 1057 fontes
884 1001 933 1045 et
955 1001 1206 1051 torrentes
1224 1009 1250 1049 :

277 1075 353 1142 Χ
370 1072 453 1128 Tu
478 1076 694 1132 siccasti
710 1081 897 1149 ﬂuvios
921 1080 1115 1138 Etham
1147 1087 1166 1158 ζ
1200 1127 1215 1143 .

208 1160 248 1218 C
274 1164 503 1231 Fontes,
530 1168 669 1223 dixit
696 1184 1032 1241 peccatores,
1084 1192 1316 1246 quorum
1366 1181 1503 1236 mala
1526 1182 1730 1255 iugiter

148 1252 400 1321 inllutmt;
434 1267 733 1327 torrentes,
754 1262 845 1331 qui
869 1265 1050 1319 subito
1070 1268 1339 1335 suscitati,
1382 1252 1570 1340 rapide
1594 1252 1728 1341 pec-

149 1346 311 1400 cando
337 1346 559 1403 irruunt
583 1351 636 1405 in
673 1350 872 1408 bonos:
923 1354 1033 1410 Hos
1077 1356 1310 1428 disrupit
1358 1361 1498 1416 Deus
1540 1378 1664 1417 cum
1695 1378 1726 1418 a

150 1438 495 1497 famulatione
518 1443 719 1500 diaboli
743 1445 946 1502 divisit.
985 1449 1202 1516 Etham,
1253 1452 1404 1523 fortis
1452 1454 1723 1525 interpre-

148 1541 305 1599 tatur,
332 1542 390 1589 et
414 1535 690 1607 signiﬁcat
726 1537 1022 1607 diabolum,
1046 1543 1201 1615 cuius
1232 1543 1475 1613 ﬂumina,
1528 1546 1584 1601 id
1618 1554 1724 1614 est,

148 1624 253 1694 ejus
274 1625 585 1683 doctrinam
616 1630 912 1687 exsiccavit
957 1633 1116 1700 Deus,
1164 1643 1220 1691 et
1266 1637 1333 1692 ad
1363 1637 1594 1695 nihilum
1636 1653 1726 1695 re-

148 1714 298 1786 degit.

151 1806 209 1859 l7
280 1807 421 1864 Tuus
450 1820 531 1866 est
554 1812 688 1880 dies,
717 1824 768 1869 et
794 1824 887 1870 tua
911 1826 986 1871 est
1010 1835 1115 1874 nox
1132 1833 1154 1871 :

278 1898 355 1953 Tu
385 1901 680 1970 fabricatus
698 1922 752 1961 es
776 1923 1026 1962 auroram
1045 1918 1093 1964 et
1113 1909 1293 1965 solem.

216 1990 258 2047 ll
283 1992 426 2048 Tuus
452 2004 539 2050 est
560 1996 697 2063 dies,
729 1999 783 2053 id
804 2008 889 2055 est
915 2000 1137 2058 claritas
1156 2002 1456 2077 Evangelii,
1489 2013 1546 2061 et
1589 2022 1716 2073 nox,

160 2083 204 2139 id
228 2093 302 2140 est
316 2084 623 2144 obscuritas
663 2088 820 2170 legis,
841 2092 966 2162 quia
995 2102 1047 2149 te
1079 2104 1307 2166 utraque
1344 2100 1715 2168 pronuntiant.

160 2176 422 2243 Auroram,
450 2178 505 2233 id
525 2188 613 2235 est
635 2180 784 2237 illum
814 2183 1110 2252 hominem,
1152 2201 1251 2258 per
1274 2202 1436 2257 quem
1467 2189 1719 2247 sedentes

160 2266 204 2320 in
230 2267 454 2325 tenebris
476 2270 652 2326 lucem
684 2273 956 2330 viderunt.
1008 2276 1214 2332 Lunam
1260 2294 1391 2335 vero
1418 2280 1718 2359 Ecclesiam

158 2356 282 2424 dicit,
304 2375 422 2430 qua:
443 2361 498 2416 in
526 2363 956 2423 obscuritatibus
983 2369 1163 2425 saeculi
1195 2370 1361 2428 lucet.

161 2449 216 2506 18
282 2451 358 2507 Tu
394 2454 568 2524 fecisti
595 2473 772 2512 omnes
796 2461 1043 2515 terminos
1069 2472 1256 2517 terrm:

273 2541 543 2600 riualem
563 2557 612 2601 et
633 2563 726 2602 ver
749 2558 803 2602 tu
825 2546 1098 2619 psalmusti
1134 2568 1216 2607 ea.

212 2634 254 2692 ﬂ
278 2636 566 2694 Terminos
592 2647 771 2708 terrae,
800 2642 1074 2712 apostolos
1086 2652 1139 2698 et
1152 2646 1444 2717 prophetas
1458 2648 1715 2705 dicimus.

154 2725 193 2782 Η
210 2727 323 2795 Ver,
346 2729 618 2801 significat
636 2730 835 2800 iustos,
867 2735 958 2805 qui
975 2735 1028 2790 in
1052 2735 1154 2791 hoc
1178 2738 1378 2793 szeeulo
1406 2738 1560 2795 bonis
1585 2755 1714 2811 ope-

153 2816 280 2874 ribus
300 2817 525 2884 llorent;
551 2836 649 2891 per
675 2831 915 2877 aestatem
944 2824 1179 2881 fructum
1227 2827 1433 2884 laboris
1479 2830 1561 2884 sui
1592 2846 1715 2901 per-

153 2907 351 2977 cipiunt.
379 2909 420 2966 C
451 2910 571 2977 Vel,
601 2928 698 2967 ver
717 2912 1075 2978 confessores,
1112 2917 1204 2986 qui
1254 2918 1504 2988 mquabili
1547 2919 1714 2976 devo-

151 3001 277 3055 tione
295 3009 348 3056 et
391 3006 808 3061 mansuetudine
841 3009 1125 3076 temperati
1172 3009 1401 3066 Domino
1447 3012 1711 3069 serviunt.

152 3088 331 3159 Estas,
361 3109 493 3151 vero
522 3110 618 3150 eos
638 3096 729 3166 qui
753 3097 996 3168 martyrii
1028 3098 1210 3154 calore
1233 3098 1464 3156 fervent.

152 3203 207 3258 l9
270 3205 473 3264 Memor
505 3219 616 3265 esto
655 3210 816 3281 hujus
851 3226 871 3268 :
907 3211 1151 3268 inimicus
1191 3214 1563 3288 intproperavit
1606 3214 1714 3272 Do-

339 3301 533 3357 mino:
773 3344 777 3349 ι
884 3308 894 3318 ⁸

267 3390 334 3445 Et
359 3392 587 3464 populus
625 3394 877 3467 insipiens
913 3397 1149 3454 incitavit
1188 3416 1376 3456 nomen
1417 3410 1585 3458 tuum.

205 3479 247 3534 ll
270 3480 470 3538 Memor
498 3494 638 3550 esto,
672 3487 883 3543 scilicet
927 3488 1228 3561 martyrum
1264 3493 1357 3563 qui
1404 3493 1473 3548 ab
1528 3510 1714 3553 amore

150 3576 356 3632 nominis
386 3578 463 3633 tul
511 3578 639 3636 talia
672 3582 972 3659 patiuntur.
1004 3584 1263 3642 Inimicus
1291 3586 1558 3643 diabolus.
1611 3589 1716 3644 Po-

151 3667 285 3735 pulus
308 3669 591 3741 insipiens,
621 3671 675 3729 id
708 3681 795 3730 est
838 3674 1053 3744 gentilis
1078 3675 1163 3731 vel
1193 3676 1462 3743 haeretici,
1506 3679 1598 3749 qui
1630 3680 1712 3734 in-

154 3757 297 3812 citant
322 3775 539 3831 semper
586 3778 783 3821 nomen
832 3765 1065 3821 Domini.
1091 3766 1132 3823 C
1159 3766 1275 3833 Vel,
1304 3769 1576 3838 inimicus,
1623 3772 1712 3826 in-

157 3851 382 3924 telligitur
406 3854 718 3912 Judzeorum
748 3858 1029 3930 popuplus,
1082 3861 1172 3931 qui
1204 3870 1257 3916 et
1279 3861 1538 3933 insipiens
1568 3871 1712 3943 recte

158 3939 340 4009 dicitur,
368 3945 495 3999 dum
542 3946 660 4002 dies
716 3945 884 4004 festos
936 3958 991 4007 et
1034 3949 1207 4019 legem
1245 3952 1338 4005 Dei
1380 3953 1461 4006 sui
1494 3967 1524 4006 a
1565 3939 1711 4009 terra

159 4036 404 4101 quiescere
430 4039 687 4095 volebant
714 4039 921 4109 facere,
967 4052 1021 4097 et
1062 4044 1190 4099 talia
1239 4044 1482 4100 dicerent
1513 4045 1711 4117 quibus

161 4123 299 4181 Deum
323 4129 636 4186 incitarent.

158 4211 214 4268 20
273 4216 347 4274 Ne
383 4221 567 4275 tradas
597 4222 776 4277 bestiis
817 4223 1052 4280 animans
1082 4225 1411 4295 conﬁtentem
1460 4227 1555 4282 tibi
1583 4242 1603 4282 :

273 4309 336 4364 Et
381 4314 590 4367 animas
643 4330 935 4387 pauperum
1000 4326 1213 4374 tuorum
1267 4334 1330 4373 ne
1386 4317 1709 4374 obliviscaris

273 4404 324 4458 in
351 4406 530 4475 ﬁnem.

212 4491 538 4566 CSupplicat
586 4496 736 4552 enim
789 4498 875 4553 vir
922 4509 1166 4568 sanctus,
1197 4512 1339 4571 quod
1389 4501 1595 4594 sciebat
1643 4502 1707 4557 de
1736 4534 1785 4594 υ

158 4576 209 4632 in
229 4582 324 4637 teis
357 4587 562 4642 devotis
587 4602 711 4642 esse
733 4597 1045 4655 venturum,
1069 4598 1127 4651 ut
1156 4606 1260 4647 non
1288 4592 1466 4646 tradat
1493 4592 1706 4647 animas

159 4668 377 4741 ﬁdelium,
400 4694 467 4733 ne
492 4677 744 4734 diabolus
771 4680 839 4733 ad
866 4694 963 4733 sua
996 4690 1119 4735 vota
1162 4683 1462 4752 perveniat.
1496 4683 1707 4740 Bestius

159 4764 306 4829 posuit
329 4767 598 4824 diabolum
624 4784 749 4824 cum
798 4771 1083 4827 ministris.
1116 4773 1393 4844 Pauperes
1437 4783 1583 4841 sunt,
1613 4777 1706 4847 qui

159 4865 206 4904 se
229 4854 285 4908 ad
314 4857 668 4914 humilitatem
701 4860 1105 4917 sanctissimam
1137 4863 1223 4921 hic
1252 4863 1619 4935 contulerunt,
1648 4875 1707 4922 ut

158 4941 246 4998 illic
269 4947 446 5004 divites
474 4951 624 5006 ﬂant.

158 5030 204 5078 (Μ
275 5034 469 5078 "nguina
510 5040 561 5078 in
604 5050 973 5078 loci/Impulsam
1015 5052 1160 5078 lunm
1192 5060 1205 5073 ο

1360 342 1721 407 EXPOSlTlO
1770 352 2210 419 PSALMORUM.

1749 1811 1799 1875 B

3054 408 3071 415 κ.
3095 418 3162 471 ,L
3304 377 3409 442 ass

2224 475 2540 547 iquitatum,
2590 483 2644 539 id
2688 495 2772 542 est
2821 489 3155 547 conscientia
3188 492 3405 564 iniqua;

1833 563 2023 618 (lonuts
2065 566 2207 620 enim
2262 569 2638 641 iniquitatum,
2682 578 2734 631 id
2789 590 2873 635 est
2908 582 3257 638 conscientize
3288 563 3409 638 nta-

1832 651 1913 709 he.
1943 656 2209 726 obscurae,
2244 671 2366 715 sunt
2398 667 2627 722 terrenis
2658 669 2943 727 desideriis
2976 682 3031 730 et
3057 675 3273 746 repleta:
3294 692 3409 732 map

1827 855 1899 910 22
1972 857 2055 914 Ne
2091 874 2358 920 avertatur
2388 868 2601 926 humilis
2630 873 2801 943 factus
2835 878 3084 947 confusus
3105 894 3125 934 :

1968 951 2184 1025 Pauper
2219 968 2267 1013 et
2305 960 2453 1032 inops
2485 963 2778 1024 laudabunt
2816 988 3003 1028 nomen
3030 985 3202 1030 tuum.

1897 1064 1938 1121 C
1968 1066 2141 1139 Rogat
2167 1069 2439 1139 Propheta
2470 1090 2577 1131 non
2606 1077 2806 1135 debere
2848 1083 3100 1139 confundi
3151 1086 3402 1152 humiles,

1824 1159 1914 1226 qui
1948 1160 2111 1215 Deum
2130 1160 2334 1232 jugiter
2363 1165 2612 1235 laudant;
2644 1186 2847 1241 pauper
2872 1174 2966 1231 Dei
2998 1179 3196 1233 dicitur
3219 1180 3326 1243 hic,
3348 1191 3405 1234 et

1825 1247 1978 1303 dives
2005 1252 2187 1306 sa‘culi
2215 1267 2562 1325 nuncupatur
2592 1277 2608 1313 :
2639 1261 2740 1316 iste
2767 1272 2854 1317 est
2884 1265 3029 1335 regis
3069 1269 3282 1332 aeterni,
3316 1268 3405 1324 ille

1826 1341 2084 1409 temporis
2114 1344 2348 1414 fugitivi.
2386 1347 2493 1404 Iste
2542 1350 2637 1405 Dei
2664 1367 2890 1422 pauper,
2934 1363 3139 1411 etcum
3190 1358 3405 1412 videtur

1823 1433 2015 1500 silere.
2054 1437 2222 1492 Deum
2271 1439 2486 1509 laudat;
2543 1444 2637 1502 ille
2672 1446 2824 1503 dives
2872 1449 3055 1505 saeculi
3106 1451 3397 1520 superbus,

1824 1534 2006 1582 mutus
2032 1540 2116 1583 est
2142 1533 2390 1600 quamvis
2412 1535 2633 1604 psallat.

1821 1637 1893 1694 23
1964 1637 2203 1711 Exsurge
2241 1641 2405 1710 Deus,
2423 1645 2611 1716 judico
2638 1665 2855 1705 causam
2880 1659 3025 1705 tuam
3055 1664 3076 1703 :

1963 1730 2169 1786 Memor
2210 1744 2317 1789 esto
2345 1736 2779 1807 improperiorum
2811 1749 3021 1797 tuorum
3065 1758 3245 1798 eorum
3286 1759 3402 1815 qua

2033 1824 2098 1877 ab
2132 1826 2407 1897 insipiente
2439 1841 2560 1885 sunt
2596 1841 2706 1887 tota
2736 1834 2843 1888 die.

1891 1936 1937 1990 fl
1980 1936 2431 2015 Exsurge,.Deus,
2454 1943 2640 2014 judica
2671 1962 2889 2003 causam
2938 1964 3039 2020 pro
3082 1950 3168 2007 his
3197 1949 3402 2022 impro-

1817 2026 2001 2096 periis,
2038 2043 2158 2098 qua:
2200 2030 2283 2084 vel
2314 2040 2368 2085 tu
2416 2035 2720 2091 sustinuisti
2769 2052 2868 2107 pro
2918 2039 3093 2105 nobis,
3141 2039 3225 2094 vel
3257 2056 3402 2098 nunc

1818 2114 2058 2172 Ecclesia
2102 2118 2351 2176 sustinet.
2401 2121 2607 2180 Memor
2629 2134 2766 2194 esto,
2795 2138 2851 2182 ut
2878 2128 2930 2184 in
2948 2130 3153 2200 judicio
3181 2131 3403 2188 confun-

1818 2210 2035 2276 dantur,
2084 2214 2176 2282 qui
2228 2215 2325 2270 tibi
2378 2216 2462 2272 vel
2510 2220 2620 2274 tuis
2673 2235 2888 2291 semper
2939 2224 3396 2295 improperabant.

1815 2299 1857 2355 (ἶ
1884 2299 1997 2366 Vel,
2038 2301 2182 2358 Deus
2220 2303 2432 2374 judicat
2470 2323 2690 2365 causam
2740 2326 2891 2365 suam
2918 2353 2932 2378 ,
2970 2312 3097 2367 dum
3147 2322 3397 2369 errantes

1815 2400 2140 2459 convertens
2184 2392 2317 2449 facit
2352 2411 2595 2452 errorem
2638 2413 2794 2453 suum
2824 2415 3155 2470 cognoscere
3183 2411 3237 2457 et
3264 2402 3398 2457 illud

1814 2482 2110 2550 praedicare
2155 2486 2296 2554 quod
2347 2487 2497 2559 prius
2551 2489 2882 2544 abnuebant.
2920 2490 2988 2546 Et
3031 2492 3099 2546 ad
3137 2492 3398 2559 litteram,

1816 2574 2026 2629 illorum
2054 2576 2501 2648 improperiorum
2534 2582 2966 2652 supradictorum
2999 2600 3014 2637 :
3042 2580 3163 2637 iam
3184 2599 3288 2640 non
3311 2593 3399 2641 est

1812 2668 2096 2738 pr0pheta,
2122 2679 2257 2739 etc.,
2280 2687 2400 2743 quae
2423 2674 2492 2731 ab
2523 2674 2815 2747 insipiente
2844 2676 3043 2748 populo
3074 2678 3218 2734 dicta
3246 2688 3395 2759 sunt,

1814 2773 2024 2813 memor
2054 2768 2193 2815 θεῑο.

1810 2868 1882 2925 24
1951 2870 2036 2926 Ne
2072 2870 2397 2930 obliviscaris
2436 2891 2586 2931 voces
2621 2876 2956 2935 inimicorum
2989 2887 3202 2932 tuorum
3234 2896 3254 2932 .-

1953 2962 2213 3035 Superbia
2251 2983 2431 3021 eorum
2458 2969 2547 3039 qui
2578 2978 2627 3023 te
2654 2970 2874 3025 oderunt
2901 2969 3137 3026 ascendit
3173 2984 3393 3039 scalper.

1880 3051 1922 3109 C
1953 3053 2031 3109 Ne
2067 3054 2431 3121 obliviscaris,
2477 3058 2683 3113 scilicet
2727 3058 2781 3113 in
2828 3058 3175 3115 damnatione
3205 3072 3397 3128 perpe-

1738 3166 1785 3229 C
1816 3152 1927 3211 tua,
1969 3159 2129 3202 voces
2159 3147 2577 3203 obstinatorum.
2617 3148 2659 3205 C
2690 3149 2809 3216 Vel,
2836 3150 2926 3220 qui
2954 3150 3011 3207 in
3034 3150 3395 3220 praesentibus

1814 3238 2086 3310 pressuris
2138 3250 2191 3295 te
2229 3239 2525 3307 invocant,
2570 3242 2919 3299 consolentur
2964 3253 3185 3315 propter
3230 3257 3395 3298 voces

1812 3332 2279 3401 persequentium.
2317 3331 2358 3388 C
2395 3331 2658 3404 Superbia
2702 3343 2785 3390 est
2812 3334 2980 3401 enim,
3009 3350 3173 3405 quam
3204 3332 3393 3389 Domi-

1813 3441 1915 3481 nus
1954 3425 2314 3496 spiritualiter
2336 3427 2483 3493 odit,
2510 3441 2608 3495 per
2634 3443 2796 3498 quam
2826 3438 2884 3483 et
2910 3426 3133 3497 angelus
3159 3424 3391 3491 corruit,

1812 3527 1867 3575 et
1914 3519 2076 3590 primi
2127 3519 2362 3575 hominis
2392 3519 2673 3574 beatitudo
2703 3519 2978 3575 discessit.
3013 3518 3082 3572 Et
3114 3517 3219 3575 hoc
3263 3531 3392 3571 eon-

1810 3626 1945 3685 grue
1970 3612 2037 3669 de
2063 3612 2322 3668 Romanis
2348 3612 2645 3682 accipimus
2669 3652 2685 3676 ,
2726 3611 2816 3680 qui
2843 3608 3097 3681 superbia
3126 3608 3255 3669 elati
3286 3622 3386 3664 su-

1808 3720 1909 3775 per
1937 3703 2197 3775 templum
2236 3702 2334 3759 Dei
2365 3701 2562 3759 vexilla
2586 3700 2868 3772 erigebant
2903 3709 2959 3755 et
2986 3701 3163 3768 ipsum
3203 3699 3391 3755 incen-

1810 3795 2029 3851 derunt.

2260 3901 2461 3942 ORATIO
2498 3901 2567 3941 EX
2606 3899 2733 3941 PSAL
2770 3899 2962 3939 ιιιιιι.

1880 4002 2109 4058 Creator
2135 4000 2378 4055 omnium
2404 3997 2820 4062 elementorum,
2848 3993 3098 4058 Domine,
3129 3999 3256 4045 ante
3290 4005 3392 4046 sa:-

1808 4096 1930 4152 cula
1978 4110 2074 4150 rex
2121 4102 2341 4156 aeterne,
2369 4098 2638 4146 memento
2681 4088 2862 4159 gregis
2910 4087 3028 4152 tui,
3066 4098 3225 4154 quem
3263 4080 3392 4136 εσυ.

1807 4191 1962 4246 sione
1992 4188 2205 4244 cruoris
2248 4186 2453 4257 proprii
2505 4182 2783 4239 redemisti
2831 4189 2993 4250 atque
3042 4176 3282 4233 omnium
3337 4182 3391 4231 te

1809 4281 2169 4353 quaerentium
2196 4292 2357 4334 voces
2385 4276 2709 4348 propitiatus
2739 4272 2951 4329 exaudi.
2970 4271 3074 4327 Per
3101 4269 3389 4326 Dominum

1808 4382 2055 4431 nostrum
2078 4371 2283 4436 desum,
2320 4378 2428 4426 etc.

2305 4495 2621 4554 PSALMUS
2669 4493 2904 4551 LXXIV.

2214 4627 2575 4671 ARGUIENTUM
2614 4627 2761 4683 PShL.
2801 4625 2865 4663 LX
2875 4624 2986 4676 ιμν.

1882 4728 1925 4787 C
1952 4728 2068 4786 Vos
2113 4727 2349 4783 ﬁdelium
2387 4723 2694 4781 Jutkeorum
2719 4763 2735 4788 ,
2785 4720 2878 4790 qui
2925 4718 3130 4776 Christi
3170 4716 3395 4771 mirabi-

1812 4825 1883 4880 lia
1923 4836 2149 4877 narrare
2178 4836 2236 4875 se
2267 4816 2616 4888 proﬁtentur,
2656 4824 2711 4871 et
2758 4813 2827 4868 de
2867 4811 3075 4868 Christi
3110 4809 3287 4863 futuro
3310 4806 3399 4876 ju-

1813 4912 1976 4971 dicio.

1813 5026 1925 5078 TT.
2001 5023 2068 5078 In
2102 5026 2255 5078 finem
2295 5038 2359 5075 ne
2403 5036 2733 5078 corrumpas.
2777 5012 3032 5071 Psalmus
3076 5011 3245 5078 Αθαρή
3278 5020 3406 5059 can-
