3986 5412
581 325 685 382 285

579 439 602 490 1
715 433 1088 504 Can/itebimur
1113 438 1226 504 tibi,
1260 440 1418 506 Deus,
1445 443 1802 510 conﬁtebimur
1827 461 1846 499 :

717 530 786 583 Et
814 530 1166 584 invocabimus
1197 547 1381 584 nomen
1406 542 1572 588 tuum.

578 621 615 674 2
720 619 1074 673 Narrabimus
1101 621 1368 676 mirabilia
1397 632 1487 678 tua
1514 641 1534 679 :

718 709 848 763 Cum
877 725 1122 780 accepero
1153 721 1351 782 tempus
1381 730 1472 784 ego
1496 713 1734 784 justitias
1749 715 2025 787 judicabo.

646 799 688 853 C
712 798 901 866 Erupit
925 799 1152 869 pepulns
1174 799 1432 856 Judaieus
1470 803 1524 857 in
1555 818 1740 858 vocem
1775 805 2144 860 confessionis.

578 891 834 960 Sequitur
861 891 1056 944 iterum
1086 909 1099 944 :
1133 892 1528 957 conﬁtebimur,
1556 895 1657 950 ista
1690 897 1939 966 repetitio
1969 897 2153 952 solidi-

576 991 740 1037 tatem
771 983 1146 1052 promissionis
1197 992 1440 1040 testatur.
1487 987 1597 1042 Deo
1623 988 1767 1043 enim
1813 989 2155 1059 frequentata

578 1072 850 1129 confessio
912 1090 1018 1154 non
1081 1075 1316 1143 parturit
1354 1076 1692 1147 periculum,
1739 1080 1832 1134 sed
1885 1079 2150 1147 salutem,

577 1165 825 1234 quamvis
856 1176 1073 1220 terreno
1107 1165 1276 1236 judici
1319 1167 1402 1221 vel
1429 1168 1597 1224 semel
1623 1169 1868 1224 conﬁteri
1898 1169 2150 1234 crimina,

576 1255 898 1325 plerumque
941 1266 1172 1313 mortem
1233 1269 1476 1330 generet.
1523 1261 1618 1316 Est
1665 1271 1847 1317 autent
1906 1261 2152 1318 confiteri

580 1345 872 1400 multorum
897 1346 1241 1404 confessione
1263 1349 1466 1420 aliquid
1497 1351 1765 1421 proﬁteri.

650 1435 692 1491 C
735 1435 1042 1493 lntroducta
1085 1446 1171 1493 est
1211 1454 1313 1496 vox
1363 1440 1624 1507 ﬁdelium,
1655 1443 1746 1512 qui
1791 1458 1926 1514 pura
1971 1451 2153 1500 mente

581 1529 694 1582 Deo
721 1537 998 1584 merentur
1028 1531 1254 1586 servire.
1287 1531 1510 1588 Mutatio
1531 1549 1777 1604 personae
1808 1536 2002 1590 deinde
2030 1544 2148 1603 est;

580 1618 818 1689 loquitur
839 1619 982 1675 enim
1024 1623 1166 1678 Deus
1199 1641 1212 1678 :
1239 1638 1360 1679 eum
1393 1639 1652 1694 accepero
1684 1634 1914 1696 tempus,
1947 1625 2154 1682 scilicet

582 1724 680 1778 per
708 1711 760 1764 id
804 1711 946 1781 quod
973 1711 1145 1769 factus
1183 1724 1265 1768 est
1292 1715 1485 1782 homo,
1516 1716 1858 1788 sejustitiam
1884 1717 2154 1788 judicatu-

1497 335 1554 389 S.
1596 334 1940 392 BRUNONIS
1978 321 2514 389 HERBIPOLENSIS
2550 318 2852 376 EPISCOPI

2173 442 2225 502 Α
2285 437 2314 490 ’1

3715 318 3826 374 28!

2389 433 2545 487 Hunc
2579 430 2820 485 Itumiliat
2846 438 2894 483 et
2919 428 3058 482 hunc
3076 428 3268 483 exultat
3295 445 3313 484 :

2397 523 2534 588 Quia
2578 521 2718 576 calix
2763 521 2818 574 in
2864 535 3024 573 manu
3063 519 3274 574 Domini
3321 519 3422 574 riui
3467 517 3598 573 meri
3637 519 3825 589 plenus

2464 613 2637 667 misto.

2321 705 2363 760 C
2393 704 2650 759 Humiliat
2697 701 2883 771 utique
2925 700 3211 770 superbum
3234 739 3252 765 ,
3289 699 3494 754 exaltat
3523 697 3784 753 humilem
3807 737 3825 762 ,

2252 799 2376 868 quia
2422 797 2510 852 ille
2544 797 2598 852 in
2623 810 2700 859 se,
2731 795 2833 850 iste
2859 794 2913 848 in
2958 793 3124 847 Deum
3165 791 3404 848 conﬁdit.
3435 792 3476 846 ll
3515 789 3669 845 Calix
3697 804 3830 844 vero

2251 886 2534 943 retributio
2557 894 2676 950 est;
2714 884 2899 952 plenus
2927 882 3034 936 vini
3061 881 3212 944 meri,
3243 880 3294 935 id
3313 888 3396 934 est
3420 879 3668 942 veritate,
3695 891 3832 946 quo-

2251 982 2396 1036 niam
2429 980 2480 1033 in
2505 978 2594 1033 die
2612 976 2800 1046 judicii
2835 974 3126 1044 unicuique
3150 972 3525 1044 propinaliitur
3544 970 3690 1039 quod
3720 984 3832 1024 mc-

2250 1081 2403 1128 retur
2427 1086 2441 1136 ;
2471 1071 2662 1125 mistus
2689 1077 2774 1123 est
2801 1075 2979 1122 autem
3005 1064 3373 1121 misericordia
3395 1072 3450 1118 et
3468 1061 3699 1132 judicio.

2251 1163 2284 1218 8
2391 1161 2459 1216 Et
2490 1160 2754 1215 inclinavit
2781 1175 2845 1213 ea:
2867 1159 2966 1212 hoc
2994 1171 3057 1214 σι-
3086 1157 3140 1211 in
3169 1158 3264 1211 hoc
3298 1155 3315 1224 ξ

2401 1249 2760 1306 Verumtamen
2785 1248 2872 1318 fex
2892 1247 3004 1317 ejus
3034 1264 3138 1302 non
3165 1256 3239 1302 est
3262 1245 3530 1301 exinanita
3561 1258 3582 1298 :

2391 1341 2582 1396 Bibent
2619 1355 2796 1394 omnes
2830 1347 3124 1408 peceatores
3153 1348 3329 1391 terrm.

2323 1434 2364 1489 C
2392 1433 2490 1488 Hic
2515 1433 2649 1486 duos
2677 1429 2904 1500 papulas
2934 1427 3225 1498 signiﬁcat,
3252 1424 3561 1480 Judaeorum
3585 1429 3644 1480 et
3686 1438 3827 1493 gen-

2255 1527 2408 1593 tium,
2447 1525 2701 1595 quoniam
2731 1522 2852 1576 tulit
2882 1535 2948 1577 ex
2996 1535 3092 1574 ore
3121 1533 3229 1574 non
3263 1513 3832 1574 eredentiumludaso-

2253 1633 2397 1672 rum.
2443 1614 2594 1682 Quod
2639 1611 2934 1683 potandum
2978 1608 3256 1664 inclinavit
3300 1603 3578 1661 conversis
3620 1600 3836 1674 populis

2255 1708 2530 1780 gentium;
2565 1707 2706 1761 feces
2749 1703 2892 1759 enim
2921 1701 3009 1757 hic
3053 1717 3158 1755 non
3183 1699 3390 1759 sordes,
3440 1696 3534 1752 sed
3583 1694 3832 1749 ultimam

581 1813 700 1852 rum
727 1839 741 1863 ,
788 1810 847 1854 ut
899 1813 1220 1872 compuncta
1263 1806 1426 1860 corda
1476 1785 1724 1861 mortalia
1763 1785 1898 1862 ante
1944 1816 2154 1879 tempus
2185 1817 2226 1878 Β
2256 1799 2412 1855 ﬁdem
2450 1799 2706 1854 debemus
2755 1796 3036 1866 accipere,
3087 1792 3300 1865 quando
3327 1789 3497 1847 Judaei
3541 1803 3668 1844 cum
3709 1785 3832 1840 aliis

575 1887 759 1957 judicii
799 1905 856 1945 se
886 1903 1242 1961 precarentur
1284 1895 1522 1960 absolvi,
1571 1913 1640 1951 ne
1669 1899 1721 1952 in
1755 1898 1938 1954 futuro
1961 1900 2150 1954 dttram

581 1980 907 2035 sententiam
949 1981 1146 2050 judicis
1177 1987 1528 2043 sustinerent.
1559 1987 1603 2040 Il
1634 1987 1785 2044 Nunc
1813 2004 1918 2043 non
1953 1998 2038 2045 est
2059 1991 2150 2060 ju-

579 2069 704 2136 dex,
734 2073 975 2128 sederit.
1001 2073 1058 2130 Si
1088 2077 1232 2131 enim
1271 2087 1418 2133 esset
1458 2094 1600 2134 nunc
1618 2079 1804 2150 judex,
1842 2089 2154 2152 peccatores

581 2176 688 2216 non
729 2164 1096 2236 erigerentur,
1137 2177 1191 2224 et
1230 2169 1283 2224 in
1327 2171 1526 2228 saeculo
1568 2189 1675 2229 non
1717 2175 2028 2230 obtinere-nt
2067 2175 2154 2232 di-

582 2254 762 2311 vitias.

580 2346 614 2399 3
721 2346 1025 2419 Liquefacta
1050 2364 1125 2408 est
1157 2364 1296 2409 terra
1319 2367 1366 2411 et
1394 2375 1569 2414 omnes
1599 2361 1689 2429 qui
1708 2361 1943 2414 habitant
1965 2361 2018 2416 in
2053 2374 2154 2415 ea:

721 2436 833 2509 Ego
857 2442 1162 2510 conﬁrmavi
1185 2446 1450 2503 columnas
1471 2451 1603 2520 ejus.
1629 2450 1869 2521 Diapsal.

649 2528 692 2584 C
721 2529 980 2587 Dominus
1007 2534 1154 2601 dicit,
1185 2547 1311 2592 ante
1351 2539 1641 2594 adventum
1677 2557 1857 2606 suum,
1891 2556 2010 2598 esse
2047 2551 2153 2597 ter-

579 2635 698 2673 ram
747 2620 1090 2690 liquefactam
1113 2665 1128 2690 ,
1162 2626 1216 2680 id
1245 2637 1359 2694 est,
1387 2645 1556 2699 genus
1590 2631 1914 2699 humanum,
1957 2631 2025 2686 ab
2066 2633 2152 2686 illa

579 2711 850 2766 soliditate
877 2715 1122 2770 veritatis
1171 2717 1222 2771 in
1249 2729 1598 2788 peccatorum
1638 2721 1813 2776 labem
1856 2723 2151 2778 resolutum

579 2815 720 2866 esse,
762 2802 1006 2858 nefandis
1028 2803 1186 2860 ldolis
1215 2808 1516 2864 serviendo.
1562 2810 1852 2865 Columnas
1881 2813 2153 2880 apostolos

579 2892 711 2947 dicit
750 2893 842 2962 qui
873 2893 1180 2951 conﬁrmati
1220 2908 1344 2953 sunt
1382 2901 1435 2955 in
1472 2903 1869 2957 resurrectione
1909 2902 2150 2971 Christi,

579 2986 831 3051 quoniam
861 2986 911 3038 in
938 2986 1189 3054 passione
1214 2989 1331 3059 ejus
1352 3001 1698 3046 nutaverant.

578 3073 612 3127 4
722 3074 846 3130 Dixi
865 3077 1055 3138 iniquis
1079 3092 1100 3130 :
1129 3079 1307 3136 Nolite
1335 3082 1510 3154 inique
1537 3099 1687 3155 agere
1707 3101 1726 3139 :

718 3166 787 3220 Et
815 3168 1230 3242 delinquentibus
1250 3187 1269 3224 :
1295 3173 1474 3230 Nolite
1494 3175 1730 3232 exaltare
1751 3193 1934 3233 cornu.

650 3260 692 3316 C
726 3263 870 3319 Dixit
911 3269 1055 3321 enim
1084 3282 1180 3338 per
1211 3270 1502 3340 prophetas
1548 3279 1602 3326 et
1649 3274 1920 3342 apostolos
1947 3275 2148 3331 monita

579 3349 866 3418 veritatis,
898 3369 966 3410 ne
1009 3355 1257 3412 scelerati
1304 3361 1444 3416 male
1485 3374 1726 3431 agerent.
1769 3363 2150 3430 Delinquentes

581 3450 727 3506 sunt,
758 3443 849 3514 qui
879 3445 944 3499 de
968 3448 1183 3518 propria
1220 3449 1432 3520 justitia
1474 3465 1891 3523 praesumentes,
1916 3465 1971 3511 et
1997 3457 2146 3512 exal-

584 3541 759 3589 tantes
805 3550 863 3590 se
903 3536 958 3592 in
999 3541 1272 3610 superbia,
1313 3543 1506 3599 collum
1545 3560 1699 3600 suum
1741 3545 1980 3600 submitti
2015 3545 2147 3618 jugo

579 3621 784 3680 Christi
828 3635 1197 3685 contemnunt.
1234 3630 1330 3686 Vel
1377 3648 1546 3688 cornu
1591 3635 1861 3703 exaltant,
1886 3638 1976 3706 qui
2008 3653 2066 3694 se
2093 3639 2146 3693 in

578 3718 820 3782 peccatis
845 3729 1127 3788 excusant,
1154 3723 1311 3778 modo
1339 3725 1612 3781 diabolum
1643 3738 1951 3799 arguentes,
1989 3731 2148 3786 modo

581 3804 744 3860 alium
781 3807 1089 3868 incusantes
1119 3829 1419 3870 suasorem.

581 3893 616 3947 5
724 3895 902 3952 Nolite
929 3900 1174 3957 extollere
1199 3904 1256 3957 in
1281 3904 1446 3960 altum
1476 3923 1636 3961 cornu
1670 3918 1888 3962 uestrum
1913 3921 1936 3962 :

727 4001 791 4042 οξ-
833 3987 1010 4045 Nolite
1043 3992 1060 4062 ξ
1092 3995 1234 4065 loqui
1262 3998 1509 4052 adversus
1537 3998 1702 4053 Deum
1728 4001 2072 4071 iniquitatem.

650 4076 691 4132 C
721 4079 807 4134 Ille
844 4096 1060 4152 quoque
1102 4085 1158 4140 in
1204 4087 1370 4142 altum
1416 4090 1571 4160 erigit
1605 4105 1796 4157 cornu,
1824 4093 1913 4162 qui
1956 4103 2146 4150 contra

580 4167 749 4223 Deum
789 4170 1428 4252 (concepta-iniquitate)
1462 4195 1844 4238 remurmurat.
1888 4183 2149 4254 Loquitur

579 4271 759 4317 autem
786 4276 974 4323 contra
1015 4270 1182 4324 Deum
1225 4271 1560 4341 iniquitatem
1583 4314 1598 4338 ,
1631 4277 1845 4344 quando
1871 4277 2064 4347 aliquis
2090 4294 2148 4334 se

580 4357 663 4408 sic
697 4357 927 4412 tesumat
967 4364 1313 4418 constitutum
1345 4381 1372 4418 a
1421 4365 1528 4420 Deo
1551 4407 1566 4431 ,
1595 4375 1653 4420 ut
1681 4377 1900 4436 peccata
1929 4369 2150 4425 minime

583 4444 854 4501 declinare
876 4449 1157 4518 potuisset,
1185 4453 1368 4510 dicens
1390 4469 1494 4511 non
1517 4457 1674 4526 culpa
1699 4472 1817 4522 sua,
1845 4459 1936 4514 sed
1964 4476 2150 4516 neces-

2250 1890 2627 1964 peccatoribus
2653 1887 2878 1943 credere
2917 1883 3248 1948 meruerint;
3291 1880 3443 1936 multi
3481 1893 3609 1935 vero
3638 1891 3832 1948 pecca-

2252 1993 2397 2040 tores
2424 1981 2478 2036 in
2507 1996 2603 2036 sua
2632 1977 2996 2035 obstinatione
3022 1974 3262 2030 mansuri
3293 1981 3439 2027 sunt.

2251 2073 2284 2129 9
2389 2072 2502 2143 Ego
2533 2080 2708 2126 autem
2734 2066 3135 2141 annuntiabojn
3159 2063 3410 2120 sa'culum
3434 2078 3453 2116 :

2393 2163 2627 2219 Cantabo
2650 2157 2758 2216 Deo
2779 2159 2965 2216 Jacob.

2323 2259 2364 2314 C
2390 2257 2500 2313 Vox
2533 2254 2783 2312 Ecclesia:
2811 2253 2876 2308 de
2905 2253 3087 2306 futuro
3123 2247 3353 2321 judicio‘
3381 2248 3434 2302 in
3489 2245 3661 2300 Deum
3710 2244 3826 2315 glo-

2252 2350 2470 2408 riantis.
2507 2348 2703 2403 Cantat
2745 2344 2854 2398 Deo
2904 2342 3090 2406 Iacob,
3124 2343 3249 2395 dum
3305 2336 3663 2409 psalmodiam
3704 2335 3833 2389 dicit

2253 2441 2526 2499 Ecclesia.

2255 2533 2322 2588 10
2396 2531 2464 2586 Et
2497 2529 2672 2585 omnia
2699 2542 2894 2582 cornua
2922 2533 3254 2597 peccatorum
3277 2519 3606 2590 confringam
3632 2531 3648 2570 :

2399 2622 2462 2676 Et
2488 2618 2862 2675 exaltabuntur
2890 2633 3086 2670 cornua
3107 2614 3266 2685 justi.

2322 2715 2362 2770 C
2393 2714 2604 2769 Cornua
2658 2719 3001 2780 peccatorum
3029 2717 3155 2764 sunt
3182 2721 3345 2778 regna
3374 2703 3756 2774 superborum,
3781 2709 3832 2754 et

2253 2809 2431 2863 omnis
2460 2820 2647 2860 eorum
2671 2811 2930 2873 potestas,
2961 2808 3014 2855 et
3038 2797 3302 2870 iactantia
3339 2795 3392 2850 in
3423 2794 3609 2848 futuro
3629 2791 3832 2860 judicio

2251 2898 2600 2956 conterenda.
2641 2896 2858 2951 Cornua
2905 2908 3036 2948 vero
3056 2891 3210 2962 justi,
3241 2903 3468 2944 munera
3503 2897 3626 2942 sunt
3667 2885 3830 2938 futuri

2245 2991 2459 3064 judicii,
2484 3005 2604 3059 quae
2650 3003 2839 3043 revera
2882 2986 3110 3040 ﬁrmiter
3158 2981 3463 3054 eriguntur,
3495 2978 3755 3050 quoniam
3784 2976 3831 3027 in

2251 3097 2454 3141 arterna
2483 3081 2883 3154 pulchritudine
2911 3075 3325 3149 permanebunt.

2669 3187 2867 3229 ORATIO
2905 3185 2974 3224 EX
3012 3183 3159 3223 PSAL.
3201 3179 3384 3220 LXXIV.

2321 3271 2510 3325 Pastor
2537 3267 2696 3329 bone,
2725 3263 2815 3334 qui
2841 3271 3068 3332 propter.
3082 3255 3389 3314 mortalium
3418 3253 3603 3309 ovium
3622 3250 3829 3305 ret-lem-

2250 3365 2491 3437 ptionem
2515 3358 2741 3415 hausisti
2759 3355 2982 3412 calicem
3000 3350 3288 3424 passionis,
3308 3364 3502 3403 nomen
3533 3357 3684 3400 tuum
3706 3358 3830 3412 sup-

2247 3435 2772 3526 plicesinvocamns,
2809 3457 2871 3502 ut
2907 3460 3007 3501 nos
3045 3457 3206 3514 super
3234 3441 3514 3496 columnas
3556 3435 3829 3508 sapientia:

2248 3523 2517 3603 stabiliter
2543 3538 2873 3612 septiformis
2909 3535 3145 3608 Spiritus
3173 3530 3606 3589 sanctiﬁcatione
3633 3523 3828 3584 confir-

2248 3655 2383 3695 mes.
2417 3636 2518 3704 Qui
2548 3650 2672 3691 cum
2696 3632 2876 3697 Patre,
2908 3637 3014 3685 etc.

2751 3718 3070 3778 PSALMUS
3105 3716 3316 3776 LXXV.

2661 3828 3024 3871 ARGUMENTUM
3063 3826 3206 3865 PSAL.
3249 3823 3413 3863 LXXV.

2314 3930 2356 3986 C
2389 3931 2502 3986 Vox
2530 3927 2803 3990 Ecclesize,
2852 3923 3118 3979 hortantis
3159 3929 3216 3975 ut
3248 3920 3358 3977 Deo
3402 3916 3611 3990 potenti
3662 3913 3830 3972 ﬁdelis

2247 4022 2426 4078 anima
2450 4035 2668 4074 munera
2697 4016 2908 4072 offerat.

2389 4109 2498 4165 TT.
2540 4109 2606 4162 In
2640 4108 2794 4176 ﬁnem
2839 4106 2893 4158 in
2939 4102 3183 4157 laudibus
3223 4100 3456 4172 psalmus
3492 4097 3674 4166 Αθαρὴ
3713 4111 3829 4148 can-

2459 4181 2617 4234 ticum
2650 4192 2711 4233 -:—
2736 4177 2804 4231 ad
2831 4176 3071 4246 Assyrios
3104 4176 3122 4246 ξ
3158 4211 3174 4227 .

2320 4273 2361 4330 C
2395 4272 2530 4327 Nota
2575 4277 2702 4325 sunt
2741 4266 2900 4321 verba
2937 4266 3094 4321 istius
3149 4263 3310 4329 tituli,
3370 4261 3464 4315 sed
3495 4258 3563 4314 de
3591 4254 3832 4326 Assyriis

2250 4367 2514 4424 dicemus.
2557 4363 2656 4432 Qui
2715 4362 3139 4430 interpretantur
3193 4357 3508 4426 dirigentes;
3564 4349 3656 4421 qui
3699 4348 3829 4403 desi-

2252 4468 2420 4531 gnant
2463 4455 2676 4511 Judtcos
2725 4453 2950 4515 fideles;
3000 4450 3090 4520 qui
3137 4447 3250 4516 jam
3289 4444 3436 4501 docti
3482 4441 3678 4512 regulis
3711 4437 3828 4531 ﬁdei

581 4533 744 4590 sitate
771 4538 836 4592 ad
867 4539 1079 4610 aliquod
1121 4558 1177 4598 se
1202 4543 1458 4616 ﬂagitium
1499 4551 1810 4617 pervenisse
1839 4553 1978 4622 quod
2022 4569 2149 4622 pro-
2181 4538 2231 4598 Ι)
2261 4530 2422 4607 rectis
2450 4546 2660 4604 semitis
2685 4543 2964 4599 ambulare
2985 4539 3320 4596 contendunt
3344 4576 3358 4589 .
3382 4534 3493 4589 llos
3544 4530 3829 4602 alloquitur

581 4624 700 4695 pria
724 4626 998 4684 voluntate
1022 4634 1289 4700 peccavit.

581 4718 618 4771 ti
726 4721 864 4786 Quia
891 4740 1052 4794 neque
1078 4726 1140 4778 ab
1171 4729 1366 4782 oriente
1395 4747 1556 4800 neque
1591 4733 1655 4787 ab
1695 4735 1957 4791 occidente
1987 4754 2150 4808 neque

790 4830 824 4866 a
849 4814 1066 4870 desertis
1091 4819 1350 4873 montibus
1372 4833 1390 4872 :

725 4904 986 4970 Quoniam
1014 4909 1153 4964 Deus
1170 4911 1341 4980 judea:
1360 4925 1456 4968 est.

650 4990 693 5040 Ω
722 4992 906 5040 Nonne
945 4996 1013 5040 ειιι
1050 4997 1256 5040 nrinntc-
1326 5009 1407 5032 fl“
1489 5000 1788 5040 athlanrlnrn
1827 5021 1839 5032 ο

1891 5002 2161 5040 Πηιηῖηηιιι

2255 4643 2459 4712 Asaph,
2486 4639 2698 4693 laudem
2715 4635 2810 4692 Dei
2841 4633 3165 4689 mirabiliter
3193 4633 3513 4687 decantans.

2258 4736 2282 4788 1
2401 4729 2571 4784 Notus
2599 4730 2653 4784 in
2681 4726 2872 4781 Judara
2902 4725 3041 4779 Deus
3073 4738 3092 4775 :

2395 4824 2460 4878 In
2484 4823 2653 4878 Israel
2682 4839 2927 4893 magnum
2963 4837 3150 4876 nomen
3179 4818 3314 4888 ejus.

2324 4916 2365 4972 C
2401 4916 2583 4972 Iudaea
2611 4917 2755 4972 enim
2793 4913 3045 4982 conﬁtens
3075 4913 3493 4982 interpretatur,
3523 4904 3753 4960 credens
3776 4903 3824 4955 in

3004 5006 3139 5040 ..ἶεηη
3165 5003 3438 5040 Iris-ainant
3470 5015 3535 5040 ρι’
3567 4998 3710 5040 Il'ihll
3742 5010 3826 5040 νῦ-

2253 5011 2402 5040 ἷΙΙιιιιι
2435 5023 2612 5040 ..Δίνη-γι
2665 5007 2754 5040 ηιιῖ
2785 5021 2884 5040 πο..
2911 5005 2992 5040 Ξ.εή
