3986 5412
161 289 264 348 285

160 496 508 552 concordiam
535 495 735 552 habere
759 510 880 549 cum
906 495 1150 550 moribus
1178 495 1414 564 propriis
1442 504 1496 549 et
1525 495 1738 563 litigare

124 639 129 644 .
161 603 278 642 cum
305 587 476 640 vitiis.
513 585 645 640 Sion
680 585 967 654 speculatio
1005 586 1418 653 interpretatur,
1451 600 1546 653 per
1574 600 1736 654 quam

160 677 297 732 Deus
323 675 559 730 ﬁdelium
597 677 756 729 corde
801 675 1144 744 prospicitur.
1171 673 1303 728 Nam
1335 684 1390 728 et
1430 675 1544 743 ipse
1583 690 1738 728 mons

161 767 216 820 tit
270 765 403 820 Sion
431 765 526 835 qui
580 781 704 820 eum
756 765 1019 820 meruerit
1049 765 1264 822 sincera
1310 776 1490 820 mente
1519 765 1734 834 conspi-

160 870 299 909 cere.

159 947 190 1000 5
296 944 385 999 Ibi
406 946 662 1016 confregit
686 947 944 1017 potentias
975 963 1191 1001 arcuum
1220 959 1241 998 :

293 1033 518 1088 Scutum
545 1045 592 1088 et
617 1034 850 1105 gladium
881 1044 930 1090 et
967 1035 1178 1089 bellum.
1203 1035 1532 1105 Diapsalma.

220 1122 260 1175 Ω
287 1122 386 1187 lbi,
411 1123 466 1176 in
511 1123 601 1177 illa
623 1124 832 1179 scilicet
877 1140 1035 1194 pace,
1063 1126 1152 1180 ubi
1183 1125 1445 1180 Dominus
1471 1127 1619 1197 pacis
1641 1127 1739 1183 ha-

161 1214 329 1269 bitare
359 1215 646 1286 dignatur;
695 1217 818 1272 istic
847 1217 950 1272 ista
979 1217 1318 1290 franguntur.
1351 1217 1595 1274 Potentia
1653 1235 1738 1272 ar-

163 1318 334 1368 cuum,
360 1304 635 1374 signiﬁcat
657 1305 914 1360 malitiam
945 1308 1318 1376 superborum.
1354 1307 1602 1371 Scutum,
1649 1307 1738 1362 hic

165 1395 427 1464 signiﬁcat
472 1399 910 1455 concertationes
942 1399 1208 1456 diabolica
1260 1399 1450 1457 fraude
1477 1418 1739 1472 praesum-

164 1498 303 1557 ptas;
333 1489 566 1560 gladius,
594 1491 876 1547 manifesta
902 1493 1145 1559 vulnera,
1173 1493 1371 1549 bellum
1402 1504 1739 1549 monstratur

165 1596 272 1636 esse
299 1582 419 1650 paci
462 1583 821 1638 contrarium.
874 1583 1000 1641 Haec
1035 1586 1214 1640 omnia
1244 1585 1414 1640 fracta
1444 1595 1626 1650 erunt,
1650 1600 1739 1641 ve

165 1672 336 1728 niente
358 1682 586 1730 auctore
618 1677 787 1745 pacis.

164 1784 195 1839 4
291 1783 615 1840 Illuminans
641 1795 696 1839 tu
725 1787 1034 1841 mirabiliter
1061 1806 1092 1840 a
1121 1787 1384 1842 montibus
1409 1789 1616 1843 (rternis
1643 1802 1664 1840 :

295 1875 512 1930 Turbati
534 1886 656 1929 sunt
684 1891 742 1932 -εν
775 1893 950 1933 omnes
985 1877 1004 1947 ξ
1033 1879 1339 1948 insipientes
1361 1881 1540 1935 corde.

229 1968 267 2023 C
287 1967 600 2024 illuminare
625 1968 762 2023 dixit
791 1970 1079 2024 Dominum
1120 1985 1217 2040 per
1237 1981 1470 2027 :eternos
1499 1984 1734 2038 montes,

169 2061 286 2130 quia
315 2061 428 2130 ipse
471 2075 572 2130 per
595 2061 891 2131 prephetas
920 2070 1083 2132 atque
1111 2064 1384 2132 apostolos
1407 2065 1554 2117 dedit
1575 2064 1732 2118 Chri-

169 2152 384 2205 stianum
433 2151 691 2221 populum
749 2168 937 2207 eorum
985 2154 1366 2223 prmdicatione
1412 2155 1733 2209 illuminari.

172 2239 413 2294 Dicuntur
433 2249 615 2294 autem
658 2240 732 2295 illi
759 2251 970 2297 montes
990 2243 1202 2308 aeterni,
1227 2244 1355 2312 quia
1387 2254 1647 2314 perpetua
1679 2255 1736 2299 et

169 2333 570 2387 incommutabili
605 2335 936 2390 sublimitate
961 2337 1287 2392 consistunt.
1314 2335 1578 2392 Turbatos
1605 2337 1736 2392 dicit

171 2425 490 2494 insipientes,
522 2428 780 2494 quoniam
813 2429 1134 2483 recedentes
1153 2445 1183 2482 a
1211 2444 1338 2483 vero
1362 2429 1564 2484 lumine
1589 2438 1737 2484 tene-

171 2515 311 2570 brosa
339 2517 523 2571 mundi
552 2518 819 2573 desideria
845 2520 1012 2573 secuti
1045 2529 1186 2582 sunt,
1213 2528 1267 2575 et
1297 2520 1436 2575 unde
1454 2517 1587 2588 justi
1611 2528 1738 2574 sunt

173 2606 460 2674 Slluminati,
491 2609 618 2663 inde
648 2609 736 2663 isti
765 2617 892 2665 sunt
929 2610 1152 2664 turbati.

171 2720 200 2775 5
293 2721 629 2778 Dormierunt
657 2739 918 2779 somnium
964 2733 1228 2778 suum:et
1277 2721 1408 2778 nihil
1430 2723 1734 2777 invenerunt

361 2831 538 2869 onznes
572 2816 620 2868 vi
625 2815 672 2867 ri

292 2905 609 2959 Diuitiarum
633 2906 689 2959 in
717 2908 958 2959 manibus
984 2908 1118 2961 suis.

229 2994 264 3050 C
291 2995 639 3050 Dormierunt
687 3005 939 3064 tauquam
969 2995 1260 3067 vigilantes
1301 2996 1564 3052 habentes
1589 3008 1735 3050 sont-

1361 291 1720 348 EXPOSITIO
1762 293 2207 353 l'SALMORUM.

160 401 247 472 qui
276 402 527 471 sequitur
564 399 715 469 iussa
763 399 1119 464 dominantis;
1160 415 1261 470 pax
1303 402 1448 456 enim
1499 417 1623 456 vera
1650 411 1732 456 est
1760 407 1808 464 Α
1835 405 1868 460 9

1761 1745 1810 1806 B

3298 264 3411 367 sse

1977 405 2107 460 Cum
2127 416 2419 477 exsurgeret
2443 407 2496 460 in
2521 408 2782 477 judicium
2814 407 2950 463 Deus
2973 425 2990 462 :

1981 493 2049 548 Ut
2093 494 2261 549 salvos
2305 495 2495 565 faceret
2553 513 2729 551 omnes
2791 507 3086 552 mansuetos
3131 509 3302 553 terrm.
3344 514 3406 556 -ε-

2050 584 2269 651 Diapsal
2303 587 2320 655 ξ
2356 622 2372 637 .

1908 673 1949 728 C
1979 673 2284 742 Easurgere
2323 683 2549 728 tractum
2576 685 2659 729 est
2687 691 2718 728 a
2753 674 3025 743 judicibus
3051 677 3260 740 mundi,
3293 679 3408 747 qui,

1837 767 2050 834 quando
2079 765 2280 834 aliquid
2315 781 2436 819 cum
2469 768 2755 820 severitate
2789 766 3117 831 censuerint,
3157 767 3412 820 dicuntur

1837 869 2148 924 exsurgere,
2193 854 2318 923 quia
2371 856 2625 908 commoti
2678 856 2930 911 videntur
2973 855 3258 910 commissa
3305 861 3412 910 cri-

1837 947 1984 1000 mina
2033 947 2330 999 vindicare.
2383 945 2644 1000 Mansueti
2695 955 2890 1008 terrae,
2940 956 3065 1002 sunt
3111 947 3202 1016 qui
3251 945 3412 1003 nullis

1836 1038 1982 1092 vitiis
2018 1038 2174 1092 istius
2209 1037 2397 1091 mundi
2434 1036 2853 1092 inﬂammantur.

1838 1149 1906 1203 10
1979 1147 2238 1214 Quoniam
2267 1149 2508 1218 cogitatio
2537 1149 2762 1202 hominis
2790 1149 3118 1218 conﬁtebitur
3144 1151 3237 1203 tibi
3261 1166 3279 1204 :

1977 1240 2046 1293 Et
2080 1239 2308 1309 reliquid:
2343 1240 2672 1309 cogitationis
2713 1241 2849 1293 diem
2884 1239 3071 1308 festum
3098 1249 3248 1309 agent
3293 1238 3409 1291 tibi.

1904 1333 1945 1386 C
1983 1332 2251 1400 Cogitatio
2307 1341 2488 1385 nostra
2543 1330 2832 1385 conﬁtetur
2882 1329 3150 1394 Domino,
3197 1329 3412 1398 quando

1835 1432 2054 1493 peccata
2082 1421 2354 1490 praeterita
2383 1421 2750 1476 satisfactione
2771 1421 3127 1476 damnaverit.
3155 1420 3410 1488 Reliquiae

1835 1516 2221 1584 cogitationum
2251 1524 2400 1580 sunt,
2451 1523 2574 1585 post
2610 1513 2807 1570 eﬁ‘usas
2836 1513 3128 1585 lacrymas,
3170 1511 3414 1581 praeteri-

1835 1616 2013 1660 torum
2043 1605 2330 1661 criminum
2371 1605 2653 1661 recordata
2700 1605 2969 1675 pernicies
2993 1612 3047 1657 et
3075 1601 3409 1656 lamentatio.

1836 1695 1960 1751 llaec
1989 1698 2102 1766 agit
2127 1696 2268 1750 diem
2299 1695 2497 1750 festum
2541 1696 2669 1761 Deo,
2716 1695 2932 1765 quando
2959 1709 3019 1750 se
3056 1694 3124 1749 ab
3154 1693 3244 1748 illo
3271 1693 3410 1746 inte-

1837 1789 1943 1844 ritu
1967 1797 2310 1858 peccatorum
2334 1785 2500 1842 sentit
2519 1803 2642 1844 esse
2671 1786 2978 1841 liberatum.

1837 1899 1896 1955 ll
1985 1899 2170 1953 Voretc
2193 1899 2464 1975 etfeddite
2494 1898 2715 1952 Domino
2741 1897 2850 1952 Deo
2885 1910 3051 1952 vestro
3082 1915 3100 1952 :

1977 1989 2169 2043 Omnes
2183 1989 2271 2058 qui
2296 1989 2349 2042 in
2369 1989 2589 2041 circuitu
2613 1989 2728 2057 ejus
2749 2001 2887 2049 sunt,
2908 1987 3121 2056 offerent
3141 2002 3376 2041 munera.

1835 2080 1906 2135 12
1978 2078 2220 2134 Terribili
2243 2088 2290 2133 et
2321 2081 2368 2133 ei
2402 2081 2490 2150 qui
2513 2079 2684 2148 aufert
2703 2079 2944 2150 spiritum
2968 2079 3281 2148 principum.

1980 2170 2224 2226 Terribili
2249 2171 2390 2240 apud
2413 2187 2554 2241 reges
2580 2181 2753 2225 terra.

1908 2264 1946 2319 Β
1968 2263 2104 2318 Sunt
2125 2261 2366 2332 quaedam
2389 2277 2528 2331 quae,
2554 2262 2657 2316 nisi
2684 2275 2995 2326 voveamus,
3021 2259 3244 2328 implere
3267 2257 3410 2312 nulla

1835 2373 1954 2428 iege
1976 2355 2418 2425 constringimur,
2437 2363 2497 2406 ut
2521 2353 2881 2423 virginitatem
2904 2367 3144 2416 servare,
3167 2365 3408 2404 eremum

1836 2461 2040 2518 petere,
2057 2445 2296 2516 quotidie
2313 2443 2562 2514 jejunare
2581 2461 2597 2509 ;
2614 2445 2730 2508 sed,
2755 2459 2874 2498 cum
2897 2441 3160 2513 promissa
3185 2440 3409 2504 fuerint,

1829 2539 1987 2612 jubet
2013 2553 2135 2592 esse
2163 2535 2434 2618 reddenda
2464 2537 2592 2590 Deo.
2622 2534 2679 2590 In
2704 2535 2934 2590 circuitu
2963 2533 3158 2603 quippe
3185 2547 3271 2586 res
3296 2531 3412 2598 agi-

1836 2640 1961 2696 tur,
2014 2645 2135 2686 cum
2183 2644 2408 2684 munera
2460 2626 2696 2681 ﬁdelium
2742 2625 2914 2680 sacris
2964 2622 3223 2678 altaribus
3279 2620 3412 2676 olfe~

1837 2729 2050 2788 runtur,
2075 2722 2175 2774 hoc
2199 2729 2284 2774 est
2308 2717 2692 2776 circumeundo
2713 2716 2885 2771 altare
2908 2713 3224 2770 offeruntur.

1906 2815 1947 2871 C
1984 2813 2286 2878 Terribilis,
2321 2812 2518 2867 dicitur
2564 2811 2704 2865 Deus
2751 2824 2858 2865 non
2899 2808 3164 2878 reprobis,
3203 2821 3327 2861 nam
3363 2808 3410 2860 si

1835 2908 2003 2962 Deum
2029 2913 2332 2961 metuerent
2361 2905 2526 2958 vitam
2564 2901 2938 2966 emendarent,
2967 2901 3062 2955 sed
3089 2898 3294 2953 devotis
3327 2905 3414 2952 est

1837 2999 2095 3055 terribilis
2149 3007 2202 3053 et
2256 2997 2458 3054 suavis.
2507 2995 2610 3065 Qui
2659 2995 2836 3051 aufert
2883 2993 3158 3064 spiritum,
3205 2990 3412 3046 scilicet

175 3089 300 3142 nium
321 3091 374 3143 in
403 3089 563 3145 bonis
592 3089 826 3144 actibus.
870 3087 1120 3158 Nihilque
1151 3091 1200 3144 in
1233 3091 1482 3144 manibus
1505 3090 1618 3145 suis
1647 3088 1734 3143 in—
1761 3097 1808 3160 ο
1839 3093 2103 3166 superbia:
2133 3091 2217 3146 vel
2262 3090 2510 3157 tumoris,
2543 3091 2726 3161 utique
2772 3089 2840 3144 ab
2887 3088 2993 3144 illis
3039 3086 3276 3157 regibus,
3318 3085 3411 3154 qui

175 3180 436 3234 veniuntur
464 3179 728 3234 habuisse
757 3180 808 3234 in
863 3181 1066 3246 futuro,
1093 3181 1183 3250 qui
1229 3181 1448 3238 divitias
1476 3197 1604 3238 suas
1647 3182 1736 3237 hic

174 3269 474 3340 relinquunt,
509 3285 653 3340 quas
678 3285 904 3341 erogare
939 3286 1036 3342 pro
1066 3286 1124 3326 sc
1153 3271 1476 3326 debuerunt.

175 3381 201 3436 6
288 3385 360 3438 Ab
385 3385 748 3455 increpatione
769 3395 878 3449 tua,
901 3383 1042 3439 Deus
1067 3385 1231 3439 Jacob
1253 3399 1273 3437 :

293 3477 720 3532 Dormitarerunt
752 3479 842 3547 qui
864 3478 1210 3532 ascenderunt
1232 3495 1406 3548 equos.

229 3567 265 3621 C
291 3567 627 3624 Dormitasse
656 3567 789 3622 dicit
836 3567 1162 3634 incredulos,
1192 3569 1285 3638 qui
1312 3577 1500 3624 sancta
1532 3579 1734 3625 monita

178 3658 361 3715 Domini
387 3661 502 3733 (qui
533 3668 622 3716 est
664 3661 808 3716 Deus
849 3660 1036 3729 Jacob)
1064 3662 1250 3717 audire
1278 3672 1733 3733 contempserunt.

178 3755 265 3824 ipsi
297 3757 656 3814 ascenderunt
680 3771 871 3826 equos,
895 3756 1022 3826 quia
1046 3756 1097 3811 in
1129 3756 1377 3825 superbia
1407 3756 1599 3812 elevati
1636 3773 1736 3826 per

183 3849 430 3906 illecebras
492 3850 655 3906 istius
694 3849 881 3904 mundi
933 3858 1218 3918 vagantur,
1248 3849 1401 3918 quasi
1434 3847 1589 3903 eauis
1615 3863 1740 3902 cur-

182 3942 396 3996 rentibus
426 3941 750 3996 insiderent.

183 4025 208 4080 7
301 4030 372 4084 Tu
400 4032 651 4085 terribilis
671 4046 727 4085 es
751 4039 798 4085 et
823 4029 937 4100 quis
967 4030 1164 4084 resistet
1185 4027 1316 4083 tibi?

300 4123 507 4178 Extunc
535 4124 616 4178 ira
649 4134 757 4180 tua.

1837 3201 2034 3256 corpus
2055 3201 2206 3240 suum
2239 3199 2425 3255 regere
2449 3199 2513 3240 ac
2536 3183 2804 3239 moderari
2835 3180 2927 3236 Dei
2955 3192 3177 3234 munere
3200 3191 3412 3232 merue-

1836 3287 1984 3341 runt,
2017 3277 2068 3331 id
2093 3284 2176 3330 est
2205 3275 2276 3328 illi
2303 3281 2492 3329 vovete
2519 3283 2572 3328 et
2599 3273 2824 3335 reddite,
2853 3272 2942 3341 qui
2973 3257 3274 3339 principum
3306 3266 3415 3337 spi-

1837 3369 2000 3422 ritum
2026 3368 2302 3430 auferens,
2335 3365 2535 3420 scilicet
2584 3362 2868 3432 superbiae,
2899 3361 2993 3415 dat
3027 3360 3132 3415 illis
3159 3359 3413 3430 principi-

1837 3459 1937 3513 bus
1983 3458 2136 3512 elatis
2193 3456 2448 3510 humilem
2498 3454 2769 3524 spiritum,
2810 3461 2872 3507 ut
2911 3452 3163 3522 deinceps
3201 3459 3413 3506 contre-

1835 3550 2066 3605 miscant
2093 3548 2159 3602 ad
2185 3562 2464 3602 sermones
2488 3546 2604 3611 Dei,
2631 3554 2686 3602 et
2716 3545 2826 3600 sint
2871 3559 2999 3599 vere
3045 3557 3198 3613 reges
3231 3551 3406 3603 terrae,

1837 3640 1890 3694 id
1921 3647 2003 3694 est
2043 3639 2290 3708 corporis
2317 3637 2401 3692 sui
2447 3645 2503 3692 et
2541 3635 2802 3702 aliorum;
2842 3633 2926 3688 vel
2955 3633 3116 3690 etiam
3166 3628 3410 3700 reprohis

1836 3732 2096 3787 terribilis
2125 3733 2181 3788 in
2208 3731 2428 3801 judicio,
2457 3729 2674 3801 quando
2695 3729 2800 3800 piis
2820 3727 2992 3785 dulcis
3018 3725 3140 3781 erit.

2280 3858 2478 3899 ORATIO
2514 3857 2584 3896 EX
2620 3857 2767 3897 PSAL.
2802 3855 2963 3896 LXXV.

1905 3952 2335 4023 Cogitationibus
2377 3963 2432 4009 te
2473 3952 2854 4008 conﬁtentibus
2898 3947 3147 4006 eﬁ‘ectum
3191 3945 3407 4016 largire,

1836 4047 2099 4102 terribilis
2145 4049 2307 4111 Deus,
2351 4055 2410 4100 ut
2456 4059 2487 4100 a
2529 4045 2804 4100 montibus
2847 4040 3064 4098 aeternis
3101 4034 3408 4100 illuminati,

1837 4142 1964 4194 dum
2010 4138 2422 4194 resurrectionis
2463 4145 2566 4191 tuae
2607 4135 2832 4206 gloriam
2869 4131 3212 4201 suscipimus,
3244 4125 3410 4180 futuri

239 4213 544 4271 Terribilem
593 4215 729 4271 dicit
778 4230 898 4271 esse
940 4213 1217 4269 Christum
1270 4212 1324 4266 in
1373 4211 1463 4266 illo
1509 4209 1735 4280 judicio,

1861 4230 2020 4286 udicii
2053 4226 2347 4300 ignominia
2376 4242 2676 4283 careamus.
2707 4225 2806 4293 Qui
2845 4238 2966 4278 cum
2994 4221 3172 4285 Patre,
3199 4228 3304 4273 etc.

183 4308 370 4375 quando
392 4308 446 4362 in
499 4308 628 4362 sede
655 4322 771 4362 sua:
805 4306 1102 4374 majestatis
1128 4304 1429 4374 apparebit,
1458 4303 1546 4356 ubi
1577 4316 1738 4356 nemo

182 4405 335 4464 potest
374 4399 727 4469 reproborum
769 4397 1045 4462 resistere,
1071 4395 1159 4450 ubi
1187 4403 1516 4464 cognoscunt
1548 4392 1734 4446 Domi-

184 4504 293 4543 num
319 4491 496 4544 omnia
523 4490 788 4546 scelerata
810 4488 1093 4542 damnare.
1120 4487 1334 4542 Extune
1370 4485 1523 4545 dicit,
1574 4484 1624 4538 id
1648 4495 1737 4540 est
1766 4463 1814 4520 ί)

186 4588 399 4648 tempore
420 4581 779 4654 judicii,qua3
805 4580 968 4634 etiam
1016 4579 1128 4633 dies
1170 4578 1266 4632 irae
1304 4576 1502 4630 dicitur
1545 4573 1736 4645 (Sapit.

175 4673 252 4738 1):
289 4675 406 4744 quia
451 4675 582 4728 nihil
608 4675 838 4730 ulterius
885 4688 983 4742 per
1029 4671 1343 4742 patientiam
1376 4667 1739 4724 dissimulabi-

185 4771 277 4829 tur,
305 4767 515 4835 quando
531 4765 642 4834 jam
673 4768 725 4822 in
759 4765 960 4835 impios
988 4764 1312 4820 vindicatur.

185 4871 214 4925 8
304 4875 377 4930 De
413 4875 538 4931 caelo
571 4878 810 4933 auditum
843 4873 1012 4944 fecisti
1039 4873 1302 4944 judicium
1329 4889 1350 4930 :

310 4967 469 5022 Terra
503 4971 700 5025 tremuit
727 4980 780 5024 et
808 4967 1022 5038 quievit.

248 5056 315 5111 De
331 5059 465 5113 caelo
486 5058 618 5116 Deus
629 5060 796 5117 Pater
809 5055 1072 5128 judicium
1097 5055 1336 5111 auditum
1360 5052 1506 5118 fecit,
1522 5059 1738 5124 quando

194 5144 361 5202 Filium
389 5164 539 5203 suum
560 5162 778 5226 propter
819 5147 1238 5217 redemptionem
1270 5146 1493 5203 humani
1523 5153 1740 5217 generis

2329 4339 2649 4397 PSALMUS
2682 4337 2916 4393 LXXVI.

2233 4469 2594 4512 ARGUMENTUH
2635 4468 2782 4508 ΡεΑι..
2833 4465 3013 4504 LXXVI.

1909 4572 1948 4628 C
1985 4572 2232 4628 Psalmns
2272 4572 2357 4627 hic
2378 4569 2444 4625 ad
2472 4569 2708 4625 ﬁdelium
2741 4567 3210 4638 congregationem
3239 4561 3414 4631 perti-

1840 4679 1952 4734 net,
1998 4684 2117 4739 quae
2163 4667 2290 4722 vitia
2336 4667 2493 4735 hujus
2536 4665 2717 4721 saeculi
2767 4661 3098 4725 transiliens,
3149 4657 3215 4710 ad
3266 4654 3418 4708 illum

1841 4761 2002 4814 ﬁnem
2029 4758 2278 4828 pervenit
2316 4757 2400 4812 cui
2434 4755 2569 4810 nihil
2605 4761 2783 4825 potest
2819 4751 2998 4807 simile
3033 4745 3276 4820 reperiri.

1947 4848 2055 4902 TT.
2102 4848 2166 4902 In
2193 4847 2351 4916 ﬁnem
2377 4862 2471 4916 pro
2495 4844 2715 4899 Idithun
2745 4855 2806 4896 σε·
2829 4839 3078 4910 psalmus
3107 4833 3274 4902 Asaph
3304 4831 3325 4896 ⁸,
3366 4867 3379 4881 .

1842 4945 1872 5000 1
1990 4940 2124 4996 Voce
2145 4957 2258 4994 mea
2281 4940 2349 4993 ad
2382 4938 2663 4992 Dominum
2695 4932 2911 4990 clamavi
2937 4947 2958 4985 :

1990 5031 2126 5087 Voce
2158 5047 2272 5087 mea
2295 5029 2363 5084 ad
2390 5027 2565 5084 Deum
2589 5039 2636 5085 et
2664 5022 2880 5080 intendit
2899 5021 3090 5084 mihi.

1915 5147 1956 5200 (Σ
1994 5143 2085 5197 Ille
2115 5145 2258 5198 enim
2307 5146 2521 5194 tantum
2567 5140 2766 5196 clamat
2807 5133 2872 5184 ad
2906 5131 3141 5194 Deum,
3188 5114 3279 5186 Qui
3326 5111 3454 5162 ‘a'ii‘

3125 5215 3129 5218 ·
3161 5203 3438 5234 ..”λιιῖηο1ιιν
