3986 5412
544 350 648 406 287

759 555 887 607 meis
914 562 1061 605 nocte
1094 559 1274 605 contra
1304 564 1421 603 eum
1446 561 1465 599 :

689 640 755 695 Et
780 657 883 694 non
902 656 1019 694 sum
1048 639 1308 705 deceptus.

616 732 663 787 Η
701 732 803 786 Ista
846 730 1110 785 sententia
1144 729 1267 783 talis
1293 732 1396 793 est,
1442 740 1507 781 ac
1532 726 1577 781 si
1618 725 1828 780 diceret
1857 742 1874 778 ι
1910 723 1962 777 -F
1966 723 2117 778 ilium

545 823 776 896 perdidi,
801 836 1003 894 pauper
1030 821 1209 876 factus
1230 837 1375 882 sum.
1400 821 1618 874 incensa
1650 828 1730 873 est
1763 820 1953 874 domus
1978 832 2114 880 mea,

546 931 652 971 non
678 930 862 985 quaero
882 913 1012 969 illud
1043 913 1187 982 quod
1214 911 1443 983 perdidi,
1472 911 1569 965 sed
1597 909 1878 963 Dominum
1901 922 2115 978 qurere;

546 1005 592 1061 si
640 1004 790 1061 illum
822 1003 1057 1070 invenio,
1106 1004 1158 1056 in
1206 1003 1321 1071 ipso
1350 1000 1528 1055 omnia
1560 999 1749 1054 habeo.
1782 998 1822 1052 C
1852 997 2116 1061 Manibus,

547 1095 803 1165 operibus
837 1093 967 1148 dicit
994 1091 1180 1157 bonis;
1229 1098 1406 1156 nocte,
1434 1087 1615 1143 mundi
1662 1085 1818 1155 hujus
1849 1085 2120 1157 significat

548 1185 734 1260 vitam.
763 1182 855 1238 Ille
874 1197 1063 1238 revera
1113 1196 1218 1236 non
1265 1180 1552 1250 decipitur,
1592 1179 1677 1233 cui
1723 1178 1985 1247 promissa
2025 1176 2119 1231 Dei

548 1274 903 1345 complentur.
937 1272 1005 1328 Η.
1036 1271 1154 1338 Vel,
1185 1287 1292 1331 non
1338 1288 1456 1327 sum
1503 1272 1762 1340 deceptus
1794 1270 1861 1326 ab
1908 1269 2121 1324 insidiis

548 1365 776 1431 diaboli;
808 1374 864 1420 et
899 1365 1044 1420 vide.
1072 1364 1179 1420 Iste
1207 1364 1261 1419 in
1289 1363 1634 1420 tribulatione
1670 1363 1838 1416 Deum
1874 1359 2123 1415 manibus

548 1457 943 1529 quati-iunos,
989 1455 1204 1525 quando
1257 1454 1610 1517 tribulamur,
1655 1452 1786 1507 nihil
1826 1450 1971 1506 aliud
2020 1450 2121 1506 nisi

551 1547 618 1600 de
653 1546 999 1602 tribulatione
1037 1547 1339 1618 cogitamus
1366 1556 1420 1600 et
1448 1545 1851 1615 conquerimur.

550 1659 587 1714 5
694 1658 886 1714 Renuit
924 1659 1183 1715 consolari
1204 1659 1403 1719 .anima
1431 1673 1545 1712 mea
1576 1673 1593 1712 :
1621 1672 1817 1711 memor
1840 1655 1919 1726 [ui
1953 1654 2049 1710 Dei
2075 1664 2125 1710 et

766 1747 1049 1803 delectatus
1081 1763 1196 1802 sum
1227 1764 1247 1802 :

692 1834 761 1888 Et
789 1836 1100 1891 exercitatus
1132 1851 1248 1891 sunt
1276 1842 1323 1890 et
1353 1833 1539 1905 defecit
1576 1833 1786 1906 spiritus
1817 1850 1984 1891 meus.

694 1921 1023 1990 Diapsalnta.

624 2035 666 2090 C
702 2034 979 2090 Consolari
1009 2034 1178 2089 noluit
1216 2036 1268 2089 in
1304 2034 1556 2105 praesenti
1588 2034 1654 2089 de
1684 2012 1844 2091 rebus
1873 2034 2134 2088 transito-

556 2127 654 2181 riis
689 2135 742 2181 et
767 2126 1005 2191 caducis,
1037 2135 1095 2180 ut
1122 2135 1378 2182 aeternam
1408 2127 1830 2182 consolationem
1862 2126 2132 2197 acciperet

556 2214 610 2268 in
658 2212 859 2268 futuro.
899 2215 1202 2271 Delectatus
1244 2232 1385 2271 sum.
1416 2216 1551 2273 Nam
1581 2232 1704 2273 cum
1737 2216 1831 2272 Dei
1867 2230 2134 2271 memores

556 2322 766 2372 sumus,
807 2306 970 2362 totius
1016 2307 1296 2363 suavitatis
1345 2324 1567 2364 munere
1611 2308 1926 2378 replemur:
1977 2305 2130 2375 Quod

554 2396 641 2451 his
666 2397 846 2452 evenit
875 2398 963 2466 qui
1006 2398 1331 2453 transitoriis
1360 2399 1545 2452 nolunt
1577 2397 1868 2453 consolari.
1911 2398 2133 2453 Exerci-

554 2497 728 2543 tatum
778 2504 839 2543 se
879 2489 1010 2544 dicit
1039 2490 1092 2544 in
1137 2489 1226 2544 illa
1255 2490 1705 2560 contemplatione
1731 2490 1909 2545 divina
1945 2507 1959 2544 :
2006 2505 2131 2546 cum

554 2587 814 2634 tractaret
839 2580 986 2650 quali
1015 2579 1281 2649 sapientia
1311 2579 1449 2634 Deus
1478 2588 1669 2635 cuncta
1694 2580 1961 2649 disponat,
1986 2578 2136 2634 defe-

553 2671 630 2725 cit
653 2670 874 2741 Spiritus
905 2671 958 2725 in
989 2670 1105 2739 ipsa
1134 2669 1567 2725 consideratione
1594 2669 1708 2735 tali,
1744 2678 1851 2724 tam
1882 2670 2133 2724 innume-

555 2762 744 2816 rabilia
771 2777 935 2832 opera
966 2761 1097 2831 Dei,
1135 2770 1243 2817 tam
1273 2761 1511 2832 ingentia
1539 2760 1999 2831 comprehendere
2023 2774 2138 2816 non

556 2853 762 2907 valens.

555 2962 592 3016 ι
696 2965 1121 3033 Anticipaverunt
1147 2964 1348 3036 uigilias
1379 2963 1517 3019 oculi
1552 2964 1655 3019 mei
1682 2976 1706 3016 .'

701 3052 960 3108 Turbatus
988 3071 1104 3109 sum
1133 3063 1182 3109 et
1211 3071 1315 3110 non
1343 3071 1458 3109 sum
1489 3055 1715 3109 locutus.

1464 344 1522 399 S.
1563 343 1906 401 BRUNONIS
1942 342 2477 400 ilERBiPOLENSlS
2518 343 2815 401 EPISCOPI

542 459 581 514 2
684 457 751 513 In
774 459 857 514 die
875 457 1224 512 tribulationis
1250 471 1377 510 mete
1403 454 1565 510 Deum
1588 455 1858 525 exquisivi,
1880 455 2118 509 manibus
2146 461 2194 516 Α
2222 455 2253 507 ’1

3676 340 3785 398 Ξ88

2366 455 2618 526 Nunquid
2652 458 2705 509 in
2733 465 2981 509 aeternum
3011 454 3247 525 proficiet
3280 454 3419 510 Deus
3448 469 3469 509 .°

2361 557 2423 598 -ιν
2446 542 2513 597 Et
2547 544 2564 613 ζ
2596 560 2698 598 ηοη
2728 550 2947 613 apponet
2976 553 3031 597 ut
3061 543 3416 613 complacitior
3435 544 3502 599 sit
3540 543 3759 598 adhuc?

2286 630 2328 685 ε
2361 630 2610 702 Nunquid
2640 632 2904 701 proliciet,
2931 631 3138 686 scilicet
3169 646 3338 703 genus
3374 632 3693 697 humanum,
3732 640 3797 687 ut

2216 736 2324 775 non
2358 722 2618 777 adventus
2651 722 2732 776 sui
2763 722 3112 778 miseratione
3150 723 3324 791 ipsum
3365 721 3605 790 adjuvet.
3645 722 3795 778 Istud

2218 817 2457 886 nunquid
2501 832 2604 872 non
2631 826 2715 873 est
2752 817 3000 887 negantis
3044 818 3137 873 sed
3173 816 3520 883 allirmantis;
3558 826 3798 887 apponet

2216 906 2381 968 enim,
2428 906 2479 960 id
2505 914 2588 960 est
2610 906 2885 976 praestabit
2916 914 2973 960 ut
2998 907 3047 961 ei
3075 906 3473 976 beneplacilum
3503 908 3578 963 sit
3604 908 3799 962 huma-
3836 908 3846 942 ⁸

2219 1010 2344 1048 num
2382 1010 2567 1066 genus.
2614 996 2805 1051 Adhuc
2852 998 3217 1067 exspectantis
3258 1011 3344 1054 est
3386 1014 3493 1053 non
3537 999 3796 1056 dolentis.

2219 1082 2263 1137 il
2304 1083 2429 1139 llzce
2454 1092 2571 1139 erat
2596 1092 2706 1139 tota
2737 1086 2989 1155 cogitatio
3026 1102 3185 1142 mea:
3225 1088 3368 1144 Deus
3408 1088 3689 1143 hominem
3720 1088 3799 1143 fe-

2219 1174 2314 1239 cit,
2338 1185 2392 1227 et
2418 1173 2581 1229 vitam
2614 1176 2861 1246 promisit
2880 1177 2930 1233 ci
2960 1186 3250 1245 aeternam;
3283 1186 3553 1248 quomodo
3578 1192 3714 1248 ergo
3733 1179 3801 1233 de

2220 1266 2472 1337 paradiso
2498 1276 2584 1322 est
2609 1267 2835 1338 ejectus,
2882 1283 2942 1324 ut
2988 1283 3094 1325 non
3138 1267 3357 1350 adjiciat
3400 1278 3460 1324 ut
3487 1268 3537 1324 ei
3586 1268 3804 1339 placeat

2222 1356 2438 1411 adhuc?
3032 1367 3037 1373 '

2221 1464 2257 1522 8
2360 1466 2462 1520 Aut
2498 1467 2551 1520 in
2580 1467 2735 1536 ﬁnem
2764 1468 3171 1525 misericordiam
3200 1487 3348 1525 suam
3377 1469 3608 1526 abscidet
3634 1483 3663 1523 :

2364 1557 2405 1609 Α
2438 1559 2764 1627 generatione
2788 1560 2841 1612 in
2868 1561 3248 1632 generationem
3267 1563 3294 1616 Ρ

2293 1648 2335 1705 C
2380 1648 2746 1707 Misericordia
2798 1650 2891 1708 Dei
2932 1662 3017 1708 est
3064 1654 3210 1723 quod
3258 1654 3323 1709 de
3369 1653 3538 1710 Maria
3587 1652 3806 1727 virgine

2225 1741 2374 1797 nasci
2402 1743 2649 1813 dignatus
2670 1752 2772 1797 est.
2801 1742 2950 1798 Hanc
2974 1743 3234 1799 Dominus
3258 1760 3362 1799 non
3387 1744 3620 1801 abscidit
3647 1761 3681 1799 a
3710 1761 3805 1815 ge-

2151 1804 2199 1866 B
2225 1804 2535 1897 iteratione,
2564 1830 2786 1886 Judaiea
2829 1832 3111 1900 videlicet,
3146 1833 3198 1888 in
3237 1836 3643 1904 generationem
3671 1804 3807 1904 ggn-

2227 1926 2382 1987 tium,
2410 1924 2452 1978 n
2483 1924 2537 1978 id
2557 1933 2658 1990 est,
2684 1939 2781 1979 nec
2805 1940 2835 1978 a
2856 1923 3072 1991 ludatis,
3100 1940 3200 1980 nec
3221 1942 3250 1979 a
3274 1927 3520 1996 gentibus
3542 1912 3802 1982 abscidit.

2228 2013 2270 2071 C
2305 2016 2363 2069 ln
2403 2016 2564 2070 linem
2606 2029 2736 2069 vero
2784 2014 3054 2084 significat
3101 2015 3487 2085 plenitudinem
3519 2019 3801 2090 temporis,

2229 2105 2296 2161 de
2340 2120 2447 2175 quo
2491 2104 2728 2161 Joannes
2771 2105 2851 2160 ait
2891 2121 2906 2159 :
2952 2104 3164 2173 Filioli,
3206 2106 3497 2162 novissima
3544 2109 3681 2164 hora
3718 2117 3813 2165 est

2231 2195 2410 2267 (Joan.
2443 2195 2528 2263 tt).

2231 2307 2265 2364 9
2368 2307 2473 2361 Aut
2509 2305 2839 2361 obliviscetur
2865 2306 3097 2360 misereri
3128 2304 3313 2361 Deus!

2369 2398 2474 2452 Aut
2501 2396 2779 2452 continebit
2809 2399 2864 2452 in
2893 2398 2974 2452 ira
3011 2414 3106 2452 sua
3134 2399 3519 2453 misericordias
3550 2403 3716 2453 suns?

2369 2488 2697 2562 Diapsalnta.

2300 2578 2342 2637 ϐ
2380 2579 2516 2636 Hinc
2564 2578 2949 2651 pronuntiabat
2996 2579 3241 2636 misereri
3288 2581 3651 2653 Deum,quia
3690 2584 3810 2652 ejus
3856 2620 3863 2625 ο

2230 2672 2557 2746 praevidebat
2595 2672 2902 2726 adventum.
2949 2671 3064 2727 Non
3110 2672 3271 2727 etiam
3302 2673 3465 2730 inira
3511 2676 3810 2732 continebit.

2235 2768 2375 2823 Deus
2401 2764 2826 2822 misericordiam
2866 2779 3041 2831 suam,
3073 2766 3170 2821 sed
3210 2766 3266 2821 in
3298 2766 3670 2824 misericordia
3706 2782 3804 2822 sua

2234 2854 2303 2910 ab
2331 2856 2409 2909 ira
2439 2869 2498 2910 se
2523 2854 2705 2925 potius
2734 2854 3051 2910 abstinebit.

2234 2968 2302 3022 l0
2376 2963 2440 3019 Ut
2467 2965 2577 3019 dixi
2605 2981 2625 3020 :
2658 2963 2812 3019 Nunc
2840 2966 2965 3035 carpi
2996 2982 3025 3020 τ

2376 3054 2507 3109 Hcce
2533 3055 2751 3109 mutatio
2778 3055 3001 3110 dexterae
3026 3053 3257 3111 Επειεί

628 3166 673 3221 H
710 3167 1175 3237 Anticipaverunt,
1207 3167 1261 3223 id
1287 3178 1371 3224 est
1398 3176 1689 3238 antequam
1727 3166 1923 3240 aliquis
1948 3168 2137 3240 vigila-
2161 3163 2208 3226 Ο
2294 3149 2344 3240 (ἶ
2387 3148 2525 3203 Dic“
2553 3148 2762 3240 eum“?
2794 3149 3097 3240 ¹¹¹¹¹¹⁰ἘΨΡῘ
3116 3191 3130 3216 ν
3160 3149 3366 3206 “me”
3390 3164 3584 3223 sapere
3606 3153 3817 3212 Vena"

559 3269 643 3312 ret
670 3272 767 3328 ego
797 3256 1106 3327 vigilabam.
1148 3258 1290 3328 Ergo
1331 3259 1626 3314 monachus
1663 3259 1755 3330 qui
1795 3273 1900 3313 non
1927 3258 2132 3329 vigilat,

560 3348 704 3403 hunc
751 3363 966 3403 versum
1017 3363 1127 3403 non
1182 3357 1360 3419 potest
1421 3350 1601 3404 dicere
1647 3363 1663 3403 :
1718 3352 1962 3405 turbatus
2017 3365 2133 3405 sum

559 3438 714 3507 quasi
752 3440 943 3506 homo;
974 3454 1081 3494 non
1113 3455 1232 3495 sum
1278 3439 1506 3506 locutus,
1535 3452 1594 3494 ut
1626 3441 1994 3497 Christianum
2038 3443 2134 3496 de-

558 3540 678 3598 cet;
728 3532 1060 3586 iracundiam
1092 3532 1146 3586 in
1175 3531 1339 3587 corde
1366 3531 1547 3598 habui,
1587 3533 1680 3587 sed
1722 3536 1840 3588 ea’m
1885 3534 1937 3587 in
1968 3534 2130 3589 verbo

560 3636 666 3676 non
698 3622 915 3692 protuli.
943 3620 989 3676 ll
1017 3619 1136 3688 Vel,
1164 3623 1410 3677 turbatus
1438 3637 1578 3688 sum,
1611 3623 1985 3678 recordatione
2014 3639 2138 3695 pec-

558 3712 795 3766 cantium
824 3726 922 3782 pro
954 3713 1148 3782 quibus
1177 3715 1391 3769 crucior
1417 3712 1728 3769 condolens.
1760 3714 1824 3769 Et
1863 3714 1982 3770 ideo
2011 3730 2137 3769 cau-

558 3818 673 3856 sam
704 3803 1026 3859 turbationis
1053 3802 1328 3876 subjungit
1359 3823 1374 3860 :

558 3920 593 3975 5
698 3920 931 3992 Cogitavi
967 3922 1077 3976 dies
1104 3924 1344 3992 antiquas

602 4028 609 4035 ν
701 4011 769 4066 Et
804 4030 969 4067 annos
997 4023 1290 4069 mternos-t—
1313 4014 1368 4068 in
1395 4025 1561 4069 mente
1591 4014 1751 4069 habui
1779 4014 1799 4086 ζ
1832 4052 1847 4068 .

627 4123 668 4178 C
708 4123 950 4194 Cogitavi
999 4123 1115 4180 dies
1160 4124 1430 4194 antiquos,
1478 4125 1609 4183 Adae
1643 4127 1914 4193 videlicet,
1944 4126 2137 4197 quibus

559 4212 853 4267 humanum
902 4229 1072 4285 genus
1118 4215 1356 4285 peccatis
1387 4217 1669 4273 tenebatur
1713 4218 2027 4273 obnoxium.
2070 4218 2138 4273 Et

559 4319 730 4357 annos
759 4314 1011 4371 aeternos,
1042 4307 1169 4375 quia
1200 4307 1342 4362 sicut
1386 4309 1474 4364 isti
1518 4310 1632 4364 dies
1666 4310 1902 4379 antiqui,
1936 4312 1989 4364 in
2019 4311 2143 4379 qui»

558 4393 662 4449 bus
711 4410 919 4461 sumus,
963 4407 1236 4453 momento
1277 4408 1536 4469 pereunt,
1584 4401 1665 4456 sic
1710 4400 1873 4456 futuri
1922 4401 2037 4456 dies
2082 4411 2137 4457 et

561 4488 687 4542 anni
740 4489 794 4543 in
842 4490 982 4545 caelo
1038 4494 1261 4561 perenni
1315 4494 1653 4565 longaivitate
1702 4496 2021 4550 consistunt.
2076 4494 2213 4569 Iul)

560 4578 681 4635 istis
739 4595 887 4637 mors
936 4582 1284 4650 dominatur;
1341 4584 1397 4639 in
1457 4585 1564 4641 illis
1609 4586 1720 4641 vita
1773 4597 1964 4658 regnat
2011 4601 2131 4658 per-

559 4680 743 4742 petua.

559 4782 595 4836 6
700 4782 769 4837 Et
799 4784 1078 4841 meditatus
1107 4803 1222 4841 sum
1250 4796 1394 4841 nocte
1427 4803 1544 4841 cum
1572 4788 1727 4842 corde
1758 4806 1869 4843 meo
1895 4803 1916 4841 :

707 4888 771 4932 -t—
791 4875 857 4930 Et
887 4877 908 4949 ξ
939 4879 1262 4934 exercitabar
1288 4889 1336 4934 et
1360 4880 1627 4935 scobebam
1652 4883 1889 4952 spiritum
1917 4898 2105 4936 meum.

631 4990 673 5046 Β
711 4989 1002 5045 Meditatur
1041 4993 1200 5048 etiam
1231 5009 1354 5048 cum
1402 4994 1564 5049 corde
1602 5008 1722 5059 suo,
1751 4995 1841 5062 qui
1893 4994 2131 5050 animam

563 5080 692 5135 facit
721 5096 872 5135 suam
903 5080 1107 5152 aliquid
1133 5098 1255 5138 cum
1283 5084 1491 5139 ratione
1522 5091 1779 5138 tractare.
1805 5083 2133 5138 Exercentur

2237 3239 2493 3311 telligere,
2539 3248 2593 3295 et
2640 3239 2769 3309 quid
2810 3240 2881 3294 sit
2918 3239 3050 3294 illud
3088 3243 3229 3311 quod
3267 3257 3410 3298 nunc
3438 3244 3608 3315 coepit
3646 3261 3812 3317 expo-

2234 3331 2343 3397 nit,
2376 3331 2500 3401 quia
2532 3334 2634 3385 hoc
2670 3330 2805 3399 ccepi
2838 3331 3136 3402 intelligere
3178 3334 3323 3402 quod
3369 3344 3618 3389 sanctam
3664 3351 3812 3391 com-

2234 3424 2585 3479 mutationem
2647 3424 2866 3478 dextera
2904 3425 3150 3491 Domini,
3191 3427 3243 3481 id
3279 3435 3363 3481 est
3389 3425 3641 3483 Christus
3685 3443 3815 3483 cou-

2233 3513 2409 3567 suevit
2461 3515 2514 3566 in
2560 3514 2716 3569 nobis
2759 3515 2974 3584 Operari
3001 3555 3016 3579 ,
3064 3524 3122 3570 ut
3169 3516 3235 3571 de
3281 3517 3589 3572 conditione
3629 3517 3813 3572 saeculi

2235 3604 2571 3669 commutati,
2618 3620 2921 3659 mereamur
2960 3605 3078 3675 ejus
3126 3607 3218 3661 lilii
3265 3609 3590 3679 nuncupari.
3632 3609 3684 3664 Η
3719 3608 3814 3665 Vel

2235 3695 2348 3752 haue
2377 3695 2624 3763 mutatio,
2653 3698 2794 3765 quod
2817 3697 2963 3767 juste
2987 3698 3198 3767 perdito
3231 3700 3319 3771 pie
3354 3700 3670 3757 miseretur.

2236 3808 2295 3862 il
2376 3806 2581 3862 Memor
2609 3807 2686 3876 {ui
2721 3824 2930 3878 operum
2957 3808 3166 3864 Domini
3192 3822 3216 3862 :

2378 3898 2516 3963 (Quia
2547 3913 2741 3952 memor
2769 3914 2857 3952 ero
2897 3898 2960 3951 ab
2988 3899 3136 3953 initio
3164 3898 3480 3955 mirabilium
3506 3905 3743 3959 tuorum.

2305 3987 2348 4041 ll
2386 3986 2592 4041 Memor
2618 3988 2691 4041 lui
2732 4004 2953 4056 operum
2982 3989 3233 4059 Dei-qua:
3265 3992 3471 4047 l'ccerat
3510 3993 3708 4067 Moysi,
3735 3998 3814 4052 vel

2236 4082 2358 4139 aliis
2383 4084 2604 4138 sanctis.
2634 4082 2674 4137 C
2703 4082 2905 4137 Memor
2929 4097 3023 4138 ero
3050 4086 3116 4138 ab
3141 4085 3295 4142 initio
3319 4089 3463 4157 quod
3492 4089 3622 4145 fecit
3643 4092 3814 4146 Adam

2237 4177 2305 4231 ad
2351 4176 2640 4246 imaginem
2684 4191 2858 4241 suam,
2905 4176 3098 4231 deinde
3135 4180 3277 4248 quod
3313 4181 3642 4236 oblationem
3683 4184 3813 4239 Abel

2229 4264 2361 4335 justi
2389 4274 2707 4331 susceperat,
2735 4273 2787 4316 et
2818 4265 2957 4332 quod
2983 4264 3035 4318 in
3072 4281 3200 4320 arca
3226 4267 3339 4322 Noe
3362 4269 3560 4325 diversi
3597 4248 3815 4342 generis

2234 4355 2489 4411 animalia
2517 4356 2570 4409 in
2596 4356 2854 4425 mysterio
2881 4355 3135 4411 Ecclesia:
3161 4358 3407 4424 salvavit,
3436 4361 3588 4430 quod
3629 4373 3814 4434 typum

2236 4446 2499 4503 adventus
2524 4448 2608 4503 sui
2639 4447 2692 4501 in
2739 4445 2890 4502 lsaac
2916 4447 3184 4503 oblatione
3206 4450 3413 4506 caelesti
3436 4449 3640 4521 pietate
3663 4472 3816 4511 mon-

2239 4541 2464 4606 stravit,
2514 4549 2569 4595 et
2615 4539 2812 4596 similia
2859 4555 2978 4610 qua:
3030 4543 3100 4598 ab
3164 4543 3320 4600 initio
3382 4546 3653 4603 mirabilia
3694 4550 3813 4606 lue-

2238 4638 2385 4694 runt,
2415 4630 2466 4683 in
2495 4629 2690 4699 quibus
2718 4640 2894 4685 tamen
2916 4631 3166 4688 omnibus
3195 4633 3289 4688 Dei
3317 4635 3695 4695 misericordia
3719 4641 3816 4698 ho-

2238 4719 2371 4775 mini
2407 4719 2722 4774 ostenditur.

2240 4811 2308 4867 12
2384 4810 2446 4865 Ει
2477 4811 2765 4865 meditabor
2789 4811 2844 4865 in
2869 4812 3105 4867 omnibus
3136 4816 3374 4883 operibus
3403 4819 3509 4874 tuis
3537 4834 3563 4874 :

2381 4900 2450 4954 Et
2473 4900 2922 4956 adinventionibus
2950 4886 3059 4957 tuis
3090 4905 3385 4959 exercebar.

2307 4991 2353 5046 ll
2391 4991 2525 5046 Tota
2567 5006 2686 5045 mea
2731 4990 2986 5060 cogitatio
3031 4992 3097 5048 de
3131 4993 3425 5051 virtutibus
3462 4997 3569 5052 tuis
3603 5009 3722 5064 est,
3760 5008 3813 5054 et

2237 5081 2606 5146 exercebor,C
2635 5081 2687 5136 id
2710 5091 2813 5146 est,
2835 5082 2889 5135 in
2916 5085 3200 5155 praeceptis
3226 5087 3331 5139 tuis
3357 5086 3688 5144 salutaribus
3714 5092 3812 5145 hu-
