3986 5412
292 380 469 439 Filios
496 382 664 439 Iacob
691 392 740 439 et
766 382 983 455 Ioseph.

221 491 264 548 (ἶ
301 490 564 558 Sanctus,
596 490 845 547 Christus
881 499 967 548 est
1010 490 1303 560 Dominus,
1334 493 1475 550 idem
1507 496 1623 566 ipse
1648 504 1735 552 est

162 581 272 648 ria;
318 581 414 652 qui
458 581 608 652 juste
650 581 849 637 dicitur
881 581 971 637 via
1014 580 1209 648 Patris,
1257 584 1385 655 quia
1421 599 1521 655 per
1556 586 1730 657 ipsum

162 674 609 744 quemadmodum
667 672 905 730 Trinitas
961 674 1161 730 colitur
1213 676 1524 747 accipimus.
1590 678 1733 734 Dicit

163 766 294 823 enim
324 784 340 821 :
372 766 478 833 Ite,
502 766 773 837 baptisate
791 782 982 823 omnes
1004 777 1193 839 gentes
1222 770 1275 824 in
1307 771 1525 827 nomine
1551 770 1734 826 Patris

163 868 212 916 et
231 858 355 913 Filii
387 867 444 913 et
472 857 712 929 Spiritus
750 858 921 915 sancti
962 859 1177 929 (Matth.
1210 861 1424 933 xxvnt).
1457 861 1503 917 ll
1540 862 1623 917 Dii
1652 863 1734 918 di-

163 956 350 1004 cuntur
394 947 574 1003 sancti
610 948 904 1004 secundum
949 948 1200 1019 gratiam.
1233 960 1289 1005 tu
1335 966 1467 1006 vero
1513 960 1737 1009 natura-

163 1039 273 1096 liter
295 1041 443 1095 Deus
472 1055 555 1104 es,
580 1046 636 1096 et
669 1047 726 1094 tu
755 1040 919 1095 etiam
956 1056 1020 1095 ex
1051 1050 1244 1097 natura
1279 1042 1427 1100 solus
1462 1043 1599 1100 facis
1633 1045 1737 1100 mi-

165 1130 346 1186 rabilia
375 1131 643 1200 quotidie.
675 1131 820 1186 Deus
842 1130 974 1186 facit
1002 1132 1295 1198 mirabilia,
1326 1143 1385 1188 ut
1418 1134 1471 1191 in
1501 1134 1731 1203 latrone;

166 1223 273 1278 heri
302 1222 480 1288 latro,
514 1222 675 1278 hodie
701 1221 1062 1279 Christianus.
1091 1225 1243 1281 Alius
1272 1226 1388 1280 heri
1417 1227 1732 1292 fornicator,

165 1314 312 1371 hodie
356 1313 675 1381 continens;
727 1313 847 1369 beri
897 1314 1147 1385 rapiebas
1192 1331 1392 1384 auena,
1437 1318 1597 1374 hodie
1644 1327 1735 1374 tua

165 1406 404 1479 porrigis.

226 1498 267 1555 C
302 1497 499 1555 Notam
546 1496 751 1564 fecisti,
795 1498 1006 1556 scilicet
1051 1515 1173 1556 cum
1219 1502 1274 1555 in
1302 1501 1449 1557 hunc
1478 1503 1736 1558 mundum

167 1590 353 1645 misisti
386 1591 677 1646 Dominum
704 1590 1061 1658 Salvatorem,
1092 1593 1183 1662 qui
1217 1593 1311 1647 Dei
1342 1594 1514 1649 virtus
1552 1603 1608 1648 et
1644 1594 1737 1648 Dei

167 1682 417 1754 sapientia
461 1690 550 1739 est
592 1680 646 1752 (ι
686 1681 810 1740 Cor.
852 1686 923 1753 1);
970 1693 1024 1739 et
1073 1693 1237 1741 notus
1276 1693 1479 1740 tantum
1509 1701 1735 1757 corpore

168 1773 460 1829 inﬁdelibus
493 1772 725 1844 poeulis,
753 1773 999 1829 ﬁdelibus
1037 1784 1219 1830 autem
1260 1785 1316 1831 et
1343 1776 1645 1840 divinitate,
1676 1787 1737 1831 ut

169 1874 275 1931 est;
315 1864 464 1920 Beati
498 1864 704 1919 mundo
732 1864 920 1919 corde.
964 1863 1011 1919 ll
1044 1864 1088 1921 C
1120 1867 1368 1922 Redemit
1398 1868 1451 1923 in
1488 1868 1735 1937 brachio,

170 1955 217 2010 id
245 1964 329 2011 est
360 1956 414 2010 in
449 1954 613 2011 Filio.
645 1954 816 2011 Filios
840 1954 1042 2022 .lacob,
1072 1955 1351 2013 Judaieam
1388 1958 1601 2028 plebem
1634 1977 1648 2013 :
1681 1969 1741 2015 et

170 2045 371 2118 Joseph,
399 2047 659 2119 gentilem
691 2046 980 2117 populum;
1011 2047 1105 2117 qui
1130 2047 1182 2103 ei
1213 2050 1434 2105 credere
1462 2065 1598 2120 puro
1620 2066 1740 2106 cor-

172 2136 232 2191 de
258 2137 576 2192 maluerunt.
605 2136 806 2207 Joseph
847 2136 993 2192 enim
1034 2149 1371 2208 augmentum
1411 2142 1739 2212 interpreta-

173 2234 270 2292 tur,
288 2226 452 2283 Judaei
476 2243 612 2300 ergo
635 2234 1052 2299 praecesserunt,
1082 2236 1139 2283 et
1174 2244 1275 2286 nos
1300 2231 1538 2303 adjuncti
1566 2232 1738 2289 ﬁdeli-

172 2317 264 2374 bus
288 2335 491 2376 sumus.

175 2429 235 2486 15
304 2430 556 2487 Viderunt
584 2442 636 2489 te
659 2449 832 2505 aqum,
858 2433 1022 2500 Deus,
1062 2435 1300 2492 viderunt
1349 2446 1399 2492 te
1423 2454 1574 2510 aqua:
1598 2449 1646 2494 et
1671 2439 1736 2494 ti-

362 2534 613 2580 iuuerunt
638 2540 659 2580 ἔ

305 2618 367 2673 Et
395 2619 624 2674 turbata
645 2628 768 2674 sunt
802 2618 998 2691 abyssi.

236 2712 485 2767 Viderunt
509 2721 767 2783 tasquae,
799 2713 850 2769 id
876 2721 989 2779 est.
1005 2713 1185 2785 populi
1207 2713 1445 2785 gentium
1470 2714 1739 2772 credendo

181 2804 487 2869 timuerunt;
528 2803 869 2859 conturbata:
907 2814 1037 2860 sunt
1074 2807 1279 2877 abyssi,
1308 2807 1350 2862 C
1388 2807 1491 2862 hoc
1527 2817 1605 2863 est
1641 2809 1743 2881 bu-

181 2908 315 2947 maoa
346 2894 512 2949 corda
564 2892 851 2949 tenebrosa
895 2908 1016 2964 quae
1049 2895 1152 2950 ista
1182 2895 1384 2950 salubri
1432 2897 1740 2953 turbatione

180 2996 410 3038 conversa
438 2990 589 3038 sunt.
622 2981 670 3036 Η
700 2981 796 3038 Vel
837 2998 1020 3054 aquae,
1067 2993 1277 3040 mentes
1310 2996 1367 3040 et
1402 2988 1598 3041 anima:
1640 3003 1737 3056 pu-

182 3090 243 3129 ηε
278 3084 398 3131 sunt
433 3083 491 3131 et
532 3076 868 3144 timuerunt;
904 3078 1000 3133 sed
1037 3079 1200 3134 timor
1224 3094 1333 3135 non
1361 3079 1462 3134 fuit
1485 3079 1554 3135 de
1588 3078 1734 3146 odio,

180 3164 258 3218 sed
283 3165 402 3221 ﬁde.

183 3276 238 3330 lli
298 3276 584 3332 Multitudo
609 3278 814 3332 sonitus
838 3293 1094 3349 aquarum
1121 3291 1140 3329 :

305 3367 489 3425 Vocem
525 3370 780 3425 dederunt
804 3371 983 3425 nubes.

237 3460 274 3516 C
306 3461 588 3518 Multitudo
612 3471 697 3518 est
723 3462 934 3518 sonitus
955 3477 1237 3534 aquarum,
1265 3465 1480 3536 quando
1507 3465 1740 3537 psalmo-

185 3551 253 3605 dia
279 3554 446 3609 dulcis
472 3552 698 3609 eﬁ‘ertur
722 3553 972 3619 Domino,
999 3555 1218 3624 quando
1254 3556 1540 3624 gemitibus
1569 3568 1624 3612 et
1663 3557 1741 3612 la-

1364 272 1725 332 EXPOSITIO
1760 274 1885 333 PSA
1895 274 2205 337 LMORUM.

1761 1737 1810 1797 Β

3308 286 3415 344 290

1400 385 1730 459 Diapsalma.
1758 392 1811 453 Α
1838 390 1985 445 velut
2007 407 2154 447 mare
2176 394 2457 459 ﬁuctuant,
2480 392 2567 449 ubi
2591 394 2837 451 Christus
2861 397 3019 451 habet
3040 397 3174 462 vias,
3198 402 3416 471 quando

1829 498 1923 539 eos
1947 486 2117 557 gratia
2157 502 2253 541 sua
2288 488 2389 543 sibi
2419 489 2738 545 subdiderit.
2775 490 2942 561 Aqua:
2979 492 3159 546 multa:
3186 508 3413 548 conver-

1829 588 2010 629 sarum
2040 577 2194 631 turba
2227 578 2488 649 gentium,
2520 580 2608 634 ubi
2640 590 2765 635 sunt
2789 582 2995 636 semita:
3021 581 3147 648 Dei,
3179 584 3304 638 dum
3341 585 3411 639 ad

1830 679 1925 720 eos
1952 679 2136 721 ventre
2163 668 2410 739 dignatur
2437 688 2449 722 :
2477 672 2619 743 quod
2649 670 2779 728 dicit
2808 673 3032 744 vestigia
3061 683 3150 728 tua
3188 690 3290 728 non
3319 692 3411 729 co.

1831 764 2176 823 gnuseentnr,
2210 758 2480 828 signiﬁcat
2505 761 2846 830 praesentiam
2876 763 3212 834 corporalem
3246 778 3410 833 quam

1829 845 2058 914 populus
2086 844 2341 903 .ludaicus
2370 864 2664 921 agnoscere
2693 852 2882 906 noluit.

1831 933 1901 989 20
1973 936 2249 992 Deduxiin
2274 941 2409 995 sicut
2441 958 2558 996 oves
2580 942 2829 1012 populum
2855 952 3004 999 tuum

1975 1027 2042 1083 In
2069 1048 2229 1084 manu
2253 1030 2426 1102 Moysi
2450 1042 2497 1087 et
2525 1033 2727 1089 Aaron.

1902 1115 1945 1171 ϐ
1977 1116 2198 1173 Deducti
2223 1130 2349 1175 sunt
2377 1122 2521 1176 enim
2558 1124 2736 1193 populi
2778 1123 3125 1182 llebrznorum
3155 1127 3209 1182 in
3244 1144 3405 1183 manu

1834 1203 2004 1276 Moysi
2028 1216 2082 1260 et
2106 1207 2307 1275 Aaron,
2343 1210 2394 1264 id
2415 1220 2498 1266 est
2519 1213 2854 1281 operatione,
2883 1230 3043 1283 quam
3069 1216 3406 1272 diversorum

1833 1296 2214 1351 miraculorum
2243 1300 2485 1355 novitate
2519 1300 2810 1357 faciebant.
2854 1303 2919 1356 Et
2951 1303 3225 1359 benedixit
3269 1307 3410 1360 sicut

1834 1403 1963 1443 ores
2000 1399 2057 1443 et
2087 1405 2191 1444 non
2222 1392 2492 1460 absolute,
2516 1409 2666 1458 oves,
2698 1395 2790 1449 sed
2823 1395 2964 1450 sicut
2987 1411 3136 1462 oves,
3170 1397 3259 1467 qui
3298 1413 3405 1452 non

1835 1479 2105 1536 credendo
2156 1482 2285 1538 facti
2348 1494 2475 1540 sunt
2538 1486 2699 1543 haedi.
2756 1487 2967 1558 Moyses
3024 1489 3414 1559 interpretatur

1837 1581 2167 1643 assumptus.
2193 1574 2379 1629 'Aaron
2409 1575 2743 1631 fortitudinis
2793 1595 2969 1643 mons,
3025 1596 3145 1649 qua:
3188 1580 3408 1635 nomina

1838 1659 2076 1731 ipsorum
2101 1663 2326 1720 virtutes
2353 1681 2487 1734 quas
2507 1665 2749 1722 fecerant
2770 1668 3099 1737 exprimunt.

2267 1788 2468 1829 οιιΑτιο
2505 1790 2574 1829 EX
2615 1791 2762 1830 PSAL.
2802 1794 2987 1832 LXXVI.

1908 1860 2232 1918 Mirabilium
2298 1864 2539 1919 omnium
2623 1877 2875 1936 operator
2940 1867 3242 1931 immense,
3316 1865 3409 1936 qui

1838 1954 2113 2023 quondam
2148 1970 2319 2026 aquas
2352 1956 2404 2010 in
2444 1965 2664 2027 aspectu
2708 1966 2798 2010 tuo
2836 1957 3111 2021 sistentes,
3152 1957 3412 2026 deinceps

1837 2044 1892 2098 in
1949 2045 2074 2099 vina
2128 2046 2349 2100 mutasti
2400 2062 2414 2099 :
2484 2055 2537 2099 te
2587 2046 2867 2101 humiliter
2925 2046 3298 2116 imploramus,
3352 2055 3437 2100 ut.

1838 2143 2089 2202 suscepta
2128 2151 2258 2191 voce
2287 2135 2543 2192 clamoris
2570 2138 2765 2194 nostri.
2798 2137 3222 2192 misericordiam
3257 2137 3410 2192 nobis

1838 2225 2025 2296 (quam
2088 2242 2360 2296 nunquam
2411 2226 2767 2298 Oblivisceris)
2814 2227 3081 2299 largioris.
3130 2228 3231 2296 Qui
3286 2243 3409 2282 cum

1837 2314 2001 2370 Patre
2028 2326 2083 2371 et
2109 2316 2266 2383 Filio,
2292 2327 2399 2373 etc.
2740 2332 2749 2341 '

2308 2428 2632 2486 l’SALMUS
2670 2428 2931 2485 LXXV".

2236 2553 2600 2594 ABGUIENTUI
2635 2554 2780 2593 PSAL.
2816 2554 3018 2594 ιχινιι.

1912 2650 1956 2706 C
1991 2649 2105 2705 Vox
2137 2652 2411 2721 propheta:
2437 2651 2503 2706 ad
2541 2651 2779 2715 Iudaeos,
2812 2652 3182 2707 enumerantis
3209 2659 3413 2721 quanta

1839 2758 2065 2798 munera
2096 2746 2235 2797 Deus
2265 2744 2345 2798 eis
2382 2744 2652 2809 tribuerit,
2686 2745 2769 2799 νει
2799 2745 3065 2800 mirabilia
3090 2744 3410 2815 ostenderit,

1838 2834 2120 2906 qualisque
2148 2837 2201 2890 in
2241 2836 2321 2891 eis
2347 2837 2583 2890 Vindicta
2613 2836 2948 2906 provenerit.

2292 2928 2401 2982 TT.
2432 2927 2736 2983 Intellectus
2764 2929 2961 2998 Asaplt.

1910 3016 1952 3072 C
1975 3017 2175 3088 Asaph,
2201 3026 2257 3072 ut
2282 3019 2481 3073 dictum
2504 3029 2606 3087 est,
2625 3020 2845 3075 Hebraea
2863 3021 3041 3091 lingua
3062 3034 3412 3093 synagogam,

1764 3089 1810 3151 (ί
1842 3109 2033 3163 Latine
2059 3109 2430 3164 collectionem
2462 3110 2759 3181 signiﬁcat;
2790 3110 2884 3166 sed
2914 3089 3045 3181 quia
3077 3089 3412 3167 intellectum

1840 3200 2121 3270 prazmisit,
2157 3200 2362 3255 ﬁdelem
2394 3201 2482 3256 hic
2519 3217 2847 3273 synagogam
2872 3202 3017 3273 loqui
3046 3217 3203 3273 posse
3230 3202 3413 3258 decla-

1841 3291 2001 3346 ravit.

1841 3385 1863 3437 1
1978 3384 2240 3438 Attenditc
2263 3384 2451 3455 popule
2478 3401 2622 3439 meus
2650 3384 2811 3456 legent
2843 3402 3011 3441 meam
3039 3399 3059 3439 :

1980 3477 2242 3533 lnclmate
2267 3493 2449 3532 aurem
2478 3488 2699 3532 vestram
2722 3479 2776 3531 in
2798 3479 2950 3534 verba
2978 3479 3085 3534 oris
3105 3480 3227 3533 mei.

1909 3569 1949 3625 C
1976 3570 2030 3623 ln
2059 3570 2159 3624 hoc
2188 3569 2454 3639 principio
2486 3570 2725 3638 loquitur
2752 3570 2914 3634 Deus,
2945 3571 3034 3640 qui
3058 3586 3158 3641 per
3182 3569 3403 3642 Moysen

185 3648 354 3718 crymis
376 3648 534 3719 culpa
561 3647 804 3703 diluitur.
834 3645 1016 3703 Nubes
1038 3648 1312 3718 signiﬁcat
1352 3651 1739 3721 prtedit‘awl'cs
1837 3665 2010 3736 legem
2034 3666 2182 3720 dedit
2206 3665 2464 3720 Hebraeis.
2494 3665 2736 3720 Attendit
2759 3675 2938 3721 autem
2976 3667 3177 3731 audita,
3209 3666 3300 3736 qui
3328 3680 3416 3722 res

186 3739 258 3807 qui
280 3756 455 3795 vocem
483 3740 753 3796 dederunt
792 3755 914 3795 cum
946 3751 1215 3812 ρνεεεεριει
1264 3742 1356 3798 Dei
1386 3742 1739 3814 vulgaverant
1837 3756 2011 3811 dictas
2050 3759 2243 3811 devota
2287 3767 2467 3811 mente
2506 3756 2861 3826 perspexerit.
2912 3756 3147 3828 Populus
3196 3772 3350 3813 meus
3395 3774 3410 3810 :

186 3841 446 3898 retiolum
475 3833 765 3900 mundum.
791 3846 860 3888 ex
896 3848 1006 3904 qua
1048 3833 1358 3905 vulgatione
1397 3836 1607 3891 sonitus
1635 3836 1739 3893 iste
1838 3846 1958 3901 illos
1985 3845 2116 3901 dicit
2149 3846 2243 3916 qui
2287 3846 2404 3916 ejus
2447 3846 2720 3900 mandatis
2768 3846 3110 3902 obediebant.
3151 3846 3416 3902 lnclinare

188 3938 413 3995 aquarum
449 3927 723 3998 provenit.

188 4036 239 4091 l7
298 4036 499 4093 Etenim
535 4038 745 4108 sagitta:
771 4045 877 4092 tua:
911 4045 1223 4091 transeunt:

308 4129 415 4185 Vos:
443 4131 664 4186 tonitrui
688 4130 769 4184 tui
806 4129 862 4184 in
897 4139 1032 4185 rota.

1839 3938 2193 4008 cognoscitur
2216 3952 2404 3992 aurem
2437 3952 2611 4001 suam,
2638 3937 2729 4007 qui
2762 3945 2873 3992 toto
2898 3938 3060 3993 corde
3089 3938 3204 3991 vult
3229 3938 3413 3992 audita

1837 4029 2125 4100 percipere
2151 4045 2165 4082 :
2191 4028 2335 4081 unde
2357 4026 2498 4082 sicut
2528 4041 2624 4096 per
2657 4027 2759 4081 hoc
2786 4026 2929 4096 quod
2953 4026 3088 4081 dixit
3128 4026 3413 4091 attendite,

1837 4123 2164 4179 intellectum
2187 4122 2341 4193 jubet
2377 4136 2670 4191 apponere,
2712 4121 2781 4175 ita
2818 4136 2915 4191 per
2950 4122 3054 4177 hoc
3092 4122 3235 4192 quod
3258 4118 3414 4188 dicit,

239 4220 275 4275 (Σ
309 4220 543 4291 Sagittas
580 4222 668 4276 hic
695 4219 1061 4292 evangelistas
1087 4220 1240 4285 dicit,
1279 4220 1368 4291 qui
1396 4220 1736 4291 praedicatio-

1846 4212 2094 4269 inclinate
2154 4226 2363 4276 aurem,
2411 4210 2664 4266 aﬁ‘ectum
2711 4210 2962 4265 audiendi
3017 4212 3255 4282 praecipit
3312 4212 3413 4267 ha-

187 4311 319 4368 nibus
343 4315 452 4369 suis
481 4315 709 4369 devotos
736 4328 907 4382 usque
929 4313 996 4367 ad
1019 4313 1197 4368 cordis
1224 4313 1413 4368 intima
1444 4314 1736 4370 medicina-

1846 4307 1984 4362 bere.
2018 4304 2064 4360 ll
2117 4303 2213 4360 Vel
2265 4303 2390 4372 ista,
2445 4313 2500 4360 et
2539 4303 2817 4374 sequentis
2843 4318 3055 4371 versus,
3097 4309 3262 4361 verba
3289 4311 3416 4361 sunt

189 4402 287 4459 liter
308 4406 728 4472 transfoderunt,
760 4422 875 4467 non
908 4404 1108 4461 inﬁicto
1133 4404 1352 4461 vulnere
1396 4406 1490 4461 sed
1537 4406 1735 4463 salute.
1762 4441 1817 4501 Β
1837 4396 2064 4501 girls-li-

188 4490 270 4549 Per
290 4505 451 4552 rotam
482 4497 674 4553 orbem
728 4503 999 4551 terrarum
1044 4495 1215 4560 dicit,
1254 4496 1343 4565 qui
1393 4495 1446 4549 in
1497 4496 1733 4566 speciem
1763 4486 1811 4501 ν
1837 4490 1875 4543 2
1972 4491 2218 4560 Aperiam
2247 4489 2305 4543 in
2335 4486 2602 4560 parabolis
2636 4505 2693 4544 os
2724 4505 2896 4544 meum
2927 4505 2948 4546 :

191 4598 295 4646 rotae
317 4591 637 4646 rutunditate
673 4587 1047 4653 concluditur,
1076 4588 1166 4643 ubi
1203 4603 1303 4643 vox
1334 4588 1734 4658 praedicationis

192 4684 544 4755 conspergitur.
574 4682 681 4739 Sed
711 4681 818 4738 illae
852 4680 1025 4737 nubes
1053 4680 1141 4736 illa
1172 4681 1406 4736 tonitrua
1436 4682 1565 4751 quid
1591 4682 1735 4740 fece-

192 4768 276 4826 rint
300 4772 553 4829 subditur.
1004 4760 1005 4763 V

194 4861 246 4918 18
303 4864 580 4922 "luxerunt
618 4864 1012 4922 coruscationes
1048 4873 1150 4920 tum
1177 4866 1291 4921 orbi
1317 4876 1470 4921 terra:
1494 4880 1513 4918 :

206 5020 209 5023 Ἴ
304 4953 556 5013 Commota
579 4969 652 5014 est
685 4969 734 5013 et
761 4957 1079 5012 contremuit
1107 4966 1265 5015 terra.

249 5044 282 5074 Ρ
314 5046 584 5074 III..--_--_n

635 5045 1049 5074 ---.-n-nl:nns\n
1226 5057 1303 5074 Δρ.
1392 5048 1560 5074 Αἶα-2..-

1980 4579 2197 4649 Loquar
2222 4582 2603 4652 propositiones
2633 4581 2698 4635 ab
2719 4582 2893 4635 initio.

1907 4672 1948 4727 Ο
1976 4671 2243 4729 Parabola
2275 4674 2421 4727 enim
2451 4672 2647 4728 Gmco
2672 4672 2935 4728 vocabulo
2979 4675 3185 4731 dicitur
3233 4670 3428 4728 simili-

1838 4764 1966 4819 tudo
2004 4782 2019 4818 :
2063 4765 2277 4835 quando
2324 4766 2453 4821 illud
2513 4766 2660 4835 quod
2718 4765 2943 4837 intelligi
3006 4769 3280 4827 volumus,
3327 4777 3434 4830 per

1842 4856 2055 4927 aliquas
2108 4858 2548 4927 comparationes
2593 4857 2915 4914 indicamus.
2972 4854 3443 4931 Propositioues:

1840 4946 2100 5003 obscuras
2129 4958 2182 5002 et
2220 4946 2435 5002 abditas
2474 4945 2754 5016 signiﬁcat
2791 4944 3162 5014 quaestiones,
3193 4950 3311 5008 Quae
3349 4934 3455 4984 ad-

1840 5036 2008 5074 hibito
2064 5037 2427 5074 dicnnlatinna
2465 5036 2745 5074 cnlvontlm
2775 5042 2916 5074 cttnl-
2962 5033 3144 5074 nunt!
3170 5036 3301 5074 vero
