3986 5412
559 227 656 281 291

559 345 594 396 4
704 338 827 394 Νοη
848 346 968 392 sunt
993 335 1251 390 occultata
1281 351 1312 388 a
1333 333 1458 404 ﬁliis
1489 351 1666 390 eorum
1695 349 1714 388 :

701 431 768 484 In
797 428 1126 501 generatione
1150 425 1338 480 altera.

629 522 671 576 C
705 519 821 576 Non
849 527 969 576 sunt
997 517 1284 580 occultata,
1316 516 1524 572 scilicet
1553 531 1583 570 a
1619 514 1958 585 spiritalibus
1986 515 2130 582 ﬁliis,

559 611 650 681 qui
678 626 863 666 eorum
892 610 1192 664 imitatores
1225 608 1458 663 fuerunt.
1486 607 1665 661 Altera
1693 605 1996 677 generatio,
2028 624 2133 662 non

458 737 467 746 ι
561 703 930 766 Hebraeorum,
998 700 1091 755 sed
1169 700 1409 770 gentium
1486 698 1756 766 signiﬁcat
1834 713 2131 771 congrega-

560 795 782 849 tionem.

559 883 593 936 5
706 881 1000 936 Narrantes
1026 881 1209 936 laudes
1239 880 1448 935 Domini
1479 889 1526 936 et
1557 881 1770 935 virtutes
1800 880 1914 950 ejus
1947 895 1966 932 :

700 973 770 1027 Et
798 973 1061 1027 mirabilia
1087 972 1198 1041 ejus
1221 989 1336 1042 quin
1357 971 1498 1042 fecit.

628 1063 671 1120 C
701 1063 936 1118 Narrare
991 1065 1188 1133 quippe
1248 1078 1411 1132 epera
1462 1062 1676 1117 Domini
1729 1063 1978 1119 laudasse
2027 1071 2130 1118 est.

560 1153 722 1223 Cujus
747 1153 888 1210 facta
929 1154 1054 1208 dum
1083 1165 1396 1219 narrantur,
1429 1153 1600 1224 gloria
1628 1169 1842 1226 semper
1879 1163 2129 1226 augetur.

567 1263 822 1326 Virtutes,
848 1262 1196 1317 liberatitmes
1217 1262 1367 1328 dicit,
1395 1279 1531 1333 quas
1559 1264 1690 1319 fecit
1714 1265 1764 1318 in
1788 1264 1985 1335 populo
2008 1279 2130 1319 cum

560 1370 654 1411 eos
688 1357 752 1411 de
779 1355 1060 1410 Pharaone
1093 1355 1341 1410 liberavit
1372 1373 1383 1408 :
1413 1356 1680 1417 mirabilia
1708 1371 1857 1420 vero,
1882 1356 2022 1426 quod
2038 1371 2132 1410 eos

563 1449 616 1502 in
663 1448 874 1503 deserto
922 1463 1118 1503 manna
1168 1447 1334 1516 pavit,
1385 1457 1440 1502 et
1494 1449 1704 1504 modica
1755 1459 1810 1505 et
1859 1448 2130 1504 levissima

561 1542 962 1597 concertatione
993 1552 1178 1612 gentes
1202 1542 1607 1610 potentissimas
1629 1543 1881 1612 subjecit.

561 1631 595 1683 6
702 1629 771 1684 Et
801 1632 1065 1685 suscitavit
1095 1632 1445 1685 testimonium
1480 1633 1535 1685 in
1565 1633 1730 1687 Jacob
1757 1649 1776 1688 :

699 1719 770 1773 Et
798 1719 958 1791 legem
988 1722 1158 1791 posuit
1195 1721 1248 1775 in
1279 1721 1469 1775 Israel.

633 1810 674 1866 C
704 1810 1034 1868 Suscitatum
1080 1827 1200 1867 esse
1237 1813 1605 1868 testimonium
1658 1815 1711 1868 in
1754 1813 1922 1870 Jaeob
1955 1813 2086 1870 dicit
2117 1835 2129 1871 :

567 1903 785 1971 quando
811 1919 934 1957 cum
981 1902 1170 1974 angelo
1207 1903 1525 1969 colluctatis,
1573 1914 1748 1960 tactus
1790 1923 1897 1962 uno
1933 1907 2135 1963 femore

565 1990 888 2046 claudicavit
949 1990 1102 2062 (Gen.
1154 1993 1331 2063 χχιιι)
1365 2012 1378 2047 :
1411 1995 1552 2063 quod
1604 1997 1876 2066 signiﬁcat
1919 1997 2135 2052 Israeli-

569 2081 732 2136 ticum
775 2081 1060 2152 populum,
1113 2083 1307 2152 partim
1370 2082 1494 2138 ﬁdei
1549 2085 1834 2152 ﬁrmitate,
1885 2098 2135 2143 constare

566 2172 758 2241 partim
788 2188 818 2227 a
848 2189 943 2228 sua
967 2173 1138 2228 salute
1162 2174 1459 2230 discedere.
1482 2173 1669 2231 Posuit
1686 2176 1854 2247 legem
1879 2177 1930 2232 in
1948 2178 2133 2244 Israel,

565 2272 625 2317 ut
662 2279 755 2318 eos
795 2263 1016 2319 devotos
1053 2279 1171 2319 esse
1208 2279 1307 2320 suo
1343 2265 1568 2320 Domino
1607 2276 1996 2332 commoueret,
2033 2269 2135 2322 hoc

566 2361 648 2408 est
695 2354 836 2424 quod
897 2356 1147 2422 superius
1200 2355 1349 2420 dicit,
1399 2356 1639 2426 aperiam
1684 2357 1736 2410 in
1780 2358 2052 2426 parabolis
2080 2365 2136 2411 et

563 2443 754 2516 loquar
809 2447 1239 2516 propositiones,
1305 2448 1432 2518 quia
1489 2449 1595 2504 iste
1655 2464 1847 2504 versus
1906 2451 2134 2518 ﬁgurate

565 2538 708 2607 loqui
719 2549 825 2593 tur.

567 2627 598 2680 7
707 2627 916 2692 Quanta
938 2628 1204 2686 mandavit
1234 2631 1468 2698 patribus
1502 2633 1690 2686 nostris

710 2717 853 2773 Nota
875 2719 1046 2788 facere
1068 2737 1128 2773 ea
1156 2720 1281 2788 ﬁliis
1304 2722 1411 2775 suis
1437 2736 1454 2773 :

707 2809 776 2864 Ut
810 2821 1083 2880 cognoscat
1114 2813 1380 2881 generatio
1407 2813 1592 2867 altera.

637 2900 678 2955 C
727 2902 926 2956 Versus
978 2902 1080 2957 iste
1127 2901 1425 2973 signiﬁcat,
1471 2918 1567 2972 per
1615 2904 1992 2974 generationes
2030 2905 2131 2960 bo-

567 2995 772 3047 mimnn
838 2993 1005 3049 fuisse
1057 2996 1306 3048 mandata
1360 2993 1454 3048 Dei
1502 2996 1844 3060 transmissa,
1901 3012 1968 3050 ne
2009 2997 2132 3066 quis

1487 221 1545 276 S.
1599 215 1950 284 BRUNONIS
1987 216 2524 276 IiERBlPOLENSIS
2572 219 2875 278 EPISCOPI
3705 223 3801 280 292

2159 334 2211 397 Α
2240 332 2364 403 rigit
2388 332 2675 402 jussiones.
2725 336 2769 389 Α
2815 333 2964 390 Illius
3013 347 3141 389 vero
3185 332 3417 404 Spiritus
3452 334 3688 392 creditus
3725 351 3803 395 est

2236 438 2360 478 cum
2383 425 2511 488 Deo,
2543 427 2635 496 qui
2667 427 2718 480 in
2748 426 2916 482 Deum
2952 426 3142 481 credit.

2237 513 2305 567 12
2375 513 2505 569 Filii
2536 515 2761 584 Ephrem
2790 516 3110 570 intendentes
3138 527 3186 572 et
3207 517 3466 572 mittentes
3491 533 3714 573 arcum:

2372 605 2619 662 Conversi
2641 618 2761 662 sunt
2790 609 2844 662 in
2865 608 2948 662 die
2980 608 3118 662 belli.

2304 694 2608 764 CEpltrem
2656 697 2738 752 vel
2803 697 3058 768 prraim
3110 696 3498 767 interpretatur
3552 697 3798 768 frugifer:

2235 785 2326 841 hic
2357 785 2457 841 fuit
2488 787 2628 842 ﬁlius
2653 787 2850 858 Joseph
2873 787 3077 856 junior,
3100 803 3259 857 quem
3287 802 3416 843 avus
3442 805 3573 844 suus
3610 791 3808 860 prima-

2181 914 2186 918 ς
2235 876 2316 930 rio
2337 876 2454 932 loco
2478 878 2748 933 benedixit
2777 896 2789 931 :
2819 877 2935 946 ejus
2963 893 3092 933 vero
3122 877 3214 932 ﬁlii
3234 887 3457 948 paterna
3483 881 3804 937 benedictio-

2234 982 2302 1023 ne
2357 977 2660 1023 crescentes
2698 965 2847 1040 (Cen.
2879 968 3087 1040 XLVIII),
3119 970 3185 1024 de
3228 967 3403 1024 fructu
3435 969 3558 1024 ﬁdei
3595 985 3807 1026 corrue-

2234 1066 2377 1113 runt.
2426 1058 2774 1114 Intenderunt
2821 1073 3048 1114 arcum:
3085 1075 3206 1114 cum
3258 1059 3582 1115 admonente
3629 1060 3805 1130 Moyse

2236 1147 2510 1212 dixerunt,
2569 1163 2904 1218 quzeeunque
2948 1149 3160 1203 locutus
3210 1156 3293 1203 est
3337 1148 3480 1203 Deus
3524 1147 3802 1203 faciemus.

2234 1236 2492 1293 Conversi
2517 1252 2662 1292 :vero
2697 1248 2853 1293 sunt:
2886 1240 3100 1307 quando
3140 1237 3321 1293 Aaron
3374 1239 3666 1294 dixerunt:
3705 1239 3806 1293 Fac

2236 1329 2390 1382 nobis
2416 1329 2544 1383 deos
2573 1343 2709 1397 quos
2744 1327 3030 1383 adoremus
3060 1327 3214 1397 (Gen.
3245 1330 3440 1398 χχιιι).

2236 1420 2302 1474 15
2377 1419 2500 1472 Non
2530 1419 2885 1473 custodierunt
2911 1429 3276 1473 testamentum
3304 1418 3421 1473 Dei.

2376 1510 2442 1564 Et
2470 1512 2522 1564 in
2560 1511 2667 1581 lege
2691 1511 2804 1580 ejus
2830 1509 3105 1565 noluerunt
3128 1510 3414 1564 ambulare.

2304 1603 2345 1658 C
2373 1603 2487 1658 Non
2533 1602 2906 1660 custodierunt
2938 1612 3316 1659 testamentum
3344 1603 3472 1659 Dei:
3507 1603 3634 1660 ideo
3681 1618 3810 1660 con-

2167 1714 2210 1772 Β
2237 1693 2380 1749 versi
2410 1703 2533 1748 sunt
2559 1695 2612 1747 in
2636 1694 2722 1748 die
2746 1694 2895 1749 belli.

2237 1785 2304 1840 i4
2375 1786 2441 1840 Et
2466 1786 2611 1840 obliti
2639 1798 2760 1840 sunt
2792 1785 3175 1854 benefactorum
3203 1786 3317 1856 ejus
3345 1803 3362 1839 :

2385 1878 2452 1932 Et
2479 1879 2792 1934 mirabilisun
2815 1878 2928 1948 ejus
2950 1895 3067 1948 qua:
3095 1879 3317 1932 ostendit
3344 1879 3438 1932 eis.

2305 1971 2346 2027 C
2383 1972 2544 2026 Obliti
2577 1981 2699 2026 sunt
2726 1970 2894 2026 ειυάωί
2925 1971 3306 2027 beneﬁciorum
3343 1971 3437 2026 Dei
3480 1979 3537 2027 et
3561 1971 3800 2026 omnium

2237 2064 2511 2134 signorum
2541 2063 2678 2134 ejus.

2237 2177 2305 2232 15
2374 2176 2563 2231 Coram
2609 2177 2845 2247 patribus
2885 2193 3064 2232 eorum
3097 2177 3218 2247 fecit
3271 2176 3535 2233 mirabilia
3567 2178 3622 2232 in
3678 2187 3809 2233 terra

2445 2265 2665 2336 ngypti
2690 2283 2708 2321 :

2378 2355 2445 2408 In
2477 2372 2658 2426 campo
2696 2354 2918 2410 Taneas.

2306 2447 2347 2503 C
2386 2446 2582 2502 Narrat
2630 2448 2772 2502 enim
2823 2448 2966 2503 facta
3024 2449 3283 2504 miracula
3327 2463 3513 2504 coram
3566 2450 3811 2520 patrihus

2237 2552 2443 2601 eorum,
2471 2537 2525 2592 id
2564 2546 2646 2592 est
2671 2537 2871 2610 Moyse,
2902 2539 3081 2592 Aaron
3104 2547 3159 2595 et
3178 2539 3296 2595 aliis
3323 2539 3649 2604 senioribus,
3685 2547 3813 2594 utet

2236 2629 2540 2686 manifestis
2585 2631 2744 2687 rebus
2799 2633 3138 2688 constantius
3189 2633 3412 2690 credere
3457 2634 3808 2689 debuissent:

2235 2732 2291 2778 et
2316 2724 2437 2778 ideo
2485 2724 2650 2779 etiam
2701 2725 3031 2794 provinciam
3078 2725 3216 2780 dixit
3263 2735 3318 2781 et
3355 2726 3554 2792 locum,
3582 2727 3680 2781 ubi
3707 2727 3816 2781 haec

2235 2813 2374 2869 facta
2405 2823 2549 2868 sunt.
2579 2813 2814 2884 Campus
2841 2815 3006 2870 Tanis
3031 2815 3304 2886 signiﬁcat
3354 2816 3560 2870 humile
3591 2815 3812 2868 manda-

2236 2913 2368 2970 tum,
2398 2904 2541 2975 quod
2578 2903 2632 2959 in
2665 2904 2825 2960 terris
2850 2905 3056 2976 positus
3084 2904 3331 2960 Christus
3356 2904 3541 2961 docuit
3583 2903 3809 2960 dicens:

2237 2995 2440 3051 Discite
2468 3012 2499 3050 a
2525 3011 2634 3058 me,
2661 2996 2784 3064 quia
2814 2997 2958 3051 mitis
2985 3011 3102 3050 sum
3140 3004 3194 3050 et
3221 2996 3442 3051 humilis
3463 2994 3682 3066 (Matth.
3719 2994 3813 3065 ιι).

565 3093 776 3155 putaret
823 3086 914 3140 ttui
964 3087 1146 3140 datum
1193 3086 1334 3155 quod
1389 3086 1639 3141 omnibus
1673 3097 1755 3141 est
1792 3102 2126 3143 concessum.
2159 3085 2204 3148 C
2237 3087 2304 3142 16
2378 3088 2667 3156 Interrupit
2704 3105 2846 3141 mare
2868 3099 2914 3141 et
2942 3089 3187 3159 perduxit
3217 3105 3342 3143 eos:

565 3175 748 3228 Altera
779 3175 864 3229 hic
892 3175 1186 3244 generatio,
1231 3186 1518 3230 extraneos
1556 3176 1824 3245 signiﬁcat
1873 3193 1978 3232 non
2007 3193 2134 3248 pro-

566 3265 812 3334 pinquos,
843 3275 898 3319 et
924 3275 1110 3335 gentes
1139 3283 1243 3321 non
1267 3265 1498 3323 Judazos.

565 3358 600 3412 8
709 3356 836 3412 Filii
871 3362 960 3429 qui
991 3369 1269 3413 nascentur
1299 3369 1347 3413 et
1374 3372 1621 3432 exurgent
1639 3376 1657 3414 :

712 3451 775 3504 Et
801 3456 1086 3508 narrabunt
1117 3454 1240 3522 ﬁliis
1264 3454 1394 3507 suis.

637 3543 678 3593 (Σ
705 3543 821 3596 Filii
861 3544 1148 3601 Christiani
1188 3560 1332 3614 sunt,
1361 3548 1451 3618 qui
1481 3549 1892 3618 praedicationes
1924 3561 2136 3608 sanctas

568 3636 634 3689 ad
674 3637 976 3691 animarum
1025 3640 1255 3695 salutem
1308 3640 1689 3697 conferendam
1737 3643 1849 3699 suis
1907 3646 2137 3714 posteris

569 3729 922 3784 tradiderunt.

566 3817 600 3872 9
709 3817 777 3873 Ut
803 3831 998 3891 ponant
1028 3823 1083 3877 in
1106 3822 1214 3876 Deo
1241 3839 1382 3890 spem
1411 3838 1559 3877 suam
1587 3835 1606 3874 :
1633 3834 1680 3877 et
1711 3841 1812 3878 non
1837 3824 2139 3878 obliviscan-

780 3921 868 3966 tur
893 3929 1104 3982 operum
1125 3912 1262 3968 Dei:

705 4001 774 4056 Et
813 4005 1063 4058 mandata
1090 4005 1205 4075 ejus
1231 4006 1530 4078 exquirant.

634 4095 676 4151 C
714 4096 980 4152 Admonet
1017 4097 1127 4164 hic,
1183 4108 1246 4154 ut
1296 4101 1496 4169 posteri
1533 4115 1684 4169 spem
1713 4116 1866 4154 suam
1912 4117 2016 4154 non
2045 4117 2138 4170 po-

567 4195 697 4242 nant
725 4187 778 4242 in
809 4188 1002 4258 legem,
1037 4205 1157 4259 qua:
1195 4191 1369 4262 punit,
1400 4193 1496 4246 sed
1541 4193 1594 4246 in
1644 4193 1873 4263 gratiam
1917 4207 2138 4248 conces-

567 4291 706 4340 sam,
735 4291 854 4345 qua:
885 4278 1110 4334 liberat:
1139 4289 1196 4335 et
1228 4297 1334 4336 non
1348 4273 1747 4338 bobliviscantur
1768 4298 1988 4352 operum
2017 4282 2136 4347 Dei,

569 4363 614 4418 ll
644 4366 698 4420 id
745 4376 828 4422 est
855 4377 1218 4437 contemnant,
1246 4372 1386 4427 sicut
1433 4372 1678 4429 fecerunt
1725 4375 1914 4444 perﬁdi
1945 4372 2134 4440 Jutlzei,

569 4457 662 4512 sed
703 4461 953 4515 mandata
979 4461 1094 4530 ejus
1123 4464 1411 4532 exquirant
1433 4474 1492 4519 ut
1525 4466 1839 4522 Christiani.

569 4549 637 4604 10
711 4546 794 4604 Ne
822 4551 951 4620 ﬁant
993 4551 1123 4606 sicut
1152 4563 1324 4623 patres
1351 4572 1530 4609 eorum
1558 4573 1577 4611 :

717 4636 992 4694 Ceneratio
1019 4658 1180 4710 prava
1209 4651 1259 4696 et
1278 4660 1610 4714 exasperatis.

640 4727 683 4784 ll
714 4729 812 4785 Hie
840 4741 1058 4786 notatur
1102 4734 1320 4803 perﬁdia
1355 4735 1680 4802 Judarorum,
1710 4741 1798 4809 qui
1836 4757 2138 4797 murmura-

567 4818 698 4873 bant
741 4836 954 4891 semper
983 4823 1034 4877 in
1066 4823 1279 4880 deserto
1323 4835 1510 4882 contra
1549 4828 1852 4884 Dominum.
1882 4833 1922 4886 C
1964 4833 2135 4888 Prava

567 4910 707 4965 dicta
736 4929 749 4965 :
779 4912 902 4982 quia
951 4914 1235 4970 veritatem
1279 4919 1521 4986 recipere
1557 4920 1862 4976 noluerunt.
1899 4922 1961 4975 ll.
1991 4923 2134 4977 Exa-

569 5016 876 5073 sperantes:
941 5008 1067 5078 quia
1119 5019 1309 5065 contra
1363 5011 1648 5067 Dominum
1691 5013 2138 5083 blasphemabant

571 5102 846 5161 irritantes
876 5107 942 5162 ad
964 5109 1276 5164 vindictam.

573 5193 634 5246 11
710 5185 986 5254 Generatio
1009 5215 1125 5268 qua:
1161 5216 1263 5253 non
1287 5199 1478 5254 direxit
1504 5216 1594 5254 cor
1617 5215 1807 5254 suum:

718 5283 779 5336 Et
800 5302 901 5341 non
931 5299 1004 5342 est
1033 5289 1256 5341 creditus
1283 5303 1400 5339 cum
1425 5287 1535 5343 Deo
1562 5292 1773 5357 spiritus
1801 5291 1934 5360 ejus.

736 5373 915 5412 “anno
969 5377 1126 5412 Innalin
1178 5391 1460 5412 nos-varum
1489 5387 1565 5412 ρει
1600 5379 1760 5412 Ιειυιοι
1815 5391 1862 5412 nl
1920 5395 2020 5412 nnn
2056 5389 2136 5412 Au.

2162 4439 2216 4498 D

2377 3177 2445 3231 Et
2472 3180 2651 3234 statuit
2677 3195 2840 3248 aquas
2865 3179 3015 3246 quasi
3044 3179 3099 3232 in
3131 3190 3316 3234 utrem.

2306 3269 2347 3325 C
2375 3269 2605 3338 Ruptum
2648 3278 2730 3324 est
2775 3284 2924 3322 mare
2965 3270 3222 3339 :quando
3252 3270 3304 3324 in
3353 3269 3630 3340 geminum
3679 3267 3814 3322 latus

2235 3362 2554 3432 permansit,
2599 3369 2658 3415 ut
2687 3376 2792 3414 non
2833 3371 2940 3415 tam
2995 3361 3214 3432 pelagus
3241 3377 3404 3432 quam
3433 3363 3620 3416 excisa
3659 3376 3816 3430 rupes

2237 3462 2534 3523 putaretur.
2559 3451 2815 3509 Perduxit
2845 3467 2939 3508 eos
2987 3453 3056 3508 ad
3098 3454 3443 3523 promissam,
3471 3454 3680 3508 scilicet
3709 3463 3815 3508 ter-

2241 3562 2352 3600 ram
2379 3561 2393 3599 :
2431 3547 2620 3600 statuit
2648 3561 2834 3616 aquas,
2865 3546 2917 3600 id
2941 3555 3042 3609 est,
3076 3555 3132 3600 ut
3159 3546 3237 3602 sic
3264 3554 3430 3601 stat-et
3451 3546 3597 3602 unda
3626 3547 3817 3601 immo-

2237 3635 2361 3690 bilis
2391 3653 2404 3688 :
2448 3645 2702 3706 tanquam
2725 3633 2916 3690 fuisset
2937 3636 3141 3692 inclusa
3179 3636 3235 3690 in
3264 3636 3429 3692 vasis.

2240 3729 2304 3782 17
2374 3727 2442 3782 Et
2467 3729 2681 3783 deduxit
2705 3745 2792 3783 eos
2822 3731 2875 3782 in
2905 3729 3037 3784 nube
3074 3729 3212 3783 diei:

2381 3817 2450 3872 Et
2473 3829 2584 3873 tota
2617 3829 2763 3873 nocte
2788 3820 2841 3872 in
2877 3818 3261 3873 illuminatione
3290 3819 3443 3889 ignis.

2305 3910 2346 3964 (Ξ
2373 3909 2552 3965 Nubes
2581 3909 2707 3974 diei,
2757 3910 2983 3980 mystice
3029 3909 3298 3980 signiﬁcat
3331 3909 3618 3964 Dominum
3664 3909 3820 3963 Chri-

2239 4010 2422 4056 stum:
2459 4001 2585 4070 quia
2616 4009 2672 4054 et
2720 4001 2834 4070 ipse
2889 4009 2971 4056 est
2995 4017 3154 4056 verus
3209 4002 3345 4066 dies,
3377 4009 3557 4056 tamen
3600 4001 3820 4071 perﬁdis

2237 4091 2441 4146 celatus
2465 4092 2701 4146 estnube
2725 4092 2907 4146 carnis
2928 4107 3055 4146 sum.
3086 4092 3149 4145 Et
3172 4100 3282 4146 tota
3314 4100 3469 4147 nocte
3493 4109 3507 4146 :
3542 4092 3632 4147 hic
3652 4092 3822 4160 signi-

2239 4181 2363 4236 lieat
2399 4183 2756 4246 Christianos,
2787 4197 2922 4252 quos
2959 4182 3192 4238 custodit
3213 4183 3264 4238 in
3295 4193 3450 4238 nocte
3476 4184 3682 4250 saeculi,
3709 4183 3818 4238 cla-

2236 4273 2396 4330 ritate
2430 4275 2512 4331 sui
2544 4274 2780 4329 luminis.

2239 4362 2306 4418 18
2376 4363 2660 4434 Interrupit
2689 4377 2888 4435 petram
2917 4382 2971 4419 tn
3001 4381 3170 4419 eremo
3197 4382 3216 4419 :

2381 4452 2449 4508 Et
2478 4455 2759 4526 adaquavit
2779 4471 2865 4510 eos
2898 4455 3028 4510 velut
3051 4457 3108 4509 in
3146 4455 3328 4526 abysso
3357 4456 3543 4511 multa.

2310 4545 2350 4602 C
2375 4545 2525 4602 Tunc
2575 4547 2874 4618 interrupta
2911 4556 2994 4603 est
3032 4559 3182 4618 petra
3225 4549 3278 4603 in
3330 4564 3513 4605 eremo
3551 4565 3565 4604 :
3599 4551 3822 4620 quando

2241 4638 2574 4708 percussitet
2600 4636 3071 4709 ﬁuxeruntaqum;
3107 4640 3226 4694 ideo
3267 4639 3393 4706 hoc,
3421 4648 3478 4694 ut
3504 4643 3820 4698 ostenderet

2238 4728 2519 4783 universas
2568 4740 2847 4785 creaturas
2875 4730 2989 4800 ejus
3009 4728 3343 4798 jussionibus
3374 4732 3617 4799 obedire,
3666 4736 3821 4804 prius

2237 4833 2424 4890 aquas,
2448 4820 2537 4875 hic
2560 4829 2785 4890 petram.
2815 4821 3115 4892 Adaquavit
3144 4823 3311 4876 dixit:
3343 4832 3400 4878 ut
3422 4825 3670 4894 jumenta
3702 4841 3820 4880 ma-

2242 4908 2324 4978 gis
2366 4908 2638 4963 videretur
2684 4909 3011 4980 signiﬁcare,
3040 4927 3198 4982 quatn
3227 4912 3497 4978 homines,
3520 4916 3613 4983 qui
3651 4914 3818 4968 tantis

2240 4997 2517 5054 beneﬁciis
2550 4999 2753 5069 gratias
2780 5015 2940 5071 agere
2967 5001 3270 5056 noluerunt.
3300 5000 3356 5055 In
3382 5003 3578 5074 abysso
3608 5003 3814 5058 multa:

2241 5088 2450 5158 copiam
2497 5087 2812 5158 largissimae
2861 5088 3017 5145 undae
3044 5091 3356 5157 declaravit,
3400 5106 3521 5160 qua:
3567 5091 3713 5147 velut
3751 5093 3821 5146 de

2243 5177 2436 5248 abysso
2459 5177 2651 5247 palagi,
2685 5180 2758 5232 ita
2782 5179 2950 5234 multa
2978 5180 3248 5252 proﬂuxit.

2243 5289 2309 5344 19
2344 5278 2347 5280 ’
2381 5289 2452 5344 Et
2481 5291 2656 5345 eduxit
2685 5309 2874 5363 aquam
2906 5294 2970 5348 de
3002 5305 3146 5365 petra
3175 5311 3193 5349 :

2389 5381 2449 5412 ι’.
2474 5383 2687 5412 ιιι-Αιηρὲι
2726 5396 2741 5412 ο
