3986 5412
534 330 676 388 .395

1496 326 1553 381 S.
1602 325 1948 384 BRUNONIS
1983 324 2522 383 llERBlPOLENSlS
2559 322 2862 383 EPlSCOPl

3704 318 3803 378 296

567 446 740 509 citur,
783 441 934 512 quasi
975 440 1142 494 fracta
1187 438 1337 495 ﬁdes.
1369 438 1559 494 Satiati
1592 447 1718 494 sunt
1739 454 1868 512 ergo
1891 439 1958 493 ad
1981 453 2136 493 suam
2165 443 2213 499 Α
2241 440 2301 494 All
2381 439 2486 495 Cor
2511 451 2682 494 autem
2708 456 2884 493 eorum
2910 453 3009 492 non
3038 449 3146 491 erat
3185 443 3380 491 rectum
3401 453 3517 492 cum
3533 454 3595 492 eo
3620 453 3642 492 :

570 535 818 597 ruinam,
866 547 971 585 non
1027 540 1087 584 ut
1139 529 1263 585 inde
1304 529 1546 584 viverent
1594 531 1686 586 sed
1733 531 1913 602 potius
1970 530 2144 584 inter-

567 627 726 683 irent.
1618 694 1622 698 _

634 715 675 772 C
704 716 895 770 Adhuc
922 730 1062 770 escze
1101 723 1257 769 erant
1299 715 1352 769 in
1399 727 1525 779 ore,
1556 714 1759 768 scilicet
1790 715 1917 769 dum
1948 729 2146 770 manna

564 819 620 863 et
647 807 986 862 coturnicum
1018 806 1271 860 carnibus
1313 811 1664 860 vescerentur
1706 802 1900 874 (Exod.
1947 804 2142 870 xxx").

564 898 701 952 Esca
724 907 904 951 autem
927 896 993 950 ab
1014 895 1226 952 edendo
1247 896 1387 950 dicta
1414 905 1519 949 est.
1550 895 1699 950 Tunc
1730 895 1809 950 ira
1835 895 1926 950 Dei
1954 909 2146 950 ascen—

564 987 643 1043 dit
678 1003 693 1042 :
730 987 943 1056 quando
977 984 1233 1042 Dominus
1264 987 1436 1041 iratus
1464 986 1630 1058 Moysi
1668 986 1804 1040 dixit
1834 1003 1848 1039 :
1882 986 2139 1043 Graviter

562 1077 805 1148 peccavit
834 1076 1063 1146 populus
1110 1077 1213 1130 istc
1251 1076 1475 1129 vitulum
1514 1077 1797 1131 conﬁando
1827 1085 1883 1132 et
1915 1077 2143 1131 adoran-

563 1171 801 1233 do,.nam
833 1184 955 1223 eum
985 1167 1227 1233 colendo,
1258 1166 1510 1238 mugituri
1544 1176 1700 1221 erant
1727 1167 1777 1220 in
1807 1180 1992 1237 paena,
2015 1181 2141 1221 nam

562 1262 829 1331 sequitur.
946 1245 951 1249 i

633 1352 673 1407 C
704 1350 912 1407 Occidit
935 1350 1159 1422 pingues
1184 1364 1394 1412 eorum,
1421 1349 1471 1403 id
1500 1357 1582 1403 est
1604 1348 1770 1404 fortes
1791 1348 2095 1405 Judzeorum
2122 1366 2135 1402 :

561 1452 783 1512 propter
810 1450 1090 1512 peccatum
1120 1440 1267 1495 vituli
1298 1481 1312 1504 ,
1358 1456 1517 1509 quem
1547 1438 1677 1493 fecit
1710 1439 1889 1494 Aaron
1909 1478 1925 1505 ,
1975 1439 2138 1494 occisi

560 1533 813 1601 leguntur
836 1530 1022 1602 viginti
1055 1530 1157 1584 tria
1207 1530 1374 1583 millia
1419 1545 1606 1584 eorum
1650 1545 1754 1583 una
1796 1530 1903 1583 die.
1943 1528 2140 1597 Sicque

561 1624 763 1680 factum
803 1634 906 1689 est,
956 1632 1017 1678 ιιι
1044 1621 1247 1678 electos
1292 1622 1491 1687 Israel,
1523 1622 1759 1691 pravitas
1800 1620 2138 1691 peccantium

562 1718 869 1787 impediret,
902 1732 969 1772 ne
992 1716 1241 1770 venirent
1271 1716 1322 1769 in
1356 1724 1556 1770 terram
1589 1713 1995 1786 promissionis.
2027 1714 2137 1770 sci-

562 1807 687 1862 licet
716 1808 888 1879 ipsum
916 1805 1136 1879 Moysen
1162 1815 1216 1861 et
1243 1806 1444 1860 Aaron.

561 1900 631 1957 36
699 1899 766 1954 In
794 1899 1029 1954 omnibus
1057 1899 1141 1952 Itis
1170 1908 1506 1968 peccaverunt
1537 1897 1749 1952 adhuc:

707 1990 772 2044 Et
797 2007 899 2044 non
925 1988 1254 2043 crediderunt
1282 1989 1335 2041 in
1361 1987 1684 2041 mirabilibus
1714 1989 1848 2058 ejus.

632 2081 677 2137 ll
705 2080 953 2137 Peccavit
976 2080 1150 2135 adhuc
1175 2076 1263 2134 ille
1288 2076 1532 2150 populus,
1556 2079 1644 2147 qui
1668 2087 1854 2134 contra
1882 2076 2139 2132 famulum

562 2175 658 2230 Dei
687 2173 904 2245 Moysen
949 2170 1320 2226 murmurabat
1352 2187 1368 2223 :
1403 2179 1629 2240 peccant
1662 2168 1901 2239 quotidie
1945 2167 2137 2238 iniqui,

562 2265 653 2336 qui
700 2261 1067 2319 sacerdotibus
1104 2260 1200 2317 Dei
1250 2260 1468 2315 obedire
1502 2266 1897 2315 contemnunt:
1927 2269 1982 2316 et
2023 2268 2142 2313 tau-

562 2355 652 2409 diu
689 2363 935 2424 peccant,
966 2367 1249 2424 quousque
1271 2350 1550 2419 deﬁciunt,
1573 2359 1771 2408 etcum
1793 2351 2142 2409 festinatione

561 2448 837 2504 deﬁciunt.

561 2539 630 2595 37
705 2538 771 2591 Et
800 2539 1094 2608 defecerunt
1122 2537 1175 2591 in
1201 2538 1430 2593 uanitate
1455 2537 1564 2590 dies
1588 2552 1769 2592 eorum
1791 2551 1811 2591 :

706 2632 772 2685 Et
808 2630 933 2685 anni
958 2646 1138 2685 eorum
1162 2646 1280 2682 cum
1314 2629 1666 2697 festinatione.

633 2725 674 2779 C
706 2723 830 2778 Dies
849 2739 1036 2778 eorum
1067 2722 1327 2776 defecisse
1352 2721 1513 2783 dicit,
1538 2720 1693 2791 quasi
1726 2721 1845 2775 tabe
1885 2716 2139 2789 languida

563 2798 944 2883 consumptos;
971 2812 1086 2867 dics
1116 2812 1258 2866 enim
1284 2822 1624 2880 peccatorum
1648 2826 1769 2864 cum
1793 2809 2140 2865 festinatione

565 2913 871 2967 transeunt.
901 2905 1043 2959 sicut
1085 2903 1282 2973 legitur
1308 2920 1321 2956 ;
1349 2901 1458 2956 Viri
1502 2902 1823 2971 sanguiuum
1863 2908 1918 2954 et
1946 2899 2136 2966 dolosi,

563 3011 669 3051 non
696 2996 1052 3051 dimidiabuut
1075 2997 1190 3049 dies
1215 3009 1341 3049 suos
1370 2992 1542 3064 (Psal.
1570 2991 1701 3064 uv).

560 3088 630 3146 58
702 3087 831 3142 Cum
880 3088 1129 3143 occideret
1179 3103 1264 3142 eos
1309 3074 1607 3159 qua'rebant
1650 3102 1766 3139 eum
1811 3094 1859 3139 ct
1912 3093 2134 3141 reverte-

772 3179 962 3233 bantur
987 3195 1006 3232 :

706 3267 774 3322 Et
801 3266 1032 3322 diluculo
1056 3267 1318 3322 veniebant
1340 3267 1409 3321 ad
1434 3266 1621 3321 Deum.

631 3362 671 3418 C
697 3361 812 3416 Non
840 3361 939 3432 ipsi
970 3361 1327 3431 iuquisierunt
1347 3358 1536 3422 Deum,
1559 3375 1696 3429 quos
1723 3359 1855 3415 dicit
1882 3360 2092 3416 occisos
2116 3380 2129 3415 :

560 3452 654 3507 sed
700 3452 942 3522 exemplo
999 3451 1183 3506 talium
1234 3450 1464 3520 populus
1511 3452 1752 3521 reliquus
1785 3452 2129 3522 supplicavit.

558 3542 813 3600 Judaicus
859 3544 1037 3614 itaque
1078 3543 1302 3615 populus
1329 3552 1455 3599 tunc
1480 3544 1697 3609 timuit,
1742 3553 1797 3598 et
1844 3545 2135 3615 exquisivit

557 3635 749 3702 Deum,
782 3635 997 3709 quando
1039 3650 1165 3690 suos
1209 3634 1385 3690 socios
1413 3635 1668 3690 cernebat
1703 3636 1994 3705 exstingui.
2025 3634 2130 3692 Vc-

560 3724 783 3778 nicbant
800 3723 1035 3779 diluculo
1059 3742 1072 3779 :
1103 3723 1145 3778 ll
1169 3722 1417 3794 ﬁagcllati
1443 3724 1495 3778 in
1524 3724 1760 3792 peccatis
1786 3726 2133 3779 reverteban-

560 3825 671 3882 tur,
703 3825 758 3870 et
785 3830 1010 3869 excusso
1039 3814 1368 3871 inﬁdelitatis
1404 3829 1592 3870 somno
1613 3855 1627 3880 ,
1657 3815 1941 3871 veniebant
1972 3831 2132 3872 mane

560 3917 622 3962 ιιι
651 3906 900 3961 audirent
922 3906 1145 3961 verbum
1175 3904 1289 3960 Dei.

557 3994 627 4053 59
696 3995 767 4051 Et
811 3995 1139 4051 rememorati
1176 4004 1295 4049 sunt
1341 3995 1466 4066 quia
1509 3993 1647 4049 Dens
1675 3996 1891 4067 adjutor
1925 4009 1987 4052 αι-
2015 4007 2126 4051 est:

769 4104 949 4143 eorum
977 4101 995 4138 .'

699 4174 765 4231 Et
798 4177 934 4232 Deus
961 4174 1192 4231 excelsus
1222 4175 1510 4247 redemptor
1540 4191 1718 4230 eorum
1749 4191 1809 4232 oz—
1840 4188 1949 4232 est:

628 4268 669 4324 C
709 4267 984 4337 Memorati
1013 4275 1177 4322 sunt:
1212 4266 1428 4336 quando
1472 4265 1739 4322 irascente
1767 4269 1992 4322 Domino
2030 4284 2125 4322 cx-

562 4368 1059 4414 trema‘castrorum
1107 4358 1289 4412 divino
1337 4357 1460 4427 igne
1488 4368 1805 4428 consumpta
1847 4369 1992 4426 sunt,
2020 4377 2127 4431 quo

563 4452 724 4514 facto,
756 4458 1079 4520 rogaverunt
1105 4447 1323 4520 Moysen
1359 4459 1417 4503 ιιι
1444 4464 1542 4519 pro
1574 4451 1654 4507 eis
1684 4451 1965 4513 Dominum
1998 4468 2124 4523 sup-

562 4544 787 4612 plicarct
817 4539 1006 4612 (Nam.
1037 4540 1170 4611 XVI).
1220 4541 1264 4595 H
1299 4541 1680 4596 lntellexerunt
1725 4543 1931 4598 nullum
1962 4545 2123 4599 alium

562 4647 719 4703 posse
749 4632 799 4685 in
854 4631 947 4686 tali
993 4614 1233 4700 periculo
1277 4632 1601 4702 adjutorium
1636 4635 1799 4701 ferre,
1846 4637 1947 4692 nisi
1976 4636 2125 4691 illum

564 4722 656 4790 qui
695 4736 788 4776 eos
808 4721 874 4777 de
899 4721 1158 4776 servitute
1185 4719 1402 4793 Egypti
1433 4722 1698 4779 liberavit.

562 4809 633 4865 ιθ
705 4811 771 4864 Et
797 4811 1087 4864 dilexerunt
1107 4826 1224 4865 cum
1246 4811 1301 4864 in
1331 4827 1419 4865 ore
1446 4829 1539 4866 suo
1559 4825 1579 4863 :

704 4901 771 4956 Et
793 4903 972 4972 lingua
996 4920 1091 4958 sua
1113 4902 1314 4957 mentiti
1342 4915 1459 4958 sunt
1487 4905 1556 4990 ei.

635 4996 674 5032 Γ
719 4996 807 5032 εἰη
839 4997 939 5032 illic

992 4996 1250 5032 nnnlinnil
1285 4996 1373 5032 nni
1412 5011 1469 5032 an
1499 5005 1685 5032 nnlnnl
1739 5012 1835 5032 nam
1865 4998 2033 5032 οΛΙηινι
2064 5001 2099 5032 II

2163 1781 2213 1842 B

2155 4497 2278 4590 DM

2229 4627 2480 4685 liberavit
2518 4630 2582 4684 de
2625 4644 2784 4684 manu
2817 4626 3134 4693 Pharaonis,
3161 4627 3253 4698 qui
3289 4625 3591 4698 ﬁguraliter
3614 4626 3813 4685 diabo-

2230 4718 2339 4773 lum
2371 4719 2658 4789 signiﬁcat.

2229 4810 2300 4868 48
2372 4811 2516 4867 Sicut
2539 4814 2710 4882 posuit
2732 4815 2785 4867 in
2819 4813 3049 4885 Egypto
3073 4814 3224 4883 signa
3257 4830 3355 4868 sua
3380 4829 3401 4869 :

2389 531 2499 587 Nec
2519 533 2697 601 ﬁdeles
2727 532 2891 585 habiti
2912 540 3027 585 sunt
3060 530 3113 582 in
3140 528 3434 583 testimonio
3459 530 3598 599 ejus.

2314 623 2355 679 C
2401 623 2533 678 Nam
2585 634 2640 679 et
2683 624 2938 678 Dominus
2979 624 3045 677 de
3093 621 3225 692 ipsis
3268 637 3362 691 per
3395 620 3587 675 Isaiam
3635 619 3804 677 dicit:

2242 714 2479 787 Populus
2506 708 2603 771 hic
2624 716 2781 771 labiis
2824 731 2911 770 me
2958 715 3212 774 honorat.
3238 728 3333 767 cor
3359 721 3537 766 autem
3572 713 3807 782 ipsorum

2243 808 2402 880 longe
2430 816 2511 863 est
2531 824 2559 862 a
2587 824 2672 862 me
2695 807 2849 879 (lsai.
2885 807 3054 875 XXIX).
3080 805 3281 860 Fidelis
3308 815 3393 860 est
3421 805 3473 859 in
3502 805 3808 861 tesxiutonio

2242 899 2361 963 Dei,
2388 898 2480 968 qui
2505 912 2627 952 eum
2651 897 2922 952 veraciter
2947 895 3123 964 diligit
3150 911 3162 947 :
3195 894 3330 950 ﬁdes
3353 904 3534 949 autem
3564 896 3705 951 dicta
3727 904 3809 949 est

2243 989 2312 1044 ab
2331 1005 2397 1045 eo
2422 990 2564 1059 quod
2596 988 2728 1042 ﬁant
2753 988 2918 1043 dicta.

2240 1081 2311 1136 42
2379 1080 2502 1153 Ipse
2541 1088 2716 1134 autem
2746 1093 2808 1136 αξ-
2840 1089 2911 1133 est
2946 1077 2964 1146 ζ
2993 1079 3284 1134 misericors
3341 1088 3386 1133 et
3416 1079 3673 1151 propitius
3723 1079 3808 1149 [iet

2447 1172 2675 1242 peccatis
2703 1188 2879 1225 eorum
2902 1183 2922 1222 :

2385 1263 2448 1318 Et
2477 1281 2578 1318 non
2605 1263 2862 1334 disperdat
2892 1276 2955 1318 σι-
2994 1279 3081 1318 eos
3113 1261 3129 1330 ξ
3166 1301 3181 1317 .

2309 1356 2355 1411 Η
2406 1356 2523 1426 Ipse
2543 1364 2718 1409 autem
2747 1362 2830 1409 est
2858 1352 3335 1408 misericors:dum
3368 1351 3510 1408 enim
3534 1362 3813 1424 exspectat

2238 1444 2640 1516 pmaitcntiam,
2678 1458 2780 1497 non
2828 1441 3011 1497 statim
3052 1441 3650 1511 punitdelinquentetn,
3680 1459 3811 1513 quo-

2242 1537 2383 1589 niam
2408 1534 2708 1604 peccatoris
2734 1550 2837 1587 non
2859 1532 2975 1588 vult
2994 1541 3246 1600 mortem,
3282 1534 3372 1588 sed
3400 1535 3812 1590 conversionem

2241 1626 2457 1699 (Ezecb.
2514 1628 2692 1697 svnt).

2239 1722 2308 1777 45
2382 1720 2448 1775 Ει
2472 1720 2753 1775 abundarit
2780 1731 2837 1775 ut
2857 1731 3103 1777 averteret
3126 1721 3257 1776 iram
3283 1736 3431 1775 suam
3459 1737 3473 1775 :

2383 1812 2448 1867 Et
2478 1829 2580 1867 non
2609 1814 2840 1868 accendit
2865 1829 3065 1868 omnem
3094 1814 3229 1866 iram
3266 1828 3439 1867 suam.

2307 1906 2347 1961 (ἶ
2393 1907 2737 1962 Abundavit:
2768 1906 2984 1977 quando
3013 1907 3189 1961 oravit
3218 1921 3317 1976 pro
3336 1904 3535 1961 Iudaeis
3559 1904 3614 1960 in
3649 1919 3813 1961 cruce

2238 2000 2469 2070 positus,
2503 1998 2684 2065 Pater,
2742 2000 2957 2071 ignosce
3011 1999 3114 2054 illis
3149 1996 3297 2069 (Luc.
3326 1997 3486 2061 χχιιι)
3511 2014 3526 2052 :
3551 1996 3633 2052 sic
3658 1996 3814 2052 istius

2238 2089 2629 2160 supplicatione
2678 2097 2857 2143 actum
2904 2096 3010 2152 est,
3043 2096 3099 2141 nt
3138 2088 3209 2142 ita
3249 2087 3339 2142 Dei
3368 2088 3421 2141 in
3452 2087 3532 2142 eis
3570 2086 3815 2158 placare-

2239 2189 2328 2236 tur
2361 2197 2373 2232 :
2412 2179 2679 2249 propitius
2724 2179 2868 2233 enim
2896 2178 3131 2249 peccatis
3156 2192 3340 2233 eorum
3367 2176 3542 2233 factus
3563 2186 3667 2245 est,
3687 2194 3813 2233 cum

2239 2272 2306 2326 ad
2356 2271 2525 2340 ipsius
2572 2269 2996 2325 satisfactionem
3061 2270 3112 2324 in
3172 2284 3365 2335 cruce,
3422 2284 3530 2324 non
3594 2270 3814 2340 quidem

2238 2377 2449 2429 omnes,
2481 2361 2575 2416 sed
2607 2362 2760 2416 multi
2787 2376 2850 2415 ex
2875 2360 2958 2415 his
2988 2362 3166 2416 redire
3193 2370 3525 2415 meruerunt.

2237 2452 2310 2508 Η
2382 2453 2452 2507 Et
2476 2440 2780 2507 recordatus
2822 2462 2894 2506 cst
2919 2451 3043 2523 quia
3067 2466 3189 2505 caro
3216 2459 3335 2504 sunt
3364 2465 3384 2504 :

2380 2543 2609 2612 Spiritus
2638 2544 2828 2597 radens
2851 2550 2897 2596 et
2921 2558 3023 2596 non
3050 2542 3272 2595 rediens.

2310 2613 2356 2668 ll
2404 2611 2520 2669 Scit
2543 2616 2685 2668 enim
2720 2614 2880 2676 Deus,
2913 2613 3037 2682 quia
3068 2625 3198 2665 caro
3230 2625 3446 2683 semper
3473 2611 3685 2667 resistit
3710 2611 3813 2683 legi

2241 2705 2360 2760 Dei.
2409 2705 2450 2761 C
2494 2702 2634 2759 Caro
2662 2715 2841 2758 autem
2864 2704 3008 2759 dicta
3029 2710 3133 2766 est,
3166 2701 3307 2771 quod
3331 2702 3498 2757 chara
3529 2702 3602 2756 sit
3618 2701 3815 2756 anima:

2241 2811 2368 2851 suze.
2392 2795 2630 2866 Spiritus
2650 2794 2850 2849 vadens
2878 2803 2934 2849 et
2973 2810 3079 2849 non
3116 2792 3332 2848 rediens
3360 2791 3813 2862 (subaudiendum

2240 2892 2344 2961 est)
2371 2891 2422 2945 iu
2453 2892 2556 2946 hoc
2578 2890 2778 2947 mundo
2805 2905 2820 2944 :
2852 2890 3106 2960 quoniam
3145 2888 3214 2944 ad
3246 2903 3401 2944 suum
3444 2903 3569 2944 eum
3611 2903 3814 2961 corpus

2241 2979 2295 3033 in
2324 2980 2720 3035 resurrectione
2747 2987 2962 3036 constat
2996 2994 3120 3037 esse
3163 2980 3493 3044 rediturum;
3525 2979 3670 3035 unde
3715 2979 3818 3033 mi-

2241 3069 2396 3124 rabili
2424 3069 2690 3125 brevitate
2721 3071 2808 3126 hic
2859 3071 3094 3126 hominis
3142 3084 3289 3126 mors
3333 3068 3651 3138 temporalis
3676 3066 3813 3124 deli-

2161 3149 2210 3208 C
2240 3161 2406 3224 nitur,
2435 3160 2489 3214 id
2519 3169 2603 3216 est
2626 3161 2846 3231 spiritus
2868 3163 3068 3217 vadens
3089 3171 3145 3216 et
3164 3176 3273 3216 non
3304 3160 3539 3215 rediens.

2236 3253 2306 3307 45
2380 3251 2595 3318 Quoties
2615 3252 3049 3308 exacerbaverunt
3076 3268 3194 3306 eum
3213 3251 3269 3306 in
3294 3251 3500 3306 deserto
3526 3287 3543 3302 .

2283 3340 2303 3356 °
2379 3341 2446 3396 In
2475 3343 2556 3396 ira
2587 3342 2972 3397 concitaverunt
2993 3357 3110 3396 eum
3139 3342 3194 3395 in
3221 3341 3495 3407 inaquoso.

2310 3433 2357 3489 ll
2399 3434 2778 3489 lncredulitate
2818 3435 3005 3504 utique
3049 3442 3211 3503 atque
3230 3432 3482 3489 ariditate
3516 3433 3702 3491 cordis
3728 3433 3816 3491 sui

2235 3527 2705 3582 exacerbaverunt
2727 3526 2782 3581 in
2806 3525 3040 3582 deserto.

2233 3620 2303 3675 46
2376 3619 2444 3673 Et
2466 3620 2698 3674 conversi
2731 3628 2848 3673 sunt
2878 3628 2926 3673 et
2945 3626 3268 3674 (cantaverunt
3290 3616 3458 3674 Deum
3482 3633 3506 3674 :

2408 3709 2477 3764 Et
2508 3719 2747 3765 sanctum
2776 3708 2944 3764 Israel
2968 3709 3424 3766 exacerbaverant.

2304 3799 2350 3854 Η
2379 3798 2635 3855 Conversi
2658 3809 2804 3864 sunt,
2828 3799 3037 3855 scilicet
3063 3808 3361 3855 retrorsum
3391 3808 3449 3855 et
3475 3798 3819 3856 acerbabant

2232 3904 2477 3949 sanctum
2518 3893 2707 3960 Israel,
2738 3893 2794 3948 id
2838 3902 2923 3948 est
2949 3891 3188 3964 Moysen,
3235 3892 3333 3963 qui
3376 3893 3546 3948 Deum
3592 3893 3816 3949 videbat

2231 3994 2414 4039 mente
2440 3994 2497 4040 ct
2518 3984 2689 4040 oculis
2723 4000 2738 4038 :
2770 3985 2863 4039 sed
2892 3993 2946 4038 et
2973 3998 3118 4038 nunc
3138 3997 3262 4037 eum
3287 3983 3644 4048 esacerbant,
3675 3998 3810 4039 cum

2232 4074 2507 4130 audierint
2532 4076 2674 4143 quod
2703 4074 2980 4130 Christum
3017 4071 3303 4129 Dominum
3350 4071 3405 4126 in
3440 4085 3609 4126 carne
3628 4072 3817 4127 nasci-

2233 4176 2411 4221 turum
2446 4165 2756 4221 annuntiat.

2228 4257 2297 4312 47
2373 4257 2495 4311 Νοη
2519 4266 2639 4311 sunt
2665 4258 2924 4311 recordati
2947 4273 3135 4312 manus
3154 4256 3268 4326 ejus
3292 4270 3313 4309 :

2372 4349 2469 4402 Die
2488 4366 2592 4419 qua
2627 4364 2682 4403 re
2702 4350 2841 4402 femit
2862 4366 2948 4403 eos
2973 4363 3036 4405 +
3062 4350 3124 4402 de
3146 4364 3308 4401 manu
3343 4347 3361 4418 ζ
3391 4344 3716 4402 tribulantis.

2298 4437 2339 4494 C
2390 4436 2681 4495 Recordari
2710 4438 2854 4493 enim
2890 4438 3091 4494 dictum
3122 4446 3224 4503 est,
3281 4452 3543 4494 revocare
3593 4437 3661 4492 ad
3686 4452 3808 4492 cor.

2283 4552 2418 4592 anus
2450 4536 2590 4607 ejus,
2622 4536 2676 4592 id
2700 4545 2784 4591 cst
2820 4536 3205 4591 beneﬁciorum
3232 4534 3465 4598 Domini,
3497 4532 3546 4589 Η
3573 4535 3663 4605 qui
3709 4548 3813 4591 eos

2374 4903 2442 4957 Et
2464 4904 2702 4975 prodigia
2725 4921 2822 4958 sua
2848 4905 2901 4957 in
2927 4921 3108 4974 campo
3141 4903 3360 4959 Taneos.

2303 4991 2344 5032 Π
2398 4994 2645 5032 Thqnnna
2694 4995 2835 5032 anim
2892 4994 3083 5032 nivilgc
3123 5003 3203 5032 ραι
3266 4993 3472 5032 Αἶσνηιῖ
3541 4994 3632 5032 II":
3676 5004 3811 5032 ειη-θ
