3986 5412
534 364 633 421 £99

1454 355 1512 414 S.
1549 354 1900 416 BRUNONIS
1940 351 2481 413 iiERBiPOLENSlS
2514 348 2826 410 EPISCOPI

3705 343 3802 403 500

531 475 597 534 62
671 473 743 529 Et
803 478 1126 528 tentaverunt
1179 477 1229 526 et
1293 469 1733 527 exacerbaverunt
1788 470 1957 527 Deum
2032 452 2124 526 α.
2150 467 2368 536 Δίηιτθ
2419 469 2562 531 lares
2609 471 2991 532 monumenta,
3045 462 3187 520 sicut
3229 463 3468 534 antiquis
3520 474 3643 518 mos
3695 467 3806 516 erat

744 563 937 620 celsam
970 581 984 617 :
1058 572 1061 577 '

670 657 740 712 Et
767 655 1067 713 testimonia
1088 655 1204 726 ejus
1234 670 1340 710 non
1361 654 1744 711 custodierunt.

597 751 642 809 C
677 750 831 806 Nune
860 750 997 806 dicit
1029 752 1431 808 contumaciam
1456 750 1787 819 Iudaeorum,
1813 752 1908 825 qui
1937 752 2120 810 Domi-

526 860 654 901 num
689 852 1060 911 tentaverunt,
1096 852 1154 900 et
1183 843 1390 900 monita
1414 844 1534 917 ejus
1558 858 1666 901 non
1700 845 2075 902 custodierunt
2100 859 2115 899 :

525 947 580 1005 et
611 938 744 1009 quid
774 937 857 995 eis
898 937 1041 994 irato
1076 936 1306 995 Domino
1326 937 1635 1007 contigerit,
1668 946 1729 995 ut
1767 937 1899 999 talia
1934 937 2121 997 inobo-

525 1029 736 1093 dientes
764 1029 997 1089 debeant
1017 1029 1264 1101 exempla
1289 1037 1549 1091 metuere.

524 1121 594 1179 65
665 1123 737 1179 Et
776 1132 1074 1179 averterunt
1127 1140 1181 1178 se
1225 1131 1273 1178 et
1322 1140 1425 1179 non
1473 1134 1805 1181 servaverunt
1858 1136 2117 1197 pactum:

741 1215 1184 1289 quemadmodum
1212 1224 1391 1288 patres
1435 1233 1618 1273 eorum
1646 1218 1881 1277 conuersi
1909 1226 2031 1275 sunt
2060 1217 2116 1274 in

734 1327 919 1366 arcum
947 1326 1188 1383 prauum.

593 1403 639 1461 ll
669 1403 1000 1460 Averterunt
1041 1419 1120 1473 se,
1164 1419 1302 1476 quos
1344 1420 1448 1463 nec
1483 1406 1659 1464 virtus
1708 1421 1808 1464 nec
1852 1406 2117 1464 benelieia

523 1498 844 1559 mollierunt
862 1496 1047 1555 divina
1077 1514 1094 1565 ;
1136 1497 1234 1554 sed
1262 1498 1405 1555 sicut
1431 1506 1619 1569 patres
1643 1498 1965 1556 occiderunt
1994 1514 2118 1571 pro-

521 1595 735 1666 phetas,
766 1593 842 1649 ita
865 1600 920 1648 et
945 1592 1039 1649 isti
1068 1592 1245 1664 ipsum
1267 1593 1437 1651 Deum
1466 1601 1868 1664 persequuntur
1895 1591 2113 1666 (Matth.

520 1684 705 1756 mu).
738 1683 780 1741 C
800 1682 976 1741 Arcus
1002 1699 1232 1754 pravus:
1259 1693 1342 1740 est
1363 1684 1569 1741 malitia
1599 1693 1969 1756 peccatorum,
1994 1699 2117 1755 qua:

522 1793 633 1834 non
659 1778 876 1839 eminus
899 1778 1123 1834 vulnera
1147 1777 1437 1846 iaculatur,
1482 1779 1576 1835 sed
1611 1778 1668 1834 in
1698 1794 1758 1835 se
1788 1777 1964 1851 magis
2006 1777 2117 1850 spi-

2222 557 2474 631 sepelire.

2221 654 2291 712 70
2359 653 2670 711 Sacerdotes
2692 668 2875 711 eorum
2897 652 2956 708 iu
2981 650 3160 716 gladio
3192 647 3491 705 ceciderunt

2357 743 2431 800 Et
2458 745 2631 801 uidute
2651 758 2833 800 eorum
2858 758 2964 800 non
2989 740 3355 797 Morabantur.

2289 837 2332 893 C
2358 836 2419 892 in
2456 837 2574 909 ipsa
2619 836 2787 910 igitur
2810 835 3130 907 captivitate
3175 830 3275 889 ﬁlii
3319 829 3456 896 Heli
3472 827 3807 897 sacerdotis.

2220 930 2290 988 ab
2312 928 2614 1001 Aliophylis
2664 927 2917 1001 leguntur
2973 924 3155 999 gladio
3200 922 3459 982 exstincti
3507 940 3525 979 :
3573 935 3802 994 quorum

2221 1020 2383 1077 unius
2411 1010 2550 1076 uxor
2576 1018 2741 1076 vidua
2767 1018 2932 1085 facta,
2958 1025 3084 1089 post
3113 1016 3356 1075 subitum
3384 1022 3608 1088 partum
3637 1021 3810 1073 morte

2219 1121 2494 1187 praeventa
2529 1121 2616 1171 est
2642 1111 2697 1186 (Ι
2730 1111 2861 1184 Reg.
2889 1112 2965 1185 tv)
3001 1130 3016 1168 :
3048 1121 3107 1169 et
3140 1112 3219 1168 ita
3244 1110 3473 1182 contigit
3500 1117 3564 1166 ut
3592 1108 3811 1168 minimc

2220 1204 2552 1277 ploraretur,
2583 1202 2710 1259 dum
2753 1202 3036 1260 universos
3086 1202 3340 1260 interitus
3380 1198 3697 1259 communis
3721 1214 3812 1257 cc-

2221 1306 2467 1371 cuparet,
2510 1297 2643 1354 licet
2669 1304 2728 1354 et
2754 1296 2810 1354 id
2839 1297 2962 1354 aliis
2987 1296 3174 1354 multis
3200 1295 3469 1355 accidisse
3495 1309 3609 1352 non
3656 1293 3809 1355 dubi-

2220 1398 2448 1446 taretur.

2218 1482 2282 1540 7t
2359 1479 2429 1539 Et
2455 1483 2712 1539 excitatus
2740 1491 2816 1537 est
2840 1490 3093 1553 tanquam
3117 1478 3381 1536 dormiens
3404 1479 3673 1536 Domus
3701 1494 3724 1537 :

2363 1573 2635 1645 Tanquam
2663 1583 2843 1646 potens
2869 1572 3176 1645 crapulatus
3202 1590 3236 1628 α
3256 1573 3403 1629 uino.

2289 1666 2331 1723 C
2362 1666 2647 1723 Excitatur
2670 1665 2817 1723 enim
2848 1665 3112 1722 Dominus
3142 1664 3212 1721 ad
3240 1664 3569 1729 vindictam,
3612 1662 3814 1720 nostris

2219 1756 2388 1829 malis,
2425 1759 2639 1814 actibus
2690 1766 3047 1830 provocatus;
3104 1753 3264 1826 cujus
3308 1754 3576 1825 patientia
3613 1754 3816 1812 dormi-

520 1868 645 1925 cnla
681 1868 890 1925 directa
928 1868 1243 1936 convertit;
1295 1870 1424 1940 quia
1472 1869 1693 1926 dolosus
1741 1848 2120 1926 dum'nititur

2236 1865 2367 1907 nasse
2398 1850 2747 1907 credebatur.
2781 1850 3090 1922 Resurgens
3118 1848 3286 1905 etiam
3317 1848 3585 1907 Dominus
3612 1863 3646 1903 a
3673 1861 3817 1903 mor-

515 1960 769 2033 iugerere
797 1959 1000 2032 plagas,
1027 1960 1080 2016 in
1107 1976 1165 2016 se.
1178 1971 1498 2019 convertere
1513 1963 1693 2034 potius
1704 1977 1835 2019 suas
1854 1961 2117 2033 probatur

520 2052 769 2109 insidias.
806 2052 851 2108 Η
880 2052 1086 2111 Pravus
1130 2054 1276 2109 enim
1306 2070 1468 2111 arcus
1500 2055 1721 2124 dicitur,
1745 2054 2036 2127 quijacula
2059 2054 2116 2113 in

516 2146 831 2201 tendentem
863 2160 921 2202 se
950 2146 1138 2213 mittit,
1185 2156 1241 2202 et
1278 2146 1406 2203 dum
1431 2158 1623 2204 contra
1648 2147 1902 2205 inimicos
1945 2146 2115 2219 sagit-

516 2247 632 2296 tam
658 2247 882 2311 putatur
902 2236 1108 2309 jacere,
1135 2240 1349 2297 sauciat
1373 2248 1667 2298 tenentem.

518 2332 588 2391 64
660 2334 732 2391 1η
765 2335 848 2390 ira
872 2335 1266 2390 concitaverunt
1293 2351 1413 2390 eum
1450 2335 1507 2390 in
1533 2334 1757 2391 collibus
1795 2334 1906 2391 suis
1933 2349 1954 2389 :

658 2427 728 2484 Et
750 2427 805 2483 in
830 2425 1158 2496 sculptilibus
1181 2417 1292 2483 suis
1319 2426 1390 2482 ad
1415 2425 1805 2484 cumulationem
1831 2439 1896 2485 ~t—
1917 2440 2036 2483 eunt
2067 2421 2090 2497 ζ

550 2588 557 2593 θ
732 2528 1165 2593 prouocauerunt.

594 2613 636 2671 C
673 2611 872 2679 Colles,
905 2612 1170 2682 superbas
1209 2620 1265 2670 et
1312 2611 1545 2669 tumidas
1588 2611 1870 2669 hominum
1912 2610 2121 2681 cogita-

520 2700 701 2762 tiones
732 2701 1066 2774 signilicant,
1084 2702 1282 2775 quibus
1311 2718 1529 2775 semper
1547 2701 1814 2760 Dominus
1844 2702 2121 2759 invenitur

520 2798 801 2857 adversus.
838 2796 922 2851 Ad
967 2794 1367 2852 :emulationem
1414 2810 1632 2868 quoque
1678 2810 1804 2852 eum
1855 2808 2122 2866 provoca-

517 2887 676 2958 bant,
709 2889 838 2944 dum
868 2903 1027 2945 suum
1056 2886 1321 2943 honorem
1344 2888 1503 2945 idolis
1525 2886 2125 2961 impendebantJiReo

519 2983 654 3040 licto
682 2983 829 3039 enim
861 2982 973 3039 Deo
1000 2983 1311 3040 servierunt
1336 2982 1519 3052 idolis,
1551 2983 1842 3042 adorantes
1867 2983 2035 3045 etiam
2058 2982 2123 3041 il

519 3075 819 3132 montibus.

523 3166 594 3225 65
667 3168 881 3224 Audiuit
903 3165 1047 3224 Deus
1067 3177 1114 3223 et
1144 3168 1374 3242 sprevit:

663 3261 732 3316 Et
753 3261 821 3316 ad
849 3260 1071 3316 nihilum
1099 3262 1294 3333 redegit
1317 3258 1470 3317 valde
1502 3260 1695 3318 Israel.

514 3447 726 3507 visione
745 3448 911 3506 lsrael
936 3457 1116 3507 erant.

514 3540 586 3601 66
656 3540 725 3598 Et
752 3541 938 3615 repulit
968 3540 1365 3598 tabernaculum
1392 3542 1507 3601 Silo
1529 3560 1548 3599 :

665 3633 1086 3762 Tabebrnaculum
1143 3651 1299 3691 suum
1357 3635 1447 3691 ubi
1508 3635 1759 3693 habitavit
1821 3636 1878 3692 in
1946 3636 2115 3691 homi-

752 3724 792 3762 n
830 3723 913 3762 us.

752 3723 913 3764 unus.

588 3800 633 3859 C
668 3799 784 3858 Silo
840 3801 1034 3860 civitas
1079 3809 1245 3869 erat,
1290 3800 1384 3859 ubi
1433 3816 1561 3858 arca
1596 3801 1691 3857 Dei
1723 3798 1889 3859 fuisse
1918 3800 2117 3874 legitur

517 3895 836 3954 constituta.
882 3894 996 3952 Silo
1026 3895 1228 3953 avulsio
1263 3895 1352 3952 vel
1398 3896 1638 3951 dimissio
1692 3895 1807 3967 ejus
1842 3895 2116 3969 interpre-

517 3984 687 4054 tatur,
712 3994 769 4043 et
794 3984 1064 4060 signiﬁcat
1088 3985 1454 4044 sacerdotium
1481 3984 1791 4044 Iudaeorum
1823 4003 1854 4043 a
1882 3986 1995 4045 Deo
2023 4002 2111 4045 re-

514 4078 826 4149 probatum.

519 4169 588 4227 6⁸1
662 4169 731 4225 Et
760 4167 982 4224 tradidit
1007 4167 1063 4224 in
1095 4169 1447 4241 captivitatem
1478 4169 1721 4225 virtutem
1746 4186 1929 4227 eorum
1960 4185 1979 4225 :

668 4262 739 4320 Et
766 4263 1212 4336 pulchritudine»:
1235 4280 1416 4320 eorum
1446 4265 1501 4320 in
1529 4281 1718 4322 manus
1744 4265 1965 4320 inimici.

2147 3248 2195 3315 C

590 3354 639 3413 il
664 3355 790 3412 illos
818 3372 950 3413 vero
993 3356 1219 3428 sprevit,
1252 3357 1347 3429 qui
1384 3364 1594 3415 tantum
1635 3358 1856 3417 nomine
1899 3365 1957 3415 et
2003 3371 2117 3416 non
2177 3354 2199 3381 ⁶

2222 1930 2346 2007 tuis,
2380 1950 2636 2014 tanquam
2665 1942 2794 1999 vino
2820 1940 3089 2014 passionis
3111 1940 3442 2012 crapulatus.
3460 1940 3549 1997 Ad
3578 1938 3814 1998 litterato

2221 2043 2402 2090 autem
2437 2050 2450 2088 :
2485 2032 2752 2104 crapulati
2781 2041 2837 2089 et
2865 2032 3003 2089 ebrii
3056 2033 3182 2089 vino
3219 2030 3387 2091 irasci
3419 2038 3817 2091 consueverunt

2221 2126 2349 2189 dum
2376 2124 2709 2193 excitantur,
2741 2133 2799 2181 et
2825 2123 2996 2181 fortes
3019 2138 3082 2181 se
3103 2122 3398 2193 exhibere;
3429 2124 3507 2181 ita
3540 2137 3646 2195 per
3668 2120 3817 2181 simi-
3850 2191 3854 2194 g

2263 2219 2504 2277 tudinem
2540 2217 2609 2277 de
2635 2217 2751 2276 Deo
2779 2217 2988 2277 dictum
3018 2225 3127 2277 est.

2220 2312 2431 2387 πέει
2456 2316 2711 2403 percussit
2741 2330 2984 2387 inimicos
3003 2346 3129 2387 suos
3159 2331 3216 2388 in
3238 2330 3535 2404 posteriora
3559 2345 3581 2386 :

2365 2421 2719 2495 Opprobriutn
2751 2422 3129 2493 sempiternum
3162 2422 3307 2478 dedit
3328 2420 3460 2477 illis.

2295 2514 2338 2574 C
2378 2514 2656 2573 Percussit
2708 2514 3022 2588 Allopbylos
3069 2515 3126 2571 in
3173 2514 3519 2587 posteriora,
3551 2521 3616 2570 ut
3655 2512 3815 2569 etiam

2223 2610 2373 2678 vivi,
2420 2623 2453 2665 a
2494 2609 2762 2668 soricibus
2809 2608 3136 2666 exsecrabili
3182 2609 3346 2667 sorde
3392 2609 3730 2666 rodereotur
3768 2605 3815 2679 (ι

2223 2702 2357 2776 Reg.
2384 2703 2442 2775 v)
2475 2722 2490 2758 :
2520 2703 2667 2775 quod
2696 2703 3048 2776 opprobrium
3086 2712 3373 2775 permanet
3408 2704 3492 2760 eis
3535 2702 3820 2774 sempiter-

2225 2812 2381 2854 num.
2407 2796 2500 2854 Sic
2536 2806 2856 2869 peccatores
2882 2797 2936 2853 in
2968 2799 3272 2869 posteriora
3315 2798 3578 2871 percutit,
3603 2796 3819 2869 quando

2224 2888 2306 2945 eis
2333 2904 2430 2945 sua
2472 2888 2652 2946 debita
2678 2904 2785 2946 non
2832 2888 3121 2961 relinquit;
3169 2899 3227 2946 et
3266 2890 3424 2962 quasi
3472 2906 3505 2946 a
3538 2890 3819 2947 soricibus

2227 2994 2645 3056 consumuntur,
2670 2987 2800 3043 dum
2831 2998 2925 3044 eos
2956 2986 3157 3043 diaboli
3200 2986 3404 3044 cohors
3444 2984 3673 3043 inimica
3715 2982 3821 3041 val-

2225 3077 2440 3136 laverit.

2223 3168 2296 3228 75
2368 3169 2441 3225 Et
2469 3170 2661 3241 repulit
2688 3171 3087 3229 tabernaculum
3108 3171 3304 3244 Ioseph
3334 3184 3353 3224 :

2371 3260 2440 3316 Et
2463 3264 2657 3319 tribuni
2680 3263 2910 3337 Ephrem
2936 3281 3045 3321 non
3069 3266 3245 3337 elegit.

2291 3355 2339 3412 ii
2374 3354 2418 3413 ϐ
2461 3354 2562 3412 Hie
2609 3358 2922 3429 reprobatio
2953 3356 3267 3415 Judaaorum
3314 3366 3480 3429 atque
3527 3356 3818 3414 haeretico-

2220 3466 2367 3522 rum,
2394 3461 2451 3509 et
2473 3451 2670 3510 electio
2704 3461 2961 3510 narratur
2998 3464 3203 3509 sancta
3236 3450 3519 3509 Ecclesiae.
3550 3451 3596 3508 C
3619 3448 3819 3522 Josepb

2220 3545 2612 3618 interpretatur
2654 3555 3015 3618 augmentum,
3062 3544 3209 3616 quod
3244 3544 3335 3603 hic
3389 3542 3444 3599 in
3480 3543 3820 3599 contrarium

2221 3636 2600 3709 accipiendum
2644 3645 2768 3703 est,
2817 3637 2945 3709 quia
2992 3644 3205 3693 constat
3251 3649 3374 3693 esse
3427 3634 3820 3708 repudiatum;

2218 3729 2461 3801 Ephrem
2491 3729 2734 3801 frugifer,
2770 3744 2866 3785 seu
2900 3728 3133 3785 ubertas.

2219 3823 2288 3879 74
2362 3822 2470 3881 Sed
2499 3823 2645 3894 elegit
2669 3822 2863 3879 tribum
2890 3821 3038 3880 Iuda
3061 3835 3081 3878 :

2363 3914 2597 3971 Montem
2629 3913 2764 3972 Sion
2782 3929 2936 3988 quem
2962 3914 3169 3971 dilexit.

2288 4004 2331 4060 C
2369 4004 2507 4061 Juda
2553 4005 2945 4077 interpretatur
2985 4005 3276 4076 conﬁtens,
3323 4004 3440 4061 sive
3484 4003 3818 4077 gloriﬁcans.

2215 4098 2370 4157 illam
2402 4099 2601 4165 tribum
2645 4099 2841 4156 merito
2865 4099 3078 4173 diligit,
3103 4114 3227 4172 quae
3252 4108 3311 4156 et
3336 4097 3685 4155 confessione
3716 4096 3819 4153 fuit

2214 4192 2434 4250 humilis
2459 4201 2515 4250 et
2543 4193 2899 4250 conversione
2936 4190 3239 4250 laudabilis.
3271 4191 3317 4247 il
3342 4191 3387 4248 (ἶ
3414 4189 3575 4248 Mons
3594 4233 3610 4258 ,
3637 4189 3815 4263 signi—

2217 4286 2346 4344 ticet
2375 4294 2620 4343 sanctam
2646 4284 2967 4342 Ecclesium.

592 4354 635 4413 C
672 4352 878 4412 Traditi
918 4364 1045 4411 sunt
1069 4354 1239 4412 Judaai
1271 4357 1325 4411 in
1361 4356 1755 4428 captivitatem,
1780 4356 2011 4428 'quando
2042 4358 2114 4416 ab

2236 4380 2286 4437 l5
2307 4396 2314 4402 ‘
2357 4379 2427 4436 Et
2447 4380 2727 4450 aediﬁcavit
2748 4381 2883 4436 sicut
2899 4381 3227 4438 unicornium
3249 4382 3603 4453 sanctiﬁcium
3624 4396 3820 4443 suum:

520 4445 840 4518 Allophylis,
870 4445 924 4500 id
963 4455 1048 4501 est
1072 4444 1424 4514 Pbilisthaeis,
1439 4456 1597 4520 capta
1627 4463 1778 4517 arca,
1808 4460 1935 4505 sunt
1957 4450 2108 4508 victi.

524 4540 795 4599 Virtutem
845 4546 900 4594 et
932 4538 1336 4608 fortitudinem,
1374 4542 1506 4598 dicit
1539 4557 1725 4599 arcam
1775 4544 2110 4613 testamenti,

2359 4470 2429 4527 In
2463 4481 2603 4527 terra
2630 4489 2789 4545 quam
2820 4472 3063 4544 fundavit
3091 4476 3145 4530 in
3175 4476 3396 4532 swcula.

2288 4566 2334 4621 li
2382 4564 2639 4624 Unicorni
2684 4568 2976 4641 singularis
3022 4572 3267 4641 potentia
3318 4571 3559 4639 dicitur,
3604 4570 3653 4627 Η
3686 4572 3732 4628 C
3770 4578 3822 4627 et

520 4646 624 4706 per
652 4646 813 4703 quam
838 4629 980 4686 inter
1011 4641 1200 4703 gentes
1230 4633 1554 4691 videbantur
1580 4635 1790 4707 invicti,
1817 4647 1872 4696 et
1897 4654 2113 4696 summa

2236 4659 2436 4716 micam
2466 4652 2667 4717 Christi
2694 4661 3018 4732 Ecclesium,
3052 4678 3215 4735 quam
3237 4664 3484 4722 fundavit
3512 4665 3568 4721 in
3596 4665 3822 4732 sarcula,

522 4723 736 4783 decoris
763 4720 921 4779 laude
945 4738 1066 4780 esse
1094 4724 1374 4796 praecipui.

523 4826 592 4900 68
665 4840 736 4898 Et
762 4840 1015 4898 conclusit
1040 4841 1097 4897 in
1129 4840 1307 4914 gladio
1335 4841 1587 4914 populum
1625 4862 1780 4903 suum
1809 4861 1827 4899 :

667 4936 738 4992 Et
767 4935 1126 4994 hwreditatem
1150 4952 1304 4990 suam
1332 4938 1544 5007 sprevit.

594 5029 637 5072 Ω
665 5029 1014 5072 (‘nncpnnnne
1044 5025 1145 5072 fuit
1172 5036 1230 5072 nt
1266 5027 1494 5072 nnnnlne
1535 5029 1714 5072 nlndin
1748 5039 2021 5072 nnrmmmt
2062 5032 2116 5072 in

2218 4752 2508 4808 siauilicat.

2218 4769 2262 4808 si
2306 4769 2508 4808 uincat.

2218 4769 2303 4900 768
2362 4843 2430 4901 Et
2460 4844 2613 4918 elegit
2658 4846 2827 4902 David
2864 4865 3071 4906 servum
3115 4867 3268 4907 suum
3311 4860 3409 4908 :et
3434 4852 3654 4908 sustulit
3701 4867 3827 4908 eum

2441 4937 2507 4993 de
2533 4939 2772 5010 gregibus
2801 4942 2974 4996 ovium
3004 4955 3024 4994 :

2373 5032 2445 5072 1)..
2470 5033 2808 5072 nnetfntnntoe
2834 5037 3033 5072 ηρρροιὸο
3060 5052 3173 5072 Δαὶῆ
