3986 5412
219 451 323 510 501

1399 450 1765 511 EXPOSITIO
1799 448 2247 512 PSALMORUM.

3391 455 3497 518 502

217 570 456 631 ecclesia
487 589 502 627 :
535 579 722 644 pastor
751 571 949 644 quippe
989 570 1240 644 sequitur
1268 579 1398 630 ores
1417 613 1432 639 ,
1458 571 1582 630 ideo
1609 570 1809 630 dicitur
1833 573 1885 636 Α
1911 570 2104 642 petire,
2120 571 2246 641 quia
2269 569 2502 628 cilicium
2527 581 2610 631 est
2631 575 2794 647 pietat
2821 591 2868 644 ι,
2920 576 3230 635 volatilibus
3283 596 3351 640 ac
3400 585 3496 643 be.

217 671 345 736 post
375 662 633 732 feuntes,
665 674 773 720 non
803 673 949 720 ante.

215 771 288 829 ’Π
363 771 594 830 Poscere
618 767 781 830 Iacob
809 789 1010 832 servum
1034 791 1188 832 suum
1215 789 1233 830 :

361 869 430 927 Et
467 869 641 929 Israel
665 871 1016 929 hereditatem
1046 889 1218 929 suam.
1676 940 1682 951 ,ν

280 961 324 1022 C
347 965 654 1024 Possumus
683 983 779 1039 per
803 963 968 1024 Jacoh
996 965 1299 1042 intelligere
1345 963 1599 1040 populum
1646 963 1809 1022 Chri-

210 1060 477 1127 stianum,
529 1063 618 1132 qui
668 1063 756 1117 hic.
795 1061 940 1132 degit
972 1061 1024 1118 in
1077 1062 1257 1128 terris,
1307 1059 1352 1116 ll
1397 1073 1452 1118 et
1500 1059 1811 1133 supplantat

208 1153 342 1208 vitia
394 1163 452 1209 et
503 1154 742 1209 carnalia
807 1153 1094 1210 desideria.
1151 1150 1194 1209 Ο
1249 1150 1630 1210 Ηπτθᾱίιειιειη
1680 1164 1809 1206 vero

207 1244 378 1302 Israel
409 1243 653 1300 [utinam
698 1247 1190 1318 congregationem,
1245 1257 1366 1318 qua
1415 1243 1629 1302 Domini
1679 1257 1808 1301 con-

210 1334 566 1406 templatione
592 1337 858 1406 pascentia
885 1347 990 1393 est.

211 1446 280 1504 78
353 1446 428 1502 Et
453 1449 596 1520 pauit
622 1464 709 1505 eos
743 1449 798 1504 in
833 1451 1128 1506 innocentia
1153 1452 1329 1508 cordis
1353 1449 1437 1507 sui
1466 1464 1487 1508 ε

350 1537 424 1594 Et
451 1539 512 1594 in
537 1540 882 1598 innantibus
908 1557 1160 1599 manuum
1186 1559 1405 1600 suarum
1428 1544 1642 1600 deduxit
1695 1560 1802 1601 eos.

277 1630 319 1688 C
346 1630 509 1688 Pavit
549 1633 696 1689 enim
753 1633 1063 1706 Prmceptor
1107 1638 1378 1709 egregius,
1427 1649 1565 1708 quos
1611 1637 1806 1695 docere

208 1726 464 1799 dignatus
492 1738 600 1796 est,
633 1728 774 1786 sicut
792 1729 910 1800 ipse
936 1729 1109 1786 dixit:
1137 1730 1254 1788 Non
1281 1732 1335 1788 in
1360 1731 1474 1788 solo
1503 1747 1642 1804 pane
1671 1732 1806 1788 vivit

206 1819 369 1876 homo
387 1820 610 1890 (Matth.
640 1823 740 1894 tv).
764 1820 1076 1880 Intellectus
1109 1839 1242 1881 vero
1281 1840 1559 1891 manuum,
1610 1834 1802 1881 actua-

204 1909 310 1966 lem
352 1911 628 1983 signiﬁcat
673 1913 1043 1982 sanctitatem,
1101 1914 1169 1972 ad
1220 1931 1382 1988 quam
1441 1916 1629 1974 ﬁdeles
1674 1932 1803 1974 suos

205 1999 388 2073 (prout
433 2001 552 2075 ipse
609 2001 821 2078 tribuit)
867 2003 1104 2078 gloriosa
1159 2007 1463 2065 imitatione
1521 2005 1798 2081 perduxit.

635 2135 837 2177 ORATIO
867 2136 939 2176 EX
969 2137 1116 2178 PSAL.
1145 2137 1352 2179 LXXVII.

272 2225 458 2290 Reﬁce
497 2250 598 2292 nos
624 2251 839 2293 manna;
861 2237 1122 2309 spiritalis
1169 2237 1454 2305 alimento,
1503 2237 1802 2310 opulentis-

204 2326 338 2384 sime
375 2327 608 2401 largitor
654 2327 1032 2404 Omnipotens,
1066 2339 1129 2388 ut
1175 2331 1232 2388 in
1271 2346 1494 2387 sensum
1543 2345 1801 2386 manuum

207 2428 422 2476 tuarum
465 2421 699 2488 directi,
744 2439 1054 2480 mereamur
1093 2425 1147 2481 in
1197 2434 1380 2482 monte
1420 2433 1514 2480 tua
1568 2423 1804 2495 acquisi-

202 2520 312 2568 tum
336 2511 594 2584 dextera,
631 2515 876 2589 gloriari.
907 2516 1014 2574 Per
1042 2517 1335 2576 Dominum
1382 2528 1661 2586 nostrum,
1690 2526 1798 2576 etc.

687 2651 1006 2711 ΡεΑικυδ
1039 2653 1316 2712 LXXVIII.

594 2780 961 2824 ARGUMENTUH
991 2784 1138 2824 PSA!"
1173 2781 1404 2827 LXXVI".

267 2877 308 2936 ϐ
339 2878 456 2936 Vox
499 2877 812 2938 Judaaorum
854 2881 1172 2952 dicentium,
1222 2891 1425 2954 quanta
1457 2879 1510 2938 in
1541 2897 1799 2954 persecu-

205 2969 344 3027 tione
363 2972 629 3029 Antiochi
654 2973 738 3030 vel
764 2975 1002 3047 gentium
1035 2973 1385 3046 pertulerint,
1433 2975 1641 3047 Deique
1698 2992 1799 3050 po-

204 3065 366 3120 tentia
396 3066 828 3139 supplicantium
865 3070 1220 3126 correctionis
1250 3079 1376 3127 voto
1413 3069 1704 3126 vindicari.
1752 3069 1800 3127 Π

202 3152 327 3225 Quae
359 3167 546 3216 tamen
576 3163 884 3233 persecutio
906 3163 974 3218 ad
998 3163 1259 3232 animam,
1283 3179 1404 3236 qua:
1430 3177 1575 3237 saepe
1601 3165 1800 3223 civitas

203 3251 483 3321 scribitur,
515 3251 806 3311 referenda
831 3263 936 3312 est.

678 3351 787 3412 TT.
831 3349 1076 3414 Psalmus
1120 3357 1316 3430 Amph.

267 3443 309 3502 C
339 3440 525 3519 Asaph
556 3445 828 3520 signiﬁcat
863 3467 1213 3523 synagogam,‘
1241 3460 1326 3509 est
1360 3467 1490 3525 ergo
1515 3459 1658 3508 totus
1701 3451 1806 3510 iste

201 3542 438 3613 psalmus
472 3534 530 3599 ﬁt
561 3544 954 3602 lamentatione
997 3546 1228 3616 positus,
1286 3549 1379 3618 qui
1425 3547 1604 3602 futura
1665 3555 1803 3602 tem-

201 3646 332 3704 pora
356 3623 509 3691 velut
534 3637 811 3707 praeterita
829 3634 1091 3709 deplorat.
1120 3637 1376 3709 Deplorat
1396 3652 1524 3695 vero
1549 3637 1804 3694 Antiochi

203 3724 635 3794 persecutionem
668 3768 684 3794 ,
739 3735 986 3800 tempore
1032 3726 1498 3785 Macchabaeorum
1553 3727 1752 3784 factam
1785 3765 1802 3791 ,

205 3823 330 3873 tunc
354 3815 624 3886 futuram,
657 3819 751 3875 sed
784 3817 839 3874 in
871 3818 1064 3891 spiritu
1096 3821 1411 3892 prophetico
1459 3819 1612 3891 quasi
1659 3833 1802 3890 prae-

205 3907 438 3974 teritam,
471 3919 696 3981 propter
723 3911 1110 3968 certitudinem
1141 3920 1392 3968 eventus.

205 3993 234 4060 ι
340 3999 490 4058 Deus
517 4043 535 4070 ,
585 4009 836 4059 uenerunt
877 4012 1051 4076 gentes
1091 4003 1147 4060 in
1185 4003 1541 4060 liwreditatem
1595 4010 1739 4058 tuum
1781 4013 1800 4055 :

411 4093 717 4168 polluerunt
735 4096 984 4168 templum
1006 4108 1244 4154 sanctum
1271 4107 1417 4154 tuum
1444 4116 1456 4153 :

345 4187 658 4249 Posuerunt
689 4187 1028 4248 Hierusalem
1077 4192 1134 4247 in
1172 4205 1445 4264 pomorum
1485 4190 1797 4247 custodiant.

273 4279 318 4343 il
345 4285 625 4358 Propheta
652 4288 720 4344 de
777 4285 1154 4359 persecutione
1201 4285 1483 4360 gentilium
1538 4286 1801 4343 adversus

208 4373 498 4437 Ecclesiam
529 4379 628 4437 Dei
659 4383 805 4453 (quae
827 4388 910 4437 est
930 4381 1217 4436 haereditas
1245 4378 1404 4452 ejus),
1461 4379 1576 4436 sive
1605 4377 1800 4436 Hieru-

207 4471 390 4540 salem,
417 4471 550 4530 dicit
580 4493 593 4528 :
625 4474 789 4541 Deus,
816 4477 920 4530 etc.
949 4471 990 4530 C
1019 4469 1167 4530 Gens
1188 4472 1333 4529 enim
1360 4472 1501 4529 dicta
1526 4480 1628 4539 est,
1655 4471 1800 4544 quod

206 4579 308 4621 nuo
337 4567 411 4622 sit
442 4580 645 4639 genere
686 4573 998 4639 procreata.
1039 4565 1379 4633 Polluerunt,
1435 4581 1559 4622 cum
1621 4563 1800 4638 impiae

208 4668 390 4726 gentes
410 4658 466 4713 in
493 4657 864 4715 sanctissimis
892 4657 1227 4714 Hierusalem
1261 4665 1315 4712 et
1346 4656 1526 4728 templi
1561 4653 1692 4712 locis
1725 4653 1798 4711 si-

1911 665 2035 722 stiis
2060 663 2297 735 abjicerc
2324 677 2532 740 magna
2559 669 2896 727 crudelitatis
2922 681 3137 730 constat
3161 676 3492 749 exemptum.

1913 755 1950 814 3
2055 756 2376 831 E/fudernnt
2397 765 2700 834 sanguinem
2730 777 2910 822 eorum
2939 777 3191 841 tanquam
3219 785 3414 844 aquam
3439 775 3498 832 in

2123 851 2347 907 circuitu
2369 852 2715 913 Herusaletn:

2054 940 2122 996 Et
2146 960 2248 998 non
2268 954 2379 1000 erat
2411 947 2500 1018 qui
2519 947 2772 1018 sepeliret.

1981 1032 2024 1088 (2
2065 1032 2375 1092 Secundum
2403 1037 2641 1096 litteram
2667 1041 2735 1097 de
2757 1044 2954 1115 pupula
2979 1049 3114 1105 dicit
3160 1049 3493 1121 Judmorum,

1911 1127 2003 1199 qui
2031 1142 2062 1183 a
2089 1129 2340 1200 gentibus
2364 1145 2474 1188 non
2501 1133 2676 1189 solum
2706 1133 2848 1192 intra
2882 1138 3096 1208 urbem,
3129 1153 3316 1199 verum
3330 1146 3498 1202 etiam

1911 1220 2059 1278 circa
2083 1235 2270 1279 muros
2297 1224 2538 1282 civitatis
2564 1234 2650 1282 est
2679 1225 3054 1303 interemptus,
3085 1245 3354 1305 quatenus
3378 1237 3496 1295 olli-

1910 1311 2054 1369 cium
2112 1315 2407 1386 sepulturae
2460 1318 2640 1375 nullus
2709 1321 2935 1393 implere
2999 1325 3300 1396 valuisset,
3368 1334 3498 1386 dum

1908 1418 2011 1475 par
2028 1407 2270 1464 conditio
2301 1423 2492 1467 omnes
2520 1419 2627 1466 tam
2657 1413 2802 1469 circa
2837 1430 3024 1473 muros
3050 1431 3211 1488 quam
3249 1422 3301 1475 in
3330 1423 3499 1480 corde

1907 1494 2146 1553 civitatis
2176 1499 2491 1557 involverct.
2518 1499 2564 1557 ii
2593 1503 2720 1560 limo
2749 1506 2965 1575 quidem
2993 1518 3118 1565 ante
3159 1510 3360 1567 Christi
3403 1514 3499 1568 ad-

1907 1597 2128 1643 ventum
2177 1587 2229 1644 in
2299 1589 2634 1652 Hierusalem
2682 1606 2800 1654 acta
2845 1609 2992 1666 sunt,
3047 1603 3144 1658 sed
3191 1603 3497 1672 passionem

1907 1675 2196 1733 infantium
2228 1679 2548 1751 ﬁgurarunt,
2575 1686 2663 1740 ubi
2697 1698 2748 1742 et
2771 1705 2965 1746 carnes
3008 1707 3194 1747 eorum
3226 1695 3416 1752 bestiis
3446 1707 3501 1752 ct

1907 1769 2220 1828 volucribus
2241 1776 2500 1845 exposita:
2531 1787 2677 1842 sunt,
2727 1781 2779 1835 id
2817 1791 2901 1838 est
2931 1786 3389 1856 persecutoribus,
3445 1800 3501 1845 et

1909 1869 2058 1918 tanta
2079 1866 2360 1937 sanguinis
2387 1868 2674 1925 multitudo
2701 1870 2869 1928 eﬂ‘usa
2899 1883 3005 1942 est,
3033 1885 3092 1931 ut
3119 1877 3207 1932 vix
3251 1880 3496 1936 omnium

1830 1967 1877 2028 Β
1905 1967 2126 2028 possent
2151 1960 2468 2030 corpuscula
2491 1965 2730 2035 sepeliri.

1903 2072 1939 2128 4
2046 2069 2201 2129 Facti
2223 2091 2405 2130 sumus
2436 2079 2766 2148 opprobrium
2792 2079 2976 2137 vicinis
3004 2085 3193 2140 nostris
3216 2099 3235 2137 :

2044 2161 2401 2291 Subsa‘nnatio
2423 2178 2470 2222 et
2494 2168 2671 2225 illusio
2695 2170 2774 2226 his
2816 2174 2906 2244 qui
2946 2171 2999 2228 in
3050 2176 3275 2233 circuitu
3319 2188 3496 2235 nostro

2114 2251 2214 2291 sun
2243 2272 2258 2289 .

1973 2327 2341 2386 CDicitenim
2365 2328 2621 2390 Hebraeos
2662 2333 2827 2392 fuisse
2851 2337 2905 2392 in
2937 2340 3286 2410 opprobrium
3337 2350 3392 2398 et
3443 2343 3500 2399 in

1903 2421 2164 2489 derisum,
2199 2423 2290 2493 qui
2329 2423 2480 2493 prius
2509 2425 2728 2482 fuerant
2766 2429 2980 2484 Domini
3015 2431 3301 2489 devotione
3342 2451 3504 2492 reve-

1904 2514 2077 2594 rendi.
2106 2515 2149 2570 H
2175 2515 2505 2587 Opprohium
2531 2519 2697 2574 etiam
2719 2519 2858 2575 ﬁunt
2877 2523 3053 2578 sancti
3085 2524 3170 2579 his
3200 2525 3292 2594 qui
3341 2527 3496 2594 prius

1901 2593 2100 2694 ft'atres
2127 2606 2380 2677 luerunt;
2436 2612 2529 2682 qui
2573 2612 2825 2670 meliores
2877 2612 3054 2672 factos
3109 2593 3233 2672 odii
3277 2593 3500 2676 stimulo

1899 2707 2320 2770 persequuntur.
2403 2731 2416 2744 ο

1901 2788 1937 2845 5
2049 2787 2352 2861 Usquequo,
2383 2790 2625 2860 Domine,
2657 2795 2902 2850 irasceris
2925 2796 2980 2851 in
3007 2794 3163 2866 finem
3193 2813 3212 2852 :

2044 2885 2372 2942 Accendetur
2402 2888 2542 2943 velut
2568 2889 2708 2960 ignis
2733 2889 2878 2946 zelus
2901 2899 3024 2947 tuus
3048 2892 3074 2946 7

1970 2977 2012 3035 G
2041 2975 2220 3049 Rogat
2241 2981 2387 3036 enim
2435 2982 2584 3052 pium
2632 2980 2892 3050 judicent,
2946 2999 3014 3040 ne
3049 2997 3220 3055 usque
3252 2986 3306 3040 in
3334 2985 3500 3043 ﬁnem

1902 3069 2171 3126 irascatur
2206 3071 2354 3142 genti
2395 3069 2661 3138 Judaicm,
2705 3074 2798 3128 sed
2836 3082 2894 3129 ut
2925 3074 3307 3132 incenderetur
3351 3079 3500 3136 zelus

1901 3163 2045 3220 illius
2095 3164 2148 3219 in
2178 3165 2279 3231 eis,
2309 3165 2450 3220 sicut
2498 3165 2554 3220 in
2610 3161 2906 3222 Mathathia
2951 3166 3004 3240 (ι
3031 3167 3210 3223 lactt.
3257 3170 3365 3242 u):
3405 3173 3500 3242 qui

1901 3257 2019 3314 zelo
2040 3266 2277 3329 paternae
2301 3258 2608 3314 traditionis
2634 3261 2906 3326 incensus,
2938 3263 3224 3330 quemdam
3247 3261 3495 3319 Judaeum

1830 3375 1877 3440 ρ
1908 3347 2461 3440 idolisimmolantem
2492 3366 2654 3423 supra
2687 3351 2830 3423 ipsas
2852 3365 2978 3408 aras
3004 3353 3229 3410 occidit.

1907 3438 1941 3497 6
2046 3439 2279 3512 E/funde
2303 3441 2438 3497 iram
2479 3451 2627 3498 tuam
2657 3444 2713 3498 in
2738 3452 2913 3516 gentes
2953 3457 3071 3513 quae
3117 3455 3166 3500 te
3210 3461 3313 3502 non
3341 3463 3496 3503 nouae

2118 3543 2282 3587 runt:

2051 3626 2115 3682 Et
2137 3628 2192 3681 in
2224 3643 2381 3698 regna
2410 3641 2528 3698 qua:
2563 3641 2750 3682 nomen
2783 3636 2930 3682 tuum
2968 3641 3071 3684 non
3096 3628 3490 3686 invocaverunt.

1976 3719 2016 3776 C
2041 3719 2269 3776 Eﬁ‘unde
2300 3721 2436 3776 iram
2469 3733 2632 3791 super
2658 3721 3000 3778 adversarios
3027 3719 3334 3779 Iudaeorum
3363 3741 3376 3791 ;
3419 3725 3496 3780 in-

1903 3813 2267 3887 dignationem
2301 3819 2445 3871 tuam
2497 3816 2836 3871 abundanter
2884 3816 3092 3885 emitte,
3146 3824 3205 3872 ut
3239 3818 3377 3873 sicut
3416 3817 3495 3873 illi

1903 3915 2002 3961 nos
2028 3907 2412 3977 comprimunt,
2465 3907 2539 3960 ita
2587 3901 2695 3962 ttiis
2725 3907 2930 3963 viribus
2957 3908 3349 3978 opprimantur.
3383 3907 3493 3964 Nec

1902 4003 2062 4053 vacat
2091 3997 2234 4069 quod
2285 4006 2412 4054 ante
2442 3998 2579 4054 dixit
2630 3999 2682 4054 in
2715 4008 2924 4071 gentes,
2979 4009 3163 4070 postea
3197 4001 3251 4055 in
3284 4014 3493 4074 regna;

1902 4087 2054 4159 prius
2107 4090 2250 4144 enim
2313 4089 2526 4159 populis
2577 4087 2905 4161 imprecatus
2955 4101 3056 4158 est,
3116 4093 3309 4150 deinde
3359 4094 3494 4164 ipsis

1901 4180 2106 4251 regnis,
2138 4195 2258 4250 quae
2289 4180 2416 4235 talia
2447 4181 2565 4237 ﬁeri
2594 4182 2952 4252 imperabant.
2998 4164 3009 4184 ί

1901 4293 1932 4349 7
2047 4294 2186 4362 Quia
2216 4296 2550 4350 comederunt
2580 4295 2744 4351 Jacob
2772 4307 2790 4349 :

2045 4385 2112 4443 Et
2140 4387 2312 4443 locum
2338 4387 2452 4461 ejus
2479 4389 2863 4445 desolaverunt.

1971 4482 2278 4542 CDicendo
2337 4482 2479 4539 enim
2540 4485 2933 4552 comederunt,
2993 4481 3253 4540 szevitiam
3316 4483 3496 4558 impia:

1900 4577 2075 4648 gentis
2103 4575 2339 4632 ostendit
2369 4591 2388 4641 ;
2419 4576 2771 4632 comederunt
2806 4590 2936 4632 vero
2991 4575 3260 4648 signiﬁcat
3286 4576 3491 4634 comedi

1901 4668 2160 4733 fecerunt,
2196 4667 2323 4722 dum
2369 4667 2638 4724 cadavera
2688 4677 3024 4725 mortuorum
3079 4667 3318 4725 ferarum
3355 4687 3500 4725 mor-

208 4751 438 4806 mnlacra'
487 4750 719 4808 nefanda
773 4759 1092 4821 posuerunt.
1142 4749 1187 4804 ll
1232 4747 1386 4805 Sicut
1431 4748 1571 4805 enim
1615 4763 1793 4818 poma,

1917 4762 2051 4819 sibus
2081 4768 2466 4832 exposuerunt.
2517 4759 2722 4819 Locum
2767 4760 3167 4827 desolaverunt,
3224 4773 3346 4816 cum
3375 4759 3498 4830 pul-

209 4858 320 4898 cum
352 4854 721 4901 maturescere.
749 4843 1042 4912 coeperint,
1073 4842 1382 4915 diligentius
1411 4842 1792 4898 custodiuntur

210 4946 521 5009 moturaque
548 4937 768 4995 facilius
792 4934 1147 5001 devorantur,
1185 4935 1258 4990 ita
1287 4935 1632 4990 adversarius
1665 4951 1794 4990 con-

208 5029 458 5086 scientem
487 5029 586 5086 sibi
635 5029 890 5085 animam
946 5024 1198 5092 custodit,
1244 5025 1414 5080 donec
1457 5025 1523 5080 ad
1577 5024 1793 5096 plenum

209 5139 314 5179 eam
342 5123 518 5179 valeat
542 5124 840 5182 devorare.
869 5118 962 5174 Est
989 5120 1133 5174 enim
1177 5117 1270 5174 Dei
1299 5118 1585 5174 luet-editas
1612 5119 1792 5175 anima

234 5230 380 5252 Annio
431 5221 483 5252 In
517 5219 661 5252 nn:no
693 5220 937 5252 ﬂre-urant
991 5221 1216 5252 'MI'I‘DH'!‘
1245 5209 1585 5252 'lil‘l‘llQ'l'l‘lll
1623 5213 1792 5252 l"l'\':-

1900 4854 2225 4911 chen-imam
2303 4851 2582 4909 civitatem
2645 4855 2841 4912 civium
2891 4867 3110 4909 suorum
3166 4852 3504 4909 habitatione

1901 4949 2261 5005 nudaverant.

1936 5042 1968 5097 8
2045 5036 2126 5093 Ne
2169 5039 2466 5093 memineris
2524 5035 2864 5113 iniquitatum
2920 5047 3221 5090 nostrarum
3261 5038 3508 5106 antiqui-

2117 5144 2228 5182 rum
2253 5130 2356 5184 cito
2389 5129 2683 5200 anticipant
2716 5143 2808 5184 nos
2838 5125 3210 5180 misericordia:
3239 5129 3346 5176 tua}
3374 5139 3392 5176 :

2055 5221 2188 5252 nll:'ﬂ
2213 5237 2465 5252 A\.IAIMn-tn‘
2496 5223 2627 5252 Inani:
2651 5236 2826 5252 anno“...
2853 5219 2979 5252 Cll-OM;

2496 5223 2546 5252 In
2559 5226 2627 5252 ι.οέ
2651 5236 2826 5252 non...er
2853 5223 3006 5252 ο-ιῖιικῖο
