3986 5412
173 224 264 280 505

1329 232 1693 294 EXPOSITIO
1733 235 1858 296 PSA
1868 238 2180 300 LMORUM.

3327 243 3434 302 306

172 341 245 398 vel
267 344 538 414 oSIendit,
578 346 1050 418 cumﬁincarnavit.
1105 351 1319 411 Nemini
1347 368 1476 412 vero
1504 353 1744 413 ostendit
1774 359 1829 421 Α
1850 356 2249 433 Εὴτίειίαηαηιῗς
2286 373 2340 420 et
2371 379 2490 435 quae
2519 363 2584 420 de
2627 361 2847 420 Iudaica
2895 365 2983 421 hic
3017 363 3285 430 dicuntur,
3335 362 3438 422 im-

171 437 303 494 Deus
327 435 549 508 faciem,
579 439 684 496 nisi
713 455 998 499 converso.

169 528 201 584 5
298 527 526 585 Domine
553 529 696 586 Deus
724 531 972 588 virtutum
996 548 1016 588 :

303 618 591 693 Quousque
617 623 859 680 irasceris
879 642 1038 698 super
1058 627 1349 688 orationem
1383 632 1518 689 servi
1543 634 1664 690 tui.’

231 709 270 766 C
299 710 456 767 Juste
477 713 648 770 Deum
678 716 939 774 virtutum
965 722 1205 789 vocavit,
1246 723 1338 794 qui
1367 725 1516 783 solus
1539 743 1751 800 praeva-

171 801 235 856 let
257 802 326 858 de
352 815 530 860 morte
559 805 958 866 incredulitatis
992 810 1248 870 liberare.
1281 815 1327 870 ll
1357 815 1474 873 Non
1498 818 1756 876 irascitur

170 895 324 959 Deus,
376 897 422 953 si
446 896 717 967 justitiam
769 911 1054 973 petamus;
1105 905 1202 962 sed
1238 916 1392 978 putat
1421 911 1756 968 conscientia

170 987 343 1045 delicti
378 991 451 1046 ob
475 992 780 1049 orationem
809 1004 1050 1052 nostram
1073 997 1242 1054 Deum
1266 999 1448 1057 irasci.
1479 1001 1520 1058 C
1549 1003 1617 1059 Et
1642 1003 1753 1059 ira-

169 1088 273 1136 tum
314 1081 588 1154 Propheta
638 1086 932 1155 credebat,
988 1091 1246 1162 quoniam
1297 1093 1536 1152 humano
1570 1097 1755 1167 generi

170 1175 455 1230 subvenire
517 1176 808 1245 tardabat;
861 1192 953 1252 ex.
981 1196 1090 1252 quo
1133 1181 1424 1242 innotescit
1461 1186 1661 1256 pietas,
1701 1195 1759 1245 et

169 1281 418 1336 magnum
443 1266 773 1323 desiderium
801 1267 1111 1341 Prophetas.

169 1383 199 1438 6
303 1382 524 1439 Cibabis
556 1400 651 1440 nos
671 1402 809 1456 pane
835 1385 1193 1458 lacrymarum
1221 1405 1243 1446 :

305 1472 378 1527 Et
404 1483 588 1544 potum
620 1475 773 1531 dabis
802 1477 952 1533 nobis
974 1477 1028 1533 in
1058 1477 1308 1552 Iacrymis
1334 1482 1390 1538 in
1418 1500 1686 1542 mensura.

233 1563 274 1620 C
301 1563 470 1622 Panis
494 1565 641 1622 enim
667 1566 1032 1639 lacrymarum
1055 1611 1071 1638 ,
1105 1571 1215 1627 vita
1244 1583 1331 1630 est
1374 1575 1530 1646 plena
1561 1575 1763 1634 dolori-

171 1657 298 1724 bus;
354 1661 454 1717 sed
498 1670 681 1719 tamen
732 1663 789 1720 in
829 1677 895 1721 ea
948 1665 1301 1724 miseratione
1343 1670 1440 1726 Dei
1487 1671 1758 1741 cibamur,

172 1751 383 1823 quando
408 1751 655 1833 cladibus
683 1763 738 1812 et
759 1759 1018 1815 aerumnis
1042 1773 1148 1816 non
1201 1761 1633 1833 exstinguimur,
1663 1732 1760 1823 sed
1790 1732 1837 1795 Β

172 1846 348 1919 potius
377 1847 681 1904 erudimur.
718 1848 936 1908 Nullum
967 1853 1157 1926 itaque
1187 1863 1402 1927 tempus
1429 1872 1460 1912 a
1501 1856 1762 1930 lacrymis

175 1940 406 1997 ostendit
431 1956 592 2012 posse
637 1958 758 2000 esse
805 1959 1038 2002 vacuum
1064 1946 1265 2018 quibus
1296 1956 1352 2004 et
1393 1949 1511 2020 ipsa
1539 1948 1764 2007 refectio

179 2045 291 2090 erat
315 2035 573 2108 ploratio.
600 2036 658 2093 In
688 2052 964 2105 mensura,
993 2055 1126 2097 vero
1153 2041 1208 2096 in
1231 2040 1520 2100 distributo
1543 2044 1765 2102 modulo

177 2127 322 2196 dicit,
374 2130 663 2186 ostendere
702 2130 894 2189 volens
947 2131 1078 2189 illud
1123 2133 1368 2206 Apostoli
1395 2153 1410 2191 :
1440 2137 1586 2208 quod
1621 2138 1766 2196 Deus

179 2238 334 2295 supra
362 2223 511 2282 vires
535 2234 754 2285 nostras
790 2228 987 2286 tentari
1020 2244 1121 2288 nos
1166 2237 1222 2288 et
1252 2231 1440 2289 vexari
1484 2246 1592 2290 non
1641 2248 1769 2305 per-

183 2318 340 2376 mittit
366 2317 418 2391 (l
443 2317 567 2376 Cor.
601 2319 684 2394 x).

192 2435 212 2488 1
315 2433 556 2492 Posuisti
595 2451 691 2492 nos
719 2435 777 2492 in
814 2435 1282 2493 contradictionem
1325 2437 1509 2496 vicinis
1533 2439 1768 2498 nostris:

316 2525 388 2582 Et
414 2528 618 2583 inimici
644 2528 812 2584 nostri
833 2528 1286 2586 subsannaverunt
1309 2546 1426 2587 nos.

252 2619 290 2679 C
315 2620 688 2680 Contradictio
736 2621 828 2680 illa
872 2624 1088 2695 gentilis
1132 2633 1272 2694 erat,
1314 2641 1436 2698 quas
1480 2627 1769 2685 adversum

196 2713 564 2784 praedicatores
593 2713 795 2772 Christi
824 2716 1010 2787 pravis
1035 2717 1391 2774 concionibus
1434 2719 1768 2792 erigebatur.

198 2802 677 2862 tlSubsannabant
721 2805 931 2863 inimici
965 2806 1042 2880 (id
1083 2815 1172 2864 est
1217 2807 1481 2882 haeretici)
1522 2810 1772 2869 doctores

199 2896 422 2956 Christi:
455 2899 711 2958 similiter
753 2898 926 2959 Judaei
953 2911 1012 2959 et
1059 2903 1305 2962 inﬁdeles
1329 2920 1519 2964 omnes
1541 2949 1558 2975 ,
1594 2909 1688 2979 qui
1712 2907 1771 2964 in

201 2993 414 3050 circuitu
441 2993 700 3052 Ecclesiae
727 2995 1073 3068 obstrepunt,
1105 3013 1314 3072 nosque
1336 2999 1674 3074 impugnant.

191 3106 224 3166 8
321 3105 466 3164 Deus
504 3110 782 3180 virtutum,
809 3119 1050 3169 converte
1089 3128 1184 3170 nos
1218 3127 1238 3168 :
1275 3121 1324 3170 et
1352 3113 1564 3170 ostende
1585 3114 1776 3186 [aciem
1801 3107 1853 3176 ϐ

399 3211 568 3260 tuam.

326 3294 396 3351 Et
426 3295 560 3353 salvi
607 3300 825 3355 erimus.

263 3384 302 3442 ο
346 3386 564 3460 Repetit
598 3403 847 3458 versum,
880 3389 1011 3464 quia
1051 3390 1416 3450 desiderantis
1446 3391 1577 3449 'mos
1604 3400 1689 3450 est
1715 3407 1782 3450 ea

203 3490 441 3552 repetere
489 3499 612 3555 qua:
655 3484 932 3542 desiderat
985 3500 1318 3559 magnopere
1358 3482 1638 3542 advenire.
1663 3484 1785 3558 ipsa

201 3581 437 3646 estergo
483 3572 679 3642 facies,
724 3577 779 3633 id
803 3585 890 3634 est
936 3578 1180 3651 potentia
1207 3577 1446 3647 Christi,
1473 3594 1574 3652 per
1619 3593 1787 3650 quam

205 3667 415 3740 laqueos
462 3671 660 3728 mortis
699 3673 1006 3742 evasimus;
1037 3673 1154 3745 ipsa
1181 3675 1419 3746 denique
1463 3689 1586 3748 quis
1609 3671 1788 3746 dignis

203 3774 254 3821 et
273 3766 659 3825 conﬁtentibus
681 3768 945 3826 caelorum
975 3783 1142 3841 regna
1173 3768 1424 3842 largitur.

205 3876 236 3934 9
351 3878 572 3936 Vineam
600 3880 666 3936 de
685 3879 920 3954 .Egypto
943 3880 1304 3937 transtulisti:

335 3972 562 4047 Ejecisti
588 3984 764 4047 gentes
789 3984 838 4031 et
863 3974 1119 4046 plantasti
1139 3992 1278 4032 eam.

269 4062 311 4123 ϐ
337 4065 566 4124 Vineam
621 4067 755 4124 dicit
793 4064 1149 4124 Hebraeorum
1191 4073 1432 4140 gentem,
1455 4080 1619 4139 quam
1641 4066 1793 4139 posi-

208 4168 308 4217 tam
334 4161 390 4217 in
421 4170 553 4234 typo
578 4166 798 4217 constat
827 4159 1105 4218 Ecclesiae.
1136 4160 1307 4217 Vinea
1345 4149 1527 4216 autem
1548 4174 1580 4215 a
1603 4160 1794 4216 vitibus

210 4255 342 4313 dicta
365 4265 490 4324 est;
523 4256 668 4313 hanc
695 4271 766 4312 ex
791 4252 1034 4329 Egypto
1063 4254 1289 4311 deduxit
1311 4253 1525 4326 magnis
1559 4252 1798 4310 miracu-

208 4348 292 4417 lis,
321 4359 378 4407 et
423 4349 686 4423 (expulsis
731 4347 1008 4422 gentibus,
1053 4347 1160 4404 hoc
1190 4353 1274 4403 est
1298 4343 1616 4402 Amorrheis
1635 4352 1798 4401 caete-

209 4445 384 4519 risque
410 4447 660 4505 ﬁnitimis
690 4443 908 4517 eorum)
944 4451 1204 4517 tanquam
1247 4439 1515 4498 mirabilis
1558 4438 1798 4512 agricola

141 4557 158 4565 ί
211 4554 323 4597 eam
365 4540 654 4614 plantavit.
703 4537 814 4597 Per
842 4540 988 4594 hanc
1031 4546 1238 4602 autem,
1267 4533 1546 4600 Ecclesia,
1573 4540 1635 4588 ut
1659 4531 1794 4599 dixi,

1789 3830 1818 3880 ξ.

209 4631 548 4707 intelligitur,
569 4648 694 4704 quae
714 4631 808 4688 hic
828 4629 884 4686 in
907 4628 1111 4686 sanctis
1131 4627 1368 4698 optimos
1386 4625 1596 4682 fruetus
1616 4621 1796 4690 aﬁ‘ert,
1865 4675 1872 4685 ,

211 4725 296 4798 qui
348 4725 793 4785 tribulationibus
839 4721 1052 4794 pressi,
1096 4735 1343 4794 saporem
1389 4717 1603 4775 dulcem
1649 4731 1799 4772 ema-

213 4831 352 4891 nant,
403 4831 460 4879 et
501 4822 824 4895 passionum
866 4816 1082 4873 sarculo
1128 4813 1260 4872 {ossi
1302 4824 1360 4874 et
1403 4811 1610 4885 putati,
1656 4813 1801 4869 sicut

211 4915 361 4983 vites,
381 4914 842 4986 multiplicantur.
877 4909 1002 4966 Sola
1024 4909 1169 4966 enim
1196 4908 1299 4967 hoc
1326 4906 1607 4983 proprium
1635 4903 1801 4963 habet

213 5004 473 5078 Ecclesia,
499 5017 563 5065 ut
587 5002 1065 5081 persecutionibus
1091 5013 1323 5061 crescat.

216 5119 280 5176 l0
345 5121 470 5178 Dux
491 5120 700 5177 itineris
725 5117 884 5189 fuisti
919 5115 974 5168 in
1001 5127 1275 5188 conspectu
1309 5117 1427 5190 ejus
1450 5125 1470 5166 :

349 5211 414 5268 Et
439 5211 698 5286 plantasti
722 5207 934 5265 radices
969 5206 1102 5276 ejus,
1128 5218 1176 5264 et
1199 5206 1435 5284 implevit
1474 5211 1689 5258 terram.

1852 453 1997 527 pleta
2031 455 2301 528 intelligas
2332 458 2390 513 in
2415 459 2573 514 vinea
2601 457 2929 515 Christiana.

1855 545 1918 601 11
1994 544 2210 618 Operuit
2241 557 2441 604 montes
2484 549 2668 604 umbra
2708 549 2864 620 ejus:

2000 635 2071 692 Et
2109 639 2324 694 arbusta
2351 640 2466 712 ejus
2501 641 2682 697 cedros
2722 640 2838 696 Dei.

1925 730 1972 787 Η
2003 730 2113 788 Hos
2143 730 2382 789 Ecclesia
2411 735 2665 805 protegit,
2697 732 2789 804 qui
2838 733 2892 789 in
2919 732 3035 804 ejus
3081 746 3203 790 esse
3232 731 3439 805 gremio

1854 821 2301 893 comprobantur,
2334 823 2390 878 id
2416 835 2500 880 est
2529 824 2868 895 patriarchas
2896 832 2951 878 et
2987 824 3229 880 diversos
3254 823 3442 880 docto-

1856 928 1948 970 res
1968 924 2024 969 et
2053 914 2345 985 apostolos.
2375 915 2415 972 C
2446 914 2583 972 istos
2623 915 2769 972 enim
2819 916 3014 986 operit,
3063 931 3198 987 quos
3245 915 3439 983 nutrit,

1857 1008 2114 1080 quoniam
2160 1006 2278 1077 ejus
2327 1007 2515 1064 umbra
2565 1008 2887 1076 fructiﬁcat,
2938 1018 2994 1064 ct
3037 1008 3268 1081 amplius
3311 1006 3444 1063 facit

1857 1116 2109 1158 crescere
2136 1117 2274 1173 quos
2303 1103 2477 1174 magis
2508 1103 2662 1176 tegit.
2718 1103 2872 1159 Unde
2901 1103 3092 1159 cedros
3125 1101 3244 1168 Dei,
3280 1100 3332 1156 id
3359 1106 3448 1155 est

1857 1204 2153 1266 martyres,
2191 1196 2284 1266 qui
2322 1195 2376 1251 in
2409 1195 2650 1252 Ecclesia
2684 1195 2824 1251 inter
2865 1194 3130 1251 altissima
3165 1193 3447 1250 cacumina

1857 1289 2140 1346 constituti
2168 1298 2316 1356 sunt,
2348 1289 2462 1361 ipsa
2491 1304 2708 1360 quoque
2736 1289 2968 1362 protegit
3005 1286 3268 1344 Ecclesia.

1860 1383 1929 1440 12
1997 1384 2251 1440 Extendit
2275 1385 2517 1457 palmites
2546 1403 2668 1442 suos
2696 1403 2858 1459 usque
2879 1386 2947 1440 ad
2970 1399 3150 1440 mare:

1999 1474 2068 1532 Et
2099 1494 2260 1550 usque
2289 1481 2356 1533 ad
2385 1480 2583 1550 ﬂumen
2609 1481 2920 1551 propagines
2945 1479 3077 1550 ejus.

1929 1565 1973 1624 C
2010 1567 2270 1625 Palmites
2315 1569 2626 1640 signiﬁcant
2665 1571 2958 1643 discipulos
2988 1569 3224 1636 Domini,
3251 1568 3451 1641 quibus

1863 1659 1977 1732 ipse
2031 1662 2207 1718 dixit:
2266 1663 2380 1734 Ego
2416 1663 2583 1731 vitis,
2633 1680 2730 1721 vos
2773 1665 3023 1737 palmites
3071 1663 3262 1736 (Joau.
3322 1661 3452 1735 xv).

1864 1750 2034 1820 Mare,
2065 1755 2311 1810 omnium
2334 1756 2576 1828 gentium
2605 1757 3011 1813 sanctissimam
3044 1756 3450 1813 credulitatem.

1867 1843 2121 1902 Extendit
2167 1861 2292 1902 vero
2347 1848 2500 1914 dicit,
2523 1849 2778 1920 quoniam
2813 1849 2882 1904 ab
2903 1847 3294 1919 Hierosolymis
3338 1849 3458 1904 lucc

1863 1939 2179 2009 praedicatio
2245 1940 2299 1995 in
2353 1951 2581 1998 cunctas
2628 1953 2813 2012 partes
2859 1941 3044 1997 mundi
3085 1949 3310 1996 extensa
3352 1947 3458 1995 est.

1865 2026 2220 2101 Propagines,
2246 2029 2384 2087 ﬁlios
2413 2031 2849 2103 regenerationis
2877 2032 3030 2100 dicit,
3057 2031 3205 2103 quia
3232 2030 3460 2086 ﬂumine

1866 2119 2104 2179 Jordane
2133 2132 2517 2192 manavcrunt,
2547 2124 2640 2180 ubi
2671 2124 2934 2180 Dominus
2961 2122 3230 2196 baptizari
3261 2121 3460 2194 digna-

1871 2221 1960 2271 tus
1988 2224 2072 2272 est
2102 2216 2156 2270 in
2196 2216 2506 2288 exemplum
2539 2226 2739 2273 nostra:
2770 2217 2983 2274 salutis.

1868 2307 1938 2366 15
2010 2306 2205 2382 thuid
2235 2309 2540 2365 destruxisti
2585 2311 2869 2366 maceriam
2894 2310 3010 2382 ejus
3042 2345 3049 2363 ε

2015 2401 2083 2457 Et
2130 2402 2448 2458 vindemiant
2479 2418 2596 2458 eam
2639 2419 2818 2461 omnes
2842 2403 2934 2476 qui
2955 2400 3466 2474 prwtergrediuntur

2093 2493 2255 2548 viam.

1943 2583 1984 2641 C
2013 2583 2166 2641 Nunc
2191 2584 2259 2640 de
2287 2584 2445 2641 vinea
2483 2583 2680 2657 prima,
2714 2584 2769 2641 id
2793 2592 2877 2642 cst
2898 2582 3098 2641 Iudaeas
3126 2583 3322 2656 gentis,
3353 2581 3496 2649 mi-,

1875 2685 2032 2735 ratur
2075 2691 2175 2734 cur
2222 2692 2345 2734 eam
2387 2676 2533 2734 Deus
2561 2677 2944 2749 dereliquerit,
2991 2685 3047 2733 et
3089 2674 3207 2747 ejus
3235 2675 3470 2733 munitio

1875 2786 2066 2828 eversa
2119 2770 2304 2838 fuerit,
2336 2770 2390 2827 id
2413 2779 2520 2836 est,
2551 2769 2648 2830 Dei
2689 2769 2935 2826 defensio
2980 2768 3181 2824 ablata.
3219 2767 3267 2824 H
3315 2765 3473 2824 Tunc

1875 2865 2023 2922 enim
2059 2864 2290 2920 munitio
2320 2878 2608 2937 synagogas
2635 2863 2879 2935 deposita
2903 2870 3007 2928 est,
3030 2876 3156 2918 cum
3176 2859 3227 2916 ei
3249 2858 3471 2916 caecitas

1877 2959 2146 3031 contigit,
2215 2958 2389 3015 donec
2471 2957 2752 3030 plenitudo
2823 2956 3063 3029 gentium
3136 2954 3474 3012 subintraret

1881 3051 2061 3125 (Rom.
2109 3051 2211 3123 χι).
2241 3050 2283 3107 C
2307 3049 2658 3107 Vindemiant
2685 3064 2829 3116 eam,
2864 3047 2918 3104 id
2945 3056 3048 3114 est,
3075 3045 3337 3117 diripiunt
3376 3043 3476 3116 qui

1881 3143 2436 3216 prmtergrediuntur,
2466 3143 2519 3199 id
2557 3150 2643 3199 est
2687 3149 2899 3213 gentes,
2943 3155 3064 3213 quae
3093 3139 3262 3208 viam,
3290 3137 3348 3196 id
3389 3145 3477 3195 est

1882 3238 2670 3310 Christum,pertranseuntes,
2702 3235 2756 3290 in
2785 3234 3052 3292 idolorum
3083 3230 3368 3290 sacriﬁciis
3387 3229 3478 3302 ju-

1884 3334 2027 3406 giter
2051 3333 2463 3406 permanebant.
2506 3332 2660 3400 Quod
2687 3331 2852 3388 etiam
2902 3330 3070 3388 Isaias
3107 3327 3360 3401 praedixit
3393 3325 3479 3382 di-

1887 3443 2018 3485 cens
2045 3445 2059 3483 :
2106 3427 2395 3483 Destruam
2427 3425 2726 3482 maceriam
2751 3424 2887 3496 ejus,
2922 3432 2977 3479 et
2997 3423 3105 3480 erit
3133 3421 3188 3478 in
3219 3417 3478 3492 direptio-

1888 3536 2038 3590 nem,
2065 3530 2174 3578 etc.
2213 3519 2371 3591 (Isai.
2403 3517 2481 3587 ν).

1888 3615 1958 3672 14
2028 3612 2419 3670 Εωιεηηὶηαυίι
2449 3628 2565 3668 eam
2592 3627 2720 3684 aper
2752 3611 2818 3666 de
2839 3609 2972 3666 silva
2991 3626 3012 3666 :

2031 3707 2102 3764 Et
2131 3706 2416 3780 singularis
2447 3706 2591 3776 ferus
2614 3705 2860 3776 depastus
2886 3711 2960 3760 est
2980 3717 3119 3759 eam.

1961 3799 2006 3858 C
2033 3801 2239 3872 Aprum
2262 3800 2408 3856 hunc
2451 3796 2846 3870 Vespasianum
2875 3794 3178 3866 principem
3206 3791 3483 3848 Romano-

1893 3910 2015 3952 rum
2043 3892 2292 3951 nonnulli
2311 3891 2643 3965 intelligunt.
2687 3890 2856 3962 Aper,
2882 3888 3062 3944 dictus
3081 3895 3167 3944 est
3187 3887 3255 3942 ab
3278 3899 3364 3950 eo,
3389 3885 3485 3956 qui

1894 3988 1952 4045 in
1974 3985 2112 4044 locis
2153 3985 2362 4058 asperis
2391 3989 2784 4041 commoratur.
2823 3978 3168 4052 Singularem
3193 3983 3374 4032 autem
3403 3974 3486 4030 fe-

1893 4095 2040 4147 rum,
2072 4078 2258 4136 Titum
2285 4077 2403 4148 eius
2433 4077 2606 4134 ﬁlium
2648 4080 2937 4132 memorat.
2968 4070 3015 4127 Η
3044 4070 3086 4127 C
3119 4065 3489 4140 Spiritualiter

1893 4180 2114 4239 autem,
2147 4184 2341 4244 aprum
2392 4167 2750 4242 singularem,
2783 4164 2871 4221 die
2920 4160 3226 4228 diabolum,
3275 4157 3370 4229 qui
3419 4156 3492 4213 de

1896 4263 2035 4322 silva
2061 4262 2347 4334 gentilium
2369 4273 2646 4334 egressus,
2674 4257 2894 4328 plebem
2918 4252 3200 4310 Iudaicam
3229 4248 3493 4308 extermio

1898 4357 2052 4413 navit
2073 4365 2304 4429 propter
2325 4353 2795 4414 incredulitatem.

1902 4450 1970 4508 i5
2041 4449 2183 4507 Deus
2216 4451 2490 4519 virtutum,
2530 4456 2872 4506 convertere:

2023 4543 2263 4616 Respice
2301 4544 2368 4599 de
2403 4543 2530 4601 calo
2561 4551 2611 4598 et
2633 4541 2755 4598 vide
2789 4549 2837 4597 et
2875 4536 3032 4594 visita
3068 4535 3272 4594 vineam
3310 4531 3528 4596 istam,

1973 4640 2016 4698 C
2060 4639 2205 4696 Petit
2253 4638 2343 4695 hic
2385 4637 2570 4708 Asaph
2626 4645 2691 4692 ut
2745 4631 3015 4706 supplices
3085 4626 3300 4684 Iudaeos
3371 4634 3501 4680 suos

1904 4731 2087 4804 operis
2109 4729 2363 4804 Agricola
2387 4741 2616 4786 serenus
2662 4726 2955 4798 aspiceret,
2987 4728 3043 4776 et
3066 4713 3503 4804 periclitantibus

1905 4802 2239 4882 subveniret.
2289 4819 2487 4885 Visita,
2521 4818 2818 4877 adventum
2863 4819 3068 4870 sanctae
3112 4802 3506 4866 incarnationis

1849 4948 1862 4962 ο
1905 4913 2235 4985 expostulat,
2264 4921 2323 4967 ut
2351 4916 2623 4982 praesente
2647 4909 2888 4974 Cultore,
2919 4901 3077 4957 vinea
3105 4897 3344 4968 plantata
3371 4907 3506 4983 prp-

1908 5007 2078 5065 ﬁciat.
2115 5005 2163 5061 H
2191 5003 2331 5062 Dicit
2356 5004 2524 5076 igitur
2548 5017 2562 5055 :
2595 5000 2854 5068 Domine,
2882 4995 3027 5052 Deus
3050 4990 3349 5076 virtutum,
3373 4999 3514 5076 con-

1907 5109 2124 5157 vertere
2172 5096 2242 5154 ab
2286 5075 2527 5160 iratua,
2553 5101 2617 5150 et
2650 5099 2902 5153 converte
2930 5091 3258 5154 synagogam
3289 5075 3360 5133 ad
3408 5075 3516 5134 Ec-

1911 5188 2158 5248 clesiam.
3123 5190 3137 5205 '

279 5307 318 5365 c
341 5263 860 5366 5i;'.;g;i“ci.:....
889 5263 1374 5362 sanctaz'Ecclesiae
1413 5295 1532 5352 Dei.
1569 5291 1806 5350 Radices
1913 5283 1982 5341 46
2053 5281 2124 5337 Et
2157 5282 2348 5351 perﬁce
2375 5293 2493 5336 eam
2517 5291 2692 5347 quam
2728 5265 2983 5351 ριαηιαυίι
3010 5263 3223 5366 “me.”
3253 5267 3390 5366 ἀυξτ

876 5391 1067 5412 ..1--.9-
1143 5409 1150 5412 .
1199 5397 1212 5409 ο
1371 5389 1602 5412 -...ΑιεΑυ-Α
1646 5383 1768 5412 n‘nn

2064 5371 2128 5412 ηρ
2161 5350 2323 5412 μην»,
2359 5372 2529 5412 suum
2571 5350 2809 5412 r......:’...~.
2839 5372 2995 5412 auem
3035 5353 3366 5412 conﬁrmasti
3407 5350 3521 5408 tibi.
