3986 5412
518 354 614 412 $07

1478 356 1536 415 S.
1574 349 1924 431 BBUNONIS
1960 343 2501 409 liEilBlPOLENSlS
2539 350 2845 413 EPISCOPI

3673 339 3785 401 308

516 480 688 527 morte
714 471 765 527 in
792 479 882 527 tua
915 479 1140 531 dextera
1163 470 1463 528 eollocasti.
1493 469 1540 528 Η
1567 467 1777 529 Perﬁce
1801 483 1934 544 ergo
1953 482 2096 539 eam,
2127 475 2181 545 Α
2201 469 2430 545 populos
2480 478 2792 531 commonet
2836 465 3058 535 ﬁdeles,
3107 472 3171 523 ut
3190 445 3325 525 'nou
3366 443 3622 523 desinant
3661 473 3788 518 cum

515 582 566 621 (ιι
597 580 722 621 vera
758 559 881 629 (ide,
913 557 1076 634 super
1101 552 1155 619 te
1184 572 1239 619 et
1279 563 1477 621 Filium
1510 574 1663 621 tuum
1695 562 1982 621 Dominum
2004 575 2105 618 no-

515 667 683 713 strum
733 655 917 713 Jes’um
977 657 1255 715 Christum
1304 657 1587 715 fundatam
1637 657 1887 731 vineam,
1942 671 2103 729 quem

515 750 843 807 conﬁrmasti
878 750 995 806 tibi.
1054 781 1061 785 τ

516 843 576 898 i7
653 842 882 899 Incensa
923 844 1034 915 igni
1063 854 1110 899 et
1139 845 1412 916 suffossa:

650 934 731 993 Ab
768 924 1124 1007 increpatione
1145 939 1421 994 uultustui
1459 938 1721 1010 peribunt.

581 1027 625 1085 C
646 1026 957 1084 Incenditur
983 1029 1110 1101 igne
1139 1030 1337 1102 aliquis
1365 1031 1698 1102 cupiditatis,
1732 1029 1952 1103 quando
1998 1031 2106 1088 cri-

516 1134 642 1176 men
664 1118 958 1175 nelandum
983 1121 1340 1177 commiserit.
1370 1120 1580 1178 Eii‘ossa'
1599 1137 1731 1178 vero
1760 1137 1921 1178 manu
1954 1129 2102 1191 sunt,

514 1228 640 1269 cum
676 1228 779 1285 per
797 1215 1171 1291 operationem
1219 1214 1541 1273 sceleratam
1580 1216 1702 1274 aliis
1737 1231 2108 1289 praeparamus
2168 1206 2177 1211 ’

515 1305 758 1385 insidias,
792 1314 850 1363 et
873 1307 1128 1380 decipere
1173 1308 1421 1366 volumus
1461 1308 1791 1376 nescientes,
1832 1309 1962 1366 dum
2007 1323 2108 1367 nos

516 1400 691 1473 magis
721 1400 778 1456 in
814 1400 991 1472 ipsam
1031 1400 1243 1459 foveam
1291 1417 1630 1460 corruamus.
1663 1403 1793 1471 Haec
1824 1417 1955 1477 ergo
1984 1416 2108 1474 pec-

517 1489 927 1562 cata'perihunt
984 1493 1054 1548 ah
1084 1492 1461 1565 increpatione
1500 1494 1680 1550 vultus
1707 1493 1837 1561 Dei,
1871 1493 1999 1549 dum
2028 1491 2110 1547 di-

470 1556 628 1651 }cit:
666 1556 745 1640 ite
774 1583 828 1639 in
855 1584 1039 1655 ignem
1064 1556 1327 1643 aeternum
1357 1585 1574 1658 (Matth.
1606 1586 1759 1659 xxv).
1884 1583 1979 1641 Vel
2028 1585 2109 1640 in-

517 1688 676 1730 censa
708 1683 760 1731 et
786 1673 1036 1741 suli‘ossa,
1064 1675 1349 1750 Synagoga
1385 1687 1467 1734 est
1495 1694 1602 1735 non
1629 1662 1880 1734 crédens.

516 1765 593 1821 18
661 1764 788 1821 Fiat
814 1782 1004 1822 manus
1026 1776 1118 1825 tua
1143 1785 1300 1840 super
1325 1771 1493 1825 virum
1517 1769 1746 1825 dextera:
1787 1780 1892 1824 tuae
1908 1782 1928 1822 :

546 1874 559 1885 ·
659 1855 729 1912 Et
744 1874 902 1929 super
920 1857 1341 1929 ﬁliumhominis
1361 1877 1513 1932 quem
1536 1859 1864 1930 conﬁrmasti
1885 1857 2000 1914 tibi.

589 1947 632 2005 C
666 1948 788 2006 Fiat
817 1965 1012 2008 maniis
1039 1960 1151 2019 tua,
1187 1953 1241 2008 id
1272 1963 1381 2022 est,
1406 1953 1650 2026 operatio
1676 1962 1864 2009 sancta
1893 1952 1961 2007 ad
1990 1951 2114 2008 εσθ-

519 2051 668 2099 ctum
698 2044 966 2114 promissa
999 2048 1285 2117 perducat.
1315 2048 1487 2106 Filius
1517 2049 1777 2116 hominis,
1812 2049 1927 2120 ipse
1957 2047 2113 2105 Chri-

520 2144 640 2192 stus
664 2144 767 2205 est,
797 2137 889 2208 qui
917 2139 1084 2195 etiam
1116 2139 1339 2196 dextera
1380 2139 1563 2197 Patris
1597 2150 1679 2197 est
1698 2182 1713 2209 ,
1744 2149 1797 2197 et
1825 2140 2117 2196 confirma-

521 2238 613 2285 tus
636 2230 780 2300 apud
807 2230 1077 2298 homines,
1120 2233 1261 2290 sicut
1287 2234 1419 2290 dicit
1456 2234 1508 2289 in
1544 2233 1870 2307 Evangelia:
1906 2233 2004 2288 llic
2034 2240 2117 2297 est

522 2319 697 2379 Filius
720 2337 875 2379 meus
898 2322 1131 2381 dilectus
1167 2323 1383 2398 (Matth.
1417 2325 1574 2401 xv").
1607 2325 1991 2399 Operationem
2014 2323 2119 2380 ita-

524 2432 633 2488 que
653 2428 857 2476 sancte
881 2420 1274 2479 incarnationis
1294 2422 1558 2493 exposcit.

524 2509 593 2566 l9
666 2510 736 2565 Et
770 2528 874 2567 non
902 2512 1223 2569 discedimus
1252 2532 1283 2569 a
1307 2523 1389 2570 te:

678 2599 981 2671 Viuiﬁcabis
1012 2620 1105 2661 nos
1126 2612 1177 2659 et
1200 2621 1388 2660 nomen
1415 2616 1561 2660 tuum
1588 2602 1970 2660 invocabimus.

598 2692 644 2748 Η
665 2692 783 2751 Non
805 2694 1162 2762 discedimus,
1180 2698 1233 2752 id
1255 2706 1361 2763 est,
1381 2698 1425 2752 si
1453 2698 1551 2752 tibi
1577 2697 1681 2752 [ide
1706 2694 2118 2761 adhaeserimus,

527 2792 659 2841 tune
678 2796 819 2855 pane
845 2787 1139 2858 iilo,qnem
1172 2790 1238 2843 de
1268 2789 1409 2847 caelo
1439 2788 1635 2844 misisti
1668 2786 1965 2861 (Joan.vl),
1992 2784 2122 2840 reli-

530 2875 732 2931 cimur.
763 2876 804 2934 C
836 2879 903 2933 Et
934 2880 1106 2949 ipsum
1136 2894 1331 2935 nomen
1379 2879 1752 2936 invocabimus
1780 2878 1833 2933 in
1876 2876 2125 2934 oratione

530 2966 834 3035 Dominica,
886 2969 930 3025 il
979 2971 1033 3026 id
1079 2979 1182 3037 est,
1214 2986 1339 3028 eum
1369 2972 1457 3027 cui
1488 2969 1683 3027 dedisti
1726 2984 1922 3025 nomen
1958 2983 2125 3040 supra

532 3074 697 3116 omne
725 3077 921 3119 nomen
955 3062 1176 3135 (Philip.
1225 3065 1311 3137 ιι).
1356 3063 1399 3120 C
1446 3064 1544 3120 Vel
1575 3063 1621 3119 si
1667 3063 1887 3120 miseris
1927 3060 2127 3118 Filium

532 3161 687 3208 suum
719 3155 1115 3213 inearnandum
1137 3197 1153 3222 ,
1183 3171 1289 3212 non
1326 3156 1657 3213 discedimus
1683 3169 1713 3210 a
1742 3164 1812 3220 te,
1846 3153 1939 3225 qui
1976 3162 2128 3210 tanto

2206 581 2419 624 summa
2447 563 2633 621 laetitia
2654 563 2765 620 Deo
2790 561 2980 623 laudes
3022 559 3224 626 dicere,
3270 556 3364 633 qui
3409 570 3507 617 eos
3552 570 3583 611 α
3633 554 3789 611 amris

2204 660 2463 734 periculis
2487 659 2741 732 dignatus
2768 665 2854 713 est
2873 655 3106 731 eripere.
3149 654 3261 713 Deo
3301 648 3535 720 adjutori
3579 655 3788 715 nostro,

2206 764 2394 819 contra
2432 754 2655 811 ﬁctitios
2682 753 2810 813 deos
2852 749 3135 825 gentilium
3162 746 3318 813 dicit,
3344 745 3438 821 qui
3464 742 3662 817 iuvare
3689 754 3792 799 nec

2203 866 2264 910 se
2284 857 2530 926 possunt.
2556 844 2797 905 Jubilare
2841 861 2871 904 a
2912 843 3174 918 jucunda,
3222 840 3279 899 id
3321 847 3407 901 est
3445 837 3787 903 delectando,

2203 942 2411 1002 dictum
2436 938 2733 1000 est..lacoh
2778 937 3034 1011 populum
3085 932 3357 1008 signiﬁcat
3399 930 3791 991 Christianum.

2203 1034 2241 1097 2
2347 1034 2551 1093 Sumite
2567 1031 2828 1107 psalmum
2856 1040 2907 1088 et
2927 1028 3050 1087 date
3079 1037 3385 1099 tympanum
3412 1037 3432 1078 .'

2347 1124 2671 1185 Psalterium
2695 1121 2997 1199 jucundum
3026 1135 3146 1176 cum
3177 1117 3401 1175 cithara.

2276 1220 2318 1283 C
2375 1219 2624 1279 Psalmus
2668 1217 2814 1277 enim
2854 1215 2924 1275 ad
2972 1213 3155 1271 divina
3192 1210 3358 1273 verba
3393 1205 3631 1279 pertinet
3673 1200 3799 1260 inti-

2205 1314 2424 1372 manda.
2453 1311 2523 1369 Et
2552 1311 2678 1371 date
2702 1319 3031 1385 tympanum,
3057 1304 3112 1359 id
3138 1313 3212 1360 est
3241 1299 3569 1375 operationes
3615 1294 3797 1351 bonas.

2206 1408 2367 1464 Addit
2398 1421 2416 1461 :
2445 1404 2751 1478 psalterium
2770 1399 3067 1478 jucundum
3094 1397 3236 1465 date,
3267 1393 3318 1451 id
3343 1386 3803 1478 esl,przedicatio-

2206 1518 2331 1560 nem
2380 1476 2626 1557 sanctam
2681 1476 2819 1553 cum
2866 1493 3101 1556 cithara,
3151 1489 3204 1543 id
3256 1494 3340 1542 est
3385 1482 3565 1541 carnis
3609 1476 3802 1534 morti-

2208 1596 2464 1653 ﬁcatione
2527 1589 2612 1649 vel
2677 1586 3015 1661 operatione.
3075 1580 3212 1637 Nam
3273 1573 3595 1651 psalterium
3660 1570 3801 1625 idem

2208 1687 2353 1760 quod
2382 1683 2625 1758 psalmus
2665 1679 2960 1759 signiﬁcat,
2992 1682 3049 1732 et
3076 1672 3287 1731 cithara
3317 1668 3460 1726 idem
3490 1662 3638 1741 quod
3666 1670 3804 1735 tym-

2209 1797 2432 1855 panum.

2140 1871 2184 1937 Β
2209 1873 2245 1931 3
2354 1870 2640 1929 Buccinate
2666 1868 2723 1923 in
2745 1862 3020 1923 neomenia
3040 1858 3165 1916 tuba
3192 1873 3211 1914 :

2354 1964 2424 2021 In
2448 1961 2645 2034 insigni
2672 1959 2756 2015 die
2777 1953 3121 2013 solemnitatis
3144 1958 3356 2011 nostras.

2285 2059 2331 2121 ﬂ
2359 2056 2640 2115 Canebant
2661 2051 2830 2113 Judaei
2862 2050 2991 2106 tuba
3021 2048 3075 2103 in
3102 2044 3335 2109 Pascha,
3363 2039 3723 2099 Pentecoste,
3756 2038 3806 2091 el

2217 2150 2551 2225 Scenopegia
2586 2166 2599 2205 :
2632 2162 2732 2205 nos
2779 2143 3053 2219 praecipue
3092 2140 3145 2195 in
3189 2134 3534 2194 inchoatione
3579 2141 3809 2203 evange-

2216 2249 2333 2306 lica:
2360 2222 2762 2321 praedicationis
2788 2246 2951 2313 atque
2978 2233 3129 2291 initio
3157 2230 3277 2287 tidei
3296 2243 3448 2295 ,cum
3474 2222 3810 2321 resurgimps

2217 2340 2271 2395 in
2301 2310 2539 2403 Christo,
2573 2347 2694 2390 cum
2717 2310 3093 2386 remissionem
3130 2320 3449 2393 accipimus,
3481 2323 3538 2371 et
3564 2314 3616 2369 in
3660 2310 3810 2403 dedi-

2218 2432 2434 2490 catione
2460 2402 2655 2484 domus
2682 2421 2921 2497 pectoris
2944 2416 3137 2483 nostri,
3168 2428 3292 2471 cum
3338 2410 3599 2467 innovata
3648 2402 3810 2460 fuerit

2216 2533 2341 2598 post
2368 2522 2603 2577 ruinam.

2184 2656 2189 2661 ο
2218 2619 2256 2675 4
2363 2614 2503 2683 Quia
2528 2617 2847 2686 prteceptum
2882 2606 2939 2661 in
2965 2599 3139 2658 Israel
3164 2606 3241 2655 est
3268 2612 3288 2653 :

2362 2707 2433 2762 Et
2455 2703 2725 2778 judicium
2752 2698 2859 2754 Deo
2886 2694 3077 2751 Iacob.
3676 2772 3689 2778 Α

2290 2802 2335 2861 C
2357 2774 2544 2868 isi-aei,
2580 2794 2810 2870 populus
2835 2791 3061 2854 electus,
3087 2786 3193 2842 (ide
3214 2781 3407 2840 videns
3434 2780 3640 2845 Deum;
3672 2774 3812 2833 idem

2222 2905 2278 2955 et
2304 2895 2729 2966 Jacoh,propter
2752 2898 3040 2957 utramque
3060 2881 3294 2954 plebem,
3309 2893 3374 2933 ex
3401 2872 3811 2932 circumcisione

2222 2990 2533 3048 venientem
2578 2992 2635 3042 et
2693 2978 2981 3056 praeputio.
3040 2974 3290 3032 Christus
3331 2968 3477 3026 enim
3523 2973 3813 3034 utrumque

2224 3085 2376 3151 fecit,
2398 3093 2456 3140 et
2483 3082 2658 3153 legem
2686 3074 2857 3144 dedit,
2877 3081 2936 3130 et
2956 3069 3220 3143 iudicium
3250 3064 3494 3122 lhturum
3521 3073 3637 3117 suae
3666 3064 3815 3130 pote-

2231 3176 2387 3237 statis
2412 3172 2673 3233 innotuit.

535 3245 810 3305 desiderio
846 3262 971 3302 eum
1014 3248 1340 3318 petivimus;
1373 3255 1426 3305 et
1460 3247 1590 3304 dum
1628 3263 1738 3305 non
1776 3245 2129 3311 discedimus,
2156 3247 2204 3321 C
2233 3272 2271 3334 δ
2377 3266 2757 3331 Tam-mutum
2799 3262 2858 3323 εκ
2903 3255 3101 3328 Jeuph
3155 3252 3327 3326 posuit
3351 3262 3416 3309 ψ
3444 3244 3583 3307 illud
3632 3243 3656 3317 ζ
3704 3255 3817 3303 clm

532 3338 840 3399 viviﬁcabis
870 3355 990 3406 nos,
1022 3348 1129 3397 etc.

532 3428 611 3491 30
680 3429 906 3488 Domine
926 3433 1067 3489 Deus
1087 3435 1359 3502 uirtutum,
1383 3440 1621 3488 converte
1641 3444 1769 3487 nos:

682 3522 750 3578 Et
774 3526 988 3583 ostende
1010 3526 1201 3597 faciem
1231 3534 1399 3593 tuam,
1421 3535 1469 3582 et
1491 3524 1624 3580 salui
1661 3524 1879 3579 erimus.

609 3618 652 3675 C
677 3617 736 3674 in
764 3619 869 3675 isto
889 3633 1050 3676 versu
1080 3619 1320 3691 regulam
1355 3618 1521 3674 totius
1570 3616 1850 3689 religionis
1887 3614 2132 3688 exponit:

539 3714 631 3770 ubi
658 3715 894 3785 primum
923 3723 1029 3780 est,
1060 3724 1119 3770 ut
1140 3719 1259 3785 lnos
1285 3712 1548 3769 Dominus
1578 3717 1889 3776 convertat;
1920 3708 2133 3775 deinde,

539 3813 602 3860 ut
627 3806 878 3861 ostendat
907 3805 1100 3862 faciem
1150 3820 1337 3872 suam;
1395 3805 1588 3870 tertio,
1621 3811 1684 3859 ut
1709 3802 1889 3859 salvos
1910 3796 2131 3858 eﬂieiat.

538 3897 647 3953 Per
695 3897 859 3953 istum
904 3912 1119 3969 quoque
1164 3913 1383 3957 versum
1436 3897 1536 3955 sub
1586 3895 1855 3955 brevitate
1899 3896 2135 3966 petimus

540 3990 808 4062 quidquid
831 3991 990 4048 nobis
1014 3992 1277 4061 expedire
1306 3997 1663 4046 monstratur.

989 4096 1190 4141 ORATIO
1212 4096 1280 4143 εἰ
1319 4095 1464 4141 ροιι,
1496 4095 1684 4136 LXXIX.

616 4174 811 4242 Visita,
855 4176 1099 4240 Domino,
1136 4175 1353 4231 vineam
1402 4182 1575 4239 tuam,
1617 4185 1780 4243 quam
1807 4169 1877 4228 de
1901 4168 2135 4243 lgypto

544 4267 957 4326 tribulationum
987 4267 1197 4339 potenti
1233 4266 1457 4322 dextera
1481 4262 1757 4331 iiberasti;
1795 4270 1857 4316 ut
1881 4269 2134 4330 respectu

544 4358 726 4421 vultus
755 4362 831 4417 tui
864 4360 1156 4427 rlrilicata,
1202 4361 1473 4417 honorum
1495 4356 1620 4413 vita:
1659 4353 1935 4415 {motuum
1975 4352 2135 4409 uber-

546 4462 663 4510 tate
685 4454 920 4510 hetetur.
946 4453 1054 4511 Per
1075 4454 1366 4511 hominum
1389 4462 1638 4511 nostrum
1664 4448 1870 4517 Iesum,
1903 4455 2010 4505 etc.

1045 4566 1367 4625 PSALMUS
1416 4563 1632 4622 LXXX.

948 4676 1316 4719 ARGUIENTUI
1363 4675 1491 4715 PSAL
1500 4698 1512 4710 .
1564 4673 1727 4714 LXXX.

500 4774 505 4779 ·
619 4751 661 4810 C
681 4748 955 4829 Propheta
982 4750 1168 4809 ﬁdeles
1188 4752 1446 4806 admonet
1466 4744 1872 4804 utmultimodls
1909 4745 2133 4802 vocibus

543 4845 716 4902 Deum
751 4842 1123 4916 magnificam,
1145 4849 1201 4897 et
1223 4856 1293 4897 ne
1325 4840 1614 4913 quisquam
1642 4837 1808 4906 idola,
1835 4837 1931 4893 sed
1960 4835 2133 4894 solum

549 4939 722 4995 Deum
754 4931 963 4992 ado'ret.

546 5055 659 5113 TT.
703 5062 771 5112 In
819 5055 977 5128 linem
1051 5071 1145 5134 pro
1173 5051 1548 5182 Stoggugtribus
1612 5046 1791 5120 Λεαρὴ
1851 5061 1917 5109 οξ·
1963 5047 2134 5125 quinti

1215 5143 1244 5180 (ι
1315 5144 1345 5181 a
1425 5180 1434 5182 ,
1473 5163 1488 5179 ο

617 5220 658 5266 l‘.
688 5219 921 5266 intentio
950 5219 1087 5266 tituli
1117 5226 1201 5266 est
1227 5229 1312 5266 ut-
1346 5217 1400 5266 in
1432 5206 1633 5266 linem.
1674 5213 1953 5266 Christum
1989 5211 2133 5266 desi-

2444 3360 2607 3417 exiret
2634 3357 2698 3412 de
2728 3367 2868 3411 terra
2896 3347 3114 3422 Αἶρε]ρεὶ
3147 3359 3171 3400 .'

2411 3451 2673 3523 Linguam
2693 3461 2853 3519 quam
2888 3460 2989 3499 non
3018 3446 3229 3501 noverat
3253 3434 3473 3499 audiuit.

2304 3544 2349 3607 C
2368 3520 2566 3615 Ioseph
2589 3541 2979 3609 interpretatur
2991 3529 3379 3604 augmnlalio;
3408 3524 3566 3596 cuius
3587 3520 3822 3615 minis

2236 3612 2615 3709 htterpretatio
2639 3630 3007 3693 testimonium
3037 3633 3125 3689 est
3149 3620 3361 3684 Hebraei
3398 3616 3610 3692 populi.
3632 3615 3731 3686 qui
3757 3612 3821 3669 de

2238 3728 2631 3809 terratEgypti
2659 3724 3047 3796 multiplicatus
3081 3717 3267 3777 exivit.
3317 3713 3386 3776 Et
3430 3711 3579 3773 sicut
3606 3708 3822 3809 illepcr

2237 3798 2408 3891 utaris
2434 3798 2605 3887 nisi:
2631 3818 2807 3881 undas
2828 3814 3034 3887 eiectus
3061 3818 3168 3877 est.
3182 3809 3265 3871 sic
3290 3820 3393 3867 nos
3417 3819 3451 3863 a
3483 3812 3631 3862 terra
3657 3798 3798 3872 misy

2237 3920 2335 3994 pii,
2369 3918 2419 3974 id
2448 3926 2555 3985 est,
2578 3931 2617 3975 (ι
2645 3912 2793 3977 vitiis
2842 3905 3153 3969 carnalibus
3179 3897 3823 3994 absoluti,_regenerante

2238 3981 2427 4071 sancta
2460 3981 2625 4075 unda,
2656 4002 3013 4065 renascimur.
3038 3997 3105 4055 Et
3144 3993 3289 4055 sicut
3331 3988 3459 4047 illud
3504 4000 3663 4067 mare
3726 3981 3824 4075 fuit

2241 4106 2500 4167 rubrum,
2532 4073 2776 4169 itaiaqua
2815 4088 3067 4167 baptismi
3119 4088 3265 4161 (quae
3295 4097 3421 4140 cum
3462 4077 3730 4151 sanguine

2236 4197 2409 4259 latere
2451 4164 2656 4255 Christi
2688 4164 2997 4263 proﬂuxit)
3056 4179 3223 4239 rubra
3275 4180 3455 4251 potest
3499 4164 3820 4263 nuncupari.

2235 4288 2457 4355 Audivit
2495 4260 2758 4363 linguam,
2782 4280 2827 4341 ii
2854 4278 2897 4337 (ἒ
2944 4275 2997 4333 id
3034 4284 3115 4335 est
3162 4279 3433 4349 praecepta
3486 4260 3820 4336 evangeliea,

2236 4397 2359 4460 qua:
2383 4379 2535 4457 prius
2568 4392 2674 4439 non
2706 4372 2873 4431 novit.

2235 4454 2271 4531 ii
2382 4454 2599 4527 Divertit
2628 4466 2692 4525 ab
2727 4462 2970 4521 oneribus
2995 4459 3208 4514 dorsum
3236 4454 3350 4524 eius
3375 4464 3393 4506 :

2382 4563 2577 4621 Manus
2604 4559 2717 4633 ejus
2745 4557 2800 4612 in
2821 4554 3040 4627 cophino
3068 4549 3374 4613 servierunt.

2159 4615 2219 4680 υ
2305 4655 2347 4713 C
2373 4653 2583 4710 Evertit
2611 4615 2753 4711 ﬁcus
2786 4663 2816 4702 a
2848 4615 3009 4703 dorso
3039 4641 3473 4703 Christianorum
3502 4646 3671 4691 onera
3699 4642 3822 4705 pec-

2236 4757 2504 4811 calorum,
2553 4744 2772 4819 quando
2824 4739 2969 4796 felici
3024 4735 3328 4794 humilitate
3376 4733 3818 4811 prosternuntur.

2186 4836 2194 4843 ’
2237 4838 2514 4911 Cophinos
2562 4834 2816 4898 dicimus,
2857 4845 2954 4903 per
3005 4842 3141 4906 quos
3186 4823 3423 4882 sordium
3464 4821 3819 4911 purgamenta

2238 4908 2541 5007 alnj'icimus.
2577 4925 2768 4983 Manus
2791 4924 2844 4983 in
2875 4923 2956 4983 eis
3006 4927 3206 4985 tenent,
3230 4916 3323 4994 qui
3349 4920 3699 4989 peccatorum
3720 4908 3821 4964 im-

2237 5023 2521 5087 munditiis
2554 5026 2908 5099 occupantur.
2936 5014 3017 5071 Ab
3054 5014 3158 5070 hac
3197 5009 3461 5067 servitute
3505 5006 3816 5070 liberamur,

2244 5115 2459 5188 quando
2488 5112 2753 5169 scelerum
2780 5116 3022 5163 nostrum
3054 5102 3302 5159 sordibus
3339 5098 3643 5175 expiamur.

2241 5207 2274 5263 '.r'
2382 5206 2450 5262 In
2474 5203 2809 5262 tribulatione
2835 5196 3085 5255 invocasti
3112 5210 3191 5249 me
3212 5201 3260 5249 et
3302 5190 3518 5247 liberavi
3538 5198 3587 5244 te
3610 5199 3629 5241 .'
3652 5200 3818 5243 cacu-
