3986 5412
190 201 290 265 309

1383 196 1747 258 resposmo
1782 151 2266 258 maculonus}

192 340 300 391 tare
320 312 616 394 conantes,
636 320 780 381 velut
807 320 951 379 renti
978 319 1169 379 flantes
1200 327 1437 378 mentem
1463 322 1757 379 concitant.
1791 334 1837 397 Α
1866 331 1965 382 bus
1990 325 2074 381 vel
2102 324 2279 382 vitiis:
2302 327 2394 382 sed
2419 334 2596 382 tamen
2628 336 2684 382 et
2703 326 2879 397 justos
2904 326 3228 398 quandoque
3250 332 3449 383 tentari

192 423 223 478 8
320 419 481 484 Audi,
515 416 741 489 populus
774 433 941 484 meus,
965 425 1012 471 et
1043 416 1367 472 contestabor
1396 424 1467 484 te,
1493 414 1683 486 Israel,
1718 417 1765 473 si

391 529 475 569 me
497 513 752 567 audieris.
781 511 907 566 Non
937 512 1038 566 erit
1063 511 1117 565 in
1145 521 1194 565 te
1210 507 1352 566 Deus
1380 527 1556 566 recens
1581 524 1600 562 :

321 604 507 678 Neque
532 604 780 660 adorabis
801 602 965 659 Deum
983 603 1234 660 alienum.

252 699 292 755 C
321 698 440 770 Ipse
462 705 546 754 est
566 696 796 769 populus
815 696 1041 767 Dei,qui
1065 697 1241 753 nescit
1260 712 1381 753 cum
1405 696 1563 753 malis
1586 694 1761 765 aliqua

194 790 436 848 mistione
465 803 680 845 morum
705 785 984 844 confundi.
1016 786 1364 844 Testilicatur
1384 795 1564 844 autem
1601 787 1761 852 Deus,

189 883 391 957 mando
419 883 475 939 in
502 882 688 937 futuro
703 880 911 951 judicio
927 879 1220 950 unicuique
1242 879 1453 936 dederit
1473 894 1569 952 pro
1594 876 1766 935 facto-

190 994 296 1033 rum
322 991 544 1032 suorum
575 973 840 1045 qualitate
867 972 1195 1029 sententiam
1222 970 1439 1043 (Matth.
1467 971 1601 1045 ινι).
1621 972 1766 1033 Dixit

189 1083 432 1139 quoque:
463 1065 582 1123 Non
614 1067 721 1125 erit
746 1066 798 1122 in
842 1074 894 1121 te
942 1066 1088 1121 Deus
1139 1079 1355 1133 recens,
1402 1080 1473 1121 ne
1528 1062 1762 1119 Verbum

190 1161 349 1217 Patris
374 1161 663 1232 quisquam
686 1167 902 1232 putaret
935 1173 1055 1213 esse
1084 1157 1185 1213 sub
1207 1166 1468 1228 tempore.
1497 1155 1761 1223 Quoniam

194 1254 295 1323 ipse
322 1262 407 1307 est
432 1252 525 1323 qui
554 1261 681 1306 ante
705 1266 867 1307 omne
895 1249 1221 1321 principium
1247 1248 1460 1318 genitus
1487 1248 1551 1303 de
1582 1246 1763 1305 Patris

152 1338 501 1413 ‘substantia,
544 1344 737 1417 aequali
781 1360 904 1400 cum
948 1359 1015 1399 eo
1066 1342 1438 1399 comternitate
1490 1341 1758 1397 consistit.

188 1438 285 1495 Nec
310 1438 585 1503 adorabis,
615 1437 855 1493 ostendit
881 1444 939 1491 ut
966 1450 1106 1508 pene
1133 1451 1237 1507 par
1261 1435 1333 1491 sit
1358 1434 1556 1501 scelus,
1574 1448 1764 1491 recen-

193 1541 284 1589 tem
313 1532 480 1587 Deum
509 1540 726 1605 putare,
753 1540 808 1587 et
840 1529 1091 1586 nefandis
1121 1527 1278 1607 idolis
1316 1526 1541 1585 servire.

191 1625 220 1683 9
312 1625 426 1698 Ego
449 1640 512 1684 -ε-
542 1627 682 1681 enim
714 1624 733 1696 ζ
763 1640 879 1680 sum
904 1623 1159 1679 Dominus
1181 1621 1324 1678 Deus
1346 1631 1467 1677 tuus
1490 1620 1580 1693 qui
1601 1620 1761 1676 eduxi

392 1734 442 1778 te
467 1723 532 1777 de
563 1732 703 1777 terra
727 1720 949 1793 Αἴθρη)ιὶ
980 1738 999 1776 :

316 1815 496 1870 Dilata
526 1831 585 1869 os
610 1822 758 1869 tuum
780 1823 827 1868 et
850 1811 1071 1884 implebo
1093 1810 1247 1867 illud.

250 1906 422 1978 CEgo
450 1906 589 1980 ipse,
617 1906 707 1979 qui
739 1906 937 1962 dudum
967 1905 1127 1960 eduxi
1158 1913 1210 1959 te
1236 1904 1301 1960 de
1325 1914 1469 1960 terra
1516 1901 1756 1976 Egypti,

196 2016 318 2055 nunc
347 1998 537 2056 adveni
565 2013 665 2071 per
691 1997 986 2068 potentiam
1023 1996 1222 2062 carnis,
1248 2003 1302 2051 et
1331 1996 1503 2053 educo
1528 1996 1593 2051 de
1615 2005 1759 2051 terra

197 2090 415 2165 Egypti,
439 2091 659 2164 quando
686 2107 785 2162 per
812 2090 1240 2162 regenerationis
1279 2090 1531 2161 gratiam,
1566 2104 1596 2143 a
1635 2103 1759 2160 pec-

195 2188 312 2242 catis
341 2185 634 2242 teterrimis
658 2184 902 2241 liberabo
924 2192 997 2238 te.
1026 2181 1201 2238 Dilata
1228 2196 1309 2245 os,
1334 2182 1388 2237 id
1414 2190 1521 2250 est,
1545 2180 1755 2253 divulge

194 2287 240 2334 et
263 2278 566 2343 dissemina,
599 2275 908 2332 confitendo
934 2274 1018 2330 vel
1063 2273 1403 2330 admonendo
1441 2289 1562 2345 qua:
1595 2273 1757 2344 digna

193 2380 302 2426 sunt
326 2370 530 2426 auditu.
559 2369 607 2426 ﬂ
638 2369 734 2426 Vis
761 2368 1048 2425 comedere
1070 2367 1356 2423 Dominum
1379 2366 1547 2423 Deum
1571 2368 1757 2423 tuum?

193 2462 334 2519 dilata
362 2478 423 2519 os
447 2472 635 2530 tuum;
664 2462 780 2534 ipse
806 2461 1060 2517 hortatur
1088 2475 1188 2517 nos
1226 2467 1288 2515 ut
1331 2475 1453 2515 eum
1503 2460 1758 2518 comede-

195 2571 315 2612 mus.
339 2555 609 2625 Quantum
637 2556 803 2628 igitur
827 2554 1159 2619 dilataveris,
1183 2563 1395 2610 tantum
1423 2555 1678 2626 accipies.
1694 2554 1753 2612 Si

194 2647 425 2715 volueris,
453 2658 625 2706 totum
656 2646 923 2721 accipies;
954 2648 1000 2703 si
1038 2645 1300 2715 nolueris,
1333 2646 1525 2703 saltem
1568 2647 1754 2717 accipe

192 2751 399 2813 partem.
444 2740 642 2799 Totum
669 2741 887 2812 accipit,
918 2739 1013 2813 qui
1045 2736 1228 2795 omnia
1258 2747 1481 2810 propter
1508 2753 1633 2795 eum
1660 2754 1752 2796 rev-

190 2831 433 2904 linquens,
463 2834 715 2907 sequitur
737 2848 881 2890 eum.

195 2923 250 2980 i0
310 2924 379 2981 Et
407 2942 507 2981 non
537 2926 740 2980 audivit
769 2924 993 2997 populus
1018 2939 1163 2981 metu
1187 2938 1363 2980 vocem
1386 2938 1556 2980 nteant
1584 2937 1604 2980 δ

309 3014 379 3072 Et
398 3014 570 3071 Israel
594 3031 698 3073 non
720 3014 941 3073 intendit
965 3014 1113 3071 milii.

246 3107 284 3164 ε
310 3108 418 3165 Non
465 3109 677 3169 audivit
723 3107 954 3180 populus
995 3106 1326 3176 indecorum,
1380 3107 1472 3180 qui
1527 3107 1821 3173 ChristoC

189 3195 307 3254 Filio
329 3199 419 3259 Dei
446 3200 675 3259 credere
702 3199 896 3264 noluit,
940 3197 987 3256 ll
1038 3199 1152 3272 Ego
1199 3207 1284 3259 sto
1328 3197 1398 3256 ad
1445 3198 1651 3257 ostium.
1695 3208 1751 3256 et

187 3289 318 3360 pulso
349 3289 535 3364 (Apes.
567 3290 654 3364 ut)
682 3309 698 3350 :
730 3289 854 3351 volo
881 3300 944 3351 ut
967 3291 1217 3363 aperias,
1242 3298 1299 3347 et
1353 3289 1666 3368 ingrediar,
1695 3298 1753 3351 et

188 3383 374 3453 aperire
394 3401 502 3443 non
535 3385 639 3443 vis.

189 3476 241 3533 ll
309 3479 367 3534 Et
400 3481 575 3536 dimisi
600 3497 689 3537 eos
716 3481 1005 3543 mandunt
1028 3481 1293 3539 desideria
1317 3479 1493 3539 cordis
1516 3496 1699 3539 eorum
1725 3495 1748 3540 :

304 3569 457 3629 Ibunt
486 3574 544 3630 in
563 3572 1018 3631 adinvsntionibus
1048 3572 1177 3627 suis.

243 3661 279 3718 (Ξ
313 3661 564 3735 Sequitur
591 3664 729 3723 ultio
761 3663 923 3739 digna
965 3663 1296 3737 peccatoris.
1339 3661 1456 3721 Non
1488 3662 1633 3721 enim
1662 3663 1746 3721 di-

187 3751 386 3811 mittitur
422 3754 743 3827 impunitus,
776 3754 927 3827 quia
957 3754 1170 3810 Domini
1203 3753 1517 3811 defensione
1540 3755 1747 3812 deseri-

190 3851 279 3901 tur.
319 3844 452 3917 Quia
506 3849 777 3907 malorum
836 3849 1077 3906 omnium
1129 3849 1414 3906 retributio
1462 3858 1564 3917 est,
1597 3859 1744 3907 tanta

189 3932 396 3996 bonitate
420 3937 681 3999 fraudari.
708 3938 875 3996 Putat
922 3940 1065 3997 enim
1111 3948 1369 4012 peccator
1404 3957 1574 4014 genus
1625 3955 1744 3998 esse

190 4025 423 4098 beneﬁcii,
459 4031 504 4090 si
553 4033 671 4093 suis
718 4032 1086 4107 voluptatibus
1128 4033 1461 4106 permittitur
1513 4032 1741 4104 expleri,

193 4134 291 4179 cum
316 4124 366 4180 in
389 4140 603 4197 pmnam
624 4142 821 4185 eorum
851 4125 996 4182 dicat
1013 4126 1302 4199 Apostolus
1326 4147 1336 4181 :
1362 4124 1604 4183 Tradidit
1623 4118 1742 4185 illos

190 4207 307 4271 Deus
344 4215 395 4273 in
438 4216 910 4289 concupiscentias
968 4216 1149 4272 cordis
1191 4232 1379 4272 eorum
1423 4216 1599 4288 (Rom.
1642 4219 1738 4291 ιι).

191 4301 230 4361 ll
266 4306 435 4367 Infelix
484 4309 576 4383 qui
628 4325 660 4365 a
710 4307 822 4364 Deo
872 4324 999 4365 non
1027 4308 1339 4379 corripitur.
1381 4307 1438 4363 Si
1469 4308 1590 4379 quis
1616 4324 1741 4383 pec-

190 4409 294 4453 cans
316 4413 413 4455 non
450 4399 787 4471 percutitur,
819 4398 922 4454 iste
970 4399 1136 4454 miser
1174 4408 1295 4466 est;
1354 4398 1473 4455 ideo
1516 4407 1571 4455 ct
1621 4399 1740 4457 illos

1865 416 2011 473 sinit.
2043 415 2149 473 Sed
2182 414 2360 486 justos
2381 419 2460 474 sic
2488 418 2684 475 tentari
2711 419 2933 490 patitur,
2962 428 3018 474 ut
3044 432 3152 476 non
3179 418 3397 475 deserat
3428 436 3444 474 :

1864 508 2059 580 impios
2088 519 2269 565 autem
2301 508 2545 566 tribulari
2585 509 2871 580 permittit,
2918 518 2977 567 ut
3011 524 3071 567 se
3096 510 3166 566 ab
3189 510 3272 569 eis
3325 510 3451 569 red~

1770 612 1775 617 ‘
1863 597 1958 655 dat
1979 599 2234 656 alienum.

1867 695 1936 751 14
2006 686 2219 751 Inimici
2252 694 2465 752 Domini
2502 696 2703 751 mentiti
2728 705 2848 751 sunt
2875 697 2925 750 ei
2952 711 2975 752 .-

2008 788 2078 843 Et
2099 789 2198 843 erit
2227 799 2428 859 tempus
2456 805 2636 844 eorum
2667 789 2723 844 in
2744 786 2961 845 saecula.

1935 879 1976 937 C
2008 879 2341 937 Mentiuntur
2371 880 2514 938 enim
2545 881 2637 953 qui
2685 896 2745 938 se
2788 880 2948 937 bonis
2994 876 3447 951 promissiouibus

1863 973 2197 1046 obligantes,
2226 975 2281 1031 in
2324 974 2589 1046 pessimos
2624 973 2821 1030 iterum
2856 973 3170 1030 relabuntur
3204 986 3446 1030 errores.

1863 1069 2123 1126 Addidit:
2160 1070 2215 1125 in
2266 1077 2530 1124 mlernum
2584 1069 2691 1124 erit
2750 1078 2960 1139 tempus
3000 1083 3209 1133 eorum,
3239 1066 3450 1123 scilicet

1863 1163 2184 1235 punitionis,
2215 1164 2433 1234 quando
2463 1163 2569 1219 illis
2588 1163 2785 1219 dicitur
2815 1183 2828 1218 :
2867 1162 2943 1218 Ite
2986 1164 3040 1218 in
3078 1161 3256 1232 ignem
3287 1170 3450 1217 mter-

1864 1273 1990 1313 num
2024 1256 2239 1326 (Matth.
2268 1256 2420 1327 xxv).
2456 1255 2498 1310 ll
2544 1255 2751 1311 Inimici
2810 1255 2899 1310 isti
2950 1253 3120 1309 Judaei
3158 1261 3311 1319 sunt,
3354 1252 3449 1322 qui

1862 1349 2074 1405 mentiti
2100 1357 2249 1415 sunt,
2277 1348 2330 1403 id
2379 1355 2464 1404 est
2508 1354 2845 1419 negaverunt
2889 1346 3199 1402 Dominum.
3242 1343 3309 1399 Et
3342 1342 3449 1398 erit

1863 1453 2078 1515 tempus
2108 1442 2481 1499 conversionis
2507 1457 2693 1498 eorum
2736 1441 2793 1497 in
2840 1439 3061 1504 sucula,
3085 1439 3139 1495 id
3174 1446 3258 1495 est
3282 1435 3447 1514 tinem

1864 1534 2070 1603 smculi,
2100 1533 2316 1607 quando
2344 1534 2523 1590 omnis
2550 1534 2716 1590 lsrael
2742 1531 3061 1589 salvabitur.

1865 1629 1937 1686 15
2008 1627 2078 1683 Et
2108 1627 2295 1683 cibavit
2324 1626 2445 1683 illos
2459 1644 2524 1683 ea:
2548 1628 2701 1698 adipe
2732 1626 2985 1698 frumenti
3015 1640 3035 1682 :

2002 1718 2072 1775 Et
2098 1720 2163 1775 de
2187 1730 2333 1792 petra
2361 1720 2518 1776 melle
2544 1722 2803 1776 saturavit
2833 1736 2941 1776 eos.

1930 1812 1973 1869 C
2023 1812 2204 1885 Adeps
2268 1811 2567 1877 frumenti,
2618 1825 3019 1870 sacramentum
3067 1822 3153 1872 est
3203 1812 3449 1885 corporis

1858 1906 2083 1963 Christi.
2115 1905 2254 1974 Quid
2313 1908 2459 1963 enim
2502 1907 2667 1978 adeps
2697 1908 2750 1962 in
2788 1907 3060 1964 frumento
3096 1908 3272 1978 signat
3294 1947 3309 1973 ,
3339 1906 3447 1963 nisi

1860 2000 2197 2058 divinitatem
2235 2001 2286 2055 in
2320 2002 2521 2056 carne?
2549 2001 2731 2068 Petra,
2762 2001 3037 2069 Christus;
3069 2001 3191 2067 mel,
3220 1998 3447 2056 dulcedo

1860 2096 2049 2165 ipsius,
2084 2110 2246 2165 aquo
2271 2109 2463 2150 omnes
2490 2094 2775 2149 credentes
2825 2093 3209 2164 praedicatione
3258 2099 3443 2147 sancta

1858 2191 2156 2255 satiantur;
2208 2188 2300 2243 sed
2333 2187 2522 2260 perfidi
2557 2187 2728 2258 jejuni
2781 2186 3018 2251 fuerunt,
3075 2185 3166 2257 qui
3222 2185 3444 2239 auribus

1856 2281 2181 2355 aggravatis,
2202 2278 2421 2335 Christo
2453 2278 2716 2335 obaudire
2738 2278 3045 2334 noluerunt.
3069 2278 3151 2332 Ad
3172 2276 3440 2331 litteram:

1857 2373 2059 2431 cibavit
2085 2388 2179 2429 cos
2213 2386 2431 2428 manna.

2290 2500 2490 2543 ORATIO
2518 2501 2585 2543 EX
2618 2500 2763 2542 PSAL.
2806 2502 2970 2541 LXIX.

1928 2576 2121 2643 Dilata,
2147 2577 2395 2642 Domine,
2418 2577 2721 2648 supplicum
2755 2592 2869 2643 ora,
2916 2576 2984 2632 ad
3011 2573 3439 2631 annuntiandum

1855 2671 2076 2743 gloriam
2110 2680 2277 2738 tuam,
2304 2680 2385 2739 ut,
2415 2669 2686 2743 Egyptiis
2711 2671 2968 2741 operibus
2985 2657 3281 2726 retrorsum
3312 2666 3438 2724 reli-

1854 2767 1975 2832 ctis,
2000 2766 2236 2822 nominis
2265 2766 2339 2821 tui
2372 2764 2713 2821 confessione
2739 2763 3004 2820 laetemur.
3025 2761 3131 2819 Per
3155 2762 3438 2818 Dominum

1853 2866 2099 2917 nostrum
2124 2855 2308 2934 Iesum
2338 2856 2635 2922 Christum,
2664 2866 2771 2910 etc.

2346 2969 2668 3028 PSALMUS
2701 2967 2938 3025 LXXXI.

2269 3105 2632 3148 ARGUIBNTUH
2658 3105 2807 3149 ιδεμ..
2834 3105 3022 3147 LXXXI.

1922 3203 1963 3260 C
1992 3202 2259 3274 Propheta
2318 3212 2506 3259 contra
2556 3200 2772 3260 Judteos
2829 3202 2897 3259 de
2946 3199 3147 3263 Christi
3198 3201 3435 3256 adventu

1848 3295 2108 3375 loquitur,
2161 3298 2390 3351 manens
2435 3302 2495 3349 ut
2542 3293 2847 3365 intelligant
2871 3292 3046 3363 ipsum
3096 3307 3217 3349 esse
3279 3291 3438 3349 Chri-

1847 3397 2013 3455 stum,
2036 3386 2130 3458 qui
2177 3387 2233 3443 in
2277 3386 2650 3457 assumptione
2695 3384 2877 3442 carnis
2926 3397 3134 3455 pauper
3182 3397 3305 3447 esse
3356 3383 3438 3441 vi-

1848 3479 2096 3541 debetur.

2314 3570 2424 3627 TT.
2469 3570 2719 3628 Psalmus
2767 3572 2967 3644 Asaph.
3180 3626 3187 3633 ,

1916 3664 1958 3722 C
1979 3664 2159 3736 Asaph
2188 3664 2371 3737 (quem
2399 3679 2501 3735 pro
2543 3663 2944 3737 signiﬁcatione
2978 3663 3069 3723 sui
3094 3665 3331 3723 nominis
3374 3663 3430 3723 in

1845 3756 2004 3814 titulo
2029 3764 2244 3813 constat
2273 3756 2603 3829 appositum)
2651 3763 2841 3813 contra
2867 3751 3101 3822 Jadteos,
3134 3755 3202 3811 de
3232 3745 3433 3813 Christ‘

1842 3848 2097 3912 adventu,
2130 3862 2229 3918 per
2267 3856 2439 3905 totum
2488 3847 2733 3918 loquitur
2772 3846 3061 3919 psalmum,
3094 3862 3323 3907 monens
3373 3853 3429 3900 ut

1845 3938 2147 4009 intelligant
2175 3940 2352 4009 ipsum
2402 3955 2525 3997 esse
2566 3938 2879 4007 Christum,
2922 3938 3019 4010 qui
3064 3938 3432 4011 assumptione

1845 4034 2027 4089 carnis
2051 4047 2259 4105 pauper
2281 4048 2402 4090 esse
2425 4031 2732 4092 videbatur.

1843 4125 1869 4181 l
1983 4124 2127 4181 Deus
2153 4125 2291 4180 stetit
2314 4125 2371 4180 in
2398 4140 2669 4197 synagoga
2697 4125 2919 4183 deorum
2947 4139 2966 4183 :

1983 4216 2052 4271 In
2079 4216 2249 4273 medio
2281 4230 2345 4273 σιν
2386 4227 2558 4273 autem
2591 4216 2609 4288 ζ
2642 4216 2768 4274 deos
2801 4215 3084 4286 diiudicat.

1828 4344 1831 4349 -
1913 4308 1953 4365 (ἶ
1984 4309 2058 4365 De
2085 4309 2356 4380 corporali
2385 4309 2493 4367 situ
2523 4309 2883 4369 immanitatis
2920 4308 3129 4373 Christi
3172 4308 3428 4382 loquitur.

1840 4400 1976 4456 Nam
2011 4415 2116 4457 non
2148 4409 2332 4473 potest
2359 4401 2465 4459 dici
2518 4416 2547 4457 a
2604 4413 2805 4464 natura
2857 4402 3107 4469 deitatis,
3135 4410 3286 4461 stare
3344 4402 3432 4460 vel

193 4490 380 4561 dimisit,
402 4494 525 4569 quia
557 4509 704 4573 saepe
734 4493 1001 4568 percussi,
1032 4500 1088 4549 et
1125 4491 1463 4564 disciplinam
1496 4509 1601 4555 non
1649 4510 1739 4551 re-
1765 4474 1817 4540 Ῐ)
1843 4493 2056 4559 sedere,
2088 4494 2180 4563 qui
2234 4493 2381 4549 nulla
2418 4493 2525 4550 loci
2570 4493 3029 4553 determinatione
3068 4492 3427 4551 concluditur.

193 4596 434 4656 ceperunt.

197 4676 251 4731 12
308 4680 364 4737 Si
382 4682 604 4753 populus
631 4698 781 4739 meus
803 4679 1033 4737 audisset
1060 4697 1142 4737 me
1170 4696 1187 4735 :

302 4771 458 4829 Israel
479 4775 525 4830 si
553 4776 608 4830 in
645 4773 744 4829 viis
769 4772 898 4827 meis
920 4771 1259 4830 ambulasset.

246 4861 279 4919 (ἒ
300 4865 412 4923 Ideo
436 4881 589 4923 suum
620 4864 763 4923 dixit
791 4862 1068 4935 populum,
1094 4864 1222 4935 quia
1270 4863 1319 4918 ei
1368 4863 1540 4938 legem
1590 4864 1740 4926 dedit

194 4960 237 5007 et
253 4956 486 5013 miracula
511 4973 709 5031 magna
761 4956 1104 5023 monstravit,
1133 4963 1195 5011 ut
1237 4955 1395 5027 culpa
1437 4968 1734 5029 cresceret,

195 5060 289 5103 cum
314 5049 360 5105 in
385 5066 502 5108 eum
539 5052 694 5125 plebs
735 5048 913 5107 electa
942 5057 1239 5120 peccasset.
1273 5049 1367 5107 Ille
1394 5059 1574 5110 autem
1611 5070 1732 5111 am-

1844 4588 2006 4645 Addit
2034 4588 2201 4644 etiam
2237 4587 2489 4655 deorum,
2538 4596 2599 4645 ut
2653 4589 2959 4648 evidentius
3006 4589 3075 4647 de
3117 4583 3430 4645 hominibus

1843 4682 2044 4737 dictum
2070 4681 2407 4750 adverteres,
2442 4681 2581 4736 inter
2607 4698 2744 4753 quos
2771 4679 3127 4752 corporaliter
3153 4678 3430 4736 habitasse

1842 4775 2190 4847 cognoscitur
2200 4774 2471 4835 Christus.
2489 4774 2534 4829 li
2558 4775 2697 4833 Deos
2713 4774 2947 4848 appellat
2965 4787 3154 4833 omnes
3176 4770 3432 4841 praesides

1842 4866 2232 4933 Ecclesiarnm,
2263 4884 2405 4941 quos
2433 4867 2576 4925 Deus
2605 4868 2831 4925 deorum
2873 4879 2980 4928 non
3010 4878 3108 4934 per
3136 4861 3304 4924 alios,
3336 4858 3431 4913 sed

1838 4974 1940 5034 per
1966 4960 2323 5032 semetipsum
2349 4958 2613 5019 discernit
2636 4975 2702 5018 ac
2722 4960 2952 5032 iudicat.
2973 4955 3014 5010 C
3042 4951 3140 5011 Vel
3159 4948 3434 5020 apostolos

1838 5064 1894 5112 et
1925 5055 2107 5126 justus
2130 5054 2264 5111 dicit
2286 5058 2439 5120 deos,
2464 5068 2604 5123 quos
2626 5055 2770 5112 Deus
2799 5050 3074 5126 diiudicat,
3120 5044 3176 5101 id
3204 5052 3292 5103 est
3323 5040 3434 5099 dis-

194 5134 312 5196 bulat
351 5141 401 5197 in
442 5143 541 5202 viis
580 5144 729 5218 ejus,
758 5138 859 5216 qui
882 5142 1150 5199 mandatis
1176 5141 1294 5213 ejus
1321 5160 1427 5201 non
1466 5148 1736 5221 reperitur
1837 5147 2016 5208 cernit
2046 5148 2119 5202 ab
2157 5149 2301 5208 aliis.
2323 5150 2560 5207 Possunt
2585 5158 2641 5205 et
2667 5144 2947 5221 angelidii
2970 5140 3094 5198 dici.

195 5230 427 5293 adversus.

196 5252 366 5291 uuver5t
384 5252 427 5293 S.

196 5322 249 5377 l3
307 5252 401 5386 Prlo
420 5331 575 5388 nihilo
589 5331 827 5405 forsitan
856 5326 1092 5384 inimicos
1120 5345 1300 5385 eorum
1327 5332 1687 5392 humiliassem
1712 5350 1733 5388 :

1833 5243 1870 5297 2
1983 5236 2263 5313 Usquequo
2286 5240 2544 5312 judicatis
2571 5241 2903 5311 iniquitatem
2925 5246 2944 5284 -‘

1983 5330 2061 5387 Et.
2085 5334 2250 5404 facies
2276 5341 2615 5406 peccatorum
2642 5333 2853 5387 sumitis
2876 5329 2900 5369 9
2926 5320 3259 5393 Diapsalnta.
