3986 5412
497 283 596 339 διι
1459 283 1496 336 S
1558 281 1905 342 BHILNONIS
1946 279 2484 337 llERBlPOLENSIS
2521 279 2824 340 EPISCOPI
3658 285 3758 347 3η

500 410 704 453 venerit
750 409 966 467 pauper
996 393 1202 450 habens
1226 393 1433 465 justum
1463 395 1756 467 negotium,
1787 403 1843 452 et
1877 395 2074 452 iterum
2101 399 2154 462 Α
2179 395 2524 453 cessitatibus
2572 393 2880 460 subvenire,
2925 401 2984 452 ut
3027 407 3334 455 mereamur
3363 391 3601 450 ﬁliorum
3648 404 3760 452 tuo-

495 493 646 549 dives
700 491 904 548 habens
949 507 1289 562 perversum,
1342 507 1439 549 vos
1494 506 1782 564 personam
1833 489 2075 563 aspicitis
2181 506 2301 548 rum
2331 505 2558 548 numero
2580 489 2841 563 copulari.
2867 487 2971 546 Per
2992 487 3282 548 Dominum
3309 500 3556 552 nostrum
3582 488 3762 554 Jesutll

493 601 600 640 non
631 584 903 655 negotium
930 599 945 649 ;
969 582 1234 654 judicium
1266 599 1392 642 vero
1417 599 1525 640 non
1558 581 1935 650 consideratis,
1967 597 2077 640 non

492 690 733 742 causam,
763 673 859 730 sed
887 689 1146 745 personas
1174 689 1360 732 eorum
1392 675 1485 748 qui
1527 689 1717 732 causas
1743 673 1966 731 habent.

488 766 524 820 5
628 767 876 823 Judicate
906 783 1065 838 egeno
1091 777 1138 822 et
1164 767 1364 839 pupillo
1390 782 1409 821 :

632 858 899 916 Humilem
919 869 966 914 et
993 877 1273 931 pauperem
1292 860 1603 931 justiﬁcate.

550 952 592 1008 C
629 953 901 1008 Admonet
927 953 1186 1010 obnixius
1213 952 1428 1009 Iudaeos
1466 963 1526 1008 ut
1554 952 1870 1010 debuissent
1913 951 2076 1008 intel-

2178 583 2478 653 Christum,
2504 592 2611 644 etc.

2665 695 2983 755 PSALMUS
3018 695 3278 753 LXXXII.

2565 829 2934 872 Αιιιιυιιειιτιιιι
2971 829 3121 871 PSAL.
3163 829 3378 876 ιιιιη.

2249 927 2292 985 C
2329 928 2445 986 Vox
2469 927 2707 985 ﬁdelium
2729 927 3134 1000 deprecantium
3163 943 3276 984 nea
3297 927 3627 985 satellitibus
3650 928 3761 986 An-

486 1044 655 1116 ligere
705 1044 1005 1111 Christum,
1053 1060 1214 1115 quem
1263 1045 1538 1112 videbam,
1579 1059 1809 1116 egenum
1855 1053 2079 1116 propter
2179 1019 2412 1076 tichristi
2439 1020 2638 1116 diutius
2659 1019 2909 1116 Ecclesia
2935 1029 3274 1094 torqueatur,
3298 1022 3393 1079 sed
3437 1022 3552 1080 cito
3581 1037 3767 1080 eorum

484 1155 586 1195 nos
613 1139 816 1196 factum
843 1148 898 1196 et
927 1153 1244 1209 pauperem,
1290 1139 1444 1210 cujus
1475 1145 1598 1195 sunt
1626 1136 1806 1194 omnia
1837 1136 1891 1192 in
1939 1136 2040 1193 coal

484 1241 540 1286 et
569 1233 622 1286 in
653 1241 818 1288 terra.
849 1231 1139 1304 Pupillum,
1181 1231 1267 1288 cui
1298 1240 1456 1303 pater
1485 1229 1719 1288 carnalis
1747 1229 1936 1288 solatia
1965 1244 2075 1288 non

483 1325 783 1395 praebebat.

479 1417 516 1472 4
627 1418 832 1491 Eripite
859 1437 1137 1492 pauperem
1161 1435 1180 1476 :
1201 1432 1250 1480 et
1274 1439 1492 1495 egenum

632 1519 712 1573 De
737 1535 898 1573 manu
928 1521 1217 1588 peccatoris
1247 1520 1486 1577 liberate.

555 1608 598 1665 C
637 1609 1061 1667 (Zommonentur
1082 1612 1172 1668 hic
1195 1627 1346 1684 ergo,
1375 1614 1467 1683 qui
1491 1627 1682 1669 manus
1707 1627 1834 1669 suas
1859 1627 1913 1668 ιιι
1943 1626 2076 1671 nece

485 1701 699 1758 Domini
731 1703 954 1759 minime
983 1704 1314 1775 polluerunt,
1345 1719 1414 1760 ne
1444 1705 1695 1761 desinant
1734 1703 1932 1774 injuste
1963 1712 2073 1759 tra-

2043 1151 2078 1193 ο
2177 1111 2522 1168 contumacia
2550 1111 2911 1183 opprimatur.

2522 1221 2636 1280 TT.
2677 1222 2957 1280 Canticum
2993 1225 3187 1296 psalmi
3216 1227 3418 1299 Asaplt.

2177 1339 2205 1396 1
2309 1339 2452 1396 Deus
2484 1353 2549 1397 σιν
2574 1339 2690 1412 quis
2711 1340 2899 1396 similis
2923 1342 3021 1396 erit
3051 1342 3146 1397 tibi
3178 1344 3196 1416 ξ
3231 1360 3247 1400 :

2322 1430 2407 1488 Ne
2428 1441 2602 1487 taceas
2633 1448 2796 1504 neque
2816 1434 3186 1503 compescaris,
3216 1432 3375 1490 Deus.

2251 1524 2293 1582 C
2331 1523 2462 1594 Quis
2487 1525 2634 1582 enim
2649 1508 2851 1582 'similis
2872 1526 2978 1582 erit
3003 1525 3074 1593 ei,
3099 1526 3190 1597 qui
3213 1526 3407 1582 coelum
3433 1534 3773 1602 terramque,

2182 1618 2266 1675 vel
2303 1627 2496 1675 cuncta
2527 1634 2648 1689 qua:
2679 1619 2732 1674 in
2761 1619 2840 1675 eis
2870 1629 3018 1685 sunt,
3047 1635 3259 1676 summa
3289 1620 3572 1679 celeritate
3603 1624 3773 1695 perfe-

2180 1710 2292 1766 cit?
2317 1725 2477 1781 quem
2517 1711 2602 1766 vir
2644 1711 2747 1767 iste
2776 1713 3139 1768 contuebatur
3171 1711 3330 1768 talem
3359 1723 3415 1770 et
3453 1722 3690 1782 tantum,
3721 1723 3774 1773 et

484 1795 653 1850 ditum
705 1797 986 1853 sceleratis
1029 1798 1260 1869 eripere,
1308 1798 1399 1870 qui
1435 1806 1808 1868 paupertatem
1854 1807 1910 1854 et
1939 1798 2072 1854 indic
2101 1811 2147 1873 Β
2177 1801 2316 1868 ideo,
2362 1802 2557 1859 merito
2603 1800 2806 1858 nullum
2832 1802 2882 1858 ei
2914 1802 3144 1860 similem
3183 1815 3304 1860 esse
3335 1803 3648 1876 profitetur.
3695 1805 3774 1864 Ne

482 1891 720 1962 gentiam
749 1907 870 1948 cum
902 1892 1240 1948 humanitate
1265 1893 1532 1964 suscepit;
1560 1891 1684 1948 ideo
1705 1901 1853 1949 recte
1873 1907 2078 1964 pauper
2183 1904 2383 1962 taceas,
2425 1894 2480 1950 in
2533 1893 2624 1952 illo
2667 1893 2852 1950 futuro
2897 1894 3149 1950 adventu.
3207 1893 3558 1968 Compescuit
3611 1897 3771 1952 etiam

482 1983 686 2040 dicitur
706 1995 762 2042 et
783 2000 1003 2056 egenus.

477 2075 515 2132 5
622 2077 932 2135 Nescierunt
982 2097 1144 2153 neque
1195 2081 1583 2149 intellexerunt,
1605 2082 1660 2136 in
1690 2079 1910 2136 tenebris
1956 2095 2074 2136 am-

695 2168 878 2224 bulant
915 2184 936 2224 :

627 2261 978 2319 Movebuntur
1002 2266 1178 2321 omnia
1207 2265 1551 2337 fundamenta
1575 2278 1749 2322 terrae.

551 2356 594 2413 C
634 2357 774 2414 Vera
815 2359 1084 2416 sententia
1133 2367 1237 2428 est,
1280 2375 1402 2430 qua:
1445 2359 1566 2416 illos
1613 2359 1748 2415 dicit
1775 2374 1882 2415 non
1915 2357 2075 2415 intel-

478 2451 678 2508 lexisse
708 2460 983 2509 auctorem
1012 2452 1255 2522 luminis,
1298 2454 1390 2525 qui
1438 2454 1494 2509 in
1544 2453 1783 2511 tenebris
1827 2452 2074 2510 ambula-

477 2548 633 2614 bant,
662 2547 789 2618 quia
813 2548 858 2602 si
890 2549 1290 2620 cognovissent,
1323 2563 1600 2619 nunquam
1633 2547 1921 2603 Dominum
1952 2546 2086 2616 glo-'

477 2642 578 2699 riae
623 2642 1027 2698 crttcilixissent
1069 2641 1123 2714 (1
1177 2641 1298 2698 Cor.
1330 2642 1414 2712 ιι).
1473 2641 1828 2697 Movebuntur
1880 2639 2074 2695 funda-

477 2745 663 2792 menta
691 2776 706 2802 ,
741 2736 954 2808 signum
985 2736 1136 2801 dicit,
1167 2736 1311 2806 quod
1357 2734 1412 2790 in
1456 2733 1808 2790 cruciﬁxione
1855 2731 2071 2788 Domini

478 2838 696 2887 constat
749 2831 1018 2888 evenisse.
1089 2830 1258 2887 Terra
1308 2839 1454 2887 mota
1492 2837 1618 2896 est,
1673 2837 1842 2902 petrae
1889 2829 2072 2885 scissae

481 2931 608 2979 sunt
661 2922 879 2995 (Matth.
919 2923 1112 2997 xxv").
1163 2923 1291 2982 Sive
1323 2923 1452 2996 quia
1494 2923 1586 2980 illo
1629 2931 1873 2994 tempore
1915 2922 2073 2979 multi

478 3025 815 3088 peccatores,
848 3017 902 3073 id
929 3026 1014 3074 est
1055 3016 1279 3088 terreni,
1306 3016 1425 3075 viso
1452 3015 1546 3074 tali
1581 3015 1865 3085 miraculo,
1889 3014 2070 3073 creti-

479 3108 697 3176 derunt,
731 3118 792 3165 ιιι
820 3108 1087 3166 centurio.

477 3199 515 3255 6
620 3199 735 3272 Ego
764 3201 878 3256 dixi
910 3216 928 3254 :
959 3201 1048 3256 Dii
1068 3203 1192 3258 estis
1211 3214 1234 3255 :

621 3297 693 3352 Et
721 3298 822 3368 ﬁlii
844 3299 1054 3355 Επειεί
1078 3316 1276 3356 omnes.

552 3389 598 3445 Η
637 3389 686 3447 0
718 3391 909 3447 Videte
935 3391 1112 3463 qualis
1139 3393 1209 3449 sit
1233 3392 1465 3464 dignitas
1506 3389 1755 3448 ﬁdelibus
1780 3391 1854 3448 dn
1880 3391 2068 3450 vocari

480 3491 538 3538 et
566 3481 683 3539 lilii.
721 3482 762 3540 C
794 3483 1207 3554 Omnes-autem
1237 3485 1357 3556 ejus
1393 3484 1488 3541 lilii
1524 3493 1808 3552 vocantur,
1837 3483 1930 3556 qui
1955 3485 2068 3541 suis

474 3574 811 3646 jussionibus
836 3577 1201 3649 acquiescant.
1227 3576 1334 3633 lste
1355 3591 1486 3649 ergo
1508 3590 1700 3632 versus
1727 3574 1883 3633 solos‘
1891 3575 2070 3648 justos

477 3666 721 3738 respicit.
813 3663 816 3666 ’

479 3760 514 3816 7
629 3759 736 3816 Vos
766 3769 941 3817 autem
963 3762 1098 3817 sicut
1124 3761 1357 3817 homines
1385 3761 1678 3816 moriemini
1702 3774 1722 3813 :

626 3854 698 3909 Et
741 3856 876 3910 sicut
927 3872 1064 3910 unus
1111 3855 1176 3909 de
1225 3854 1548 3926 principibus
1599 3852 1814 3909 cadetis.

553 3939 596 4003 C
633 3945 884 4017 Increpat
925 3946 1093 4004 etiam
1121 3947 1448 4014 incredulos,
1479 3946 1572 4018 qui
1602 3945 1739 4002 mori
1766 3944 1945 4016 potius
1970 3957 2068 4015 per

480 4041 796 4112 superbiam
824 4039 1136 4107 voluerunt,
1162 4055 1333 4112 quam,
1357 4055 1454 4111 per
1477 4037 1838 4095 obedientiam
1861 4038 2063 4093 vivere.

479 4132 719 4189 Dicendo
747 4144 928 4189 autem
982 4151 995 4188 :
1031 4134 1175 4190 sicut
1203 4132 1482 4200 homines,
1521 4131 1792 4203 signiticet
1817 4139 2067 4202 peccate-

481 4237 593 4290 res,
623 4225 715 4295 qui
746 4224 894 4282 nullo
921 4226 1100 4296 pretio
1127 4234 1254 4282 sunt
1280 4223 1566 4294 redempti,
1604 4237 1707 4278 nec
1733 4221 1799 4277 de
1825 4218 2065 4292 peccatis

480 4317 640 4374 liberi
669 4326 890 4388 propter
916 4318 1220 4388 perﬁdiam.
1246 4316 1398 4374 Unus
1426 4317 1493 4373 de
1517 4315 1850 4387 principibus
1898 4313 2066 4384 signi-

482 4410 613 4466 ﬁcat
661 4410 953 4480 diabolum,
1009 4412 1100 4480 qui
1153 4412 1219 4466 de
1261 4410 1401 4468 cmlo
1447 4410 1722 4480 proiectus
1752 4407 1980 4476 corruit,
2011 4416 2068 4463 et

482 4514 701 4571 ptenam
733 4515 844 4557 sua:
868 4502 1243 4572 perversitatis
1272 4500 1479 4557 invenit
1507 4499 1688 4572 (Apoc.
1719 4497 1844 4569 xu).

479 4591 513 4647 8
624 4591 809 4663 Surge,
844 4592 1000 4658 Deus,
1023 4591 1212 4663 judica
1241 4602 1435 4646 terram
1458 4605 1478 4642 :

625 4683 889 4750 Quoniam
941 4692 998 4737 tu
1051 4681 1382 4739 htereditabis
1426 4693 1491 4738 -ι-
1545 4681 1600 4736 in
1643 4680 1880 4736 omnibus
1941 4696 2066 4752 gen-

689 4778 848 4832 tibus.

549 4867 592 4924 C
631 4867 828 4938 Surge,
861 4867 1060 4923 dicitur
1103 4866 1202 4934 illi,
1253 4867 1345 4938 qui
1395 4868 1445 4923 in
1489 4865 1737 4939 sepulcro
1781 4867 2060 4922 triduanus

705 4961 946 4982 Δ----ς--ε.
997 4962 1054 4982 n.
1079 4960 1131 4982 2.-
1157 4961 1249 4982 19--
1288 4977 1304 4982 -
1325 4979 1370 4982 κ-
1431 4961 1510 4982 ---Ξ
1536 4970 1743 4982 ε-....-..-
1781 4960 2028 4982 ---3-...ν1ρ

2092 3207 2141 3272 C

2179 1987 2437 2045 virtutem
2476 2003 2652 2055 suam,
2703 1987 2918 2058 quando
2942 2003 3136 2059 passus
3179 1997 3286 2056 est,
3329 1989 3487 2060 quasi
3535 2005 3688 2047 reum
3714 2005 3773 2046 se

2179 2082 2353 2138 teneri
2399 2089 2456 2138 et
2481 2080 2675 2138 Pontio
2717 2080 2892 2138 Pilato
2923 2081 3082 2137 tradi.
3117 2080 3224 2138 Ista
3272 2083 3324 2138 in
3357 2081 3542 2141 futuro
3569 2081 3774 2156 judicio

2177 2174 2486 2244 cessabunt,
2518 2175 2609 2232 ubi
2634 2175 2874 2248 potentia
2904 2174 3202 2231 divinitatis
3226 2175 3502 2233 elucescet

2174 2293 2211 2349 2
2319 2293 2583 2360 Quoniam
2625 2310 2740 2350 ecce
2773 2293 2974 2349 inimici
3021 2295 3098 2348 tui
3127 2302 3413 2348 sonuerunt
3447 2305 3466 2346 :

2321 2385 2389 2440 Et
2416 2386 2507 2458 qui
2533 2385 2753 2441 oderunt
2800 2395 2848 2441 te
2880 2384 3177 2440 extulerunt
3219 2393 3396 2456 caput.

2244 2480 2286 2536 C
2321 2479 2429 2537 Iste
2469 2478 2768 2536 versiculus
2802 2479 2871 2535 ad
2903 2487 3143 2550 tempora
3171 2477 3496 2536 Antichristi
3526 2487 3766 2552 aptatur,

2173 2573 2390 2645 quando
2433 2571 2640 2628 inimici
2687 2571 2781 2628 Dei
2834 2571 3182 2628 tumultuosis
3227 2571 3587 2628 seditionibus
3620 2571 3768 2627 inso-

2174 2667 2399 2724 nabunt.
2458 2665 2768 2724 Sonuerunt
2815 2681 2945 2722 vero
2998 2665 3169 2733 dixit,
3209 2674 3401 2721 etnon
3452 2665 3565 2732 ait,
3602 2663 3768 2720 locuti

2173 2766 2327 2824 sunt,
2365 2767 2426 2814 ut
2453 2757 2533 2816 eis
2578 2767 2908 2830 negarentur
2939 2755 3102 2813 verba
3134 2755 3414 2812 hominum
3437 2795 3454 2822 ,
3482 2754 3576 2825 qui
3606 2769 3768 2810 voces

2170 2851 2523 2908 rationabiles
2570 2866 2677 2906 non
2723 2849 3014 2906 habebant.
3062 2847 3206 2904 Dicit
3228 2846 3543 2903 extulerunt
3571 2854 3768 2916 caput,

2170 2944 2300 3002 dum
2351 2943 2528 3014 capita
2576 2941 2842 3015 potuisset
2897 2941 3039 3008 dici;
3094 2939 3189 2997 sed
3245 2939 3499 2996 omnibus
3558 2936 3768 2993 insanis

2168 3053 2339 3095 unum
2368 3046 2453 3095 est
2481 3044 2673 3110 caput,
2707 3033 3098 3091 Antichristus.

2170 3144 2206 3213 3
2315 3156 2485 3228 Super
2517 3154 2768 3228 populum
2798 3163 2944 3209 tuum
2973 3151 3389 3223 malignaverunt
3433 3147 3718 3206 comitium
3747 3155 3770 3201 :

2315 3249 2385 3304 Et
2437 3250 2790 3321 cogitaverunt
2819 3247 3068 3302 adversus
3095 3253 3304 3300 sanctos
3333 3252 3474 3299 tuos.

2242 3339 2476 3411 Populus
2517 3339 2613 3395 Dei
2642 3347 2761 3406 est,
2807 3340 2898 3410 qui
2923 3346 3193 3410 praecepta
3221 3334 3468 3392 veritatis
3499 3341 3619 3390 toto
3645 3331 3768 3389 nisu

2171 3430 2396 3502 implere
2429 3430 2644 3502 satagit.
2679 3429 2722 3486 C
2751 3429 2970 3486 Addidit
2997 3429 3256 3484 adversus
3284 3434 3505 3482 sanctos
3524 3467 3541 3491 ,
3573 3434 3636 3480 ut
3660 3438 3768 3480 non

2171 3525 2347 3581 solum
2394 3523 2790 3588 mediocribus,
2823 3537 3015 3578 verum
3065 3520 3232 3577 etiam
3283 3517 3416 3591 ipsis
3450 3515 3769 3574 coelestibus

2168 3617 2302 3675 viris
2343 3617 2547 3674 inferre
2594 3624 2922 3674 conarentur
2948 3616 3195 3672 exitium.

2168 3732 2204 3790 4
2311 3734 2611 3789 Dixerunt:
2645 3729 2841 3794 Venite,
2872 3739 2921 3785 et
2944 3729 3308 3801 disperdamus
3336 3743 3423 3783 eos
3453 3725 3522 3782 de
3548 3733 3740 3798 gente:

2311 3827 2381 3882 Et
2409 3844 2512 3883 non
2541 3835 2857 3882 memoretur
2882 3840 3069 3880 nomen
3096 3821 3267 3877 Israel
3291 3821 3455 3875 ultra.

2238 3922 2281 3980 (Γ.
2320 3922 2504 3979 Talem
2557 3921 2908 3977 intentionem
2963 3918 3182 3974 habebit
3230 3915 3650 3980 Antichristus,
3708 3922 3768 3968 ut

2167 4013 2536 4071 Christianum
2591 4028 2785 4069 nomen
2833 4013 2899 4068 de
2939 4009 3070 4068 orbe
3097 4019 3364 4066 terrarum
3397 4008 3648 4064 funditus
3678 4009 3768 4063 de-

2168 4107 2377 4174 leatur‘,
2433 4105 2682 4162 nesciens
2708 4104 2907 4169 miser,
2954 4103 3113 4175 quia,
3160 4101 3288 4157 dum
3336 4115 3528 4164 servos
3558 4100 3766 4157 Christi

2167 4212 2364 4255 necare
2418 4196 2600 4268 cupit,
2651 4206 2961 4253 sanctorum
2995 4208 3282 4250 numerum
3330 4192 3554 4248 assidua
3581 4206 3766 4263 pense-

2166 4289 2385 4344 cutione
2414 4286 2723 4358 complebit.
2755 4286 2828 4341 De
2856 4293 3014 4357 gente
3035 4284 3306 4356 signiﬁcat
3325 4283 3586 4354 populum
3609 4281 3767 4338 Chri-

2166 4381 2402 4438 stianum
2424 4423 2438 4445 .
2473 4381 2587 4452 qui,
2609 4379 2856 4451 quamvis
2885 4394 2953 4435 ex
2990 4377 3236 4450 pluribus
3275 4377 3528 4447 gentibus
3559 4377 3633 4433 sit
3663 4374 3769 4431 col.

2168 4476 2369 4545 lectus,
2418 4492 2558 4532 unus
2614 4486 2822 4540 tamen,
2856 4475 2982 4546 quia
3016 4474 3083 4530 de
3119 4487 3228 4529 uno
3275 4473 3424 4530 fonte
3466 4473 3768 4546 baptisma-

2086 4572 2140 4636 D
2169 4569 2238 4626 tis
2263 4569 2507 4625 noscitur
2527 4577 2863 4638 procreatus.

2171 4660 2206 4717 5
2315 4660 2576 4728 Quoniam
2601 4661 2956 4732 cogitaverunt
2995 4660 3315 4715 unanimiter
3342 4659 3498 4714 simu.
3525 4674 3545 4713 :

2309 4756 2594 4810 Adversum
2620 4764 2668 4808 te
2692 4762 3056 4808 testamentum
3097 4752 3470 4822 disposuerunt
3511 4749 3764 4806 taberna-

2379 4849 2498 4904 cula
2542 4849 2900 4904 ldumworum
2944 4857 2991 4903 et
3038 4846 3378 4902 Ismahelitte.

2237 4959 2284 4980 I'
2325 4959 2366 4978 n
2403 4959 2416 4977 9
2464 4958 2723 4978 D-I'_9-..I
2758 4957 2860 4976 \'-.
2998 4966 3010 4974 ι
3085 4965 3096 4974 .
3148 4972 3153 4973 ,
3277 4956 3292 4972 1
3413 4955 3454 4972 I‘
3494 4955 3510 4970 Ι
3551 4965 3562 4970 -
3650 4965 3662 4970 -
