3986 5412
183 301 288 357 615(

1371 291 1732 352 EXPOSITIO
1767 289 2212 350 PSALMORUM.
2419 334 2430 346 .
2465 303 2474 342 τ
2845 371 2888 379 η
3005 298 3148 344 ξολ-κ..

3319 275 3442 354 Βῆ

181 413 212 469 6
314 414 478 470 Moab
526 424 575 470 et
621 414 867 488 Agareni.
922 394 1183 470 Gebal'et
1229 412 1451 468 Ammon
1503 422 1554 468 st
1600 407 1932 471 AmaoAIS
2005 409 2153 463 Sicut
2174 409 2310 480 ignis
2330 411 2420 482 qui
2442 405 2698 464 comburit
2727 371 2909 466 sileam
2933 381 2959 464 :i

388 508 465 563 lec
489 521 506 561 :

329 600 652 674 Alienigena:
693 618 810 657 cum
851 601 1206 656 habitantibus
1248 599 1464 672 Tyrum.

242 697 289 753 II
328 695 489 754 Moab
528 711 594 749 ea:
644 704 790 763 patre
816 692 1237 762 interpretatur,
1267 693 1367 746 hoc
1395 699 1480 747 est
1510 687 1758 756 diabolo;

174 789 435 863 Agareni,
485 787 538 840 id
568 794 653 842 est
697 786 939 850 aduente,
973 785 1179 841 scilicet
1225 784 1418 855 populo
1449 783 1542 839 Dei
1569 781 1757 848 alieni;

175 881 370 946 Gebal,
412 878 566 934 vallis
613 882 784 932 raua‘
829 877 906 932 Ge
942 877 1143 932 dicitur
1187 877 1370 941 vallis;
1422 875 1538 941 bal,
1588 891 1759 940 vana,

175 972 310 1044 quod
357 979 444 1027 est
489 984 726 1040 praesens
766 969 1032 1032 mundus,
1069 967 1120 1022 in
1165 983 1273 1038 quo
1306 967 1518 1022 vanitas
1548 972 1757 1036 regnat.

174 1066 396 1120 Ammon
418 1105 433 1128 ,
469 1061 692 1134 populus
728 1061 967 1116 turbidus
987 1099 1002 1127 ,
1031 1059 1082 1114 id
1109 1069 1196 1114 est
1233 1059 1502 1126 haeretici;
1533 1057 1575 1114 C
1600 1058 1761 1113 Ama-

173 1154 273 1221 lec,
322 1155 550 1227 populus
602 1154 836 1226 (ingens,
892 1153 944 1208 id
994 1160 1079 1208 est
1116 1151 1386 1208 fallaciter
1439 1151 1756 1217 blandiens;

174 1252 215 1308 II
258 1252 622 1324 Alienigena,
667 1251 720 1305 id
763 1259 847 1304 est
894 1248 1200 1312 Philistiui,
1233 1247 1326 1317 qui
1359 1246 1616 1301 dicuntur
1671 1263 1760 1300 ca-

173 1345 340 1399 dentes
364 1345 609 1414 potione,
649 1342 753 1398 hoc
787 1349 872 1396 est
899 1341 988 1412 qui
1037 1340 1288 1395 inebriali
1343 1347 1469 1394 sunt
1497 1339 1564 1394 de
1590 1338 1760 1394 calice

174 1436 386 1492 diaboli.
416 1435 595 1508 Tyrus
640 1435 840 1491 dicitur
880 1451 969 1488 sor
998 1432 1223 1489 Hebraea
1262 1431 1476 1503 lingua,
1506 1433 1649 1502 quod
1684 1433 1762 1486 in-

173 1540 495 1600 terpretatur
521 1532 766 1601 angustia
788 1530 980 1583 anima:
1006 1541 1025 1581 :
1047 1527 1138 1598 qui
1166 1535 1476 1598 oppugnant
1504 1527 1758 1598 populum

174 1622 258 1679 Dei
287 1623 341 1680 hi
370 1632 516 1678 sunt.
551 1623 657 1679 Sed
677 1622 956 1678 videamus
984 1635 1148 1691 quem
1173 1620 1408 1675 habeant
1429 1618 1754 1692 principem.

175 1715 424 1788 Sequitur
459 1716 604 1772 enim
653 1733 666 1770 :

174 1809 199 1863 τ
303 1807 511 1864 Etenim
561 1809 728 1864 Assur
770 1809 906 1863 venit
950 1823 1069 1861 cum
1103 1806 1209 1861 illis
1237 1817 1258 1858 :

304 1897 461 1953 Facti
508 1909 628 1954 sunt
679 1900 733 1954 in
779 1897 1103 1970 adjutoriunt
1144 1897 1271 1968 ﬁliis
1297 1895 1456 1952 Loth.

305 1989 640 2062 Diapsalma.

237 2083 280 2139 Il
322 2085 524 2154 Assur,
581 2100 679 2157 pro
725 2085 841 2156 ipso
891 2082 1104 2140 diabolo
1155 2083 1363 2155 positus
1412 2090 1514 2138 est.
1563 2081 1604 2140 C
1647 2084 1755 2154 Qu.

176 2193 352 2232 revera
398 2177 561 2233 simul
601 2191 724 2233 cum
774 2177 854 2234 eis
902 2176 1048 2232 venit
1091 2176 1157 2230 ad
1198 2175 1656 2246 oppugnationem
1687 2177 1753 2232 Il-

175 2270 380 2326 delium.
410 2269 456 2327 II
496 2271 636 2327 Loth
663 2271 931 2346 declinans
971 2271 1396 2341 interpretatur;
1429 2269 1526 2325 lilii
1578 2269 1749 2339 Loth,

175 2362 418 2418 tmmundi
457 2362 702 2435 spiritus.
762 2361 804 2418 C
855 2360 1008 2418 Unde
1058 2362 1255 2418 merito
1301 2361 1404 2417 tale
1446 2377 1645 2418 nomen
1698 2363 1752 2419 in

176 2452 267 2508 line
312 2458 541 2524 positum
585 2463 702 2520 est,
748 2453 892 2524 quod
927 2451 1344 2508 declinationem
1372 2451 1748 2522 signiﬁcaret:

177 2558 229 2598 ac
275 2543 317 2598 si
361 2545 599 2601 diceret:
629 2543 819 2600 Omnis
850 2543 966 2598 hare
1014 2541 1171 2597 turba
1217 2541 1556 2610 perditorum
1587 2541 1748 2597 simul

177 2635 443 2694 declinavit
472 2637 529 2693 in
568 2637 804 2704 malum;
836 2653 942 2692 non
972 2644 1053 2693 est
1084 2636 1175 2708 qui
1207 2634 1370 2692 faciat
1394 2635 1620 2693 bonum.

178 2752 204 2807 8
303 2752 409 2808 Fac
436 2753 544 2809 illis
574 2755 709 2808 sicut
741 2752 963 2808 Madian
989 2763 1036 2808 et
1075 2750 1274 2809 Sisara:
1302 2767 1321 2806 :

301 2844 442 2901 Sicut
491 2846 654 2901 Jabin
683 2846 735 2900 in
771 2854 994 2900 torrente
1024 2843 1204 2900 Cison.

235 2935 274 2992 C
306 2936 512 2992 Madian
538 2977 554 3004 ,
576 2937 844 2992 declinans
866 2936 1130 3007 judicium
1155 2952 1174 3001 ε
1197 2934 1380 2991 Sisara
1399 2977 1413 3002 ,
1445 2936 1627 3005 gaudii
1655 2952 1744 2990 ex-

179 3026 353 3093 tlusio;
377 3027 534 3085 Jabiu
556 3070 570 3097 ,
591 3029 800 3099 sapiens
831 3028 1014 3082 mundi
1029 3044 1049 3094 ;
1075 3026 1234 3083 Cison
1255 3066 1271 3094 ,
1302 3027 1498 3081 duritia
1541 3043 1742 3082 eorum.

177 3117 264 3186 Qui
304 3135 485 3178 omnes
538 3121 592 3176 in
645 3129 885 3177 torrente
928 3120 1092 3176 Cison
1147 3128 1201 3176 et
1253 3119 1306 3176 in
1342 3117 1524 3176 Endor
1567 3119 1738 3191 perie-

177 3225 302 3268 ηιηι.

175 3325 204 3381 9
299 3326 655 3398 Disperierunt
704 3328 761 3383 in
807 3326 1038 3382 Endor:

299 3417 444 3474 Facti
485 3429 607 3474 sunt
658 3429 714 3473 ut
760 3429 957 3474 stercus
987 3429 1160 3475 terr-te.

238 3510 276 3566 II
310 3511 520 3578 Endor,
573 3511 625 3567 id
673 3520 759 3568 est
806 3512 924 3582 fons
967 3510 1349 3583 generationis,
1391 3510 1599 3566 scilicet
1629 3526 1747 3565 car-

177 3604 326 3669 nalis,
377 3621 482 3661 non
538 3605 901 3683 baptismatis.
956 3605 996 3661 C
1047 3605 1195 3660 Facti
1246 3613 1371 3660 sunt
1428 3612 1486 3659 ut
1535 3613 1744 3660 stercus

180 3705 345 3765 teme,
373 3699 498 3753 dum
527 3698 792 3755 cadavera
817 3713 1007 3756 eorum
1033 3697 1303 3770 corporali
1329 3698 1613 3770 putredine
1637 3697 1740 3753 sol-

178 3799 426 3847 verentur.

179 3903 234 3957 to
300 3905 434 3962 Pone
475 3908 734 3979 principes
777 3923 954 3962 eorum
989 3907 1121 3962 sicut
1165 3904 1302 3962 Oreb
1345 3915 1394 3962 et
1417 3904 1565 3964 Zeb:

299 3997 360 4054 Et
398 3997 559 4055 Zebee
594 4010 641 4054 et
689 3998 974 4055 Salmana.

238 4087 275 4144 Il
299 4089 429 4147 Oreb
478 4090 722 4162 foramen
780 4091 1189 4160 interpretatur,
1249 4091 1304 4146 in
1336 4091 1480 4162 quod
1512 4089 1740 4147 coluber

179 4179 474 4252 ingreditur;
507 4185 642 4249 Zeb,
678 4184 874 4255 lupus;
896 4183 938 4238 C
962 4183 1159 4250 Zebee,
1183 4184 1413 4251 victima,
1440 4183 1484 4238 II
1510 4185 1623 4239 sive
1647 4185 1742 4239 Ito-

179 4273 278 4337 stia,
302 4274 493 4331 scilicet
533 4274 776 4341 diaboli;
813 4275 1088 4343 Salmatta,
1136 4275 1394 4345 perfectus
1431 4277 1486 4330 in
1511 4275 1738 4330 malitia.

177 4363 208 4417 C
232 4365 339 4424 Ilzec
369 4370 549 4427 omnia
587 4369 859 4427 exercitui
889 4377 1040 4441 aptat
1085 4367 1428 4423 Antichristi.
1461 4367 1563 4436 Qui
1594 4367 1737 4425 nulla

177 4463 487 4520 conversione
510 4462 768 4520 salvandi
799 4471 948 4518 sunt.

179 4551 222 4606 Il
292 4557 470 4614 Omnes
499 4558 777 4630 principes
801 4570 981 4611 eorum
1021 4569 1040 4608 .'

287 4645 380 4714 Qui
417 4651 674 4706 diaerunt
721 4661 785 4704 -ι-
834 4645 1140 4700 htereditate
1171 4643 1190 4714 ζ
1220 4642 1576 4726 ρρδδῐιιεαηιιω
1608 4659 1732 4699 ssn-

341 4746 602 4800 ctuarium
637 4741 766 4796 Dei.

223 4833 255 4888 C
285 4834 363 4892 Isti
399 4837 665 4910 superius
696 4831 968 4889 nominati
1007 4839 1297 4888 uixerunt:
1349 4829 1731 4888 Possideamus

173 4933 486 4991 sanctuarium
541 4932 671 4998 Dei,
734 4929 794 4984 id
843 4937 928 4983 est
977 4926 1231 4998 populum
1263 4927 1659 4984 Christianum.
1684 4929 1728 4986 II

173 5015 252 5076 Sed
288 5040 378 5082 non
422 5027 820 5100 perfecerunt,
878 5018 1004 5088 quia
1037 5018 1294 5075 Dominus
1335 5019 1609 5090 pugnabat
1629 5039 1729 5095 pro

170 5115 316 5182 popqu
346 5135 452 5178 suo.

168 5224 214 5280 I2
263 5232 382 5293 De“;
402 5257 577 5306 mem,
603 5247 759 5309 pone
782 5225 908 5282 illos
934 5236 988 5280 ut
1018 5236 1187 5283 rotam
1217 5241 1236 5281 :

263 5328 320 5386 Et
339 5334 465 5390 sicut
488 5328 775 5405 stipulam
815 5328 940 5376 ante
973 5320 1159 5392 facient
1183 5331 1338 5376 venti.

1781 1777 1831 1840 Β

1767 4546 1816 4611 D

2002 502 2070 558 Et
2105 505 2238 559 sicut
2259 504 2475 573 ﬂamma
2497 503 2800 559 comburens
2822 514 3042 561 montes.

1929 595 1970 651 C
1991 595 2171 668 Ignem
2198 611 2412 667 quoque
2442 603 2496 651 et
2519 595 2814 664 ﬂammam,
2847 598 3027 668 posuit
3067 596 3434 671 tempusjudi-

1860 687 1950 752 cii,
1973 688 2192 759 quando
2223 687 2372 742 silvae
2397 687 2731 742 densissima:
2751 697 3121 758 peccatorum,
3147 698 3202 744 et
3224 699 3435 748 montes

1862 783 2127 853 superbize
2150 790 2586 838 concremantur.
2615 780 2661 836 II
2688 781 2804 846 Vel.
2838 782 3029 838 silvam
3057 783 3194 838 dixit
3223 783 3436 842 steriles

1862 874 2132 938 homines,
2157 873 2249 945 qui
2271 871 2516 945 frugibus
2540 881 2747 928 carent.
2771 872 3044 930 Sterilitas
3065 875 3229 948 igitur
3251 884 3436 946 pereat

1863 969 1917 1024 in
1947 969 2049 1034 eis,
2094 977 2148 1024 et
2188 967 2462 1039 superbia,
2501 982 2621 1038 quae
2658 967 2923 1023 montium
2967 969 3183 1026 nomine
3228 969 3434 1040 signino

1861 1070 2036 1118 catur.

1862 1155 1930 1212 14
1995 1155 2081 1210 lta
2107 1156 2426 1227 persequeris
2452 1155 2573 1211 illos
2594 1157 2650 1212 in
2678 1163 2978 1227 tempestate
3006 1166 3096 1213 tua
3131 1173 3154 1214 :

2003 1251 2073 1306 Et
2097 1252 2149 1305 in
2177 1251 2258 1305 ira
2282 1261 2374 1305 tua
2400 1250 2633 1305 turbabis
2657 1268 2768 1306 eos.

1932 1341 1972 1398 C
1998 1342 2075 1398 Ita
2117 1343 2464 1414 persequeris
2517 1358 2631 1409 eos,
2685 1343 2786 1398 hoc
2817 1344 3041 1415 respicit
3087 1344 3156 1400 ad
3183 1344 3292 1412 illa,
3318 1360 3438 1418 qua

1860 1437 2112 1507 superius
2142 1435 2279 1490 dixit
2311 1453 2324 1490 :
2364 1444 2424 1490 ut
2467 1435 2545 1491 sic
2575 1435 2808 1491 debeant
2837 1437 3217 1503 exterminari,
3245 1453 3438 1509 quem-

1859 1529 2146 1584 admodum
2197 1528 2661 1599 comparationem
2703 1539 2828 1584 ante
2859 1528 3054 1586 faciem
3087 1529 3233 1585 venti
3289 1544 3442 1586 com-

1859 1632 2142 1680 memorat.
2174 1623 2230 1679 In
2262 1632 2604 1695 tempestate,
2660 1624 2765 1680 hoc
2824 1633 2906 1678 est
2930 1623 3122 1693 judicii
3175 1633 3434 1696 tempore,

1858 1717 2002 1789 quod
2051 1718 2355 1788 tempestati
2388 1718 2580 1772 merito
2626 1727 2992 1788 comparatur.
3024 1715 3287 1786 Primum,
3311 1717 3437 1788 quia

1860 1811 2212 1884 improvisum
2241 1823 2356 1879 est;
2388 1812 2607 1880 deinde,
2657 1812 2798 1882 quod
2847 1812 3026 1867 subito
3060 1811 3276 1882 fragore
3307 1826 3439 1867 con-

1857 1906 2065 1961 turbat.
2096 1905 2248 1976 Stepe
2271 1906 2508 1961 diximus
2531 1906 2667 1961 iram
2700 1905 2968 1960 divinitati
2994 1919 3100 1959 non
3126 1919 3282 1976 posse
3307 1919 3440 1959 con-

1855 2013 2071 2071 gruere,
2129 2001 2223 2056 sed
2253 2001 2321 2055 ab
2355 2000 2666 2056 hominibus
2700 2008 2930 2055 tractum
2955 2007 3058 2064 est,
3097 1999 3190 2070 qui
3220 1999 3438 2070 quando

1856 2090 2150 2146 sceleratos
2167 2091 2436 2162 judicant,
2470 2091 2611 2146 irato
2632 2091 2814 2146 animo
2841 2101 3148 2146 moventur.

1856 2180 1924 2237 15
1994 2182 2166 2253 Imple
2196 2183 2360 2253 facies
2391 2200 2569 2238 eorum
2593 2183 2883 2254 ignominia
2915 2195 2934 2236 :

2000 2288 2064 2330 σε-
2093 2273 2161 2328 Et
2188 2286 2418 2346 qumrent
2451 2290 2636 2329 nomen
2664 2284 2834 2339 tuum,
2861 2273 3086 2330 Domine
3116 2273 3135 2345 ζ
3169 2315 3184 2332 .

1925 2364 1966 2422 C
2012 2364 2168 2422 Nunc
2199 2366 2538 2422 convertitur
2591 2365 2658 2420 ad
2716 2365 2855 2432 illos,
2911 2367 3005 2436 qui
3053 2375 3179 2422 sunt
3205 2365 3436 2422 Domino

1852 2457 2152 2524 credituri;
2183 2472 2308 2512 nam
2360 2457 2576 2512 illormn
2614 2455 2783 2512 facies
2812 2456 3067 2527 impletur
3113 2455 3432 2529 ignominia,

1853 2550 1944 2620 qui
1969 2559 2318 2620 peccatorum
2360 2563 2578 2604 suorum
2606 2563 2714 2603 non
2744 2547 3069 2603 invenerunt
3097 2545 3433 2614 laudatores,

1852 2651 1906 2700 et
1937 2643 2120 2699 statim
2149 2648 2397 2712 quierunt
2428 2641 2682 2696 invocare
2711 2653 2907 2695 nomen
2935 2637 3171 2694 Domini.

1851 2737 1920 2793 I6
1994 2737 2319 2863 Erub‘escant
2350 2746 2398 2792 et
2438 2735 2816 2792 conturbentur
2845 2735 2902 2789 in
2942 2732 3194 2790 swculum
3225 2745 3290 2790 αι-
3323 2745 3437 2788 σω·

2060 2826 2165 2863 cut
2251 2828 2264 2863 :

2060 2826 2165 2865 cuti
2199 2863 2216 2880 ,
2251 2828 2264 2864 :

1986 2900 2057 2955 Et
2099 2901 2492 2972 confundantur
2516 2908 2562 2954 et
2581 2907 2815 2970 pereant.

1920 2993 1967 3048 II
1989 2992 2222 3050 Pereant
2257 2994 2551 3049 secundum
2602 2994 2704 3047 hoc
2734 2991 2877 3063 quod
2905 2988 3030 3045 mali
3066 2994 3214 3053 sunt,
3236 2994 3295 3042 ut
3319 2984 3430 3040 sal-

1847 3095 2044 3142 ventur
2086 3086 2140 3142 in
2166 3086 2267 3142 hoc
2296 3085 2440 3156 quod
2487 3085 2688 3141 bonum
2717 3093 2821 3140 est.
2847 3080 3088 3138 Perditio
3115 3079 3263 3136 enim
3289 3077 3426 3144 haec,

1772 3178 1817 3243 C
1849 3194 1958 3235 non
1998 3178 2347 3239 abolitionem
2371 3186 2548 3244 sonat,
2578 3177 2672 3233 sed
2702 3174 2952 3230 salutem.

1851 3270 1918 3326 I7
1993 3267 2060 3325 Ut
2089 3279 2401 3341 cognoscant
2421 3270 2547 3340 quia
2583 3283 2770 3322 nomen
2805 3265 2897 3320 tibi
2935 3263 3193 3318 Dominus
3216 3275 3238 3318 :

1994 3363 2073 3419 Tu
2095 3362 2237 3418 solus
2265 3362 2566 3417 Altissimus
2591 3375 2746 3430 super
2776 3373 2979 3414 omnem
3001 3365 3220 3410 terram.

1920 3453 1962 3510 C
1992 3453 2192 3510 Omnes
2218 3454 2363 3508 enim
2387 3457 2718 3522 cognoscent
2747 3447 2885 3519 (sive
2912 3446 2977 3500 ad
3007 3453 3236 3500 mortem
3263 3441 3431 3499 desti-

1848 3548 1962 3603 nati
1991 3562 2086 3603 seu
2119 3547 2186 3601 ad
2214 3545 2404 3615 vitam)
2434 3541 2884 3614 omuipotentiam
2916 3537 3013 3594 Dei
3040 3557 3054 3593 :
3084 3547 3139 3592 et
3164 3536 3287 3607 quia
3316 3537 3429 3606 ipse

1846 3641 1995 3698 solus
2041 3648 2124 3696 est
2168 3638 2507 3703 Altissimus,
2558 3636 2685 3690 dum
2744 3635 2918 3705 ipsum
2973 3629 3345 3702 cognoverint,
3372 3637 3428 3684 et

1845 3733 2122 3792 conversis
2143 3745 2386 3804 parcere,
2418 3739 2472 3786 et
2498 3728 2792 3785 obduratos
2813 3736 3016 3782 mterua
3049 3722 3252 3780 ultione
3275 3721 3430 3777 dam-

1844 3843 1995 3883 nare.

2261 3931 2463 3973 ORATIO
2499 3931 2569 3970 El
2606 3928 2758 3969 PSAL.
2797 3925 3004 3969 ωωιιι.

1913 4037 2130 4092 Discute
2181 4049 2211 4090 a
2263 4033 2438 4097 nobis,
2486 4030 2733 4095 Domine,
2785 4039 3003 4082 omnem
3033 4016 3420 4094 superﬂuitatis

1841 4143 2111 4195 errorem,
2127 4137 2206 4194 ut,
2234 4126 2438 4182 relictis
2459 4123 2712 4196 gentibus
2727 4120 3006 4183 vitiorum,
3032 4125 3084 4172 te
3108 4113 3281 4170 solum
3304 4111 3422 4184 (qui

1841 4239 2004 4293 super
2031 4237 2246 4277 omnem
2277 4230 2476 4276 terram
2519 4216 2832 4271 Altissimus
2873 4210 3168 4281 inhabitas)
3215 4216 3426 4263 metua-

1843 4331 1982 4372 mus.
2025 4315 2131 4371 Pcr
2159 4315 2446 4370 Dominum
2481 4319 2725 4366 nostrum
2774 4304 3290 4366 Jesum'Christum,
3311 4308 3423 4356 etc.

2315 4421 2637 4482 PSALMUS
2674 4419 2961 4477 LXXXIII.

2223 4553 2588 4597 ARGUSL‘NTUI
2627 4553 2776 4593 PSAL.
2821 4547 3048 4589 LXXXIII.

1911 4635 1952 4692 C
1995 4634 2113 4691 Vox
2158 4635 2417 4691 Ecclesiae
2451 4634 2619 4688 Deum
2661 4631 3014 4686 vehementer
3043 4621 3426 4686 desiderantis.

1837 4728 2055 4783 beatum
2091 4741 2209 4782 esse
2242 4723 2549 4796 profitentis
2575 4720 2666 4777 cui
2698 4719 2959 4776 Dominus
3001 4723 3224 4788 prazstat
3270 4713 3426 4768 auxi-

1837 4821 1990 4876 lium.

1837 4934 1946 4994 TT.
1988 4931 2053 4986 In
2079 4934 2236 5004 ﬁnem
2266 4948 2362 5002 pro
2389 4926 2761 4986 torcularibus.
2788 4923 2946 4978 Filiis
2975 4921 3126 4976 Core.
3161 4915 3426 4971 Psalmus.

1911 5049 1952 5104 C
1981 5047 2117 5103 Tres
2153 5054 2279 5101 sunt
2327 5043 2542 5116 psalmi,
2579 5043 2671 5114 qui
2701 5054 2798 5112 pro
2828 5035 3191 5094 torcularibus
3218 5027 3428 5083 descri-

1834 5145 2061 5204 buntur,
2113 5138 2318 5195 scilicet
2361 5145 2613 5200 octavus,
2641 5142 2696 5188 et
2729 5127 3116 5200 octogesimus,
3147 5127 3313 5188 atque
3345 5131 3427 5172 oc-

1835 5229 2134 5302 togesimus
2162 5227 2377 5290 tertius,
2405 5233 2459 5281 et
2491 5222 2766 5294 signiﬁcat
2811 5221 2878 5273 ad
2901 5221 3148 5269 sanctam
3180 5207 3428 5302 'I‘rinitat

1831 5299 1942 5382 tein
1991 5319 2097 5374 hoc
2126 5317 2447 5390 mysterium
2503 5313 2758 5369 Ecclesia:
2784 5305 3080 5378 pertinuere,
3122 5299 3266 5368 quod
3299 5299 3430 5354 trini

2235 5409 2241 5412 .
2278 5409 2287 5412 _
2792 5409 2799 5412 _
2856 5396 2891 5412 η
2973 5409 2984 5412 _
3094 5391 3226 5412 1-.-..-.
3258 5390 3270 5412 ε

2856 5396 2891 5412 1"
2973 5409 2984 5412 ..
3094 5396 3226 5412 Ι-.-..-.
3259 5396 3405 5412 ἷ-.ι-..
