3986 5412
532 363 638 443 sts'

1490 383 1548 439 s.
1585 381 1941 444 aauuoms
1977 367 2527 444 HERBIPOLENSIS“
2553 380 2861 480 EPISCOPi

3697 378 3799 435 316

538 507 566 559 1
683 501 857 572 Quam
894 499 1087 558 dilecta
1133 496 1473 559 tabernacula
1525 508 1639 569 tua,
1686 498 1918 581 .Domine
1961 502 2122 557 virtu-
2147 504 2202 566 Α
2229 498 2491 559 futurum.
2518 498 2689 570 Quem
2714 498 2894 557 locum
2924 495 3065 555 Deus
3093 496 3294 570 posuit,
3324 504 3385 553 ut
3406 494 3664 555 mandata
3692 496 3802 565 ejus

752 604 863 649 tum
902 606 923 647 .'

684 686 1023 759 Coneupiseit
1064 695 1116 743 et
1162 686 1343 757 deﬁcit
1395 686 1577 745 anima
1609 703 1727 749 mea
1752 688 1807 745 in
1845 686 1987 744 atria
2018 685 2125 742 Do-

752 782 905 837 mini.

604 874 652 931 ll
689 873 840 930 κυιιὶ
871 873 1183 930 desiderant
1231 873 1632 944 possessiones,
1662 871 1754 929 alii
1783 870 1964 930 saeculi
1990 870 2126 929 divi-

533 970 658 1036 tias,
685 969 777 1024 alii
823 982 1086 1040 apparere
1142 969 1195 1023 in
1228 968 1478 1025 ecclesiis
1503 977 1561 1023 et
1599 967 1830 1042 gloriam
1884 966 2120 1033 habere;

533 1064 669 1118 mihi
702 1061 873 1117 solum
896 1062 998 1117 hoc
1019 1061 1349 1117 desiderium
1376 1068 1461 1117 est
1485 1079 1497 1116 :
1518 1060 1921 1128 videreﬁterua
1945 1057 2125 1114 taber-

533 1154 748 1211 nacula.
800 1153 1007 1209 Dilecta
1034 1154 1223 1225 utique
1251 1162 1396 1218 sunt,
1437 1152 1529 1208 ubi
1566 1152 1917 1224 congregatio
1947 1151 2122 1208 virtu-

535 1254 648 1301 tum
679 1254 784 1309 est,
830 1260 938 1300 non
985 1245 1266 1301 vitiorum.
1301 1244 1653 1314 Concupiscit
1689 1243 1895 1309 anima,
1921 1243 2011 1300 hic
2042 1251 2127 1302 est

535 1337 683 1392 solus
711 1350 867 1391 amor
894 1350 1048 1391 meus
1074 1351 1138 1392 ac
1162 1336 1492 1392 desiderium
1517 1342 1576 1391 ut
1603 1335 1814 1391 videam
1843 1334 1980 1389 atria
2011 1344 2120 1389 tua.

531 1428 577 1486 Β
623 1429 816 1487 Deficit
870 1443 999 1486 vero
1041 1444 1193 1486 mens
1238 1429 1550 1486 necessario
1601 1429 1655 1489 iu
1701 1427 1851 1493 illud,
1902 1442 2011 1498 quo
2040 1427 2124 1483 di-

526 1532 684 1595 recta
714 1524 781 1579 ad
803 1538 1045 1595 praesens
1071 1540 1176 1579 non
1221 1524 1367 1580 valet
1395 1523 1703 1595 pervenire.
1728 1521 2126 1579 Considerabat

530 1594 682 1671 eniia
716 1594 819 1671 ille,
846 1616 1091 1672 coelestia
1137 1615 1358 1688 gaudia,
1386 1594 1480 1673 sed
1515 1615 1583 1672 ad
1606 1630 1671 1673 ea
1697 1630 1730 1673 e
1759 1612 1991 1686 vestigio
2016 1628 2124 1673 non

536 1714 757 1775 poterat
781 1708 1087 1778 pervenire.
1102 1717 1124 1735 κ

536 1798 573 1856 2
681 1797 786 1856 Cor
818 1816 992 1857 meum
1015 1810 1065 1856 et
1098 1817 1223 1858 caro
1245 1816 1362 1856 mea
1394 1817 1415 1857 :

678 1890 1088 1949 Exsultaverunt
1107 1899 1166 1947 tn
1189 1892 1357 1949 Deam
1377 1893 1576 1949 rivum.

606 1981 649 2039 C
675 1982 772 2040 Hic
805 1985 1197 2044 advertendum
1224 1992 1330 2051 est,
1367 1991 1572 2055 quanta
1610 1982 1695 2041 vir
1755 1983 1859 2041 iste
1922 1982 2126 2053 sancti-

536 2079 653 2133 tate
677 2074 844 2134 fuerit
877 2077 1171 2148 praeclarus
1204 2096 1217 2134 :
1255 2088 1316 2133 ut
1360 2094 1467 2137 non
1528 2078 1704 2135 solum
1759 2078 1878 2149 ejus
1919 2078 2122 2143 anima,

535 2181 725 2223 verum
774 2169 938 2227 etiam
985 2185 1116 2231 caro
1167 2172 1312 2245 (quae
1341 2171 1463 2242 plus
1504 2170 1968 2243 praevaricationis
1993 2170 2126 2229 vitio

538 2258 803 2330 probatur
859 2261 1118 2335 obnoxia)
1151 2262 1204 2321 in
1234 2263 1598 2322 exsultatione
1626 2262 1740 2328 Dei,
1774 2262 1917 2323 felici
1976 2270 2126 2327 sorte

537 2354 863 2423 proruperit,
898 2357 1202 2426 praevidens
1226 2359 1367 2416 bona
1411 2356 1580 2417 futuri
1608 2357 1814 2426 saeculi,
1861 2372 1982 2428 qua:
2004 2372 2125 2413 con-

538 2444 739 2504 ﬁdebat
765 2463 826 2506 se
852 2449 1029 2521 gratia
1056 2449 1261 2508 Christi
1290 2451 1539 2523 adipisci.

535 2537 571 2595 5
678 2539 889 2599 Etenim
911 2558 1096 2613 passer
1118 2543 1315 2600 inuenit
1338 2557 1403 2601 σι-
1430 2545 1529 2601 sibi
1561 2546 1580 2619 ζ
1611 2544 1824 2602 domum
1854 2556 1875 2598 :

714 2630 786 2689 Et
817 2642 997 2690 turtur
1019 2635 1201 2691 nidum
1224 2637 1347 2704 sibi,
1371 2638 1462 2693 ubi
1496 2648 1715 2710 reponat
1734 2636 1909 2710 pullos
1929 2637 2096 2695 suos.‘

608 2724 651 2782 C
682 2724 879 2783 Passer
911 2736 997 2783 est
1044 2728 1213 2785 nimia
1265 2729 1558 2787 velocitate
1595 2731 1939 2799 celerrimus,
1967 2730 2126 2791 habi-

537 2823 663 2873 tans
693 2818 747 2874 in
783 2816 1139 2877 foraminibus
1180 2821 1632 2894 parietum,.qui,
1661 2822 1789 2879 dum
1832 2821 2129 2885 habitatio-

537 2922 661 2964 nem
682 2908 971 2977 invenerit,
1004 2911 1162 2969 valde
1189 2912 1346 2969 lretus
1370 2915 1641 2983 exsultat;
1666 2915 1748 2973 sic
1771 2915 1974 2983 anima,
1998 2917 2125 2971 dum

539 2998 595 3054 in
638 3014 806 3071 regno
839 3001 1107 3059 caelorum
1159 3005 1500 3061 mansionem
1550 3021 1704 3062 suam
1742 3006 1979 3064 senserit
2006 3023 2126 3065 esse

538 3102 921 3165 praeparatam,
978 3096 1197 3166 gaudet.
1227 3097 1434 3154 Turtur
1489 3113 1620 3155 vero
1661 3100 1969 3156 castissima
2008 3100 2123 3156 avis

538 3193 641 3251 est,
668 3185 761 3257 qui
819 3202 924 3243 una
961 3196 1173 3245 tantum
1219 3199 1304 3246 est
1342 3191 1686 3262 copulatione
1722 3202 2034 3260 contentus,
2062 3194 2127 3248 ti-

2224 595 2615 660 custodientes,
2650 592 2765 650 illic
2788 590 3121 648 collocemur
3145 589 3502 647 :eternaliter.

2222 687 2255 741 7
2365 684 2578 745 Etenim
2611 684 2999 741 benedictiones
3035 680 3180 738 dabit
3224 680 3498 755 legislator
3525 697 3539 735 :
3568 678 3715 735 ibunt
3740 677 3803 733 de

2441 778 2628 834 virtute
2648 778 2705 832 in
2732 776 2976 831 virtutem
2998 789 3018 830 :

2377 867 2651 927 Videbitur
2669 868 2812 926 Deus
2837 868 3055 924 deorum
3073 867 3129 923 in
3149 865 3300 923 Sion.

2296 963 2340 1022 ll
2371 964 2676 1037 Legislator
2703 963 2956 1021 Christus
2982 969 3086 1029 est,
3119 960 3213 1032 qui
3253 959 3347 1016 dat
3371 956 3804 1016 benedictionem

2223 1060 2314 1116 hic
2335 1059 2473 1115 bene
2502 1056 2888 1131 pugnantibus.
2924 1054 2990 1111 Et
3054 1055 3210 1112 ibunt
3247 1052 3315 1110 de
3362 1052 3567 1108 virtute
3620 1051 3676 1106 in
3705 1051 3810 1109 vir-

2228 1163 2394 1211 tutem
2423 1173 2437 1209 :
2468 1155 2560 1226 qui
2612 1154 2700 1211 hic
2756 1151 2926 1209 fortes
2958 1150 3329 1223 apparuerint,
3361 1148 3434 1205 ibi
3469 1147 3809 1206 robustiores

2226 1251 2383 1305 fiunt.
2411 1248 2453 1304 C
2482 1248 2625 1304 Deus
2687 1247 2913 1303 deorum
2941 1245 3163 1310 dicitur,
3214 1240 3359 1300 sicut
3382 1241 3502 1299 Rex
3533 1256 3726 1314 regum
3759 1250 3810 1297 et

2227 1343 2485 1399 Dominus
2514 1339 2928 1397 dominantium.
2963 1336 3011 1393 ll
3041 1336 3256 1404 Quanta
3312 1334 3503 1391 laetitia
3530 1342 3617 1390 est
3649 1333 3726 1389 ire
3749 1333 3810 1391 tle

2224 1435 2425 1489 virtute
2458 1434 2512 1489 in
2564 1432 2845 1496 virtutem,
2878 1438 2934 1486 et
2955 1431 3059 1485 hoc
3090 1429 3267 1500 ipsum
3295 1426 3499 1484 habere
3529 1425 3811 1498 praemium

2225 1534 2284 1582 ut
2304 1526 2581 1583 Christum
2609 1524 2796 1580 videre
2827 1538 3135 1579 mereamur
3160 1539 3175 1575 :
3202 1520 3373 1576 Deum
3395 1520 3602 1593 quippe
3633 1518 3814 1573 videre

2225 1621 2434 1678 infinita
2463 1634 2663 1676 corona
2708 1626 2809 1674 est.
2836 1617 2952 1673 Non
3000 1615 3136 1672 dicit
3186 1621 3364 1670 autem
3397 1630 3412 1667 :
3442 1613 3602 1670 ibunt
3626 1612 3694 1668 de
3714 1612 3813 1666 im-

2223 1712 2522 1783 becillitate
2556 1711 2610 1768 in
2660 1710 2939 1775 virtutem,
2968 1707 3064 1765 sed
3114 1708 3180 1765 de
3206 1707 3409 1762 virtute
3449 1706 3505 1763 in
3534 1705 3812 1771 virtutem,

2226 1805 2353 1874 quia
2407 1803 2510 1859 nisi
2568 1802 2656 1858 hic
2703 1801 3054 1858 habuerimus
3111 1798 3393 1865 virtutem,
3447 1796 3521 1852 ibi
3556 1795 3813 1869 majorem

2151 1873 2200 1937 Β
2228 1873 2439 1952 habere
2473 1911 2580 1951 non
2614 1908 2922 1968 possumus.
2955 1891 3052 1949 Vis
3091 1891 3165 1948 ibi
3196 1889 3476 1958 coronari,
3505 1889 3597 1945 hic
3618 1902 3812 1960 pugna.

2226 1987 2261 2045 8
2373 1988 2636 2055 Domine,
2704 1987 2847 2049 Deus
2909 1985 3203 2051 virtutum,
3257 1982 3455 2041 exaudi
3527 1981 3814 2037 oralionem

2437 2095 2607 2134 meant
2638 2093 2656 2130 ἔ

2368 2156 2599 2230 duribus
2619 2171 2846 2243 percipe,
2872 2168 3017 2229 Deus
3039 2169 3228 2225 Iacob.
3267 2165 3609 2238 Diapsaluta.

2297 2267 2338 2326 C
2367 2270 2511 2325 Deus
2539 2268 2831 2336 virtutum,
2860 2275 2917 2323 et
2932 2265 3076 2321 Deus
3099 2264 3291 2330 Jacob,
3319 2263 3433 2334 ipse
3454 2270 3539 2317 est
3569 2258 3817 2315 Christus

2224 2360 2407 2431 Jesus,
2438 2362 2529 2432 qui
2564 2360 2911 2417 inimicorum
2936 2372 3161 2415 suorum
3202 2370 3325 2415 esse
3356 2351 3818 2411 clementissimus

2226 2455 2603 2527 supplantator
2632 2452 3001 2525 cognoscitur,
3032 2452 3250 2522 quando
3298 2463 3491 2507 eorum
3548 2446 3819 2518 ueqnitias

2227 2549 2294 2604 ad
2329 2549 2593 2604 virtutum
2644 2546 2869 2603 semitas
2897 2543 3031 2601 facit
3055 2543 3341 2615 pervenire
3381 2541 3644 2599 directas.
3677 2538 3818 2597 Dici.

2228 2650 2317 2697 tur
2344 2656 2472 2698 vero
2500 2641 2641 2697 Deus
2667 2639 2950 2704 virtutum,
2993 2636 3253 2708 quoniam
3308 2633 3378 2693 ab
3409 2634 3529 2704 ipso
3557 2632 3819 2688 habemus

2227 2746 2288 2792 ut
2314 2750 2504 2793 eamus
2534 2735 2601 2790 de
2626 2733 2830 2790 virtute
2852 2732 2907 2790 in
2935 2730 3219 2795 virtutem,
3239 2736 3295 2787 et
3320 2727 3389 2785 ab
3414 2726 3533 2798 ipso
3552 2730 3679 2782 sunt
3703 2719 3818 2776 solo

2226 2842 2417 2884 omnes
2442 2827 2697 2885 virtutes.
2841 2884 2847 2890 _

2226 2919 2260 2975 9
2368 2917 2644 2975 Protector
2673 2926 2870 2985 noster,
2893 2916 3090 2990 aspice,
3119 2912 3259 2969 Deus
3297 2924 3310 2961 τ

2367 3010 2436 3068 Et
2470 3011 2666 3084 respice
2687 3012 2742 3066 in
2769 3009 2961 3079 faciem
2984 3007 3171 3065 cbristi
3204 3005 3307 3061 tui.

2298 3105 2344 3163 ll
2368 3102 2783 3177 Respicitenim
2810 3101 2975 3158 Pater
3022 3098 3075 3154 in
3105 3097 3301 3154 faciem
3341 3091 3489 3159 Filii,
3522 3087 3741 3169 quando
3768 3090 3819 3146 in

2226 3178 2476 3270 Ké’E'ﬁér
2522 3212 2677 3252 suam
2735 3192 2967 3267 gratiam
3023 3190 3300 3263 respicere
3362 3186 3641 3259 dignatur,
3692 3184 3821 3255 quia

538 3271 734 3345 liisque
762 3277 876 3332 suis
911 3278 1194 3335 nidificare
1239 3283 1607 3352 cognoscitur,
1633 3292 1689 3339 et
1710 3283 1984 3355 signiﬁcat
2014 3284 2121 3340 Ec-
2153 3275 2198 3337 C
2230 3290 2481 3346 Christus
2512 3296 2695 3360 caput,
2727 3301 2828 3342 nos
2863 3284 3108 3341 membra
3137 3282 3306 3352 ipsius
3334 3294 3545 3344 sumus,
3581 3285 3637 3332 et
3660 3273 3823 3332 Chri-

539 3367 784 3436 clesiam,
805 3385 945 3441 quae,
972 3380 1172 3442 praeter
1189 3373 1394 3432 Christi
1424 3375 1662 3447 Domini,
1690 3376 1917 3434 alterius
1946 3377 2127 3434 nescit

539 3456 742 3516 habere
774 3463 1129 3520 consortium.

538 3546 574 3602 4
679 3549 888 3608 Attat-ia
911 3563 1024 3622 tua,
1048 3555 1270 3614 Domine
1291 3560 1540 3616 virtutum
1563 3576 1583 3616 :

683 3640 796 3699 Rea:
820 3662 965 3703 meus
990 3659 1038 3703 et
1059 3648 1202 3705 Deus
1225 3666 1394 3707 meus.

611 3734 654 3792 C
682 3735 893 3797 Altaria
937 3748 1051 3809 tua,
1093 3743 1185 3800 ubi
1218 3745 1556 3816 jungendum
1590 3757 1675 3804 est
1696 3748 1841 3819 quod
1869 3748 1921 3804 in
1950 3764 2127 3821 primo

539 3841 703 3889 versu
757 3830 962 3889 dictum
1009 3844 1136 3891 est:
1168 3852 1333 3907 quam
1384 3840 1638 3896 amabilia
1676 3850 1803 3897 sunt
1841 3852 1899 3898 et
1927 3841 2125 3899 dilecta

541 3930 711 3979 sunt:
754 3925 847 3981 ubi
875 3926 1099 3984 satietas
1135 3944 1352 4002 semper
1378 3934 1554 4003 magis
1590 3934 1799 3998 incitat,
1838 3950 1938 3991 nec
1968 3935 2125 3991 beata

540 4016 755 4074 esuries
800 4019 1095 4092 aliquando
1140 4023 1389 4081 discedit.
1436 4025 1554 4082 Rex
1585 4041 1615 4082 a
1649 4028 1872 4099 regendo
1904 4027 2123 4095 dicitur,

540 4104 686 4165 Deus
713 4118 845 4169 vero
870 4126 900 4169 a
937 4112 1189 4181 creando,
1234 4117 1483 4187 quamvis
1522 4127 1581 4175 et
1621 4119 1871 4177 timorem
1927 4135 2122 4177 nomen

541 4196 672 4257 illud
704 4200 928 4260 indicet.

540 4286 577 4345 ὅ
685 4290 835 4351 Beati
856 4298 947 4367 qui
971 4296 1210 4359 habitant
1237 4302 1294 4358 in
1320 4304 1475 4358 domo
1501 4312 1637 4366 tua:

630 4420 635 4429 ι
681 4381 751 4442 In
772 4388 970 4447 saeuis
998 4392 1640 4455 ‘eceulorumlaudabunt
1669 4408 1739 4460 te.
1783 4398 2119 4469 Diapsalma.

613 4473 654 4531 (ἶ
698 4474 887 4544 Qualis
930 4496 1062 4553 ergo
1116 4484 1260 4545 illius
1304 4490 1485 4547 saeculi
1541 4504 1770 4548 ventura
1803 4493 1987 4549 laetitia
2018 4502 2120 4561 est,

542 4566 634 4659 ubi
666 4567 827 4659 datur
854 4574 1071 4649 copiose
1095 4580 1354 4649 gaudere,
1389 4591 1443 4637 et
1472 4600 1747 4656 nunquam
1770 4586 1838 4642 ab
1864 4602 1930 4643 ea
1961 4602 2121 4659 posse

540 4654 841 4728 discedere,
874 4670 927 4719 et
957 4664 1076 4721 sine
1104 4667 1210 4724 line
1235 4668 1405 4726 Deum
1435 4654 1695 4730 laudare?

540 4743 576 4805 6
678 4747 875 4808 Beatus
901 4756 982 4810 vir
1001 4756 1152 4829 cujus
1175 4769 1249 4819 est
1269 4762 1527 4820 auxilium
1550 4766 1641 4822 abs
1668 4777 1716 4822 te
1741 4782 1757 4824 :
1789 4769 2117 4827 escensiones

752 4845 809 4901 in
830 4849 987 4905 corde
1009 4867 1106 4907 suo
1126 4852 1387 4925 disposuit
1406 4858 1461 4912 in
1483 4858 1616 4916 valle
1637 4859 1991 4935 lacrymarum
2024 4880 2044 4920 :

680 4937 751 4995 In
772 4939 886 4997 loco
907 4961 1057 5016 quem
1085 4949 1281 5021 posuit.

606 5029 970 5095 CProdithic
998 5038 1215 5098 labores
1264 5043 1782 5120 colluctationesque
1843 5050 2113 5118 diliiciles,

536 5139 659 5182 cum
682 5128 832 5182 dicit.
866 5134 1127 5182 atlxilinm
1156 5139 1255 5182 aha
1290 5149 1359 5182 In,
1391 5141 1452 5182 ΠΙ
1487 5144 1612 5182 nstin

1647 5158 1744 5182 nar-
1768 5144 1995 5182 “hns‘nns
2027 5162 2120 5182 vn-

2229 3391 2346 3440 stus
2368 3383 2420 3437 in
2453 3382 2607 3437 nobis
2633 3388 2736 3439 est.
2765 3376 2921 3455 Unde
2951 3377 3068 3449 ipse
3094 3375 3172 3432 ait
3197 3392 3211 3429 :
3236 3372 3338 3442 Qui
3368 3386 3467 3427 vos
3496 3369 3711 3443 recipit,
3734 3382 3823 3424 me

2228 3474 2423 3545 recipit
2455 3472 2607 3545 (Luc.
2656 3470 2736 3541 ιι).
2766 3470 2834 3527 Et
2889 3466 3220 3543 Apostolus:
3261 3464 3342 3519 An
3381 3460 3819 3533 experimentum

2228 3568 2469 3640 quaeritis
2494 3568 2611 3638 ejus
2636 3565 2729 3639 qui
2761 3565 2815 3620 in
2845 3579 2931 3619 me
2963 3561 3205 3634 loquitur
3232 3556 3525 3615 Christus?
3550 3555 3571 3628 (
3598 3552 3664 3610 ΙΙ
3695 3550 3817 3609 Cor.

2227 3660 2373 3731 xm.)
2411 3657 2545 3725 Quia
2593 3658 2775 3729 itaque
2823 3654 3074 3711 Christus
3102 3653 3155 3708 in
3208 3649 3364 3707 nobis
3388 3658 3493 3710 est,
3530 3647 3587 3703 in
3615 3644 3820 3702 Christi

2226 3748 2421 3806 faciem
2455 3748 2657 3806 dicitur
2680 3747 2841 3803 Pater
2868 3746 3164 3819 respicere,
3218 3756 3341 3799 cum
3373 3741 3427 3797 in
3447 3753 3549 3796 nos
3572 3737 3819 3812 respicit,

2227 3843 2353 3912 quia
2385 3850 2609 3914 propter
2634 3855 2758 3897 eum
2795 3855 2892 3895 nos
2916 3836 3157 3909 l‘CSIIiCil.

2230 3932 2295 3988 il)
2371 3932 2633 4000 Quoniam
2672 3931 2948 3988 meliorest
2977 3931 3088 3986 dies
3118 3944 3181 3986 σιμ
3207 3945 3314 3984 una
3345 3926 3367 4001 ζ
3394 3928 3454 3983 in
3480 3925 3637 3982 atriis
3658 3925 3763 3982 tuis
3794 3936 3817 3978 :

2369 4022 2539 4095 Super
2552 4022 2740 4080 millia.

2296 4115 2337 4171 C
2361 4116 2485 4171 Dies
2516 4115 2618 4171 ista
2640 4123 2846 4171 aeterna
2868 4123 2975 4179 est,
3000 4127 3100 4169 nec
3129 4111 3343 4169 initium
3391 4110 3559 4167 habet
3587 4124 3692 4166 nec
3715 4109 3819 4165 line

2226 4208 2589 4263 concluditur.
2624 4205 2669 4262 ll
2720 4206 2835 4263 Una
2865 4207 2981 4262 dies
3009 4215 3091 4262 est
3120 4212 3402 4277 perpetua,
3433 4202 3565 4274 quia
3591 4217 3701 4258 non
3729 4202 3819 4258 ha-

2226 4301 2319 4356 bet
2350 4308 2562 4357 noctem
2591 4315 2691 4357 nec
2717 4301 2968 4357 tenebras
2984 4300 3169 4372 (Apoc.
3197 4298 3334 4369 XXI).
3353 4296 3394 4353 C
3419 4296 3597 4367 Super
3626 4295 3813 4359 millia,

2228 4397 2485 4467 mundum
2518 4397 2680 4453 istum
2712 4398 3007 4468 signiﬁcat,
3033 4396 3124 4452 ubi
3148 4395 3316 4451 millia
3339 4394 3552 4450 dierum
3582 4391 3817 4449 sustinet

2227 4490 2280 4545 in
2312 4488 2494 4556 linem,
2522 4496 2577 4544 et
2600 4488 2668 4542 ab
2686 4502 2793 4544 uno
2816 4488 2904 4544 illo
2928 4488 3182 4555 vincitur,
3200 4485 3467 4558 quidquid
3496 4483 3553 4541 in
3586 4483 3812 4539 istorum

2227 4582 2764 4654 multiplicationibus
2777 4591 3136 4662 _aggregatur.

2226 4678 2281 4733 il
2364 4676 2517 4747 Elegi
2539 4677 2772 4747 abjectus
2800 4693 2911 4731 esse
2934 4677 2990 4730 in
3025 4676 3182 4732 domo
3209 4673 3310 4729 Dei
3328 4674 3430 4729 mei
3456 4688 3477 4729 :

2369 4768 2537 4840 Magis
2590 4784 2749 4840 quant
2774 4767 3012 4824 habitare
3061 4768 3117 4823 in
3168 4764 3522 4827 tabernaculis
3572 4771 3808 4837 peccato-

2430 4878 2492 4916 ΤΠ
2498 4878 2547 4917 ηι
2555 4901 2568 4913 .

2291 4956 2332 5012 C
2362 4955 2618 5027 Ahjectus
2644 4953 2789 5011 enim
2814 4953 2904 5012 ille
2932 4961 3039 5023 est,
3063 4953 3154 5026 qui
3176 4953 3415 5010 humana
3445 4950 3809 5008 mstimatione

2219 5049 2449 5107 habetur
2468 5057 2785 5115 extremus;
2819 5048 2914 5106 sed
2940 5048 3083 5121 apud
3104 5048 3272 5103 Deum
3304 5044 3644 5101 honorabilis
3657 5043 3807 5111 judi-

2224 5151 2378 5182 nntnr
2422 5142 2512 5182 nni
2536 5150 2756 5182 nrmtlar
2783 5157 2977 5182 nnmnn
3013 5140 3181 5182 insin:
3226 5140 3366 5182 intra
3390 5136 3640 5182 Ιιηηιίηρε
3659 5137 3801 5182 vidn-
