  <div class='ocr_page' id='page_1' title='image "/cluster/home/n/w/nwhite01/storage/ocr_20150623/142/hvd.32044015471808/165.png"; bbox 0 0 3986 5412; ppageno 0'>
   <div class='ocr_carea' id='block_1_1' title="bbox 575 223 3836 289">
    <p class='ocr_par' dir='ltr' id='par_1_1' title="bbox 575 223 3836 289">
     <span class='ocr_line' id='line_1_1' title="bbox 575 223 3836 289; baseline 0 -1"><span class='ocrx_word' id='word_1_1' title='bbox 575 225 686 288; x_wconf 71' lang='lat'><strong>319</strong></span> <span class='ocrx_word' id='word_1_2' title='bbox 1540 227 1598 284; x_wconf 93' lang='lat' dir='ltr'><strong>S.</strong></span> <span class='ocrx_word' id='word_1_3' title='bbox 1639 223 1991 286; x_wconf 80' lang='lat' dir='ltr'><strong>BRUNONIS</strong></span> <span class='ocrx_word' id='word_1_4' title='bbox 2029 225 2573 288; x_wconf 79' lang='lat' dir='ltr'><strong>HERBIPOLENSIS</strong></span> <span class='ocrx_word' id='word_1_5' title='bbox 2609 228 2917 288; x_wconf 75' lang='lat' dir='ltr'><strong>EPISCOPI</strong></span> <span class='ocrx_word' id='word_1_6' title='bbox 3737 232 3836 289; x_wconf 68' lang='lat'><strong>320</strong></span> 
     </span>
    </p>
   </div>
   <div class='ocr_carea' id='block_1_2' title="bbox 575 343 3835 422">
    <p class='ocr_par' dir='ltr' id='par_1_2' title="bbox 575 343 3835 422">
     <span class='ocr_line' id='line_1_2' title="bbox 575 343 3835 422; baseline 0.001 -18"><span class='ocrx_word' id='word_1_7' title='bbox 575 347 640 406; x_wconf 74' lang='lat' dir='ltr'><strong>ﬂ</strong></span> <span class='ocrx_word' id='word_1_8' title='bbox 717 343 1088 404; x_wconf 70' lang='lat' dir='ltr'><strong>Misericordia</strong></span> <span class='ocrx_word' id='word_1_9' title='bbox 1108 353 1156 400; x_wconf 87' lang='lat' dir='ltr'><strong>et</strong></span> <span class='ocrx_word' id='word_1_10' title='bbox 1177 345 1365 400; x_wconf 88' lang='lat' dir='ltr'><strong>veritas</strong></span> <span class='ocrx_word' id='word_1_11' title='bbox 1383 345 1716 402; x_wconf 82' lang='lat' dir='ltr'><strong>obviaverunt</strong></span> <span class='ocrx_word' id='word_1_12' title='bbox 1744 346 1845 402; x_wconf 88' lang='lat' dir='ltr'><strong>sibi</strong></span> <span class='ocrx_word' id='word_1_13' title='bbox 1870 359 1889 400; x_wconf 91' lang='lat'><strong><em>:</em></strong></span> <span class='ocrx_word' id='word_1_14' title='bbox 2183 349 2238 410; x_wconf 76' lang='grc' dir='ltr'>Α</span> <span class='ocrx_word' id='word_1_15' title='bbox 2261 349 2518 406; x_wconf 89' lang='lat' dir='ltr'><strong>ostendit.</strong></span> <span class='ocrx_word' id='word_1_16' title='bbox 2533 349 2746 422; x_wconf 84' lang='lat' dir='ltr'><strong>Egenus</strong></span> <span class='ocrx_word' id='word_1_17' title='bbox 2759 349 2923 405; x_wconf 89' lang='lat' dir='ltr'><strong>etiam</strong></span> <span class='ocrx_word' id='word_1_18' title='bbox 2950 355 3004 404; x_wconf 89' lang='lat' dir='ltr'><strong>et</strong></span> <span class='ocrx_word' id='word_1_19' title='bbox 3028 359 3235 420; x_wconf 87' lang='lat' dir='ltr'><strong>pauper</strong></span> <span class='ocrx_word' id='word_1_20' title='bbox 3256 354 3362 416; x_wconf 87' lang='lat' dir='ltr'><strong>est,</strong></span> <span class='ocrx_word' id='word_1_21' title='bbox 3383 345 3632 419; x_wconf 76' lang='lat' dir='ltr'><strong>quisquis</strong></span> <span class='ocrx_word' id='word_1_22' title='bbox 3655 363 3835 407; x_wconf 86' lang='lat' dir='ltr'><strong>merue</strong></span> 
     </span>
    </p>
   </div>
   <div class='ocr_carea' id='block_1_3' title="bbox 647 437 3832 512">
    <p class='ocr_par' dir='ltr' id='par_1_3' title="bbox 647 437 3832 512">
     <span class='ocr_line' id='line_1_3' title="bbox 647 437 3832 512; baseline 0.002 -18"><span class='ocrx_word' id='word_1_23' title='bbox 647 449 666 468; x_wconf 76' lang='lat'><strong>’</strong></span> <span class='ocrx_word' id='word_1_24' title='bbox 714 437 935 495; x_wconf 75' lang='lat' dir='ltr'><strong>Iustitia</strong></span> <span class='ocrx_word' id='word_1_25' title='bbox 953 446 1001 492; x_wconf 84' lang='lat' dir='ltr'><strong>et</strong></span> <span class='ocrx_word' id='word_1_26' title='bbox 1024 453 1132 510; x_wconf 76' lang='lat' dir='ltr'><strong>pax</strong></span> <span class='ocrx_word' id='word_1_27' title='bbox 1155 438 1407 493; x_wconf 79' lang='lat' dir='ltr'><strong>osculata:</strong></span> <span class='ocrx_word' id='word_1_28' title='bbox 1435 447 1580 493; x_wconf 89' lang='lat' dir='ltr'><strong>sunt.</strong></span> <span class='ocrx_word' id='word_1_29' title='bbox 2260 438 2333 495; x_wconf 89' lang='lat' dir='ltr'><strong>rit</strong></span> <span class='ocrx_word' id='word_1_30' title='bbox 2357 440 2540 497; x_wconf 87' lang='lat' dir='ltr'><strong>numdi</strong></span> <span class='ocrx_word' id='word_1_31' title='bbox 2562 441 2720 497; x_wconf 91' lang='lat' dir='ltr'><strong>istius</strong></span> <span class='ocrx_word' id='word_1_32' title='bbox 2746 439 3102 512; x_wconf 87' lang='lat' dir='ltr'><strong>perversitate</strong></span> <span class='ocrx_word' id='word_1_33' title='bbox 3144 439 3384 509; x_wconf 88' lang='lat' dir='ltr'><strong>vacuari,</strong></span> <span class='ocrx_word' id='word_1_34' title='bbox 3427 440 3604 512; x_wconf 80' lang='lat' dir='ltr'><strong>qualis</strong></span> <span class='ocrx_word' id='word_1_35' title='bbox 3626 445 3832 501; x_wconf 82' lang='lat' dir='ltr'><strong>veraci-</strong></span> 
     </span>
    </p>
   </div>
   <div class='ocr_carea' id='block_1_4' title="bbox 641 529 2774 601">
    <p class='ocr_par' dir='ltr' id='par_1_4' title="bbox 641 529 2774 601">
     <span class='ocr_line' id='line_1_4' title="bbox 641 529 2774 601; baseline -0 -13"><span class='ocrx_word' id='word_1_36' title='bbox 641 529 684 588; x_wconf 91' lang='lat' dir='ltr'><strong>C</strong></span> <span class='ocrx_word' id='word_1_37' title='bbox 710 529 928 588; x_wconf 76' lang='lat' dir='ltr'><strong>Christo</strong></span> <span class='ocrx_word' id='word_1_38' title='bbox 947 529 1090 587; x_wconf 91' lang='lat' dir='ltr'><strong>enim</strong></span> <span class='ocrx_word' id='word_1_39' title='bbox 1114 529 1550 601; x_wconf 68' lang='lat' dir='ltr'><strong>praestante,duo</strong></span> <span class='ocrx_word' id='word_1_40' title='bbox 1565 537 1893 588; x_wconf 88' lang='lat' dir='ltr'><strong>testamenta</strong></span> <span class='ocrx_word' id='word_1_41' title='bbox 1915 531 1971 587; x_wconf 90' lang='lat' dir='ltr'><strong>in</strong></span> <span class='ocrx_word' id='word_1_42' title='bbox 1995 531 2157 589; x_wconf 90' lang='lat' dir='ltr'><strong>unius</strong></span> <span class='ocrx_word' id='word_1_43' title='bbox 2259 539 2345 588; x_wconf 90' lang='lat' dir='ltr'><strong>ter</strong></span> <span class='ocrx_word' id='word_1_44' title='bbox 2376 531 2478 588; x_wconf 83' lang='lat' dir='ltr'><strong>fuit</strong></span> <span class='ocrx_word' id='word_1_45' title='bbox 2503 531 2774 589; x_wconf 85' lang='lat' dir='ltr'><strong>Christus.</strong></span> 
     </span>
    </p>
   </div>
   <div class='ocr_carea' id='block_1_5' title="bbox 569 622 3762 696">
    <p class='ocr_par' dir='ltr' id='par_1_5' title="bbox 569 622 3762 696">
     <span class='ocr_line' id='line_1_5' title="bbox 569 622 3762 696; baseline -0 -14"><span class='ocrx_word' id='word_1_46' title='bbox 569 622 928 696; x_wconf 89' lang='lat' dir='ltr'><strong>copulationis</strong></span> <span class='ocrx_word' id='word_1_47' title='bbox 953 624 1152 680; x_wconf 89' lang='lat' dir='ltr'><strong>seriem</strong></span> <span class='ocrx_word' id='word_1_48' title='bbox 1177 623 1412 680; x_wconf 88' lang='lat' dir='ltr'><strong>adducta</strong></span> <span class='ocrx_word' id='word_1_49' title='bbox 1453 631 1598 680; x_wconf 89' lang='lat' dir='ltr'><strong>sunt.</strong></span> <span class='ocrx_word' id='word_1_50' title='bbox 1630 623 1690 680; x_wconf 91' lang='lat' dir='ltr'><strong>In</strong></span> <span class='ocrx_word' id='word_1_51' title='bbox 1719 639 1860 681; x_wconf 89' lang='lat' dir='ltr'><strong>novo</strong></span> <span class='ocrx_word' id='word_1_52' title='bbox 1885 624 2030 682; x_wconf 89' lang='lat' dir='ltr'><strong>enim</strong></span> <span class='ocrx_word' id='word_1_53' title='bbox 2055 624 2157 682; x_wconf 87' lang='lat' dir='ltr'><strong>mi-</strong></span> <span class='ocrx_word' id='word_1_54' title='bbox 2257 622 2295 679; x_wconf 73' lang='lat'><strong>3</strong></span> <span class='ocrx_word' id='word_1_55' title='bbox 2402 623 2620 680; x_wconf 86' lang='lat' dir='ltr'><strong>Custodi</strong></span> <span class='ocrx_word' id='word_1_56' title='bbox 2647 625 2878 680; x_wconf 86' lang='lat' dir='ltr'><strong>animam</strong></span> <span class='ocrx_word' id='word_1_57' title='bbox 2909 641 3077 680; x_wconf 86' lang='lat' dir='ltr'><strong>meam</strong></span> <span class='ocrx_word' id='word_1_58' title='bbox 3105 623 3356 696; x_wconf 86' lang='lat' dir='ltr'><strong>quoniam</strong></span> <span class='ocrx_word' id='word_1_59' title='bbox 3379 633 3594 680; x_wconf 87' lang='lat' dir='ltr'><strong>sanctus</strong></span> <span class='ocrx_word' id='word_1_60' title='bbox 3613 642 3762 682; x_wconf 82' lang='lat' dir='ltr'><strong>sum:</strong></span> 
     </span>
    </p>
   </div>
   <div class='ocr_carea' id='block_1_6' title="bbox 566 715 3836 789">
    <p class='ocr_par' dir='ltr' id='par_1_6' title="bbox 566 715 3836 789">
     <span class='ocr_line' id='line_1_6' title="bbox 566 715 3836 789; baseline -0 -14"><span class='ocrx_word' id='word_1_61' title='bbox 566 717 863 776; x_wconf 80' lang='lat' dir='ltr'><strong>sericordia</strong></span> <span class='ocrx_word' id='word_1_62' title='bbox 890 725 999 785; x_wconf 86' lang='lat' dir='ltr'><strong>est,</strong></span> <span class='ocrx_word' id='word_1_63' title='bbox 1034 717 1088 774; x_wconf 90' lang='lat' dir='ltr'><strong>in</strong></span> <span class='ocrx_word' id='word_1_64' title='bbox 1119 733 1228 789; x_wconf 90' lang='lat' dir='ltr'><strong>qua</strong></span> <span class='ocrx_word' id='word_1_65' title='bbox 1252 717 1580 785; x_wconf 84' lang='lat' dir='ltr'><strong>liberamur;</strong></span> <span class='ocrx_word' id='word_1_66' title='bbox 1613 718 1669 774; x_wconf 91' lang='lat' dir='ltr'><strong>in</strong></span> <span class='ocrx_word' id='word_1_67' title='bbox 1723 719 1896 776; x_wconf 83' lang='lat' dir='ltr'><strong>veteri</strong></span> <span class='ocrx_word' id='word_1_68' title='bbox 1925 721 2152 787; x_wconf 87' lang='lat' dir='ltr'><strong>veritas,</strong></span> <span class='ocrx_word' id='word_1_69' title='bbox 2401 716 2621 774; x_wconf 91' lang='lat' dir='ltr'><strong>Salvum</strong></span> <span class='ocrx_word' id='word_1_70' title='bbox 2644 717 2731 789; x_wconf 80' lang='lat' dir='ltr'><strong>[ac</strong></span> <span class='ocrx_word' id='word_1_71' title='bbox 2755 733 2960 774; x_wconf 88' lang='lat' dir='ltr'><strong>servum</strong></span> <span class='ocrx_word' id='word_1_72' title='bbox 2983 726 3153 784; x_wconf 87' lang='lat' dir='ltr'><strong>tuum,</strong></span> <span class='ocrx_word' id='word_1_73' title='bbox 3179 715 3321 774; x_wconf 94' lang='lat' dir='ltr'><strong>Deus</strong></span> <span class='ocrx_word' id='word_1_74' title='bbox 3343 733 3512 786; x_wconf 87' lang='lat' dir='ltr'><strong>meus,</strong></span> <span class='ocrx_word' id='word_1_75' title='bbox 3547 729 3836 789; x_wconf 73' lang='lat' dir='ltr'><strong>sperantem</strong></span> 
     </span>
    </p>
   </div>
   <div class='ocr_carea' id='block_1_7' title="bbox 566 809 2619 882">
    <p class='ocr_par' dir='ltr' id='par_1_7' title="bbox 566 809 2619 882">
     <span class='ocr_line' id='line_1_7' title="bbox 566 809 2619 882; baseline -0 -18"><span class='ocrx_word' id='word_1_76' title='bbox 566 809 656 864; x_wconf 92' lang='lat' dir='ltr'><strong>ubi</strong></span> <span class='ocrx_word' id='word_1_77' title='bbox 683 809 1068 882; x_wconf 88' lang='lat' dir='ltr'><strong>prophetarum</strong></span> <span class='ocrx_word' id='word_1_78' title='bbox 1119 810 1461 866; x_wconf 89' lang='lat' dir='ltr'><strong>annuntiatio</strong></span> <span class='ocrx_word' id='word_1_79' title='bbox 1495 825 1624 867; x_wconf 89' lang='lat' dir='ltr'><strong>vera</strong></span> <span class='ocrx_word' id='word_1_80' title='bbox 1656 811 1985 868; x_wconf 88' lang='lat' dir='ltr'><strong>continetur.</strong></span> <span class='ocrx_word' id='word_1_81' title='bbox 2023 811 2156 882; x_wconf 65' lang='lat' dir='ltr'><strong>Quae</strong></span> <span class='ocrx_word' id='word_1_82' title='bbox 2467 810 2523 864; x_wconf 88' lang='lat' dir='ltr'><strong>in</strong></span> <span class='ocrx_word' id='word_1_83' title='bbox 2551 819 2619 864; x_wconf 87' lang='lat' dir='ltr'><strong>te.</strong></span> 
     </span>
    </p>
   </div>
   <div class='ocr_carea' id='block_1_8' title="bbox 566 899 3837 976">
    <p class='ocr_par' dir='ltr' id='par_1_8' title="bbox 566 899 3837 976">
     <span class='ocr_line' id='line_1_8' title="bbox 566 899 3837 976; baseline 0.002 -18"><span class='ocrx_word' id='word_1_84' title='bbox 566 902 668 958; x_wconf 87' lang='lat' dir='ltr'><strong>sibi</strong></span> <span class='ocrx_word' id='word_1_85' title='bbox 693 901 1138 958; x_wconf 89' lang='lat' dir='ltr'><strong>obviaveruntad</strong></span> <span class='ocrx_word' id='word_1_86' title='bbox 1164 903 1398 974; x_wconf 89' lang='lat' dir='ltr'><strong>gratiam</strong></span> <span class='ocrx_word' id='word_1_87' title='bbox 1446 904 1769 973; x_wconf 85' lang='lat' dir='ltr'><strong>promissam</strong></span> <span class='ocrx_word' id='word_1_88' title='bbox 1803 905 2154 976; x_wconf 79' lang='lat' dir='ltr'><strong>perfectionis</strong></span> <span class='ocrx_word' id='word_1_89' title='bbox 2326 899 2367 958; x_wconf 91' lang='lat' dir='ltr'><strong>C</strong></span> <span class='ocrx_word' id='word_1_90' title='bbox 2407 899 2639 957; x_wconf 75' lang='lat' dir='ltr'><strong>Sanctus</strong></span> <span class='ocrx_word' id='word_1_91' title='bbox 2679 902 2823 958; x_wconf 83' lang='lat' dir='ltr'><strong>enim</strong></span> <span class='ocrx_word' id='word_1_92' title='bbox 2860 901 3038 958; x_wconf 72' lang='lat' dir='ltr'><strong>dictus</strong></span> <span class='ocrx_word' id='word_1_93' title='bbox 3083 901 3353 958; x_wconf 76' lang='lat' dir='ltr'><strong>veraciter</strong></span> <span class='ocrx_word' id='word_1_94' title='bbox 3398 901 3652 958; x_wconf 75' lang='lat' dir='ltr'><strong>Christus</strong></span> <span class='ocrx_word' id='word_1_95' title='bbox 3691 902 3837 975; x_wconf 81' lang='lat' dir='ltr'><strong>(quia</strong></span> 
     </span>
    </p>
   </div>
   <div class='ocr_carea' id='block_1_9' title="bbox 567 990 3838 1070">
    <p class='ocr_par' dir='ltr' id='par_1_9' title="bbox 567 990 3838 1070">
     <span class='ocr_line' id='line_1_9' title="bbox 567 990 3838 1070; baseline 0.002 -21"><span class='ocrx_word' id='word_1_96' title='bbox 567 992 916 1064; x_wconf 88' lang='lat' dir='ltr'><strong>implendam.</strong></span> <span class='ocrx_word' id='word_1_97' title='bbox 945 990 1218 1050; x_wconf 68' lang='lat' dir='ltr'><strong>Osculataa</strong></span> <span class='ocrx_word' id='word_1_98' title='bbox 1240 1004 1368 1050; x_wconf 91' lang='lat' dir='ltr'><strong>sunt</strong></span> <span class='ocrx_word' id='word_1_99' title='bbox 1393 1010 1496 1066; x_wconf 82' lang='lat' dir='ltr'><strong>pax</strong></span> <span class='ocrx_word' id='word_1_100' title='bbox 1528 994 1832 1065; x_wconf 85' lang='lat' dir='ltr'><strong>etjustitia,</strong></span> <span class='ocrx_word' id='word_1_101' title='bbox 1865 1013 1984 1070; x_wconf 71' lang='lat' dir='ltr'><strong>qua:</strong></span> <span class='ocrx_word' id='word_1_102' title='bbox 2008 998 2151 1054; x_wconf 90' lang='lat' dir='ltr'><strong>idem</strong></span> <span class='ocrx_word' id='word_1_103' title='bbox 2254 997 2438 1052; x_wconf 90' lang='lat' dir='ltr'><strong>mundi</strong></span> <span class='ocrx_word' id='word_1_104' title='bbox 2471 995 2628 1053; x_wconf 90' lang='lat' dir='ltr'><strong>istius</strong></span> <span class='ocrx_word' id='word_1_105' title='bbox 2653 995 2937 1052; x_wconf 85' lang='lat' dir='ltr'><strong>illecebras</strong></span> <span class='ocrx_word' id='word_1_106' title='bbox 2975 997 3388 1053; x_wconf 83' lang='lat' dir='ltr'><strong>conversatione</strong></span> <span class='ocrx_word' id='word_1_107' title='bbox 3431 996 3674 1054; x_wconf 73' lang='lat' dir='ltr'><strong>cmlestis</strong></span> <span class='ocrx_word' id='word_1_108' title='bbox 3719 1000 3838 1056; x_wconf 75' lang='lat' dir='ltr'><strong>vita:</strong></span> 
     </span>
    </p>
   </div>
   <div class='ocr_carea' id='block_1_10' title="bbox 563 1085 3839 1162">
    <p class='ocr_par' dir='ltr' id='par_1_10' title="bbox 563 1085 3839 1162">
     <span class='ocr_line' id='line_1_10' title="bbox 563 1085 3839 1162; baseline 0.002 -20"><span class='ocrx_word' id='word_1_109' title='bbox 563 1085 906 1159; x_wconf 85' lang='lat' dir='ltr'><strong>significant;</strong></span> <span class='ocrx_word' id='word_1_110' title='bbox 938 1086 1082 1158; x_wconf 93' lang='lat' dir='ltr'><strong>quod</strong></span> <span class='ocrx_word' id='word_1_111' title='bbox 1134 1087 1506 1144; x_wconf 81' lang='lat' dir='ltr'><strong>misericordia</strong></span> <span class='ocrx_word' id='word_1_112' title='bbox 1550 1097 1606 1144; x_wconf 90' lang='lat' dir='ltr'><strong>et</strong></span> <span class='ocrx_word' id='word_1_113' title='bbox 1652 1089 1856 1145; x_wconf 88' lang='lat' dir='ltr'><strong>veritas</strong></span> <span class='ocrx_word' id='word_1_114' title='bbox 1892 1089 2150 1147; x_wconf 75' lang='lat' dir='ltr'><strong>osculata:</strong></span> <span class='ocrx_word' id='word_1_115' title='bbox 2252 1089 2502 1162; x_wconf 79' lang='lat' dir='ltr'><strong>calcavit)</strong></span> <span class='ocrx_word' id='word_1_116' title='bbox 2547 1091 2680 1162; x_wconf 85' lang='lat' dir='ltr'><strong>petit</strong></span> <span class='ocrx_word' id='word_1_117' title='bbox 2719 1105 2778 1146; x_wconf 89' lang='lat' dir='ltr'><strong>se</strong></span> <span class='ocrx_word' id='word_1_118' title='bbox 2801 1089 3006 1146; x_wconf 90' lang='lat' dir='ltr'><strong>salvum</strong></span> <span class='ocrx_word' id='word_1_119' title='bbox 3037 1090 3157 1146; x_wconf 88' lang='lat' dir='ltr'><strong>fieri</strong></span> <span class='ocrx_word' id='word_1_120' title='bbox 3203 1106 3234 1146; x_wconf 92' lang='lat' dir='ltr'><strong>a</strong></span> <span class='ocrx_word' id='word_1_121' title='bbox 3273 1091 3579 1157; x_wconf 83' lang='lat' dir='ltr'><strong>divinitate,</strong></span> <span class='ocrx_word' id='word_1_122' title='bbox 3626 1101 3690 1148; x_wconf 92' lang='lat' dir='ltr'><strong>ut</strong></span> <span class='ocrx_word' id='word_1_123' title='bbox 3743 1109 3839 1150; x_wconf 84' lang='lat' dir='ltr'><strong>nos</strong></span> 
     </span>
    </p>
   </div>
   <div class='ocr_carea' id='block_1_11' title="bbox 562 1177 3840 1245">
    <p class='ocr_par' dir='ltr' id='par_1_11' title="bbox 562 1177 3840 1245">
     <span class='ocr_line' id='line_1_11' title="bbox 562 1177 3840 1245; baseline 0.003 -12"><span class='ocrx_word' id='word_1_124' title='bbox 562 1193 682 1235; x_wconf 87' lang='lat' dir='ltr'><strong>sese</strong></span> <span class='ocrx_word' id='word_1_125' title='bbox 706 1186 854 1245; x_wconf 88' lang='lat' dir='ltr'><strong>sunt,</strong></span> <span class='ocrx_word' id='word_1_126' title='bbox 881 1177 933 1234; x_wconf 89' lang='lat' dir='ltr'><strong>id</strong></span> <span class='ocrx_word' id='word_1_127' title='bbox 959 1187 1044 1235; x_wconf 91' lang='lat' dir='ltr'><strong>est</strong></span> <span class='ocrx_word' id='word_1_128' title='bbox 1085 1178 1137 1234; x_wconf 92' lang='lat' dir='ltr'><strong>in</strong></span> <span class='ocrx_word' id='word_1_129' title='bbox 1166 1195 1330 1235; x_wconf 88' lang='lat' dir='ltr'><strong>uuam</strong></span> <span class='ocrx_word' id='word_1_130' title='bbox 1359 1189 1626 1237; x_wconf 88' lang='lat' dir='ltr'><strong>venerunt</strong></span> <span class='ocrx_word' id='word_1_131' title='bbox 1670 1181 1917 1238; x_wconf 87' lang='lat' dir='ltr'><strong>amabilis</strong></span> <span class='ocrx_word' id='word_1_132' title='bbox 1938 1190 2152 1238; x_wconf 87' lang='lat' dir='ltr'><strong>senten-</strong></span> <span class='ocrx_word' id='word_1_133' title='bbox 2251 1185 2550 1241; x_wconf 85' lang='lat' dir='ltr'><strong>instrueret</strong></span> <span class='ocrx_word' id='word_1_134' title='bbox 2597 1183 2829 1241; x_wconf 90' lang='lat' dir='ltr'><strong>salutem</strong></span> <span class='ocrx_word' id='word_1_135' title='bbox 2859 1199 2966 1240; x_wconf 90' lang='lat' dir='ltr'><strong>non</strong></span> <span class='ocrx_word' id='word_1_136' title='bbox 2995 1199 3118 1242; x_wconf 88' lang='lat' dir='ltr'><strong>esse</strong></span> <span class='ocrx_word' id='word_1_137' title='bbox 3147 1185 3504 1244; x_wconf 88' lang='lat' dir='ltr'><strong>constitutam</strong></span> <span class='ocrx_word' id='word_1_138' title='bbox 3553 1187 3611 1243; x_wconf 91' lang='lat' dir='ltr'><strong>in</strong></span> <span class='ocrx_word' id='word_1_139' title='bbox 3651 1187 3840 1243; x_wconf 85' lang='lat' dir='ltr'><strong>huma-</strong></span> 
     </span>
    </p>
   </div>
   <div class='ocr_carea' id='block_1_12' title="bbox 563 1271 2590 1348">
    <p class='ocr_par' dir='ltr' id='par_1_12' title="bbox 563 1271 2590 1348">
     <span class='ocr_line' id='line_1_12' title="bbox 563 1271 2590 1348; baseline 0.002 -21"><span class='ocrx_word' id='word_1_140' title='bbox 563 1273 652 1328; x_wconf 69' lang='lat' dir='ltr'><strong>tia:</strong></span> <span class='ocrx_word' id='word_1_141' title='bbox 681 1271 1050 1329; x_wconf 87' lang='lat' dir='ltr'><strong>concordiam.</strong></span> <span class='ocrx_word' id='word_1_142' title='bbox 1081 1271 1184 1341; x_wconf 86' lang='lat' dir='ltr'><strong>Qui</strong></span> <span class='ocrx_word' id='word_1_143' title='bbox 1233 1275 1435 1330; x_wconf 89' lang='lat' dir='ltr'><strong>amoris</strong></span> <span class='ocrx_word' id='word_1_144' title='bbox 1485 1275 1764 1348; x_wconf 81' lang='lat' dir='ltr'><strong>amplexus</strong></span> <span class='ocrx_word' id='word_1_145' title='bbox 1814 1276 1933 1332; x_wconf 86' lang='lat' dir='ltr'><strong>ﬁeri</strong></span> <span class='ocrx_word' id='word_1_146' title='bbox 1985 1277 2145 1345; x_wconf 91' lang='lat' dir='ltr'><strong>solet,</strong></span> <span class='ocrx_word' id='word_1_147' title='bbox 2248 1276 2334 1333; x_wconf 91' lang='lat' dir='ltr'><strong>nis</strong></span> <span class='ocrx_word' id='word_1_148' title='bbox 2365 1275 2590 1333; x_wconf 89' lang='lat' dir='ltr'><strong>viribus.</strong></span> 
     </span>
    </p>
   </div>
   <div class='ocr_carea' id='block_1_13' title="bbox 561 1362 3837 1446">
    <p class='ocr_par' dir='ltr' id='par_1_13' title="bbox 561 1362 3837 1446">
     <span class='ocr_line' id='line_1_13' title="bbox 561 1362 3837 1446; baseline 0.004 -29"><span class='ocrx_word' id='word_1_149' title='bbox 561 1362 776 1434; x_wconf 86' lang='lat' dir='ltr'><strong>quando</strong></span> <span class='ocrx_word' id='word_1_150' title='bbox 827 1378 990 1419; x_wconf 89' lang='lat' dir='ltr'><strong>causa</strong></span> <span class='ocrx_word' id='word_1_151' title='bbox 1040 1363 1345 1421; x_wconf 88' lang='lat' dir='ltr'><strong>dilectionis</strong></span> <span class='ocrx_word' id='word_1_152' title='bbox 1377 1365 1650 1436; x_wconf 90' lang='lat' dir='ltr'><strong>homines,</strong></span> <span class='ocrx_word' id='word_1_153' title='bbox 1677 1383 1736 1424; x_wconf 87' lang='lat' dir='ltr'><strong>se</strong></span> <span class='ocrx_word' id='word_1_154' title='bbox 1764 1375 1887 1440; x_wconf 90' lang='lat' dir='ltr'><strong>post</strong></span> <span class='ocrx_word' id='word_1_155' title='bbox 1922 1367 2146 1440; x_wconf 90' lang='lat' dir='ltr'><strong>longum</strong></span> <span class='ocrx_word' id='word_1_156' title='bbox 2246 1369 2281 1428; x_wconf 80' lang='lat'><strong>3</strong></span> <span class='ocrx_word' id='word_1_157' title='bbox 2390 1369 2640 1428; x_wconf 73' lang='lat' dir='ltr'><strong>Miserere</strong></span> <span class='ocrx_word' id='word_1_158' title='bbox 2691 1373 2814 1437; x_wconf 88' lang='lat' dir='ltr'><strong>mei,</strong></span> <span class='ocrx_word' id='word_1_159' title='bbox 2845 1370 3090 1440; x_wconf 84' lang='lat' dir='ltr'><strong>Domine,</strong></span> <span class='ocrx_word' id='word_1_160' title='bbox 3121 1373 3369 1446; x_wconf 85' lang='lat' dir='ltr'><strong>quoniam</strong></span> <span class='ocrx_word' id='word_1_161' title='bbox 3397 1373 3468 1428; x_wconf 89' lang='lat' dir='ltr'><strong>ad</strong></span> <span class='ocrx_word' id='word_1_162' title='bbox 3518 1384 3568 1430; x_wconf 89' lang='lat' dir='ltr'><strong>te</strong></span> <span class='ocrx_word' id='word_1_163' title='bbox 3616 1375 3837 1430; x_wconf 82' lang='lat' dir='ltr'><strong>clamavi</strong></span> 
     </span>
    </p>
   </div>
   <div class='ocr_carea' id='block_1_14' title="bbox 560 1456 3526 1532">
    <p class='ocr_par' dir='ltr' id='par_1_14' title="bbox 560 1456 3526 1532">
     <span class='ocr_line' id='line_1_14' title="bbox 560 1456 3526 1532; baseline 0.002 -19"><span class='ocrx_word' id='word_1_164' title='bbox 560 1467 770 1529; x_wconf 88' lang='lat' dir='ltr'><strong>tempus</strong></span> <span class='ocrx_word' id='word_1_165' title='bbox 795 1456 1066 1524; x_wconf 82' lang='lat' dir='ltr'><strong>videntes,</strong></span> <span class='ocrx_word' id='word_1_166' title='bbox 1097 1457 1432 1514; x_wconf 86' lang='lat' dir='ltr'><strong>osculantur.</strong></span> <span class='ocrx_word' id='word_1_167' title='bbox 2465 1471 2574 1516; x_wconf 89' lang='lat' dir='ltr'><strong>tota</strong></span> <span class='ocrx_word' id='word_1_168' title='bbox 2608 1463 2722 1518; x_wconf 88' lang='lat' dir='ltr'><strong>die:</strong></span> <span class='ocrx_word' id='word_1_169' title='bbox 2750 1461 2966 1532; x_wconf 69' lang='lat' dir='ltr'><strong>lecti/ica</strong></span> <span class='ocrx_word' id='word_1_170' title='bbox 2987 1463 3220 1519; x_wconf 90' lang='lat' dir='ltr'><strong>animam</strong></span> <span class='ocrx_word' id='word_1_171' title='bbox 3249 1467 3382 1520; x_wconf 80' lang='lat' dir='ltr'><strong>servi</strong></span> <span class='ocrx_word' id='word_1_172' title='bbox 3412 1465 3526 1520; x_wconf 89' lang='lat' dir='ltr'><strong>tui:</strong></span> 
     </span>
    </p>
   </div>
   <div class='ocr_carea' id='block_1_15' title="bbox 560 1547 3832 1628">
    <p class='ocr_par' dir='ltr' id='par_1_15' title="bbox 560 1547 3832 1628">
     <span class='ocr_line' id='line_1_15' title="bbox 560 1547 3832 1628; baseline 0.002 -21"><span class='ocrx_word' id='word_1_173' title='bbox 560 1550 628 1607; x_wconf 77' lang='grc'>12</span> <span class='ocrx_word' id='word_1_174' title='bbox 715 1547 915 1604; x_wconf 83' lang='lat' dir='ltr'><strong>Veritas</strong></span> <span class='ocrx_word' id='word_1_175' title='bbox 938 1549 1003 1605; x_wconf 87' lang='lat' dir='ltr'><strong>de</strong></span> <span class='ocrx_word' id='word_1_176' title='bbox 1027 1559 1167 1606; x_wconf 88' lang='lat' dir='ltr'><strong>terra</strong></span> <span class='ocrx_word' id='word_1_177' title='bbox 1189 1561 1305 1606; x_wconf 89' lang='lat' dir='ltr'><strong>orta</strong></span> <span class='ocrx_word' id='word_1_178' title='bbox 1326 1562 1403 1607; x_wconf 87' lang='lat' dir='ltr'><strong>est</strong></span> <span class='ocrx_word' id='word_1_179' title='bbox 1425 1569 1444 1608; x_wconf 80' lang='lat'><strong>.°</strong></span> <span class='ocrx_word' id='word_1_180' title='bbox 2390 1553 2651 1620; x_wconf 83' lang='lat' dir='ltr'><strong>Quoniam</strong></span> <span class='ocrx_word' id='word_1_181' title='bbox 2667 1554 2736 1608; x_wconf 87' lang='lat' dir='ltr'><strong>ad</strong></span> <span class='ocrx_word' id='word_1_182' title='bbox 2757 1565 2804 1610; x_wconf 93' lang='lat' dir='ltr'><strong>te</strong></span> <span class='ocrx_word' id='word_1_183' title='bbox 2819 1569 2882 1611; x_wconf 62' lang='grc' dir='ltr'><strong>αθ-</strong></span> <span class='ocrx_word' id='word_1_184' title='bbox 2902 1554 3123 1611; x_wconf 81' lang='lat' dir='ltr'><strong>Domine</strong></span> <span class='ocrx_word' id='word_1_185' title='bbox 3155 1557 3173 1628; x_wconf 70' lang='grc' dir='ltr'>ζ</span> <span class='ocrx_word' id='word_1_186' title='bbox 3204 1557 3436 1610; x_wconf 87' lang='lat' dir='ltr'><strong>animam</strong></span> <span class='ocrx_word' id='word_1_187' title='bbox 3463 1573 3636 1610; x_wconf 87' lang='lat' dir='ltr'><strong>meam</strong></span> <span class='ocrx_word' id='word_1_188' title='bbox 3652 1556 3832 1612; x_wconf 76' lang='lat' dir='ltr'><strong>levavi.</strong></span> 
     </span>
    </p>
   </div>
   <div class='ocr_carea' id='block_1_16' title="bbox 696 1643 3836 1722">
    <p class='ocr_par' dir='ltr' id='par_1_16' title="bbox 696 1643 3836 1722">
     <span class='ocr_line' id='line_1_16' title="bbox 696 1643 3836 1722; baseline 0 -20"><span class='ocrx_word' id='word_1_189' title='bbox 696 1646 765 1704; x_wconf 89' lang='lat' dir='ltr'><strong>Et</strong></span> <span class='ocrx_word' id='word_1_190' title='bbox 779 1648 993 1719; x_wconf 86' lang='lat' dir='ltr'><strong>justitia</strong></span> <span class='ocrx_word' id='word_1_191' title='bbox 1020 1650 1085 1706; x_wconf 91' lang='lat' dir='ltr'><strong>de</strong></span> <span class='ocrx_word' id='word_1_192' title='bbox 1106 1649 1230 1706; x_wconf 77' lang='lat' dir='ltr'><strong>ctelo</strong></span> <span class='ocrx_word' id='word_1_193' title='bbox 1258 1651 1546 1722; x_wconf 75' lang='lat' dir='ltr'><strong>prospexit.</strong></span> <span class='ocrx_word' id='word_1_194' title='bbox 1710 1698 1715 1710; x_wconf 86' lang='lat'>.</span> <span class='ocrx_word' id='word_1_195' title='bbox 2169 1713 2214 1722; x_wconf 81' lang='lat'>__</span> <span class='ocrx_word' id='word_1_196' title='bbox 2316 1643 2358 1701; x_wconf 89' lang='lat' dir='ltr'><strong>C</strong></span> <span class='ocrx_word' id='word_1_197' title='bbox 2409 1643 2560 1700; x_wconf 88' lang='lat' dir='ltr'><strong>Unus</strong></span> <span class='ocrx_word' id='word_1_198' title='bbox 2603 1653 2765 1714; x_wconf 88' lang='lat' dir='ltr'><strong>atque</strong></span> <span class='ocrx_word' id='word_1_199' title='bbox 2809 1645 2950 1700; x_wconf 89' lang='lat' dir='ltr'><strong>idem</strong></span> <span class='ocrx_word' id='word_1_200' title='bbox 2990 1645 3132 1700; x_wconf 90' lang='lat' dir='ltr'><strong>Deus</strong></span> <span class='ocrx_word' id='word_1_201' title='bbox 3175 1644 3336 1701; x_wconf 89' lang='lat' dir='ltr'><strong>homo</strong></span> <span class='ocrx_word' id='word_1_202' title='bbox 3377 1645 3631 1703; x_wconf 88' lang='lat' dir='ltr'><strong>Christus</strong></span> <span class='ocrx_word' id='word_1_203' title='bbox 3679 1645 3836 1703; x_wconf 82' lang='lat' dir='ltr'><strong>Jesus</strong></span> 
     </span>
    </p>
   </div>
   <div class='ocr_carea' id='block_1_17' title="bbox 625 1713 3836 1817">
    <p class='ocr_par' dir='ltr' id='par_1_17' title="bbox 625 1713 3836 1817">
     <span class='ocr_line' id='line_1_17' title="bbox 625 1713 3836 1817; baseline 0.002 -27"><span class='ocrx_word' id='word_1_204' title='bbox 625 1739 668 1796; x_wconf 87' lang='lat' dir='ltr'><strong>C</strong></span> <span class='ocrx_word' id='word_1_205' title='bbox 697 1713 912 1800; x_wconf 50' lang='lat' dir='ltr'><strong>Veiitas</strong></span> <span class='ocrx_word' id='word_1_206' title='bbox 933 1742 999 1800; x_wconf 78' lang='lat' dir='ltr'><strong>de</strong></span> <span class='ocrx_word' id='word_1_207' title='bbox 1024 1752 1166 1800; x_wconf 70' lang='lat' dir='ltr'><strong>terra</strong></span> <span class='ocrx_word' id='word_1_208' title='bbox 1193 1713 1315 1800; x_wconf 62' lang='grc' dir='ltr'><strong>οιοὶει</strong></span> <span class='ocrx_word' id='word_1_209' title='bbox 1361 1713 1464 1811; x_wconf 57' lang='grc' dir='ltr'><strong>(ζει,</strong></span> <span class='ocrx_word' id='word_1_210' title='bbox 1490 1746 1708 1817; x_wconf 75' lang='lat' dir='ltr'><strong>quando</strong></span> <span class='ocrx_word' id='word_1_211' title='bbox 1737 1761 1804 1803; x_wconf 64' lang='lat' dir='ltr'><strong>ex</strong></span> <span class='ocrx_word' id='word_1_212' title='bbox 1829 1746 1997 1802; x_wconf 67' lang='lat' dir='ltr'><strong>Maria</strong></span> <span class='ocrx_word' id='word_1_213' title='bbox 2030 1747 2142 1804; x_wconf 71' lang='lat' dir='ltr'><strong>vir.</strong></span> <span class='ocrx_word' id='word_1_214' title='bbox 2168 1713 2219 1777; x_wconf 76' lang='lat' dir='ltr'><strong>B</strong></span> <span class='ocrx_word' id='word_1_215' title='bbox 2245 1737 2379 1810; x_wconf 94' lang='lat' dir='ltr'><strong>petit</strong></span> <span class='ocrx_word' id='word_1_216' title='bbox 2431 1713 2886 1804; x_wconf 81' lang='lat' dir='ltr'><strong>misericordiam,</strong></span> <span class='ocrx_word' id='word_1_217' title='bbox 2940 1738 3035 1810; x_wconf 90' lang='lat' dir='ltr'><strong>qui</strong></span> <span class='ocrx_word' id='word_1_218' title='bbox 3080 1738 3250 1794; x_wconf 91' lang='lat' dir='ltr'><strong>donat</strong></span> <span class='ocrx_word' id='word_1_219' title='bbox 3293 1737 3441 1793; x_wconf 89' lang='lat' dir='ltr'><strong>illam</strong></span> <span class='ocrx_word' id='word_1_220' title='bbox 3470 1754 3486 1796; x_wconf 88' lang='lat'><strong>:</strong></span> <span class='ocrx_word' id='word_1_221' title='bbox 3510 1738 3717 1794; x_wconf 89' lang='lat' dir='ltr'><strong>docens</strong></span> <span class='ocrx_word' id='word_1_222' title='bbox 3739 1754 3836 1796; x_wconf 83' lang='lat' dir='ltr'><strong>nos</strong></span> 
     </span>
    </p>
   </div>
   <div class='ocr_carea' id='block_1_18' title="bbox 553 1827 2107 1912">
    <p class='ocr_par' dir='ltr' id='par_1_18' title="bbox 553 1833 2091 1912">
     <span class='ocr_line' id='line_1_18' title="bbox 553 1833 2091 1912; baseline 0.005 -23"><span class='ocrx_word' id='word_1_223' title='bbox 553 1834 680 1909; x_wconf 77' lang='lat' dir='ltr'><strong>gine</strong></span> <span class='ocrx_word' id='word_1_224' title='bbox 702 1833 942 1892; x_wconf 81' lang='lat' dir='ltr'><strong>Verbum</strong></span> <span class='ocrx_word' id='word_1_225' title='bbox 991 1852 1122 1893; x_wconf 89' lang='lat' dir='ltr'><strong>caro</strong></span> <span class='ocrx_word' id='word_1_226' title='bbox 1174 1835 1379 1893; x_wconf 85' lang='lat' dir='ltr'><strong>factum</strong></span> <span class='ocrx_word' id='word_1_227' title='bbox 1411 1847 1516 1894; x_wconf 83' lang='lat' dir='ltr'><strong>est.</strong></span> <span class='ocrx_word' id='word_1_228' title='bbox 1563 1837 1782 1894; x_wconf 83' lang='lat' dir='ltr'><strong>Justitia</strong></span> <span class='ocrx_word' id='word_1_229' title='bbox 1811 1839 2091 1912; x_wconf 81' lang='lat' dir='ltr'><strong>prospexit</strong></span> 
     </span>
    </p>
   </div>
   <div class='ocr_carea' id='block_1_19' title="bbox 2239 1827 3835 1912">
    <p class='ocr_par' dir='ltr' id='par_1_19' title="bbox 2244 1827 3835 1901">
     <span class='ocr_line' id='line_1_19' title="bbox 2244 1827 3835 1901; baseline 0 -17"><span class='ocrx_word' id='word_1_230' title='bbox 2244 1842 2459 1900; x_wconf 90' lang='lat' dir='ltr'><strong>semper</strong></span> <span class='ocrx_word' id='word_1_231' title='bbox 2479 1827 2784 1900; x_wconf 87' lang='lat' dir='ltr'><strong>supplicare</strong></span> <span class='ocrx_word' id='word_1_232' title='bbox 2806 1829 2938 1895; x_wconf 90' lang='lat' dir='ltr'><strong>Deo,</strong></span> <span class='ocrx_word' id='word_1_233' title='bbox 2953 1829 3044 1899; x_wconf 91' lang='lat' dir='ltr'><strong>qui</strong></span> <span class='ocrx_word' id='word_1_234' title='bbox 3091 1827 3361 1901; x_wconf 79' lang='lat' dir='ltr'><strong>frequenti</strong></span> <span class='ocrx_word' id='word_1_235' title='bbox 3386 1828 3542 1900; x_wconf 88' lang='lat' dir='ltr'><strong>culpa</strong></span> <span class='ocrx_word' id='word_1_236' title='bbox 3567 1829 3835 1900; x_wconf 82' lang='lat' dir='ltr'><strong>delinqui-</strong></span> 
     </span>
    </p>
   </div>
   <div class='ocr_carea' id='block_1_20' title="bbox 554 1920 2107 1998">
    <p class='ocr_par' dir='ltr' id='par_1_20' title="bbox 554 1925 2107 1998">
     <span class='ocr_line' id='line_1_20' title="bbox 554 1925 2107 1998; baseline 0.006 -19"><span class='ocrx_word' id='word_1_237' title='bbox 554 1925 772 1998; x_wconf 88' lang='lat' dir='ltr'><strong>quando</strong></span> <span class='ocrx_word' id='word_1_238' title='bbox 793 1926 1029 1982; x_wconf 90' lang='lat' dir='ltr'><strong>humano</strong></span> <span class='ocrx_word' id='word_1_239' title='bbox 1056 1927 1242 1998; x_wconf 78' lang='lat' dir='ltr'><strong>generi</strong></span> <span class='ocrx_word' id='word_1_240' title='bbox 1267 1927 1600 1998; x_wconf 89' lang='lat' dir='ltr'><strong>periclitanti</strong></span> <span class='ocrx_word' id='word_1_241' title='bbox 1628 1928 1798 1986; x_wconf 87' lang='lat' dir='ltr'><strong>Filius</strong></span> <span class='ocrx_word' id='word_1_242' title='bbox 1823 1929 1923 1986; x_wconf 90' lang='lat' dir='ltr'><strong>Dei</strong></span> <span class='ocrx_word' id='word_1_243' title='bbox 1948 1931 2107 1989; x_wconf 75' lang='lat' dir='ltr'><strong>subve</strong></span> 
     </span>
    </p>
   </div>
   <div class='ocr_carea' id='block_1_21' title="bbox 2239 1920 3833 1998">
    <p class='ocr_par' dir='ltr' id='par_1_21' title="bbox 2241 1920 3833 1993">
     <span class='ocr_line' id='line_1_21' title="bbox 2241 1920 3833 1993; baseline 0.001 -17"><span class='ocrx_word' id='word_1_244' title='bbox 2241 1936 2380 1977; x_wconf 87' lang='lat' dir='ltr'><strong>mus.</strong></span> <span class='ocrx_word' id='word_1_245' title='bbox 2413 1921 2545 1977; x_wconf 88' lang='lat' dir='ltr'><strong>Cum</strong></span> <span class='ocrx_word' id='word_1_246' title='bbox 2569 1920 2767 1976; x_wconf 89' lang='lat' dir='ltr'><strong>dicitur</strong></span> <span class='ocrx_word' id='word_1_247' title='bbox 2797 1930 2908 1977; x_wconf 91' lang='lat' dir='ltr'><strong>tota</strong></span> <span class='ocrx_word' id='word_1_248' title='bbox 2936 1921 3042 1988; x_wconf 91' lang='lat' dir='ltr'><strong>die,</strong></span> <span class='ocrx_word' id='word_1_249' title='bbox 3073 1921 3236 1978; x_wconf 91' lang='lat' dir='ltr'><strong>totius</strong></span> <span class='ocrx_word' id='word_1_250' title='bbox 3258 1921 3382 1976; x_wconf 84' lang='lat' dir='ltr'><strong>vitae</strong></span> <span class='ocrx_word' id='word_1_251' title='bbox 3410 1929 3626 1993; x_wconf 89' lang='lat' dir='ltr'><strong>tempus</strong></span> <span class='ocrx_word' id='word_1_252' title='bbox 3647 1935 3833 1977; x_wconf 73' lang='lat' dir='ltr'><strong>osmn—</strong></span> 
     </span>
    </p>
   </div>
   <div class='ocr_carea' id='block_1_22' title="bbox 552 2002 2107 2084">
    <p class='ocr_par' dir='ltr' id='par_1_22' title="bbox 552 2017 2104 2083">
     <span class='ocr_line' id='line_1_22' title="bbox 552 2017 2104 2083; baseline 0.006 -9"><span class='ocrx_word' id='word_1_253' title='bbox 552 2017 726 2074; x_wconf 82' lang='lat' dir='ltr'><strong>nit.ll</strong></span> <span class='ocrx_word' id='word_1_254' title='bbox 757 2017 973 2075; x_wconf 70' lang='lat' dir='ltr'><strong>iustum</strong></span> <span class='ocrx_word' id='word_1_255' title='bbox 1024 2019 1168 2076; x_wconf 89' lang='lat' dir='ltr'><strong>enim</strong></span> <span class='ocrx_word' id='word_1_256' title='bbox 1217 2029 1339 2078; x_wconf 87' lang='lat' dir='ltr'><strong>erat</strong></span> <span class='ocrx_word' id='word_1_257' title='bbox 1379 2029 1441 2078; x_wconf 91' lang='lat' dir='ltr'><strong>ut</strong></span> <span class='ocrx_word' id='word_1_258' title='bbox 1480 2021 1732 2080; x_wconf 81' lang='lat' dir='ltr'><strong>Salvator</strong></span> <span class='ocrx_word' id='word_1_259' title='bbox 1783 2025 2104 2083; x_wconf 83' lang='lat' dir='ltr'><strong>tnisereretu</strong></span> 
     </span>
    </p>
   </div>
   <div class='ocr_carea' id='block_1_23' title="bbox 2239 2002 3832 2084">
    <p class='ocr_par' dir='ltr' id='par_1_23' title="bbox 2239 2012 3832 2084">
     <span class='ocr_line' id='line_1_23' title="bbox 2239 2012 3832 2084; baseline 0.001 -14"><span class='ocrx_word' id='word_1_260' title='bbox 2239 2013 2407 2070; x_wconf 89' lang='lat' dir='ltr'><strong>ditur.</strong></span> <span class='ocrx_word' id='word_1_261' title='bbox 2444 2012 2732 2071; x_wconf 70' lang='lat' dir='ltr'><strong>Laztiticari</strong></span> <span class='ocrx_word' id='word_1_262' title='bbox 2763 2014 2900 2084; x_wconf 90' lang='lat' dir='ltr'><strong>petit</strong></span> <span class='ocrx_word' id='word_1_263' title='bbox 2943 2014 3202 2080; x_wconf 88' lang='lat' dir='ltr'><strong>animam,</strong></span> <span class='ocrx_word' id='word_1_264' title='bbox 3254 2012 3376 2070; x_wconf 88' lang='lat' dir='ltr'><strong>fons</strong></span> <span class='ocrx_word' id='word_1_265' title='bbox 3426 2013 3746 2082; x_wconf 86' lang='lat' dir='ltr'><strong>hilaritatis,</strong></span> <span class='ocrx_word' id='word_1_266' title='bbox 3766 2029 3832 2071; x_wconf 78' lang='lat' dir='ltr'><strong>ex</strong></span> 
     </span>
    </p>
   </div>
   <div class='ocr_carea' id='block_1_24' title="bbox 551 2103 3828 2181">
    <p class='ocr_par' dir='ltr' id='par_1_24' title="bbox 551 2103 3828 2181">
     <span class='ocr_line' id='line_1_24' title="bbox 551 2103 3828 2181; baseline -0.001 -18"><span class='ocrx_word' id='word_1_267' title='bbox 551 2111 750 2181; x_wconf 90' lang='lat' dir='ltr'><strong>populo</strong></span> <span class='ocrx_word' id='word_1_268' title='bbox 773 2126 891 2167; x_wconf 93' lang='lat' dir='ltr'><strong>suo.</strong></span> <span class='ocrx_word' id='word_1_269' title='bbox 2237 2106 2330 2163; x_wconf 91' lang='lat' dir='ltr'><strong>illa</strong></span> <span class='ocrx_word' id='word_1_270' title='bbox 2357 2115 2533 2179; x_wconf 90' lang='lat' dir='ltr'><strong>parte,</strong></span> <span class='ocrx_word' id='word_1_271' title='bbox 2565 2122 2671 2178; x_wconf 91' lang='lat' dir='ltr'><strong>qua</strong></span> <span class='ocrx_word' id='word_1_272' title='bbox 2724 2122 2916 2162; x_wconf 89' lang='lat' dir='ltr'><strong>servus</strong></span> <span class='ocrx_word' id='word_1_273' title='bbox 2964 2116 3079 2173; x_wconf 90' lang='lat' dir='ltr'><strong>est;</strong></span> <span class='ocrx_word' id='word_1_274' title='bbox 3123 2121 3314 2162; x_wconf 86' lang='lat' dir='ltr'><strong>servus</strong></span> <span class='ocrx_word' id='word_1_275' title='bbox 3360 2120 3491 2162; x_wconf 89' lang='lat' dir='ltr'><strong>vero</strong></span> <span class='ocrx_word' id='word_1_276' title='bbox 3544 2105 3655 2162; x_wconf 89' lang='lat' dir='ltr'><strong>dici</strong></span> <span class='ocrx_word' id='word_1_277' title='bbox 3699 2103 3828 2172; x_wconf 83' lang='lat' dir='ltr'><strong>vult,</strong></span> 
     </span>
    </p>
   </div>
   <div class='ocr_carea' id='block_1_25' title="bbox 551 2198 3830 2284">
    <p class='ocr_par' dir='ltr' id='par_1_25' title="bbox 551 2198 3830 2284">
     <span class='ocr_line' id='line_1_25' title="bbox 551 2198 3830 2284; baseline 0.003 -25"><span class='ocrx_word' id='word_1_278' title='bbox 551 2203 620 2259; x_wconf 79' lang='grc'><strong>15</strong></span> <span class='ocrx_word' id='word_1_279' title='bbox 691 2203 900 2262; x_wconf 81' lang='lat' dir='ltr'><strong>Etenim</strong></span> <span class='ocrx_word' id='word_1_280' title='bbox 920 2205 1178 2263; x_wconf 84' lang='lat' dir='ltr'><strong>Dominus</strong></span> <span class='ocrx_word' id='word_1_281' title='bbox 1200 2209 1344 2265; x_wconf 83' lang='lat' dir='ltr'><strong>dabit</strong></span> <span class='ocrx_word' id='word_1_282' title='bbox 1373 2208 1743 2284; x_wconf 83' lang='lat' dir='ltr'><strong>benignitatem</strong></span> <span class='ocrx_word' id='word_1_283' title='bbox 1763 2225 1784 2266; x_wconf 84' lang='lat'><strong>.&#39;</strong></span> <span class='ocrx_word' id='word_1_284' title='bbox 2237 2199 2495 2272; x_wconf 64' lang='lat' dir='ltr'><strong>quoniam</strong></span> <span class='ocrx_word' id='word_1_285' title='bbox 2522 2214 2587 2255; x_wconf 60' lang='lat' dir='ltr'><strong>ex</strong></span> <span class='ocrx_word' id='word_1_286' title='bbox 2621 2200 2831 2270; x_wconf 71' lang='grc' dir='ltr'><strong>νίιἨίηθ</strong></span> <span class='ocrx_word' id='word_1_287' title='bbox 2859 2198 3028 2254; x_wconf 55' lang='lat' dir='ltr'><strong>&quot;alia</strong></span> <span class='ocrx_word' id='word_1_288' title='bbox 3070 2207 3230 2256; x_wconf 69' lang='lat' dir='ltr'><strong>&quot;3W5</strong></span> <span class='ocrx_word' id='word_1_289' title='bbox 3273 2207 3378 2267; x_wconf 67' lang='grc' dir='ltr'><strong>θεῖν</strong></span> <span class='ocrx_word' id='word_1_290' title='bbox 3419 2213 3541 2269; x_wconf 61' lang='lat' dir='ltr'><strong>(Bm</strong></span> <span class='ocrx_word' id='word_1_291' title='bbox 3572 2199 3830 2256; x_wconf 64' lang='lat' dir='ltr'><strong>aliculam</strong></span> 
     </span>
    </p>
   </div>
   <div class='ocr_carea' id='block_1_26' title="bbox 691 2289 3831 2376">
    <p class='ocr_par' dir='ltr' id='par_1_26' title="bbox 691 2289 3831 2376">
     <span class='ocr_line' id='line_1_26' title="bbox 691 2289 3831 2376; baseline 0.001 -30"><span class='ocrx_word' id='word_1_292' title='bbox 691 2300 760 2357; x_wconf 62' lang='lat' dir='ltr'><strong>Et</strong></span> <span class='ocrx_word' id='word_1_293' title='bbox 789 2311 928 2357; x_wconf 72' lang='grc' dir='ltr'><strong>ιιι-τα</strong></span> <span class='ocrx_word' id='word_1_294' title='bbox 954 2311 1134 2358; x_wconf 55' lang='lat' dir='ltr'><strong>nostra</strong></span> <span class='ocrx_word' id='word_1_295' title='bbox 1155 2302 1300 2359; x_wconf 69' lang='grc' dir='ltr'><strong>άαθίι</strong></span> <span class='ocrx_word' id='word_1_296' title='bbox 1329 2303 1562 2376; x_wconf 55' lang='lat' dir='ltr'><strong>fructum</strong></span> <span class='ocrx_word' id='word_1_297' title='bbox 1587 2323 1760 2364; x_wconf 51' lang='lat' dir='ltr'><strong>suum,</strong></span> <span class='ocrx_word' id='word_1_298' title='bbox 2233 2291 2331 2348; x_wconf 89' lang='lat' dir='ltr'><strong>Dei</strong></span> <span class='ocrx_word' id='word_1_299' title='bbox 2353 2306 2413 2348; x_wconf 87' lang='lat' dir='ltr'><strong>se</strong></span> <span class='ocrx_word' id='word_1_300' title='bbox 2437 2306 2557 2348; x_wconf 89' lang='lat' dir='ltr'><strong>esse</strong></span> <span class='ocrx_word' id='word_1_301' title='bbox 2585 2289 2856 2348; x_wconf 82' lang='lat' dir='ltr'><strong>fatebatur</strong></span> <span class='ocrx_word' id='word_1_302' title='bbox 2903 2291 3093 2365; x_wconf 88' lang='lat' dir='ltr'><strong>angelo</strong></span> <span class='ocrx_word' id='word_1_303' title='bbox 3127 2292 3420 2350; x_wconf 89' lang='lat' dir='ltr'><strong>nuntianti.</strong></span> <span class='ocrx_word' id='word_1_304' title='bbox 3467 2291 3625 2349; x_wconf 89' lang='lat' dir='ltr'><strong>Unde</strong></span> <span class='ocrx_word' id='word_1_305' title='bbox 3672 2302 3729 2349; x_wconf 92' lang='lat' dir='ltr'><strong>et</strong></span> <span class='ocrx_word' id='word_1_306' title='bbox 3776 2293 3831 2349; x_wconf 92' lang='lat' dir='ltr'><strong>in</strong></span> 
     </span>
    </p>
   </div>
   <div class='ocr_carea' id='block_1_27' title="bbox 473 2383 2107 2471">
    <p class='ocr_par' dir='ltr' id='par_1_27' title="bbox 473 2392 2104 2471">
     <span class='ocr_line' id='line_1_27' title="bbox 473 2392 2104 2471; baseline 0.004 -22"><span class='ocrx_word' id='word_1_307' title='bbox 473 2469 476 2471; x_wconf 92' lang='lat'><em>_</em></span> <span class='ocrx_word' id='word_1_308' title='bbox 620 2392 661 2450; x_wconf 89' lang='lat' dir='ltr'><strong>C</strong></span> <span class='ocrx_word' id='word_1_309' title='bbox 688 2393 795 2452; x_wconf 89' lang='lat' dir='ltr'><strong>lste</strong></span> <span class='ocrx_word' id='word_1_310' title='bbox 831 2394 1132 2452; x_wconf 84' lang='lat' dir='ltr'><strong>versiculus</strong></span> <span class='ocrx_word' id='word_1_311' title='bbox 1162 2397 1550 2454; x_wconf 91' lang='lat' dir='ltr'><strong>convenienter</strong></span> <span class='ocrx_word' id='word_1_312' title='bbox 1598 2407 1822 2471; x_wconf 88' lang='lat' dir='ltr'><strong>aptatur</strong></span> <span class='ocrx_word' id='word_1_313' title='bbox 1857 2399 1926 2456; x_wconf 91' lang='lat' dir='ltr'><strong>ad</strong></span> <span class='ocrx_word' id='word_1_314' title='bbox 1955 2399 2104 2457; x_wconf 88' lang='lat' dir='ltr'><strong>humi</strong></span> 
     </span>
    </p>
   </div>
   <div class='ocr_carea' id='block_1_28' title="bbox 2239 2383 3831 2471">
    <p class='ocr_par' dir='ltr' id='par_1_28' title="bbox 2239 2383 3831 2458">
     <span class='ocr_line' id='line_1_28' title="bbox 2239 2383 3831 2458; baseline -0.001 -17"><span class='ocrx_word' id='word_1_315' title='bbox 2239 2384 2340 2442; x_wconf 87' lang='lat' dir='ltr'><strong>alio</strong></span> <span class='ocrx_word' id='word_1_316' title='bbox 2375 2384 2585 2456; x_wconf 90' lang='lat' dir='ltr'><strong>psalmo</strong></span> <span class='ocrx_word' id='word_1_317' title='bbox 2614 2384 2782 2442; x_wconf 87' lang='lat' dir='ltr'><strong>dicit:</strong></span> <span class='ocrx_word' id='word_1_318' title='bbox 2807 2383 2920 2458; x_wconf 86' lang='lat' dir='ltr'><strong>Ego</strong></span> <span class='ocrx_word' id='word_1_319' title='bbox 2943 2399 3137 2442; x_wconf 88' lang='lat' dir='ltr'><strong>servus</strong></span> <span class='ocrx_word' id='word_1_320' title='bbox 3191 2393 3314 2441; x_wconf 92' lang='lat' dir='ltr'><strong>tuus</strong></span> <span class='ocrx_word' id='word_1_321' title='bbox 3367 2394 3423 2440; x_wconf 92' lang='lat' dir='ltr'><strong>et</strong></span> <span class='ocrx_word' id='word_1_322' title='bbox 3449 2383 3597 2441; x_wconf 75' lang='lat' dir='ltr'><strong>(ilius</strong></span> <span class='ocrx_word' id='word_1_323' title='bbox 3624 2383 3831 2441; x_wconf 76' lang='lat' dir='ltr'><strong>ancilla:</strong></span> 
     </span>
    </p>
   </div>
   <div class='ocr_carea' id='block_1_29' title="bbox 545 2473 2107 2564">
    <p class='ocr_par' dir='ltr' id='par_1_29' title="bbox 545 2483 2107 2564">
     <span class='ocr_line' id='line_1_29' title="bbox 545 2483 2107 2564; baseline 0.004 -24"><span class='ocrx_word' id='word_1_324' title='bbox 545 2483 758 2542; x_wconf 85' lang='lat' dir='ltr'><strong>litatem</strong></span> <span class='ocrx_word' id='word_1_325' title='bbox 787 2485 1134 2557; x_wconf 68' lang='lat' dir='ltr'><strong>pmnitentis;</strong></span> <span class='ocrx_word' id='word_1_326' title='bbox 1185 2488 1278 2544; x_wconf 88' lang='lat' dir='ltr'><strong>dat</strong></span> <span class='ocrx_word' id='word_1_327' title='bbox 1313 2489 1458 2545; x_wconf 89' lang='lat' dir='ltr'><strong>enim</strong></span> <span class='ocrx_word' id='word_1_328' title='bbox 1485 2505 1584 2548; x_wconf 91' lang='lat' dir='ltr'><strong>sua</strong></span> <span class='ocrx_word' id='word_1_329' title='bbox 1626 2491 1963 2564; x_wconf 86' lang='lat' dir='ltr'><strong>benignitate</strong></span> <span class='ocrx_word' id='word_1_330' title='bbox 1989 2492 2107 2549; x_wconf 88' lang='lat' dir='ltr'><strong>Deu:</strong></span> 
     </span>
    </p>
   </div>
   <div class='ocr_carea' id='block_1_30' title="bbox 2239 2473 2707 2564">
    <p class='ocr_par' dir='ltr' id='par_1_30' title="bbox 2239 2473 2707 2548">
     <span class='ocr_line' id='line_1_30' title="bbox 2239 2473 2707 2548; baseline 0 -16"><span class='ocrx_word' id='word_1_331' title='bbox 2239 2484 2339 2532; x_wconf 63' lang='lat' dir='ltr'><strong>tua:</strong></span> <span class='ocrx_word' id='word_1_332' title='bbox 2365 2473 2539 2548; x_wconf 83' lang='lat' dir='ltr'><strong>(Psal.</strong></span> <span class='ocrx_word' id='word_1_333' title='bbox 2560 2481 2707 2547; x_wconf 81' lang='lat' dir='ltr'><strong>cxv).</strong></span> 
     </span>
    </p>
   </div>
   <div class='ocr_carea' id='block_1_31' title="bbox 550 2570 2107 2651">
    <p class='ocr_par' dir='ltr' id='par_1_31' title="bbox 550 2575 2107 2651">
     <span class='ocr_line' id='line_1_31' title="bbox 550 2575 2107 2651; baseline 0.004 -18"><span class='ocrx_word' id='word_1_334' title='bbox 550 2575 803 2634; x_wconf 80' lang='lat' dir='ltr'><strong>affectum</strong></span> <span class='ocrx_word' id='word_1_335' title='bbox 853 2587 908 2633; x_wconf 84' lang='lat' dir='ltr'><strong>et</strong></span> <span class='ocrx_word' id='word_1_336' title='bbox 956 2591 1197 2636; x_wconf 91' lang='lat' dir='ltr'><strong>amorem</strong></span> <span class='ocrx_word' id='word_1_337' title='bbox 1250 2581 1635 2651; x_wconf 88' lang='lat' dir='ltr'><strong>confessionis,</strong></span> <span class='ocrx_word' id='word_1_338' title='bbox 1689 2583 1743 2640; x_wconf 91' lang='lat' dir='ltr'><strong>id</strong></span> <span class='ocrx_word' id='word_1_339' title='bbox 1786 2593 1870 2641; x_wconf 91' lang='lat' dir='ltr'><strong>est</strong></span> <span class='ocrx_word' id='word_1_340' title='bbox 1897 2584 2107 2640; x_wconf 91' lang='lat' dir='ltr'><strong>imbren</strong></span> 
     </span>
    </p>
   </div>
   <div class='ocr_carea' id='block_1_32' title="bbox 2239 2570 3515 2651">
    <p class='ocr_par' dir='ltr' id='par_1_32' title="bbox 2239 2570 3515 2640">
     <span class='ocr_line' id='line_1_32' title="bbox 2239 2570 3515 2640; baseline 0 -11"><span class='ocrx_word' id='word_1_341' title='bbox 2239 2572 2264 2629; x_wconf 77' lang='grc' dir='ltr'>ι</span> <span class='ocrx_word' id='word_1_342' title='bbox 2375 2571 2640 2640; x_wconf 82' lang='lat' dir='ltr'><strong>Quoniam</strong></span> <span class='ocrx_word' id='word_1_343' title='bbox 2669 2580 2750 2639; x_wconf 88' lang='lat' dir='ltr'><strong>tu,</strong></span> <span class='ocrx_word' id='word_1_344' title='bbox 2777 2570 3020 2639; x_wconf 87' lang='lat' dir='ltr'><strong>Dontine,</strong></span> <span class='ocrx_word' id='word_1_345' title='bbox 3047 2572 3224 2628; x_wconf 85' lang='lat' dir='ltr'><strong>suavis</strong></span> <span class='ocrx_word' id='word_1_346' title='bbox 3261 2580 3309 2626; x_wconf 91' lang='lat' dir='ltr'><strong>et</strong></span> <span class='ocrx_word' id='word_1_347' title='bbox 3337 2572 3515 2629; x_wconf 81' lang='lat' dir='ltr'><strong>utilis:</strong></span> 
     </span>
    </p>
   </div>
   <div class='ocr_carea' id='block_1_33' title="bbox 546 2662 3827 2752">
    <p class='ocr_par' dir='ltr' id='par_1_33' title="bbox 546 2662 3827 2752">
     <span class='ocr_line' id='line_1_33' title="bbox 546 2662 3827 2752; baseline -0.002 -28"><span class='ocrx_word' id='word_1_348' title='bbox 546 2667 938 2742; x_wconf 88' lang='lat' dir='ltr'><strong>lacrymarum,</strong></span> <span class='ocrx_word' id='word_1_349' title='bbox 966 2678 1025 2726; x_wconf 84' lang='lat' dir='ltr'><strong>ut</strong></span> <span class='ocrx_word' id='word_1_350' title='bbox 1066 2687 1195 2728; x_wconf 85' lang='lat' dir='ltr'><strong>caro</strong></span> <span class='ocrx_word' id='word_1_351' title='bbox 1242 2683 1446 2742; x_wconf 74' lang='lat' dir='ltr'><strong>nostra,</strong></span> <span class='ocrx_word' id='word_1_352' title='bbox 1487 2675 1593 2747; x_wconf 78' lang='lat' dir='ltr'><strong>piis</strong></span> <span class='ocrx_word' id='word_1_353' title='bbox 1639 2674 1853 2733; x_wconf 62' lang='lat' dir='ltr'><strong>ﬂetibus</strong></span> <span class='ocrx_word' id='word_1_354' title='bbox 1879 2677 2125 2752; x_wconf 51' lang='lat' dir='ltr'><strong>irrisa”,</strong></span> <span class='ocrx_word' id='word_1_355' title='bbox 2374 2665 2438 2721; x_wconf 87' lang='lat' dir='ltr'><strong>Et</strong></span> <span class='ocrx_word' id='word_1_356' title='bbox 2465 2665 2642 2722; x_wconf 66' lang='lat' dir='ltr'><strong>multa:</strong></span> <span class='ocrx_word' id='word_1_357' title='bbox 2674 2665 3046 2721; x_wconf 66' lang='lat' dir='ltr'><strong>misericordia:</strong></span> <span class='ocrx_word' id='word_1_358' title='bbox 3075 2663 3314 2721; x_wconf 90' lang='lat' dir='ltr'><strong>omnibus</strong></span> <span class='ocrx_word' id='word_1_359' title='bbox 3357 2662 3722 2720; x_wconf 86' lang='lat' dir='ltr'><strong>invocantibus</strong></span> <span class='ocrx_word' id='word_1_360' title='bbox 3758 2671 3827 2718; x_wconf 90' lang='lat' dir='ltr'><strong>te.</strong></span> 
     </span>
    </p>
   </div>
   <div class='ocr_carea' id='block_1_34' title="bbox 541 2761 2107 2853">
    <p class='ocr_par' dir='ltr' id='par_1_34' title="bbox 541 2761 2107 2844">
     <span class='ocr_line' id='line_1_34' title="bbox 541 2761 2107 2844; baseline 0.008 -28"><span class='ocrx_word' id='word_1_361' title='bbox 541 2761 778 2818; x_wconf 88' lang='lat' dir='ltr'><strong>fructum</strong></span> <span class='ocrx_word' id='word_1_362' title='bbox 807 2763 975 2834; x_wconf 89' lang='lat' dir='ltr'><strong>possit</strong></span> <span class='ocrx_word' id='word_1_363' title='bbox 1000 2763 1196 2823; x_wconf 69' lang='lat' dir='ltr'><strong>afferre</strong></span> <span class='ocrx_word' id='word_1_364' title='bbox 1221 2768 1573 2838; x_wconf 64' lang='lat' dir='ltr'><strong>paenitentiae.</strong></span> <span class='ocrx_word' id='word_1_365' title='bbox 1600 2768 1646 2825; x_wconf 82' lang='lat' dir='ltr'><strong>ll</strong></span> <span class='ocrx_word' id='word_1_366' title='bbox 1672 2767 1768 2826; x_wconf 78' lang='lat' dir='ltr'><strong>Vel</strong></span> <span class='ocrx_word' id='word_1_367' title='bbox 1788 2769 1956 2828; x_wconf 87' lang='lat' dir='ltr'><strong>Maria</strong></span> <span class='ocrx_word' id='word_1_368' title='bbox 1979 2773 2107 2844; x_wconf 83' lang='lat' dir='ltr'><strong>(qua</strong></span> 
     </span>
    </p>
   </div>
   <div class='ocr_carea' id='block_1_35' title="bbox 2239 2761 3828 2853">
    <p class='ocr_par' dir='ltr' id='par_1_35' title="bbox 2296 2779 3828 2853">
     <span class='ocr_line' id='line_1_35' title="bbox 2296 2779 3828 2853; baseline -0.004 -13"><span class='ocrx_word' id='word_1_369' title='bbox 2296 2783 2338 2840; x_wconf 90' lang='lat' dir='ltr'><strong>C</strong></span> <span class='ocrx_word' id='word_1_370' title='bbox 2369 2781 2619 2841; x_wconf 88' lang='lat' dir='ltr'><strong>Ostendit</strong></span> <span class='ocrx_word' id='word_1_371' title='bbox 2652 2783 2798 2840; x_wconf 88' lang='lat' dir='ltr'><strong>enim</strong></span> <span class='ocrx_word' id='word_1_372' title='bbox 2834 2782 2964 2853; x_wconf 87' lang='lat' dir='ltr'><strong>quid</strong></span> <span class='ocrx_word' id='word_1_373' title='bbox 3010 2782 3084 2838; x_wconf 90' lang='lat' dir='ltr'><strong>sit</strong></span> <span class='ocrx_word' id='word_1_374' title='bbox 3129 2780 3296 2847; x_wconf 90' lang='lat' dir='ltr'><strong>Deus,</strong></span> <span class='ocrx_word' id='word_1_375' title='bbox 3330 2780 3458 2852; x_wconf 88' lang='lat' dir='ltr'><strong>quia</strong></span> <span class='ocrx_word' id='word_1_376' title='bbox 3504 2788 3592 2835; x_wconf 90' lang='lat' dir='ltr'><strong>est</strong></span> <span class='ocrx_word' id='word_1_377' title='bbox 3643 2779 3828 2834; x_wconf 85' lang='lat' dir='ltr'><strong>suavis</strong></span> 
     </span>
    </p>
   </div>
   <div class='ocr_carea' id='block_1_36' title="bbox 539 2854 2107 2947">
    <p class='ocr_par' dir='ltr' id='par_1_36' title="bbox 539 2854 2107 2935">
     <span class='ocr_line' id='line_1_36' title="bbox 539 2854 2107 2935; baseline 0.006 -24"><span class='ocrx_word' id='word_1_378' title='bbox 539 2854 740 2911; x_wconf 87' lang='lat' dir='ltr'><strong>dicitur</strong></span> <span class='ocrx_word' id='word_1_379' title='bbox 765 2864 908 2912; x_wconf 90' lang='lat' dir='ltr'><strong>terra</strong></span> <span class='ocrx_word' id='word_1_380' title='bbox 933 2859 1286 2931; x_wconf 83' lang='lat' dir='ltr'><strong>nostra,quia</strong></span> <span class='ocrx_word' id='word_1_381' title='bbox 1311 2875 1440 2917; x_wconf 90' lang='lat' dir='ltr'><strong>caro</strong></span> <span class='ocrx_word' id='word_1_382' title='bbox 1461 2861 1668 2935; x_wconf 87' lang='lat' dir='ltr'><strong>nostra)</strong></span> <span class='ocrx_word' id='word_1_383' title='bbox 1700 2862 1849 2918; x_wconf 90' lang='lat' dir='ltr'><strong>dedit</strong></span> <span class='ocrx_word' id='word_1_384' title='bbox 1875 2863 2107 2921; x_wconf 89' lang='lat' dir='ltr'><strong>fructum</strong></span> 
     </span>
    </p>
   </div>
   <div class='ocr_carea' id='block_1_37' title="bbox 2239 2854 3826 2947">
    <p class='ocr_par' dir='ltr' id='par_1_37' title="bbox 2239 2870 3826 2946">
     <span class='ocr_line' id='line_1_37' title="bbox 2239 2870 3826 2946; baseline -0.004 -15"><span class='ocrx_word' id='word_1_385' title='bbox 2239 2883 2348 2945; x_wconf 73' lang='lat' dir='ltr'><strong>post</strong></span> <span class='ocrx_word' id='word_1_386' title='bbox 2363 2874 2783 2930; x_wconf 87' lang='lat' dir='ltr'><strong>amaritudinem</strong></span> <span class='ocrx_word' id='word_1_387' title='bbox 2810 2873 2970 2946; x_wconf 85' lang='lat' dir='ltr'><strong>hujus</strong></span> <span class='ocrx_word' id='word_1_388' title='bbox 3000 2872 3186 2930; x_wconf 66' lang='lat' dir='ltr'><strong>saeculi</strong></span> <span class='ocrx_word' id='word_1_389' title='bbox 3215 2872 3282 2928; x_wconf 89' lang='lat' dir='ltr'><strong>ad</strong></span> <span class='ocrx_word' id='word_1_390' title='bbox 3305 2886 3364 2927; x_wconf 87' lang='lat' dir='ltr'><strong>se</strong></span> <span class='ocrx_word' id='word_1_391' title='bbox 3386 2870 3826 2942; x_wconf 82' lang='lat' dir='ltr'><strong>revertentibus;</strong></span> 
     </span>
    </p>
   </div>
   <div class='ocr_carea' id='block_1_38' title="bbox 538 2950 3823 3041">
    <p class='ocr_par' dir='ltr' id='par_1_38' title="bbox 538 2950 3823 3041">
     <span class='ocr_line' id='line_1_38' title="bbox 538 2950 3823 3041; baseline 0.005 -35"><span class='ocrx_word' id='word_1_392' title='bbox 538 2965 720 3019; x_wconf 89' lang='lat' dir='ltr'><strong>suum,</strong></span> <span class='ocrx_word' id='word_1_393' title='bbox 748 2960 805 3008; x_wconf 92' lang='lat' dir='ltr'><strong>et</strong></span> <span class='ocrx_word' id='word_1_394' title='bbox 849 2950 1058 3023; x_wconf 86' lang='lat' dir='ltr'><strong>justum</strong></span> <span class='ocrx_word' id='word_1_395' title='bbox 1109 2952 1345 3011; x_wconf 85' lang='lat' dir='ltr'><strong>fructum</strong></span> <span class='ocrx_word' id='word_1_396' title='bbox 1399 2955 1586 3025; x_wconf 86' lang='lat' dir='ltr'><strong>dedit;</strong></span> <span class='ocrx_word' id='word_1_397' title='bbox 1618 2955 1742 3013; x_wconf 89' lang='lat' dir='ltr'><strong>ideo</strong></span> <span class='ocrx_word' id='word_1_398' title='bbox 1770 2956 1880 3017; x_wconf 87' lang='lat' dir='ltr'><strong>ait:</strong></span> <span class='ocrx_word' id='word_1_399' title='bbox 1905 2957 2122 3017; x_wconf 85' lang='lat' dir='ltr'><strong>Justitia</strong></span> <span class='ocrx_word' id='word_1_400' title='bbox 2224 2970 2393 3037; x_wconf 62' lang='lat' dir='ltr'><strong>milis,</strong></span> <span class='ocrx_word' id='word_1_401' title='bbox 2415 2969 2541 3041; x_wconf 81' lang='lat' dir='ltr'><strong>quia</strong></span> <span class='ocrx_word' id='word_1_402' title='bbox 2562 2969 2792 3026; x_wconf 83' lang='lat' dir='ltr'><strong>sustinet</strong></span> <span class='ocrx_word' id='word_1_403' title='bbox 2821 2977 3169 3040; x_wconf 85' lang='lat' dir='ltr'><strong>peccatores;</strong></span> <span class='ocrx_word' id='word_1_404' title='bbox 3198 2967 3382 3024; x_wconf 72' lang='lat' dir='ltr'><strong>multa:</strong></span> <span class='ocrx_word' id='word_1_405' title='bbox 3403 2965 3823 3030; x_wconf 65' lang='lat' dir='ltr'><strong>misericordiae,</strong></span> 
     </span>
    </p>
   </div>
   <div class='ocr_carea' id='block_1_39' title="bbox 537 3045 3830 3156">
    <p class='ocr_par' dir='ltr' id='par_1_39' title="bbox 537 3045 3830 3156">
     <span class='ocr_line' id='line_1_39' title="bbox 537 3045 3830 3156; baseline 0.003 -52"><span class='ocrx_word' id='word_1_406' title='bbox 537 3050 664 3156; x_wconf 50' lang='lat' dir='ltr'><strong>apte</strong></span> <span class='ocrx_word' id='word_1_407' title='bbox 687 3045 1162 3156; x_wconf 41' lang='lat' dir='ltr'><strong>furit‘ambulabil.</strong></span> <span class='ocrx_word' id='word_1_408' title='bbox 1303 3141 1314 3156; x_wconf 44' lang='lat'><strong><em>.</em></strong></span> <span class='ocrx_word' id='word_1_409' title='bbox 1372 3141 1384 3156; x_wconf 43' lang='lat'><strong><em>.</em></strong></span> <span class='ocrx_word' id='word_1_410' title='bbox 1427 3142 1471 3156; x_wconf 51' lang='grc' dir='ltr'><strong><em>Η</em></strong></span> <span class='ocrx_word' id='word_1_411' title='bbox 1939 3078 1946 3086; x_wconf 59' lang='grc' dir='ltr'><strong>λ</strong></span> <span class='ocrx_word' id='word_1_412' title='bbox 2156 3089 2205 3156; x_wconf 62' lang='grc' dir='ltr'>ε</span> <span class='ocrx_word' id='word_1_413' title='bbox 2235 3064 2395 3137; x_wconf 87' lang='lat' dir='ltr'><strong>quia,</strong></span> <span class='ocrx_word' id='word_1_414' title='bbox 2427 3062 2556 3120; x_wconf 91' lang='lat' dir='ltr'><strong>licet</strong></span> <span class='ocrx_word' id='word_1_415' title='bbox 2605 3062 2716 3118; x_wconf 88' lang='lat' dir='ltr'><strong>siut</strong></span> <span class='ocrx_word' id='word_1_416' title='bbox 2741 3071 2932 3118; x_wconf 81' lang='lat' dir='ltr'><strong>nostra</strong></span> <span class='ocrx_word' id='word_1_417' title='bbox 2961 3059 3308 3117; x_wconf 90' lang='lat' dir='ltr'><strong>innumerosa</strong></span> <span class='ocrx_word' id='word_1_418' title='bbox 3359 3067 3608 3130; x_wconf 88' lang='lat' dir='ltr'><strong>peccata,</strong></span> <span class='ocrx_word' id='word_1_419' title='bbox 3661 3057 3830 3113; x_wconf 91' lang='lat' dir='ltr'><strong>multo</strong></span> 
     </span>
    </p>
   </div>
   <div class='ocr_carea' id='block_1_40' title="bbox 537 3133 3832 3224">
    <p class='ocr_par' dir='ltr' id='par_1_40' title="bbox 537 3133 3832 3224">
     <span class='ocr_line' id='line_1_40' title="bbox 537 3133 3832 3224; baseline 0.005 -35"><span class='ocrx_word' id='word_1_420' title='bbox 537 3133 604 3190; x_wconf 79' lang='lat' dir='ltr'><strong>M</strong></span> <span class='ocrx_word' id='word_1_421' title='bbox 675 3135 891 3193; x_wconf 75' lang='lat' dir='ltr'><strong>Iustitia</strong></span> <span class='ocrx_word' id='word_1_422' title='bbox 920 3149 1041 3196; x_wconf 87' lang='lat' dir='ltr'><strong>ante</strong></span> <span class='ocrx_word' id='word_1_423' title='bbox 1061 3157 1179 3196; x_wconf 92' lang='lat' dir='ltr'><strong>eum</strong></span> <span class='ocrx_word' id='word_1_424' title='bbox 1207 3141 1526 3200; x_wconf 83' lang='lat' dir='ltr'><strong>ambulabit:</strong></span> <span class='ocrx_word' id='word_1_425' title='bbox 2158 3133 2205 3156; x_wconf 64' lang='grc'><strong>’³</strong></span> <span class='ocrx_word' id='word_1_426' title='bbox 2234 3133 2596 3211; x_wconf 75' lang='lat' dir='ltr'><strong>abundantior</strong></span> <span class='ocrx_word' id='word_1_427' title='bbox 2617 3160 2702 3210; x_wconf 93' lang='lat' dir='ltr'><strong>est</strong></span> <span class='ocrx_word' id='word_1_428' title='bbox 2729 3152 2940 3224; x_wconf 89' lang='lat' dir='ltr'><strong>pietas;</strong></span> <span class='ocrx_word' id='word_1_429' title='bbox 2969 3167 3091 3224; x_wconf 76' lang='lat' dir='ltr'><strong>quze</strong></span> <span class='ocrx_word' id='word_1_430' title='bbox 3118 3159 3200 3209; x_wconf 91' lang='lat' dir='ltr'><strong>tot</strong></span> <span class='ocrx_word' id='word_1_431' title='bbox 3243 3148 3454 3207; x_wconf 76' lang='lat' dir='ltr'><strong>relaxat</strong></span> <span class='ocrx_word' id='word_1_432' title='bbox 3483 3148 3748 3217; x_wconf 77' lang='lat' dir='ltr'><strong>oﬂ‘ensas,</strong></span> <span class='ocrx_word' id='word_1_433' title='bbox 3779 3157 3832 3206; x_wconf 90' lang='lat' dir='ltr'><strong>et</strong></span> 
     </span>
    </p>
   </div>
   <div class='ocr_carea' id='block_1_41' title="bbox 675 3229 2107 3321">
    <p class='ocr_par' dir='ltr' id='par_1_41' title="bbox 675 3229 1532 3306">
     <span class='ocr_line' id='line_1_41' title="bbox 675 3229 1532 3306; baseline 0.011 -22"><span class='ocrx_word' id='word_1_434' title='bbox 675 3229 746 3284; x_wconf 83' lang='lat' dir='ltr'><strong>Et</strong></span> <span class='ocrx_word' id='word_1_435' title='bbox 773 3241 926 3300; x_wconf 87' lang='lat' dir='ltr'><strong>ponet</strong></span> <span class='ocrx_word' id='word_1_436' title='bbox 956 3232 1012 3288; x_wconf 86' lang='lat' dir='ltr'><strong>in</strong></span> <span class='ocrx_word' id='word_1_437' title='bbox 1039 3234 1122 3290; x_wconf 90' lang='lat' dir='ltr'><strong>via</strong></span> <span class='ocrx_word' id='word_1_438' title='bbox 1150 3250 1360 3306; x_wconf 85' lang='lat' dir='ltr'><strong>gressus</strong></span> <span class='ocrx_word' id='word_1_439' title='bbox 1389 3254 1532 3293; x_wconf 91' lang='lat' dir='ltr'><strong>suos.</strong></span> 
     </span>
    </p>
   </div>
   <div class='ocr_carea' id='block_1_42' title="bbox 2239 3229 3325 3321">
    <p class='ocr_par' dir='ltr' id='par_1_42' title="bbox 2239 3246 3325 3321">
     <span class='ocr_line' id='line_1_42' title="bbox 2239 3246 3325 3321; baseline -0.006 -15"><span class='ocrx_word' id='word_1_440' title='bbox 2239 3249 2364 3306; x_wconf 87' lang='lat' dir='ltr'><strong>nulli</strong></span> <span class='ocrx_word' id='word_1_441' title='bbox 2391 3257 2554 3321; x_wconf 89' lang='lat' dir='ltr'><strong>negat</strong></span> <span class='ocrx_word' id='word_1_442' title='bbox 2599 3263 2658 3305; x_wconf 91' lang='lat' dir='ltr'><strong>se</strong></span> <span class='ocrx_word' id='word_1_443' title='bbox 2690 3246 2966 3305; x_wconf 89' lang='lat' dir='ltr'><strong>invocanti</strong></span> <span class='ocrx_word' id='word_1_444' title='bbox 2991 3246 3325 3318; x_wconf 72' lang='lat' dir='ltr'><strong>praesidium.</strong></span> 
     </span>
    </p>
   </div>
   <div class='ocr_carea' id='block_1_43' title="bbox 604 3318 3684 3414">
    <p class='ocr_par' dir='ltr' id='par_1_43' title="bbox 604 3318 3684 3414">
     <span class='ocr_line' id='line_1_43' title="bbox 604 3318 3684 3414; baseline 0.006 -38"><span class='ocrx_word' id='word_1_445' title='bbox 604 3318 646 3377; x_wconf 87' lang='lat' dir='ltr'><strong>C</strong></span> <span class='ocrx_word' id='word_1_446' title='bbox 682 3319 900 3379; x_wconf 83' lang='lat' dir='ltr'><strong>Justitia</strong></span> <span class='ocrx_word' id='word_1_447' title='bbox 923 3325 1069 3381; x_wconf 92' lang='lat' dir='ltr'><strong>enim</strong></span> <span class='ocrx_word' id='word_1_448' title='bbox 1090 3327 1389 3386; x_wconf 87' lang='lat' dir='ltr'><strong>ambulavit</strong></span> <span class='ocrx_word' id='word_1_449' title='bbox 1413 3339 1541 3388; x_wconf 89' lang='lat' dir='ltr'><strong>ante</strong></span> <span class='ocrx_word' id='word_1_450' title='bbox 1562 3346 1678 3400; x_wconf 90' lang='lat' dir='ltr'><strong>eos,</strong></span> <span class='ocrx_word' id='word_1_451' title='bbox 1697 3335 1936 3405; x_wconf 92' lang='lat' dir='ltr'><strong>quando,</strong></span> <span class='ocrx_word' id='word_1_452' title='bbox 1958 3335 2129 3393; x_wconf 88' lang='lat' dir='ltr'><strong>malo-</strong></span> <span class='ocrx_word' id='word_1_453' title='bbox 2224 3344 2262 3403; x_wconf 85' lang='lat'><strong>5</strong></span> <span class='ocrx_word' id='word_1_454' title='bbox 2367 3318 2598 3399; x_wconf 68' lang='lat' dir='ltr'><strong>Auribus</strong></span> <span class='ocrx_word' id='word_1_455' title='bbox 2621 3343 2847 3414; x_wconf 90' lang='lat' dir='ltr'><strong>percipe,</strong></span> <span class='ocrx_word' id='word_1_456' title='bbox 2871 3340 3120 3408; x_wconf 87' lang='lat' dir='ltr'><strong>Domine,</strong></span> <span class='ocrx_word' id='word_1_457' title='bbox 3150 3341 3442 3396; x_wconf 89' lang='lat' dir='ltr'><strong>orationem</strong></span> <span class='ocrx_word' id='word_1_458' title='bbox 3470 3351 3684 3396; x_wconf 82' lang='lat' dir='ltr'><strong>means:</strong></span> 
     </span>
    </p>
   </div>
   <div class='ocr_carea' id='block_1_44' title="bbox 535 3418 3416 3505">
    <p class='ocr_par' dir='ltr' id='par_1_44' title="bbox 535 3418 3416 3505">
     <span class='ocr_line' id='line_1_44' title="bbox 535 3418 3416 3505; baseline 0.007 -37"><span class='ocrx_word' id='word_1_459' title='bbox 535 3427 655 3468; x_wconf 91' lang='lat' dir='ltr'><strong>rum</strong></span> <span class='ocrx_word' id='word_1_460' title='bbox 680 3428 902 3472; x_wconf 88' lang='lat' dir='ltr'><strong>suorum</strong></span> <span class='ocrx_word' id='word_1_461' title='bbox 935 3418 1163 3476; x_wconf 85' lang='lat' dir='ltr'><strong>veritate</strong></span> <span class='ocrx_word' id='word_1_462' title='bbox 1205 3422 1507 3492; x_wconf 85' lang='lat' dir='ltr'><strong>recognita,</strong></span> <span class='ocrx_word' id='word_1_463' title='bbox 1547 3424 1752 3481; x_wconf 88' lang='lat' dir='ltr'><strong>remitti</strong></span> <span class='ocrx_word' id='word_1_464' title='bbox 1791 3426 1897 3483; x_wconf 88' lang='lat' dir='ltr'><strong>sibi</strong></span> <span class='ocrx_word' id='word_1_465' title='bbox 1947 3428 2125 3485; x_wconf 80' lang='lat' dir='ltr'><strong>humi-</strong></span> <span class='ocrx_word' id='word_1_466' title='bbox 2365 3434 2436 3490; x_wconf 87' lang='lat' dir='ltr'><strong>Et</strong></span> <span class='ocrx_word' id='word_1_467' title='bbox 2467 3434 2678 3492; x_wconf 88' lang='lat' dir='ltr'><strong>intende</strong></span> <span class='ocrx_word' id='word_1_468' title='bbox 2706 3433 2820 3490; x_wconf 84' lang='lat' dir='ltr'><strong>voci</strong></span> <span class='ocrx_word' id='word_1_469' title='bbox 2859 3433 3244 3505; x_wconf 84' lang='lat' dir='ltr'><strong>deprecationis</strong></span> <span class='ocrx_word' id='word_1_470' title='bbox 3266 3448 3416 3489; x_wconf 75' lang='lat' dir='ltr'><strong>mete.</strong></span> 
     </span>
    </p>
   </div>
   <div class='ocr_carea' id='block_1_45' title="bbox 532 3505 3824 3623">
    <p class='ocr_par' dir='ltr' id='par_1_45' title="bbox 532 3505 3824 3623">
     <span class='ocr_line' id='line_1_45' title="bbox 532 3505 3824 3623; baseline -0.006 -3"><span class='ocrx_word' id='word_1_471' title='bbox 1126 3517 1403 3623; x_wconf 56' lang='lat'><strong>9??“9‘“</strong></span> <span class='ocrx_word' id='word_1_472' title='bbox 1447 3528 1938 3623; x_wconf 39' lang='lat' dir='ltr'><strong>Ememvewm;</strong></span> <span class='ocrx_word' id='word_1_473' title='bbox 1993 3535 2125 3585; x_wconf 69' lang='lat' dir='ltr'><strong>&quot;mc</strong></span> <span class='ocrx_word' id='word_1_474' title='bbox 2293 3550 2336 3610; x_wconf 91' lang='lat' dir='ltr'><strong>C</strong></span> <span class='ocrx_word' id='word_1_475' title='bbox 2362 3550 2613 3623; x_wconf 87' lang='lat' dir='ltr'><strong>Pcrcipe.</strong></span> <span class='ocrx_word' id='word_1_476' title='bbox 2642 3565 2766 3606; x_wconf 92' lang='lat' dir='ltr'><strong>cum</strong></span> <span class='ocrx_word' id='word_1_477' title='bbox 2797 3548 2951 3618; x_wconf 89' lang='lat' dir='ltr'><strong>dicit,</strong></span> <span class='ocrx_word' id='word_1_478' title='bbox 2977 3547 3094 3604; x_wconf 93' lang='lat' dir='ltr'><strong>vult</strong></span> <span class='ocrx_word' id='word_1_479' title='bbox 3121 3561 3228 3604; x_wconf 92' lang='lat' dir='ltr'><strong>non</strong></span> <span class='ocrx_word' id='word_1_480' title='bbox 3261 3545 3582 3603; x_wconf 73' lang='lat' dir='ltr'><strong>transitoria</strong></span> <span class='ocrx_word' id='word_1_481' title='bbox 3623 3545 3824 3612; x_wconf 87' lang='lat' dir='ltr'><strong>audiri,</strong></span> 
     </span>
    </p>
   </div>
   <div class='ocr_carea' id='block_1_46' title="bbox 535 3603 2107 3714">
    <p class='ocr_par' dir='ltr' id='par_1_46' title="bbox 535 3603 2107 3687">
     <span class='ocr_line' id='line_1_46' title="bbox 535 3603 2107 3687; baseline 0.015 -35"><span class='ocrx_word' id='word_1_482' title='bbox 535 3610 666 3655; x_wconf 89' lang='lat' dir='ltr'><strong>vere</strong></span> <span class='ocrx_word' id='word_1_483' title='bbox 703 3612 908 3671; x_wconf 92' lang='lat' dir='ltr'><strong>ponunt</strong></span> <span class='ocrx_word' id='word_1_484' title='bbox 934 3603 988 3660; x_wconf 92' lang='lat' dir='ltr'><strong>in</strong></span> <span class='ocrx_word' id='word_1_485' title='bbox 1024 3605 1136 3674; x_wconf 89' lang='lat' dir='ltr'><strong>via,</strong></span> <span class='ocrx_word' id='word_1_486' title='bbox 1166 3607 1221 3663; x_wconf 89' lang='lat' dir='ltr'><strong>id</strong></span> <span class='ocrx_word' id='word_1_487' title='bbox 1246 3617 1330 3664; x_wconf 91' lang='lat' dir='ltr'><strong>est</strong></span> <span class='ocrx_word' id='word_1_488' title='bbox 1359 3625 1414 3666; x_wconf 82' lang='lat' dir='ltr'><strong>tn</strong></span> <span class='ocrx_word' id='word_1_489' title='bbox 1443 3609 1682 3682; x_wconf 85' lang='lat' dir='ltr'><strong>Christo,</strong></span> <span class='ocrx_word' id='word_1_490' title='bbox 1719 3630 1941 3687; x_wconf 90' lang='lat' dir='ltr'><strong>gressus</strong></span> <span class='ocrx_word' id='word_1_491' title='bbox 1970 3634 2107 3687; x_wconf 73' lang='lat' dir='ltr'><strong>suos1</strong></span> 
     </span>
    </p>
   </div>
   <div class='ocr_carea' id='block_1_47' title="bbox 2239 3603 3822 3714">
    <p class='ocr_par' dir='ltr' id='par_1_47' title="bbox 2239 3603 3822 3714">
     <span class='ocr_line' id='line_1_47' title="bbox 2239 3603 3822 3714; baseline -0.004 -10"><span class='ocrx_word' id='word_1_492' title='bbox 2239 3645 2319 3704; x_wconf 70' lang='lat' dir='ltr'><strong>sed</strong></span> <span class='ocrx_word' id='word_1_493' title='bbox 2349 3646 2483 3702; x_wconf 91' lang='lat' dir='ltr'><strong>utin</strong></span> <span class='ocrx_word' id='word_1_494' title='bbox 2504 3603 2612 3702; x_wconf 70' lang='lat' dir='ltr'><strong>illis</strong></span> <span class='ocrx_word' id='word_1_495' title='bbox 2641 3643 2840 3702; x_wconf 82' lang='lat' dir='ltr'><strong>finibus</strong></span> <span class='ocrx_word' id='word_1_496' title='bbox 2887 3643 3190 3714; x_wconf 76' lang='lat' dir='ltr'><strong>maiestatis</strong></span> <span class='ocrx_word' id='word_1_497' title='bbox 3235 3640 3358 3713; x_wconf 88' lang='lat' dir='ltr'><strong>ejus</strong></span> <span class='ocrx_word' id='word_1_498' title='bbox 3399 3642 3582 3698; x_wconf 85' lang='lat' dir='ltr'><strong>oratio</strong></span> <span class='ocrx_word' id='word_1_499' title='bbox 3626 3657 3822 3699; x_wconf 87' lang='lat' dir='ltr'><strong>recon-</strong></span> 
     </span>
    </p>
   </div>
   <div class='ocr_carea' id='block_1_48' title="bbox 530 3702 3825 3810">
    <p class='ocr_par' dir='ltr' id='par_1_48' title="bbox 530 3702 3825 3810">
     <span class='ocr_line' id='line_1_48' title="bbox 530 3702 3825 3810; baseline 0.015 -63"><span class='ocrx_word' id='word_1_500' title='bbox 530 3702 624 3763; x_wconf 82' lang='lat' dir='ltr'><strong>qui</strong></span> <span class='ocrx_word' id='word_1_501' title='bbox 658 3702 785 3752; x_wconf 90' lang='lat' dir='ltr'><strong>ante</strong></span> <span class='ocrx_word' id='word_1_502' title='bbox 809 3709 1133 3756; x_wconf 89' lang='lat' dir='ltr'><strong>erraverunt</strong></span> <span class='ocrx_word' id='word_1_503' title='bbox 1158 3702 1214 3758; x_wconf 90' lang='lat' dir='ltr'><strong>in</strong></span> <span class='ocrx_word' id='word_1_504' title='bbox 1243 3704 1452 3762; x_wconf 86' lang='lat' dir='ltr'><strong>semitis</strong></span> <span class='ocrx_word' id='word_1_505' title='bbox 1474 3704 1909 3770; x_wconf 88' lang='lat' dir='ltr'><strong>detestabilibus.</strong></span> <span class='ocrx_word' id='word_1_506' title='bbox 2223 3702 2406 3807; x_wconf 55' lang='grc' dir='ltr'><strong>ξιδων,</strong></span> <span class='ocrx_word' id='word_1_507' title='bbox 2439 3739 2582 3796; x_wconf 52' lang='lat' dir='ltr'><strong>sicut</strong></span> <span class='ocrx_word' id='word_1_508' title='bbox 2610 3754 2709 3810; x_wconf 65' lang='lat' dir='ltr'><strong>per</strong></span> <span class='ocrx_word' id='word_1_509' title='bbox 2730 3752 2894 3794; x_wconf 64' lang='lat' dir='ltr'><strong>aures</strong></span> <span class='ocrx_word' id='word_1_510' title='bbox 2920 3702 2995 3794; x_wconf 63' lang='lat' dir='ltr'><strong>al;</strong></span> <span class='ocrx_word' id='word_1_511' title='bbox 3015 3736 3237 3792; x_wconf 81' lang='lat' dir='ltr'><strong>homine</strong></span> <span class='ocrx_word' id='word_1_512' title='bbox 3261 3702 3538 3792; x_wconf 71' lang='lat' dir='ltr'><strong>memoriae</strong></span> <span class='ocrx_word' id='word_1_513' title='bbox 3558 3736 3825 3807; x_wconf 85' lang='lat' dir='ltr'><strong>probatur</strong></span> 
     </span>
    </p>
   </div>
   <div class='ocr_carea' id='block_1_49' title="bbox 960 3829 3822 3903">
    <p class='ocr_par' dir='ltr' id='par_1_49' title="bbox 960 3829 3822 3903">
     <span class='ocr_line' id='line_1_49' title="bbox 960 3829 3822 3903; baseline 0.006 -33"><span class='ocrx_word' id='word_1_514' title='bbox 960 3829 1161 3872; x_wconf 73' lang='lat' dir='ltr'><strong>ennio</strong></span> <span class='ocrx_word' id='word_1_515' title='bbox 1185 3833 1254 3874; x_wconf 79' lang='lat' dir='ltr'><strong>nx</strong></span> <span class='ocrx_word' id='word_1_516' title='bbox 1280 3833 1430 3877; x_wconf 63' lang='grc' dir='ltr'><strong>νεα..</strong></span> <span class='ocrx_word' id='word_1_517' title='bbox 1457 3835 1678 3880; x_wconf 74' lang='lat' dir='ltr'><strong>untv.</strong></span> <span class='ocrx_word' id='word_1_518' title='bbox 2218 3831 2393 3902; x_wconf 81' lang='lat' dir='ltr'><strong>inﬁgi.</strong></span> <span class='ocrx_word' id='word_1_519' title='bbox 2443 3831 2811 3903; x_wconf 85' lang='lat' dir='ltr'><strong>Additumque</strong></span> <span class='ocrx_word' id='word_1_520' title='bbox 2838 3839 2922 3886; x_wconf 89' lang='lat' dir='ltr'><strong>est</strong></span> <span class='ocrx_word' id='word_1_521' title='bbox 2965 3848 2979 3885; x_wconf 91' lang='lat'><strong>:</strong></span> <span class='ocrx_word' id='word_1_522' title='bbox 3037 3829 3258 3887; x_wconf 90' lang='lat' dir='ltr'><strong>intende</strong></span> <span class='ocrx_word' id='word_1_523' title='bbox 3301 3829 3425 3886; x_wconf 91' lang='lat' dir='ltr'><strong>voci</strong></span> <span class='ocrx_word' id='word_1_524' title='bbox 3473 3838 3536 3885; x_wconf 90' lang='lat' dir='ltr'><strong>ut</strong></span> <span class='ocrx_word' id='word_1_525' title='bbox 3576 3831 3822 3887; x_wconf 87' lang='lat' dir='ltr'><strong>intentus</strong></span> 
     </span>
    </p>
   </div>
   <div class='ocr_carea' id='block_1_50' title="bbox 597 3919 3028 4015">
    <p class='ocr_par' dir='ltr' id='par_1_50' title="bbox 597 3919 3028 4015">
     <span class='ocr_line' id='line_1_50' title="bbox 597 3919 3028 4015; baseline 0.007 -37"><span class='ocrx_word' id='word_1_526' title='bbox 597 3919 856 3994; x_wconf 76' lang='lat' dir='ltr'><strong>Remitte,</strong></span> <span class='ocrx_word' id='word_1_527' title='bbox 912 3927 1158 3999; x_wconf 91' lang='lat' dir='ltr'><strong>Domine,</strong></span> <span class='ocrx_word' id='word_1_528' title='bbox 1221 3931 1563 4005; x_wconf 89' lang='lat' dir='ltr'><strong>iniquitatem</strong></span> <span class='ocrx_word' id='word_1_529' title='bbox 1645 3939 1818 4009; x_wconf 90' lang='lat' dir='ltr'><strong>plebis</strong></span> <span class='ocrx_word' id='word_1_530' title='bbox 1873 3952 2010 4015; x_wconf 73' lang='lat' dir='ltr'><strong>tuae;</strong></span> <span class='ocrx_word' id='word_1_531' title='bbox 2063 3957 2120 4007; x_wconf 76' lang='lat' dir='ltr'><strong>et</strong></span> <span class='ocrx_word' id='word_1_532' title='bbox 2220 3925 2435 3982; x_wconf 68' lang='lat' dir='ltr'><strong>animus</strong></span> <span class='ocrx_word' id='word_1_533' title='bbox 2482 3924 2723 3995; x_wconf 68' lang='grc' dir='ltr'><strong>ερθΐίΐθι</strong></span> <span class='ocrx_word' id='word_1_534' title='bbox 2763 3924 3028 3980; x_wconf 60' lang='lat' dir='ltr'><strong>amulum-</strong></span> 
     </span>
    </p>
   </div>
   <div class='ocr_carea' id='block_1_51' title="bbox 527 4015 2107 4104">
    <p class='ocr_par' dir='ltr' id='par_1_51' title="bbox 527 4017 2107 4104">
     <span class='ocr_line' id='line_1_51' title="bbox 527 4017 2107 4104; baseline 0.016 -32"><span class='ocrx_word' id='word_1_535' title='bbox 527 4017 751 4072; x_wconf 88' lang='lat' dir='ltr'><strong>ostende</strong></span> <span class='ocrx_word' id='word_1_536' title='bbox 779 4019 932 4075; x_wconf 90' lang='lat' dir='ltr'><strong>nobis</strong></span> <span class='ocrx_word' id='word_1_537' title='bbox 957 4021 1384 4082; x_wconf 88' lang='lat' dir='ltr'><strong>misericordiam</strong></span> <span class='ocrx_word' id='word_1_538' title='bbox 1417 4038 1585 4099; x_wconf 89' lang='lat' dir='ltr'><strong>tuam,</strong></span> <span class='ocrx_word' id='word_1_539' title='bbox 1612 4048 1733 4104; x_wconf 74' lang='lat' dir='ltr'><strong>quae</strong></span> <span class='ocrx_word' id='word_1_540' title='bbox 1757 4051 1856 4092; x_wconf 91' lang='lat' dir='ltr'><strong>nos</strong></span> <span class='ocrx_word' id='word_1_541' title='bbox 1886 4037 1940 4094; x_wconf 92' lang='lat' dir='ltr'><strong>in</strong></span> <span class='ocrx_word' id='word_1_542' title='bbox 1969 4041 2107 4098; x_wconf 90' lang='lat' dir='ltr'><strong>viam</strong></span> 
     </span>
    </p>
   </div>
   <div class='ocr_carea' id='block_1_52' title="bbox 2239 4015 3525 4104">
    <p class='ocr_par' dir='ltr' id='par_1_52' title="bbox 2239 4015 3525 4076">
     <span class='ocr_line' id='line_1_52' title="bbox 2239 4015 3525 4076; baseline -0.003 0"><span class='ocrx_word' id='word_1_543' title='bbox 2239 4017 2262 4076; x_wconf 79' lang='grc' dir='ltr'><strong>ὶ·</strong></span> <span class='ocrx_word' id='word_1_544' title='bbox 2360 4017 2429 4074; x_wconf 87' lang='lat' dir='ltr'><strong>In</strong></span> <span class='ocrx_word' id='word_1_545' title='bbox 2452 4016 2538 4074; x_wconf 87' lang='lat' dir='ltr'><strong>die</strong></span> <span class='ocrx_word' id='word_1_546' title='bbox 2562 4015 2918 4072; x_wconf 86' lang='lat' dir='ltr'><strong>tribulationis</strong></span> <span class='ocrx_word' id='word_1_547' title='bbox 2941 4031 3070 4072; x_wconf 77' lang='lat' dir='ltr'><strong>mete</strong></span> <span class='ocrx_word' id='word_1_548' title='bbox 3091 4015 3316 4071; x_wconf 89' lang='lat' dir='ltr'><strong>clamavi</strong></span> <span class='ocrx_word' id='word_1_549' title='bbox 3341 4015 3412 4071; x_wconf 88' lang='lat' dir='ltr'><strong>ad</strong></span> <span class='ocrx_word' id='word_1_550' title='bbox 3441 4025 3525 4073; x_wconf 81' lang='lat' dir='ltr'><strong>te.</strong></span> 
     </span>
    </p>
   </div>
   <div class='ocr_carea' id='block_1_53' title="bbox 523 4111 2931 4194">
    <p class='ocr_par' dir='ltr' id='par_1_53' title="bbox 523 4111 2931 4194">
     <span class='ocr_line' id='line_1_53' title="bbox 523 4111 2931 4194; baseline 0.006 -29"><span class='ocrx_word' id='word_1_551' title='bbox 523 4113 696 4183; x_wconf 88' lang='lat' dir='ltr'><strong>pacis,</strong></span> <span class='ocrx_word' id='word_1_552' title='bbox 715 4113 922 4183; x_wconf 77' lang='lat' dir='ltr'><strong>iustitia</strong></span> <span class='ocrx_word' id='word_1_553' title='bbox 955 4119 1309 4188; x_wconf 69' lang='lat' dir='ltr'><strong>prmcedeute,</strong></span> <span class='ocrx_word' id='word_1_554' title='bbox 1343 4124 1624 4194; x_wconf 88' lang='lat' dir='ltr'><strong>perducat.</strong></span> <span class='ocrx_word' id='word_1_555' title='bbox 1669 4128 1775 4188; x_wconf 89' lang='lat' dir='ltr'><strong>Per</strong></span> <span class='ocrx_word' id='word_1_556' title='bbox 1825 4131 2117 4194; x_wconf 88' lang='lat' dir='ltr'><strong>Dominum</strong></span> <span class='ocrx_word' id='word_1_557' title='bbox 2365 4111 2504 4180; x_wconf 73' lang='grc' dir='ltr'><strong>Ωιιίο</strong></span> <span class='ocrx_word' id='word_1_558' title='bbox 2533 4111 2801 4168; x_wconf 61' lang='lat' dir='ltr'><strong>exaudis“</strong></span> <span class='ocrx_word' id='word_1_559' title='bbox 2830 4127 2931 4167; x_wconf 69' lang='lat' dir='ltr'><strong>meo</strong></span> 
     </span>
    </p>
   </div>
   <div class='ocr_carea' id='block_1_54' title="bbox 523 4202 3819 4286">
    <p class='ocr_par' dir='ltr' id='par_1_54' title="bbox 523 4202 3819 4286">
     <span class='ocr_line' id='line_1_54' title="bbox 523 4202 3819 4286; baseline 0.002 -31"><span class='ocrx_word' id='word_1_560' title='bbox 523 4212 766 4260; x_wconf 83' lang='lat' dir='ltr'><strong>nostrum</strong></span> <span class='ocrx_word' id='word_1_561' title='bbox 797 4204 1269 4269; x_wconf 84' lang='lat' dir='ltr'><strong>JesumChristum</strong></span> <span class='ocrx_word' id='word_1_562' title='bbox 1297 4215 1513 4286; x_wconf 87' lang='lat' dir='ltr'><strong>Filium,</strong></span> <span class='ocrx_word' id='word_1_563' title='bbox 1542 4228 1649 4279; x_wconf 78' lang='lat' dir='ltr'><strong>etc.</strong></span> <span class='ocrx_word' id='word_1_564' title='bbox 2289 4205 2337 4261; x_wconf 85' lang='grc' dir='ltr'><strong>Η</strong></span> <span class='ocrx_word' id='word_1_565' title='bbox 2355 4204 2414 4261; x_wconf 91' lang='lat' dir='ltr'><strong>lu</strong></span> <span class='ocrx_word' id='word_1_566' title='bbox 2437 4206 2525 4262; x_wconf 91' lang='lat' dir='ltr'><strong>die</strong></span> <span class='ocrx_word' id='word_1_567' title='bbox 2553 4204 3068 4272; x_wconf 86' lang='lat' dir='ltr'><strong>tribulationis,hoc</strong></span> <span class='ocrx_word' id='word_1_568' title='bbox 3093 4214 3178 4260; x_wconf 90' lang='lat' dir='ltr'><strong>est</strong></span> <span class='ocrx_word' id='word_1_569' title='bbox 3205 4203 3258 4260; x_wconf 89' lang='lat' dir='ltr'><strong>iu</strong></span> <span class='ocrx_word' id='word_1_570' title='bbox 3283 4203 3370 4260; x_wconf 91' lang='lat' dir='ltr'><strong>die</strong></span> <span class='ocrx_word' id='word_1_571' title='bbox 3389 4202 3691 4273; x_wconf 87' lang='lat' dir='ltr'><strong>passionis,</strong></span> <span class='ocrx_word' id='word_1_572' title='bbox 3707 4203 3819 4260; x_wconf 86' lang='lat' dir='ltr'><strong>cla-</strong></span> 
     </span>
    </p>
   </div>
   <div class='ocr_carea' id='block_1_55' title="bbox 1008 4297 3816 4388">
    <p class='ocr_par' dir='ltr' id='par_1_55' title="bbox 1008 4297 3816 4388">
     <span class='ocr_line' id='line_1_55' title="bbox 1008 4297 3816 4388; baseline -0 -33"><span class='ocrx_word' id='word_1_573' title='bbox 1008 4323 1328 4383; x_wconf 72' lang='lat' dir='ltr'><strong>pSALMUS</strong></span> <span class='ocrx_word' id='word_1_574' title='bbox 1352 4328 1618 4388; x_wconf 50' lang='lat' dir='ltr'><strong>LXXXV.</strong></span> <span class='ocrx_word' id='word_1_575' title='bbox 2217 4301 2384 4367; x_wconf 88' lang='lat' dir='ltr'><strong>mavi,</strong></span> <span class='ocrx_word' id='word_1_576' title='bbox 2419 4299 2624 4357; x_wconf 88' lang='lat' dir='ltr'><strong>scilicet</strong></span> <span class='ocrx_word' id='word_1_577' title='bbox 2653 4300 2719 4355; x_wconf 92' lang='lat' dir='ltr'><strong>de</strong></span> <span class='ocrx_word' id='word_1_578' title='bbox 2740 4313 2904 4355; x_wconf 90' lang='lat' dir='ltr'><strong>cruce</strong></span> <span class='ocrx_word' id='word_1_579' title='bbox 2933 4314 2948 4366; x_wconf 91' lang='lat'><strong>;</strong></span> <span class='ocrx_word' id='word_1_580' title='bbox 2981 4297 3346 4366; x_wconf 83' lang='lat' dir='ltr'><strong>exaudisti,ut</strong></span> <span class='ocrx_word' id='word_1_581' title='bbox 3367 4299 3816 4354; x_wconf 81' lang='lat' dir='ltr'><strong>commendatum</strong></span> 
     </span>
    </p>
   </div>
   <div class='ocr_carea' id='block_1_56' title="bbox 2220 4394 3172 4466">
    <p class='ocr_par' dir='ltr' id='par_1_56' title="bbox 2220 4394 3172 4466">
     <span class='ocr_line' id='line_1_56' title="bbox 2220 4394 3172 4466; baseline -0.003 -16"><span class='ocrx_word' id='word_1_582' title='bbox 2220 4394 2318 4452; x_wconf 89' lang='lat' dir='ltr'><strong>tibi</strong></span> <span class='ocrx_word' id='word_1_583' title='bbox 2357 4394 2607 4466; x_wconf 89' lang='lat' dir='ltr'><strong>spiritum</strong></span> <span class='ocrx_word' id='word_1_584' title='bbox 2633 4409 2812 4450; x_wconf 88' lang='lat' dir='ltr'><strong>meum</strong></span> <span class='ocrx_word' id='word_1_585' title='bbox 2833 4394 3172 4450; x_wconf 80' lang='lat' dir='ltr'><strong>restitueres.</strong></span> 
     </span>
    </p>
   </div>
   <div class='ocr_carea' id='block_1_57' title="bbox 951 4450 2197 4527">
    <p class='ocr_par' dir='ltr' id='par_1_57' title="bbox 951 4450 2197 4527">
     <span class='ocr_line' id='line_1_57' title="bbox 951 4450 2197 4527; baseline 0.014 -35"><span class='ocrx_word' id='word_1_586' title='bbox 951 4450 1314 4496; x_wconf 66' lang='lat' dir='ltr'><strong>ARGUMENTUH</strong></span> <span class='ocrx_word' id='word_1_587' title='bbox 1355 4457 1502 4498; x_wconf 81' lang='lat' dir='ltr'><strong>PSAL.</strong></span> <span class='ocrx_word' id='word_1_588' title='bbox 1528 4461 1722 4502; x_wconf 69' lang='lat' dir='ltr'><strong>LXXXV.</strong></span> <span class='ocrx_word' id='word_1_589' title='bbox 2138 4464 2197 4527; x_wconf 69' lang='grc' dir='ltr'><strong><em>Β</em></strong></span> 
     </span>
    </p>
   </div>
   <div class='ocr_carea' id='block_1_58' title="bbox 2219 4507 3593 4583">
    <p class='ocr_par' dir='ltr' id='par_1_58' title="bbox 2219 4507 3593 4583">
     <span class='ocr_line' id='line_1_58' title="bbox 2219 4507 3593 4583; baseline -0.001 -14"><span class='ocrx_word' id='word_1_590' title='bbox 2219 4513 2252 4569; x_wconf 83' lang='grc'>7</span> <span class='ocrx_word' id='word_1_591' title='bbox 2362 4511 2488 4567; x_wconf 85' lang='grc' dir='ltr'><strong>Νοη</strong></span> <span class='ocrx_word' id='word_1_592' title='bbox 2517 4521 2591 4567; x_wconf 89' lang='lat' dir='ltr'><strong>est</strong></span> <span class='ocrx_word' id='word_1_593' title='bbox 2615 4510 2800 4566; x_wconf 89' lang='lat' dir='ltr'><strong>similis</strong></span> <span class='ocrx_word' id='word_1_594' title='bbox 2832 4507 2909 4564; x_wconf 89' lang='lat' dir='ltr'><strong>tui</strong></span> <span class='ocrx_word' id='word_1_595' title='bbox 2945 4509 3003 4564; x_wconf 87' lang='lat' dir='ltr'><strong>in</strong></span> <span class='ocrx_word' id='word_1_596' title='bbox 3032 4509 3136 4564; x_wconf 89' lang='lat' dir='ltr'><strong>diis</strong></span> <span class='ocrx_word' id='word_1_597' title='bbox 3165 4523 3229 4567; x_wconf 72' lang='grc' dir='ltr'><strong>σξ-</strong></span> <span class='ocrx_word' id='word_1_598' title='bbox 3264 4507 3487 4566; x_wconf 87' lang='lat' dir='ltr'><strong>Domine</strong></span> <span class='ocrx_word' id='word_1_599' title='bbox 3517 4508 3540 4583; x_wconf 70' lang='grc' dir='ltr'>ζ</span> <span class='ocrx_word' id='word_1_600' title='bbox 3577 4528 3593 4567; x_wconf 91' lang='lat'><strong>:</strong></span> 
     </span>
    </p>
   </div>
   <div class='ocr_carea' id='block_1_59' title="bbox 2359 4603 3286 4675">
    <p class='ocr_par' dir='ltr' id='par_1_59' title="bbox 2359 4603 3286 4675">
     <span class='ocr_line' id='line_1_59' title="bbox 2359 4603 3286 4675; baseline -0.001 -17"><span class='ocrx_word' id='word_1_601' title='bbox 2359 4603 2427 4659; x_wconf 89' lang='lat' dir='ltr'><strong>Et</strong></span> <span class='ocrx_word' id='word_1_602' title='bbox 2456 4621 2560 4660; x_wconf 89' lang='lat' dir='ltr'><strong>non</strong></span> <span class='ocrx_word' id='word_1_603' title='bbox 2581 4615 2652 4660; x_wconf 90' lang='lat' dir='ltr'><strong>est</strong></span> <span class='ocrx_word' id='word_1_604' title='bbox 2678 4603 2962 4660; x_wconf 86' lang='lat' dir='ltr'><strong>secundum</strong></span> <span class='ocrx_word' id='word_1_605' title='bbox 2987 4620 3145 4675; x_wconf 87' lang='lat' dir='ltr'><strong>opera</strong></span> <span class='ocrx_word' id='word_1_606' title='bbox 3175 4613 3286 4658; x_wconf 84' lang='lat' dir='ltr'><strong>tua.</strong></span> 
     </span>
    </p>
   </div>
   <div class='ocr_carea' id='block_1_60' title="bbox 2287 4697 3814 4771">
    <p class='ocr_par' dir='ltr' id='par_1_60' title="bbox 2287 4697 3814 4771">
     <span class='ocr_line' id='line_1_60' title="bbox 2287 4697 3814 4771; baseline -0.001 -15"><span class='ocrx_word' id='word_1_607' title='bbox 2287 4698 2329 4756; x_wconf 93' lang='lat' dir='ltr'><strong>C</strong></span> <span class='ocrx_word' id='word_1_608' title='bbox 2365 4699 2480 4754; x_wconf 86' lang='lat' dir='ltr'><strong>Non</strong></span> <span class='ocrx_word' id='word_1_609' title='bbox 2505 4710 2590 4756; x_wconf 91' lang='lat' dir='ltr'><strong>est</strong></span> <span class='ocrx_word' id='word_1_610' title='bbox 2620 4699 2671 4753; x_wconf 92' lang='lat' dir='ltr'><strong>in</strong></span> <span class='ocrx_word' id='word_1_611' title='bbox 2706 4699 2810 4754; x_wconf 85' lang='lat' dir='ltr'><strong>diis</strong></span> <span class='ocrx_word' id='word_1_612' title='bbox 2845 4698 3042 4756; x_wconf 90' lang='lat' dir='ltr'><strong>similis</strong></span> <span class='ocrx_word' id='word_1_613' title='bbox 3067 4698 3145 4753; x_wconf 93' lang='lat' dir='ltr'><strong>tui</strong></span> <span class='ocrx_word' id='word_1_614' title='bbox 3177 4697 3432 4765; x_wconf 91' lang='lat' dir='ltr'><strong>dicendo,</strong></span> <span class='ocrx_word' id='word_1_615' title='bbox 3455 4698 3599 4755; x_wconf 75' lang='lat' dir='ltr'><strong>idola</strong></span> <span class='ocrx_word' id='word_1_616' title='bbox 3643 4699 3814 4771; x_wconf 82' lang='lat' dir='ltr'><strong>signi-</strong></span> 
     </span>
    </p>
   </div>
   <div class='ocr_carea' id='block_1_61' title="bbox 2216 4792 3811 4866">
    <p class='ocr_par' dir='ltr' id='par_1_61' title="bbox 2216 4792 3811 4866">
     <span class='ocr_line' id='line_1_61' title="bbox 2216 4792 3811 4866; baseline -0.001 -15"><span class='ocrx_word' id='word_1_617' title='bbox 2216 4795 2342 4852; x_wconf 81' lang='lat' dir='ltr'><strong>ﬁcat</strong></span> <span class='ocrx_word' id='word_1_618' title='bbox 2369 4794 2858 4866; x_wconf 47' lang='lat' dir='ltr'><strong>paganorumgqua:</strong></span> <span class='ocrx_word' id='word_1_619' title='bbox 2879 4794 3053 4850; x_wconf 89' lang='lat' dir='ltr'><strong>adhuc</strong></span> <span class='ocrx_word' id='word_1_620' title='bbox 3075 4793 3128 4848; x_wconf 92' lang='lat' dir='ltr'><strong>in</strong></span> <span class='ocrx_word' id='word_1_621' title='bbox 3152 4793 3354 4849; x_wconf 88' lang='lat' dir='ltr'><strong>mundo</strong></span> <span class='ocrx_word' id='word_1_622' title='bbox 3379 4792 3614 4848; x_wconf 82' lang='lat' dir='ltr'><strong>nefanda</strong></span> <span class='ocrx_word' id='word_1_623' title='bbox 3647 4795 3811 4850; x_wconf 79' lang='lat' dir='ltr'><strong>devo-</strong></span> 
     </span>
    </p>
   </div>
   <div class='ocr_carea' id='block_1_62' title="bbox 2216 4889 3807 4960">
    <p class='ocr_par' dir='ltr' id='par_1_62' title="bbox 2216 4889 3807 4960">
     <span class='ocr_line' id='line_1_62' title="bbox 2216 4889 3807 4960; baseline -0.001 -14"><span class='ocrx_word' id='word_1_624' title='bbox 2216 4892 2364 4947; x_wconf 90' lang='lat' dir='ltr'><strong>tione</strong></span> <span class='ocrx_word' id='word_1_625' title='bbox 2385 4889 2732 4946; x_wconf 88' lang='lat' dir='ltr'><strong>colebantur:</strong></span> <span class='ocrx_word' id='word_1_626' title='bbox 2765 4896 2946 4944; x_wconf 89' lang='lat' dir='ltr'><strong>etnou</strong></span> <span class='ocrx_word' id='word_1_627' title='bbox 2993 4898 3076 4944; x_wconf 90' lang='lat' dir='ltr'><strong>est</strong></span> <span class='ocrx_word' id='word_1_628' title='bbox 3127 4889 3428 4944; x_wconf 89' lang='lat' dir='ltr'><strong>secundum</strong></span> <span class='ocrx_word' id='word_1_629' title='bbox 3475 4903 3646 4960; x_wconf 87' lang='lat' dir='ltr'><strong>opera</strong></span> <span class='ocrx_word' id='word_1_630' title='bbox 3692 4899 3807 4957; x_wconf 87' lang='lat' dir='ltr'><strong>tua,</strong></span> 
     </span>
    </p>
   </div>
   <div class='ocr_carea' id='block_1_63' title="bbox 2207 4982 3656 5056">
    <p class='ocr_par' dir='ltr' id='par_1_63' title="bbox 2207 4982 3656 5056">
     <span class='ocr_line' id='line_1_63' title="bbox 2207 4982 3656 5056; baseline -0.001 -14"><span class='ocrx_word' id='word_1_631' title='bbox 2207 4983 2418 5042; x_wconf 89' lang='lat' dir='ltr'><strong>scilicet</strong></span> <span class='ocrx_word' id='word_1_632' title='bbox 2445 4983 2539 5040; x_wconf 86' lang='lat' dir='ltr'><strong>tibi</strong></span> <span class='ocrx_word' id='word_1_633' title='bbox 2568 4983 2779 5050; x_wconf 87' lang='lat' dir='ltr'><strong>similis,</strong></span> <span class='ocrx_word' id='word_1_634' title='bbox 2809 4985 2900 5056; x_wconf 90' lang='lat' dir='ltr'><strong>qui</strong></span> <span class='ocrx_word' id='word_1_635' title='bbox 2924 4982 3098 5040; x_wconf 86' lang='lat' dir='ltr'><strong>fecisti</strong></span> <span class='ocrx_word' id='word_1_636' title='bbox 3121 4983 3316 5040; x_wconf 69' lang='lat' dir='ltr'><strong>caelum</strong></span> <span class='ocrx_word' id='word_1_637' title='bbox 3347 4993 3400 5040; x_wconf 87' lang='lat' dir='ltr'><strong>et</strong></span> <span class='ocrx_word' id='word_1_638' title='bbox 3431 4993 3656 5041; x_wconf 85' lang='lat' dir='ltr'><strong>terram.</strong></span> 
     </span>
    </p>
   </div>
   <div class='ocr_carea' id='block_1_64' title="bbox 592 4540 2110 4636">
    <p class='ocr_par' dir='ltr' id='par_1_64' title="bbox 592 4540 2110 4636">
     <span class='ocr_line' id='line_1_64' title="bbox 592 4540 2110 4636; baseline 0.019 -38"><span class='ocrx_word' id='word_1_639' title='bbox 592 4540 634 4636; x_wconf 72' lang='lat' dir='ltr'><strong>_C</strong></span> <span class='ocrx_word' id='word_1_640' title='bbox 669 4542 856 4602; x_wconf 86' lang='lat' dir='ltr'><strong>Oratio</strong></span> <span class='ocrx_word' id='word_1_641' title='bbox 884 4545 1084 4604; x_wconf 87' lang='lat' dir='ltr'><strong>Christi</strong></span> <span class='ocrx_word' id='word_1_642' title='bbox 1112 4551 1180 4607; x_wconf 89' lang='lat' dir='ltr'><strong>ad</strong></span> <span class='ocrx_word' id='word_1_643' title='bbox 1204 4551 1422 4611; x_wconf 87' lang='lat' dir='ltr'><strong>Patrem</strong></span> <span class='ocrx_word' id='word_1_644' title='bbox 1469 4573 1568 4629; x_wconf 90' lang='lat' dir='ltr'><strong>pro</strong></span> <span class='ocrx_word' id='word_1_645' title='bbox 1590 4574 1668 4628; x_wconf 82' lang='lat' dir='ltr'><strong>se,</strong></span> <span class='ocrx_word' id='word_1_646' title='bbox 1691 4563 1912 4636; x_wconf 82' lang='lat' dir='ltr'><strong>suisque</strong></span> <span class='ocrx_word' id='word_1_647' title='bbox 1939 4581 2110 4626; x_wconf 84' lang='lat' dir='ltr'><strong>mem-</strong></span> 
     </span>
    </p>
   </div>
   <div class='ocr_carea' id='block_1_65' title="bbox 517 4629 1344 4712">
    <p class='ocr_par' dir='ltr' id='par_1_65' title="bbox 517 4629 1344 4712">
     <span class='ocr_line' id='line_1_65' title="bbox 517 4629 1344 4712; baseline 0.017 -24"><span class='ocrx_word' id='word_1_648' title='bbox 517 4629 634 4690; x_wconf 82' lang='lat' dir='ltr'><strong>bris</strong></span> <span class='ocrx_word' id='word_1_649' title='bbox 658 4649 886 4706; x_wconf 89' lang='lat' dir='ltr'><strong>quorum</strong></span> <span class='ocrx_word' id='word_1_650' title='bbox 912 4639 1026 4710; x_wconf 92' lang='lat' dir='ltr'><strong>ipse</strong></span> <span class='ocrx_word' id='word_1_651' title='bbox 1045 4653 1206 4712; x_wconf 89' lang='lat' dir='ltr'><strong>caput</strong></span> <span class='ocrx_word' id='word_1_652' title='bbox 1242 4656 1344 4702; x_wconf 89' lang='lat' dir='ltr'><strong>est.</strong></span> 
     </span>
    </p>
   </div>
   <div class='ocr_carea' id='block_1_66' title="bbox 876 4728 1712 4812">
    <p class='ocr_par' dir='ltr' id='par_1_66' title="bbox 876 4728 1712 4812">
     <span class='ocr_line' id='line_1_66' title="bbox 876 4728 1712 4812; baseline 0.02 -28"><span class='ocrx_word' id='word_1_653' title='bbox 876 4728 985 4787; x_wconf 89' lang='lat' dir='ltr'><strong>TT.</strong></span> <span class='ocrx_word' id='word_1_654' title='bbox 1018 4731 1201 4791; x_wconf 87' lang='lat' dir='ltr'><strong>Oratio</strong></span> <span class='ocrx_word' id='word_1_655' title='bbox 1231 4753 1294 4795; x_wconf 62' lang='lat' dir='ltr'><strong>os-</strong></span> <span class='ocrx_word' id='word_1_656' title='bbox 1337 4740 1437 4811; x_wconf 85' lang='lat' dir='ltr'><strong>ipsi</strong></span> <span class='ocrx_word' id='word_1_657' title='bbox 1469 4739 1486 4812; x_wconf 69' lang='grc' dir='ltr'><strong>ξ</strong></span> <span class='ocrx_word' id='word_1_658' title='bbox 1525 4741 1712 4801; x_wconf 81' lang='lat' dir='ltr'><strong>David.</strong></span> 
     </span>
    </p>
   </div>
   <div class='ocr_carea' id='block_1_67' title="bbox 587 4817 2104 4909">
    <p class='ocr_par' dir='ltr' id='par_1_67' title="bbox 587 4817 2104 4909">
     <span class='ocr_line' id='line_1_67' title="bbox 587 4817 2104 4909; baseline 0.02 -34"><span class='ocrx_word' id='word_1_659' title='bbox 587 4817 629 4875; x_wconf 92' lang='lat' dir='ltr'><strong>C</strong></span> <span class='ocrx_word' id='word_1_660' title='bbox 650 4817 837 4876; x_wconf 87' lang='lat' dir='ltr'><strong>Oratio</strong></span> <span class='ocrx_word' id='word_1_661' title='bbox 864 4822 1063 4882; x_wconf 89' lang='lat' dir='ltr'><strong>dicitur</strong></span> <span class='ocrx_word' id='word_1_662' title='bbox 1089 4829 1245 4899; x_wconf 89' lang='lat' dir='ltr'><strong>quasi</strong></span> <span class='ocrx_word' id='word_1_663' title='bbox 1266 4834 1375 4888; x_wconf 85' lang='lat' dir='ltr'><strong>oris</strong></span> <span class='ocrx_word' id='word_1_664' title='bbox 1412 4837 1548 4890; x_wconf 88' lang='lat' dir='ltr'><strong>ratio</strong></span> <span class='ocrx_word' id='word_1_665' title='bbox 1566 4853 1585 4892; x_wconf 88' lang='lat'><strong><em>:</em></strong></span> <span class='ocrx_word' id='word_1_666' title='bbox 1613 4853 1711 4909; x_wconf 93' lang='lat' dir='ltr'><strong>per</strong></span> <span class='ocrx_word' id='word_1_667' title='bbox 1739 4848 1912 4898; x_wconf 90' lang='lat' dir='ltr'><strong>totum</strong></span> <span class='ocrx_word' id='word_1_668' title='bbox 1939 4843 2104 4904; x_wconf 92' lang='lat' dir='ltr'><strong>istum</strong></span> 
     </span>
    </p>
   </div>
   <div class='ocr_carea' id='block_1_68' title="bbox 515 4911 2108 5012">
    <p class='ocr_par' dir='ltr' id='par_1_68' title="bbox 515 4911 2108 5012">
     <span class='ocr_line' id='line_1_68' title="bbox 515 4911 2108 5012; baseline 0.021 -48"><span class='ocrx_word' id='word_1_669' title='bbox 515 4911 784 5012; x_wconf 82' lang='lat' dir='ltr'><strong>psalmum</strong></span> <span class='ocrx_word' id='word_1_670' title='bbox 811 4925 934 4971; x_wconf 91' lang='lat' dir='ltr'><strong>orat</strong></span> <span class='ocrx_word' id='word_1_671' title='bbox 984 4918 1234 4978; x_wconf 89' lang='lat' dir='ltr'><strong>Christus</strong></span> <span class='ocrx_word' id='word_1_672' title='bbox 1287 4923 1354 4980; x_wconf 88' lang='lat' dir='ltr'><strong>ad</strong></span> <span class='ocrx_word' id='word_1_673' title='bbox 1398 4924 1618 4984; x_wconf 89' lang='lat' dir='ltr'><strong>Patrem</strong></span> <span class='ocrx_word' id='word_1_674' title='bbox 1665 4946 1764 5004; x_wconf 87' lang='lat' dir='ltr'><strong>pro</strong></span> <span class='ocrx_word' id='word_1_675' title='bbox 1802 4949 1863 4992; x_wconf 91' lang='lat' dir='ltr'><strong>se</strong></span> <span class='ocrx_word' id='word_1_676' title='bbox 1887 4938 2108 5012; x_wconf 88' lang='lat' dir='ltr'><strong>suisque</strong></span> 
     </span>
    </p>
   </div>
   <div class='ocr_carea' id='block_1_69' title="bbox 437 5008 1535 5090">
    <p class='ocr_par' dir='ltr' id='par_1_69' title="bbox 437 5008 1535 5090">
     <span class='ocr_line' id='line_1_69' title="bbox 437 5008 1535 5090; baseline 0.015 -30"><span class='ocrx_word' id='word_1_677' title='bbox 437 5025 456 5072; x_wconf 62' lang='grc' dir='ltr'><strong>ι</strong></span> <span class='ocrx_word' id='word_1_678' title='bbox 516 5008 802 5074; x_wconf 87' lang='lat' dir='ltr'><strong>membris,</strong></span> <span class='ocrx_word' id='word_1_679' title='bbox 841 5025 1072 5082; x_wconf 90' lang='lat' dir='ltr'><strong>quorum</strong></span> <span class='ocrx_word' id='word_1_680' title='bbox 1107 5014 1222 5086; x_wconf 90' lang='lat' dir='ltr'><strong>ipse</strong></span> <span class='ocrx_word' id='word_1_681' title='bbox 1246 5029 1410 5090; x_wconf 88' lang='lat' dir='ltr'><strong>caput</strong></span> <span class='ocrx_word' id='word_1_682' title='bbox 1433 5030 1535 5076; x_wconf 91' lang='lat' dir='ltr'><strong>est.</strong></span> 
     </span>
    </p>
   </div>
   <div class='ocr_carea' id='block_1_70' title="bbox 513 5095 3806 5175">
    <p class='ocr_par' dir='ltr' id='par_1_70' title="bbox 513 5095 3806 5175">
     <span class='ocr_line' id='line_1_70' title="bbox 513 5095 3806 5175; baseline -0.002 -16"><span class='ocrx_word' id='word_1_683' title='bbox 513 5098 541 5154; x_wconf 76' lang='grc'><strong>1</strong></span> <span class='ocrx_word' id='word_1_684' title='bbox 655 5099 888 5170; x_wconf 81' lang='lat' dir='ltr'><strong>Inclina,</strong></span> <span class='ocrx_word' id='word_1_685' title='bbox 919 5103 1162 5175; x_wconf 86' lang='lat' dir='ltr'><strong>Domine,</strong></span> <span class='ocrx_word' id='word_1_686' title='bbox 1186 5126 1365 5167; x_wconf 76' lang='lat' dir='ltr'><strong>aurem</strong></span> <span class='ocrx_word' id='word_1_687' title='bbox 1398 5123 1574 5169; x_wconf 71' lang='lat' dir='ltr'><strong>mam;</strong></span> <span class='ocrx_word' id='word_1_688' title='bbox 2245 5099 2280 5157; x_wconf 89' lang='lat'><strong>8</strong></span> <span class='ocrx_word' id='word_1_689' title='bbox 2353 5097 2547 5154; x_wconf 85' lang='lat' dir='ltr'><strong>Omnes</strong></span> <span class='ocrx_word' id='word_1_690' title='bbox 2561 5107 2734 5169; x_wconf 85' lang='lat' dir='ltr'><strong>gentes</strong></span> <span class='ocrx_word' id='word_1_691' title='bbox 2759 5113 2890 5168; x_wconf 88' lang='lat' dir='ltr'><strong>quas</strong></span> <span class='ocrx_word' id='word_1_692' title='bbox 2920 5111 2980 5153; x_wconf 75' lang='lat'><em>+</em></span> <span class='ocrx_word' id='word_1_693' title='bbox 3012 5114 3214 5168; x_wconf 85' lang='lat' dir='ltr'><strong>cunque</strong></span> <span class='ocrx_word' id='word_1_694' title='bbox 3243 5095 3262 5167; x_wconf 73' lang='grc' dir='ltr'>ζ</span> <span class='ocrx_word' id='word_1_695' title='bbox 3296 5096 3469 5167; x_wconf 76' lang='lat' dir='ltr'><strong>fecisti</strong></span> <span class='ocrx_word' id='word_1_696' title='bbox 3501 5097 3728 5167; x_wconf 84' lang='lat' dir='ltr'><strong>venient,</strong></span> <span class='ocrx_word' id='word_1_697' title='bbox 3758 5106 3806 5154; x_wconf 77' lang='lat' dir='ltr'><strong>et</strong></span> 
     </span>
    </p>
   </div>
   <div class='ocr_carea' id='block_1_71' title="bbox 653 5188 2107 5290">
    <p class='ocr_par' dir='ltr' id='par_1_71' title="bbox 653 5193 2103 5290">
     <span class='ocr_line' id='line_1_71' title="bbox 653 5193 2103 5290; baseline 0.019 -41"><span class='ocrx_word' id='word_1_698' title='bbox 653 5207 721 5251; x_wconf 62' lang='grc' dir='ltr'><strong>οι·</strong></span> <span class='ocrx_word' id='word_1_699' title='bbox 748 5193 814 5290; x_wconf 64' lang='lat' dir='ltr'><strong>lit</strong></span> <span class='ocrx_word' id='word_1_700' title='bbox 907 5199 1220 5290; x_wconf 12' lang='lat' dir='ltr'><strong>icaaudime:</strong></span> <span class='ocrx_word' id='word_1_701' title='bbox 1249 5205 1495 5274; x_wconf 86' lang='lat' dir='ltr'><strong>quoniam</strong></span> <span class='ocrx_word' id='word_1_702' title='bbox 1516 5208 1664 5284; x_wconf 84' lang='lat' dir='ltr'><strong>inap&#39;s</strong></span> <span class='ocrx_word' id='word_1_703' title='bbox 1691 5223 1740 5269; x_wconf 91' lang='lat' dir='ltr'><strong>et</strong></span> <span class='ocrx_word' id='word_1_704' title='bbox 1759 5232 1960 5290; x_wconf 84' lang='lat' dir='ltr'><strong>pauper</strong></span> <span class='ocrx_word' id='word_1_705' title='bbox 1985 5235 2103 5277; x_wconf 83' lang='lat' dir='ltr'><strong>sum</strong></span> 
     </span>
    </p>
   </div>
   <div class='ocr_carea' id='block_1_72' title="bbox 2239 5188 3316 5290">
    <p class='ocr_par' dir='ltr' id='par_1_72' title="bbox 2423 5188 3316 5256">
     <span class='ocr_line' id='line_1_72' title="bbox 2423 5188 3316 5256; baseline 0.002 -12"><span class='ocrx_word' id='word_1_706' title='bbox 2423 5188 2716 5245; x_wconf 87' lang='lat' dir='ltr'><strong>adorabunt</strong></span> <span class='ocrx_word' id='word_1_707' title='bbox 2743 5205 2919 5244; x_wconf 88' lang='lat' dir='ltr'><strong>coram</strong></span> <span class='ocrx_word' id='word_1_708' title='bbox 2946 5199 3015 5256; x_wconf 89' lang='lat' dir='ltr'><strong>te,</strong></span> <span class='ocrx_word' id='word_1_709' title='bbox 3046 5188 3266 5244; x_wconf 89' lang='lat' dir='ltr'><strong>Domine</strong></span> <span class='ocrx_word' id='word_1_710' title='bbox 3294 5204 3316 5246; x_wconf 82' lang='lat'><strong>.°</strong></span> 
     </span>
    </p>
   </div>
   <div class='ocr_carea' id='block_1_73' title="bbox 722 5278 3217 5359">
    <p class='ocr_par' dir='ltr' id='par_1_73' title="bbox 722 5278 3217 5359">
     <span class='ocr_line' id='line_1_73' title="bbox 722 5278 3217 5359; baseline 0.008 -38"><span class='ocrx_word' id='word_1_711' title='bbox 722 5278 785 5321; x_wconf 74' lang='grc' dir='ltr'><strong>-ξ-</strong></span> <span class='ocrx_word' id='word_1_712' title='bbox 827 5284 920 5359; x_wconf 85' lang='lat' dir='ltr'><strong>ego</strong></span> <span class='ocrx_word' id='word_1_713' title='bbox 953 5278 971 5344; x_wconf 67' lang='grc' dir='ltr'>ξ</span> <span class='ocrx_word' id='word_1_714' title='bbox 1603 5278 1614 5284; x_wconf 86' lang='grc'><em>’</em></span> <span class='ocrx_word' id='word_1_715' title='bbox 1759 5278 1770 5288; x_wconf 91' lang='grc'><em>’</em></span> <span class='ocrx_word' id='word_1_716' title='bbox 1865 5278 1877 5290; x_wconf 93' lang='grc'><em>’</em></span> <span class='ocrx_word' id='word_1_717' title='bbox 2353 5287 2419 5344; x_wconf 84' lang='lat' dir='ltr'><strong>Et</strong></span> <span class='ocrx_word' id='word_1_718' title='bbox 2441 5285 2804 5359; x_wconf 83' lang='lat' dir='ltr'><strong>gloriﬁcabunt</strong></span> <span class='ocrx_word' id='word_1_719' title='bbox 2833 5301 3018 5344; x_wconf 85' lang='lat' dir='ltr'><strong>nomen</strong></span> <span class='ocrx_word' id='word_1_720' title='bbox 3049 5296 3217 5343; x_wconf 90' lang='lat' dir='ltr'><strong>tuum.</strong></span> 
     </span>
    </p>
   </div>
   <div class='ocr_carea' id='block_1_74' title="bbox 582 5352 2107 5412">
    <p class='ocr_par' dir='ltr' id='par_1_74' title="bbox 582 5352 2090 5412">
     <span class='ocr_line' id='line_1_74' title="bbox 582 5352 2090 5412; baseline 0.001 -2"><span class='ocrx_word' id='word_1_721' title='bbox 582 5352 806 5412; x_wconf 76' lang='lat' dir='ltr'><strong>“Juxta</strong></span> <span class='ocrx_word' id='word_1_722' title='bbox 830 5358 1179 5412; x_wconf 65' lang='grc' dir='ltr'><strong>[[ίιρίιῖιειιρητ</strong></span> <span class='ocrx_word' id='word_1_723' title='bbox 1205 5372 1724 5412; x_wconf 70' lang='lat' dir='ltr'><strong>nnrnnricnccnmnr:</strong></span> <span class='ocrx_word' id='word_1_724' title='bbox 1783 5380 1849 5412; x_wconf 70' lang='lat' dir='ltr'><strong>ml</strong></span> <span class='ocrx_word' id='word_1_725' title='bbox 1878 5380 2090 5412; x_wconf 65' lang='grc' dir='ltr'><strong>θαι-η...</strong></span> 
     </span>
    </p>
   </div>
   <div class='ocr_carea' id='block_1_75' title="bbox 2239 5352 3802 5412">
    <p class='ocr_par' dir='ltr' id='par_1_75' title="bbox 2277 5373 3802 5412">
     <span class='ocr_line' id='line_1_75' title="bbox 2277 5373 3802 5412; baseline 0 0"><span class='ocrx_word' id='word_1_726' title='bbox 2277 5381 2317 5412; x_wconf 66' lang='grc' dir='ltr'>ρ</span> <span class='ocrx_word' id='word_1_727' title='bbox 2361 5373 2495 5412; x_wconf 46' lang='grc' dir='ltr'><strong>ριέηὶ</strong></span> <span class='ocrx_word' id='word_1_728' title='bbox 2552 5379 2694 5412; x_wconf 60' lang='grc' dir='ltr'>ιὶιὶῖιὶὶ</span> <span class='ocrx_word' id='word_1_729' title='bbox 2725 5389 2850 5412; x_wconf 82' lang='lat' dir='ltr'><strong>lnnn</strong></span> <span class='ocrx_word' id='word_1_730' title='bbox 2892 5379 3002 5412; x_wconf 68' lang='lat' dir='ltr'><strong>on&#39;n</strong></span> <span class='ocrx_word' id='word_1_731' title='bbox 3047 5390 3187 5412; x_wconf 58' lang='lat' dir='ltr'><strong>nua-nl</strong></span> <span class='ocrx_word' id='word_1_732' title='bbox 3222 5377 3441 5412; x_wconf 68' lang='lat' dir='ltr'><strong>&#39;Ill&#39;ﬂ:ﬂﬂ</strong></span> <span class='ocrx_word' id='word_1_733' title='bbox 3467 5395 3599 5412; x_wconf 65' lang='lat' dir='ltr'><strong>ﬂﬁnﬂ</strong></span> <span class='ocrx_word' id='word_1_734' title='bbox 3681 5397 3802 5412; x_wconf 63' lang='lat' dir='ltr'><strong>nsum</strong></span> 
     </span>
    </p>
   </div>
  </div>
