3986 5412
139 296 220 354 Si!
1294 289 1658 348 EXPOSITIO
1696 287 2171 347 PSALMORUMI.

3283 281 3394 344 δὶα

2641 387 2667 393 ει
2687 383 2744 393 ι’
2767 377 2900 392 ’.ηαδ-⁸

141 393 168 448 9
253 401 509 472 Quoniam
549 416 768 473 magnus
814 415 878 458 οι-
938 416 993 458 es
1044 409 1100 456 tu
1132 399 1152 474 ζ
1182 412 1228 457 et
1281 402 1479 473 {ueiens
1525 403 1697 459 mira-

1825 402 1977 461 Iescit
1998 385 2284 474 promissa
2296 386 2392 458 sua
2429 388 2622 473 aliqua
2641 375 3397 469 ’ἰίἷὼἷὲἱῇῖιῖιῖἒῖὖῦἇῖοῖῖἆ

323 495 444 551 (tilia
468 510 490 549 .'

221 665 225 670 ’
263 589 333 645 Tu
361 603 422 642 -ι-
455 605 510 644 es
539 587 560 660 ζ
595 586 731 644 Deus
755 588 918 644 solus.

197 685 231 742 C
259 683 472 757 Magnus
527 699 657 741 vero
684 699 793 740 non
845 692 1028 755 potest
1058 685 1166 743 dici
1197 685 1302 743 nisi
1331 685 1476 743 Deus
1522 686 1690 756 solus,

145 776 268 848 cujus
314 775 565 849 potestati
594 775 904 834 nullatenus
931 787 1110 847 potest
1136 779 1340 852 aliquid
1362 781 1692 852 comparari.

145 868 274 926 Solus
319 867 479 923 etiam
529 866 705 924 dictus
751 879 858 935 εει,
919 868 1044 939 quia
1077 880 1264 926 sancta
1295 869 1531 926 Trinitas
1556 887 1698 928 unus

145 961 259 1016 Deus
280 969 376 1027 est,
402 967 609 1015 tantum
636 959 882 1032 personis
909 960 1184 1031 distincta,
1213 978 1320 1020 non
1343 971 1550 1019 naturae
1579 963 1694 1020 dis-

148 1056 351 1134 cretione
374 1065 643 1127 separata.

147 1148 198 1204 10
257 1147 422 1204 Deduc
466 1164 569 1213 me,
624 1145 865 1213 Domine,
906 1147 962 1203 in
984 1148 1068 1203 uia
1093 1156 1185 1203 tua
1211 1161 1228 1200 .'
1258 1157 1306 1203 et
1334 1146 1610 1220 ingrediar
1639 1147 1693 1202 in

328 1237 538 1294 ueritate
563 1246 653 1293 tua
675 1253 694 1293 :

257 1331 474 1388 Lmtetur
511 1348 606 1387 cor
629 1348 823 1400 meum,
845 1342 900 1387 ut
919 1333 1098 1388 timeat
1133 1348 1320 1388 nomen
1349 1343 1519 1389 tuum.

201 1423 237 1479 11
277 1425 315 1481 C
357 1424 491 1480 Hinc
552 1424 823 1496 Propheta
876 1424 1140 1496 loquitur,
1206 1425 1291 1481 vel
1351 1424 1600 1481 Christus
1645 1423 1702 1481 in

149 1534 341 1590 persona
370 1517 762 1576 membrorum.
794 1515 890 1574 Via
917 1519 1152 1585 Domini,
1182 1518 1592 1590 Christus.ipse
1619 1527 1704 1576 est

149 1620 190 1666 et
209 1611 385 1666 veritas
411 1628 425 1664 :
465 1611 520 1666 in
551 1625 660 1682 qua
686 1611 775 1666 via
808 1620 864 1668 et
889 1610 1122 1666 veritate
1144 1610 1386 1668 Ecclesia
1417 1620 1477 1666 ut
1508 1611 1704 1667 ambu-

151 1704 238 1758 lare
261 1702 438 1772 possit,
485 1702 661 1759 Deum
719 1703 1092 1775 deprecatur:
1135 1702 1254 1759 sine
1303 1703 1458 1774 cujus
1502 1702 1704 1758 auxilio

152 1793 444 1865 hocimplere
465 1810 574 1850 non
606 1793 768 1849 valet.
796 1793 888 1850 Sic
915 1793 1126 1850 lauetur
1153 1809 1267 1859 cur,
1299 1802 1359 1849 ut
1384 1793 1485 1850 sub
1511 1793 1706 1849 timore

155 1883 355 1950 laetetur,
407 1893 462 1941 et
513 1885 620 1940 sub
671 1899 767 1956 spe
823 1885 1032 1940 timeat.
1094 1883 1152 1938 In
1202 1883 1305 1940 hoc
1362 1883 1558 1941 szeculo
1612 1885 1705 1956 qui

153 1973 346 2045 indicem
371 1975 775 2042 formidaverit,
802 1991 930 2033 reus
960 1983 1044 2032 est
1073 1992 1088 2030 :
1127 1975 1297 2031 Deum
1319 1977 1410 2046 qui
1441 1974 1701 2042 timuerit,

158 2079 337 2128 sanctus
369 2079 467 2128 est.
510 2070 558 2127 Η
601 2072 736 2128 Cum
768 2087 799 2126 a
846 2084 1085 2126 mcerore
1133 2069 1434 2126 facinorum
1463 2068 1708 2125 eruditus

161 2167 302 2236 fuero,
325 2177 444 2228 tunc
472 2171 525 2226 in
559 2178 612 2225 te
637 2169 824 2226 laetitia
851 2168 1116 2241 spirituali
1145 2171 1415 2243 gaudebo.

161 2261 204 2316 ll
271 2262 554 2335 Conﬁtebor
575 2264 694 2332 tibi,
720 2263 942 2319 Domine
977 2263 1118 2320 Deus
1144 2281 1310 2335 meus,
1334 2267 1390 2319 in
1420 2273 1527 2320 toto
1551 2265 1707 2320 corde

325 2374 429 2414 meo
452 2372 470 2412 .'

270 2447 330 2503 Et
350 2448 658 2522 gloriﬁcabo
685 2466 870 2507 nomen
891 2460 1039 2508 tuum
1063 2452 1118 2507 in
1142 2460 1417 2508 internum.

212 2539 246 2596 C
289 2540 370 2597 Ilia
413 2552 497 2599 est
548 2558 680 2598 vera
733 2543 1028 2612 confessio,
1075 2560 1195 2616 quae
1229 2553 1346 2601 toto
1388 2543 1710 2616 exprimitur

157 2633 313 2690 mentis
349 2650 542 2692 arcano
577 2654 590 2690 :
633 2644 690 2692 et
719 2635 808 2692 ille
839 2638 1128 2693 confitetur
1158 2653 1225 2694 ex
1254 2645 1368 2693 toto
1398 2637 1581 2701 corde,
1612 2635 1707 2708 qui

158 2735 286 2782 lotam
311 2744 448 2800 spem
474 2745 636 2785 suam
658 2731 808 2803 ponit
846 2729 900 2786 in
933 2731 1124 2788 Deum.
1155 2731 1213 2787 ln
1236 2740 1503 2787 aeternum
1529 2746 1544 2785 :
1579 2729 1709 2786 illud

157 2817 398 2893 signiﬁcat,
451 2823 600 2895 quod
649 2822 794 2880 inter
844 2833 1066 2881 sanctos
1093 2823 1211 2895 ejus
1256 2824 1446 2880 laudes
1478 2823 1709 2880 Domino

157 2912 316 2987 iugiter
336 2917 668 2989 personabit,
709 2917 838 2974 dum
867 2918 920 2975 in
952 2919 1041 2975 illa
1063 2919 1401 2976 beatitudine
1439 2917 1707 2989 promissa

159 3011 402 3082 receperit.

158 3101 211 3156 12
269 3102 394 3171 Quia
412 3105 777 3162 misericordia
806 3115 898 3160 tua
930 3122 1123 3176 magna
1159 3119 1218 3162 -ί-
1246 3114 1320 3161 est
1356 3105 1374 3178 ξ
1405 3120 1562 3176 super
1591 3120 1672 3160 me
1692 3117 1712 3158 .'

275 3194 338 3250 Et
366 3199 546 3253 eruisti
569 3199 806 3254 animum
836 3215 1004 3254 meum
1030 3215 1094 3254 ex
1123 3197 1329 3269 inferno
1358 3197 1619 3268 inferiori.

212 3284 246 3342 ll
291 3290 407 3362 Agit
452 3291 684 3364 populus
714 3291 893 3348 ﬁdelis
918 3293 1123 3365 gratias
1154 3292 1285 3360 Deo,
1315 3294 1569 3366 quoniam
1599 3310 1713 3350 ma-

159 3395 239 3448 gna
280 3390 355 3438 est
383 3383 760 3441 misericordia
807 3385 968 3456 ejus:
1002 3402 1265 3458 suamque
1313 3388 1549 3442 animam
1580 3386 1716 3442 dicit

158 3487 255 3528 esse
292 3473 568 3532 liberatam
611 3477 679 3532 ab
725 3477 939 3534 inferno
993 3477 1262 3545 infcriori,
1293 3479 1345 3535 id
1369 3487 1472 3545 est,
1497 3494 1527 3534 a
1551 3493 1713 3550 paena

159 3561 200 3617 in
241 3580 333 3635 qua
373 3577 687 3640 peccatores
725 3569 1074 3626 damnantur.
1114 3570 1374 3640 Superior
1428 3568 1714 3638 infernus,

158 3666 400 3725 peccatum
429 3669 552 3730 est;
593 3660 840 3729 inferior,
869 3670 1074 3718 aeterna
1125 3677 1302 3734 poena.
1353 3661 1394 3716 A
1428 3661 1469 3717 C
1511 3660 1606 3716 Vel
1635 3661 1718 3716 in-

159 3745 293 3804 ferior
315 3750 556 3810 infernus
579 3769 739 3824 poena
769 3755 1150 3810 damnatorum
1180 3773 1192 3808 :
1233 3753 1481 3826 superior
1515 3753 1718 3810 limbus

159 3849 356 3910 patrum,
404 3847 454 3900 in
489 3862 601 3918 quo
625 3846 869 3902 inferiori
907 3847 1059 3903 dives
1081 3846 1289 3917 positus
1326 3845 1560 3913 inferno,
1609 3845 1717 3902 La-

159 3945 308 3988 zarum
336 3937 464 3992 vidit
492 3938 734 4008 positum
762 3938 815 3993 in
847 3936 1115 4008 superiori
1143 3935 1298 4010 (Luc.
1331 3935 1467 4009 xvi).

161 4020 213 4076 l5
270 4023 420 4094 Deus,
444 4028 614 4098 iniqui
643 4042 704 4084 σε·
730 4029 788 4083 in
820 4026 840 4098 ζ
869 4036 1209 4082 surrexerunt
1233 4043 1390 4098 super
1410 4042 1492 4080 me
1520 4035 1604 4081 :et
1631 4042 1722 4097 sy-

341 4138 542 4196 nagoga
567 4122 858 4195 potentium
879 4121 1200 4194 quiesierunt
1227 4121 1462 4175 animum
1484 4135 1653 4174 meam
1690 4135 1710 4174 :

275 4207 337 4265 Et
359 4229 458 4267 non
483 4223 869 4285 proposuerunt
896 4222 945 4268 te
963 4214 1019 4268 in
1048 4221 1325 4284 conspectu
1350 4228 1467 4267 suo.

214 4300 250 4356 C
288 4301 474 4361 lterum
521 4305 774 4363 Christus
802 4306 1099 4364 secundum
1131 4305 1524 4361 humanitatem
1563 4321 1719 4362 suam

160 4388 381 4464 loquitur.
419 4398 555 4454 Cum
589 4399 723 4455 dicit
759 4399 996 4471 iniquos,
1049 4395 1578 4470 signiticatJudaeos,
1625 4397 1720 4470 qui

161 4483 530 4549 insurrexerunt
579 4507 744 4564 super
770 4507 918 4558 eum,
955 4490 1163 4547 scilicet
1191 4499 1253 4545 ut
1278 4505 1428 4547 reum
1469 4491 1724 4547 dicerent

162 4575 487 4655 innocentem,
537 4600 805 4657 suumque
835 4600 1016 4657 regem
1063 4583 1214 4656 plebs
1260 4583 1448 4640 insana
1485 4583 1724 4640 trucida-

163 4680 246 4727 ret.
296 4673 576 4751 Synagoga
630 4679 957 4750 potentium,
1000 4677 1356 4748 superborum
1386 4685 1721 4751 cstcongre-

165 4763 313 4832 gstio:
343 4771 428 4840 qni
450 4770 690 4827 belluino
713 4771 934 4827 fremitu
960 4770 1202 4826 animam
1249 4769 1450 4828 Christi
1481 4770 1720 4827 adimere

165 4857 401 4918 volebant.
445 4864 611 4921 Addit
655 4879 805 4922 vero.
862 4864 931 4921 Et
976 4880 1084 4920 non
1132 4872 1554 4936 proposuerunt,
1609 4874 1717 4921 etc.

168 4943 452 5026 Quicunque
506 4957 653 5013 enim
718 4955 930 5013 facinus
985 4964 1308 5029 perpetrat,
1380 4956 1548 5011 Deum
1594 4966 1723 5012 ante

167 5051 480 5080 ρηηςηωιιηη
537 5063 687 5080 oua-nm
735 5047 1056 5080 ηηιηῖηιησΙῖο
1108 5064 1213 5080 nnn
1263 5045 1511 5080 ημΛηΛηῖΙ
1543 5059 1557 5074 ο
1588 5062 1721 5080 noon,

1794 495 1848 550 id
1875 504 1980 560 est,
2013 494 2336 551 subtrahere
2368 493 2452 551 vel
2479 510 2698 568 negare.

1795 586 1863 643 15
1937 585 2154 658 Respice
2208 587 2265 642 in
2321 602 2402 642 me
2458 595 2506 642 et
2557 588 2799 643 miserere
2828 585 2970 642 mei:
3016 585 3086 641 da
3114 584 3392 658 imperium

2011 695 2160 737 tuum
2193 699 2356 754 puero
2377 691 2466 738 tuo
2488 696 2508 736 .'

1939 772 2007 829 Et
2038 772 2241 829 salvum
2271 772 2358 845 {ac
2378 773 2549 845 ﬁlium
2578 773 2790 836 ancilla
2810 783 2940 830 tuae.

1869 865 1909 922 C
1943 865 2054 922 Vox
2074 865 2277 923 Christi
2301 865 2596 922 secundum
2621 867 3012 923 humanitatem
3042 866 3108 924 ad
3131 865 3384 924 Patrem:

1799 958 1914 1030 ipse
1939 968 2022 1016 est
2051 959 2196 1016 enim
2239 976 2376 1032 puer
2405 960 2641 1040 Domini,
2688 961 2754 1018 de
2775 977 2881 1033 quo
2906 961 3074 1019 lsaias
3104 963 3182 1018 ait
3211 980 3225 1019 :
3253 963 3394 1020 Ecce

1800 1067 1933 1124 puer
1959 1068 2132 1122 meus,
2155 1053 2449 1125 suscipiam
2475 1069 2598 1110 eum
2634 1052 2771 1126 (Isa.
2790 1054 3103 1126 xen).Puer
3127 1065 3210 1112 est
3237 1055 3397 1112 Chri-

1801 1151 1918 1202 stus
1940 1145 1994 1201 in
2018 1144 2315 1218 Scripturis
2331 1145 2528 1211 dictus,
2548 1156 2769 1217 propter
2791 1145 3154 1202 innocentiam
3174 1146 3394 1203 mentis.

1802 1239 2011 1296 Dicitur
2042 1239 2206 1295 etiam
2234 1239 2375 1295 illius
2397 1239 2636 1306 ancillae;
2666 1254 2787 1309 qua:
2813 1238 3004 1310 angelo
3032 1240 3307 1310 respondit
3335 1255 3396 1296 se

1805 1332 2058 1389 ancillam
2077 1331 2166 1389 Dei
2183 1348 2304 1389 esse
2317 1334 2502 1388 dicens
2519 1351 2532 1388 :
2548 1332 2689 1389 Ecce
2712 1332 2905 1388 ancilla
2919 1332 3132 1388 Domini
3153 1333 3303 1405 (Luc.
3332 1333 3393 1404 l).

1803 1423 2093 1496 Imperium
2124 1440 2256 1481 vero
2283 1424 2858 1496 intelligcpotestatem
2887 1423 3076 1494 iudicii
3108 1441 3123 1482 :
3155 1424 3305 1496 quia,
3331 1439 3398 1481 eo

1807 1527 1964 1586 teste,
1995 1519 2157 1594 l’ater
2194 1517 2530 1590 noujudicat
2568 1536 2918 1592 quemquam,
2949 1521 3042 1578 sed
3071 1536 3232 1578 omne
3253 1520 3399 1594 judi-

1806 1609 1949 1666 cium
1979 1609 2116 1666 Filio
2144 1610 2290 1668 dedit
2312 1611 2496 1684 (Joan.
2527 1611 2606 1684 v).

1810 1706 1877 1761 16
1953 1703 2065 1760 Fac
2085 1721 2284 1761 mecum
2307 1706 2512 1777 signum
2533 1707 2588 1761 in
2607 1709 2760 1774 bono,
2777 1715 2832 1761 ut
2847 1705 3050 1762 videant
3070 1707 3158 1778 qui
3180 1705 3400 1763 oderunt

2025 1818 2123 1856 me.
2148 1801 2216 1855 Et
2247 1800 2640 1871 confundantur
2667 1815 2686 1855 :

1957 1891 2222 1959 Quoniam
2245 1901 2323 1960 tu,
2349 1891 2594 1960 Domine,
2627 1892 2880 1965 adjuvisti
2902 1909 2982 1949 me
3021 1901 3068 1950 et
3099 1890 3401 1949 consolatus

2034 2002 2088 2042 83
2115 2001 2216 2041 me.

1829 2063 1832 2065 λ
1879 2075 1922 2134 C
1959 2075 2186 2149 Signum
2223 2075 2424 2133 dicitur
2449 2076 2515 2134 ab
2558 2091 2623 2134 eo
2652 2077 2796 2150 quod
2833 2085 3060 2134 ventura
3109 2077 3399 2152 signiticet.

1808 2169 1940 2238 Fac,
1967 2170 2152 2239 Pater,
2180 2172 2393 2245 signum
2419 2173 2472 2230 in
2501 2174 3141 2243 resurrectione,scilicet
3161 2176 3214 2231 in
3236 2176 3398 2244 bono,

1810 2262 1865 2319 id
1887 2271 1990 2330 est,
2015 2263 2070 2319 in
2109 2262 2312 2320 bonum
2341 2265 2704 2331 credentium,
2740 2273 2795 2320 et
2834 2265 2887 2320 in
2914 2265 3284 2322 confusionem
3308 2281 3402 2322 ne-

1809 2357 2050 2428 gantium
2076 2374 2089 2412 :
2115 2356 2199 2413 vel
2224 2357 2276 2412 in
2303 2357 2528 2423 bonum,
2556 2367 2616 2412 ut
2647 2356 2865 2412 videant
2893 2355 3062 2412 Judati
3085 2367 3138 2412 et
3167 2355 3400 2412 confun-

1809 2448 2012 2504 dantur
2039 2447 2105 2504 de
2137 2447 2279 2503 malo
2322 2462 2443 2515 suo,
2473 2455 2530 2503 et
2563 2446 2639 2502 ita
2682 2455 3026 2503 revertantur
3066 2457 3122 2503 et
3159 2448 3399 2503 credant.

1808 2541 2096 2614 Adjuvisti,
2150 2541 2386 2614 pertinet
2434 2541 2501 2596 ad
2550 2540 3039 2598 contradictionem
3092 2539 3402 2596 indecorum

1811 2635 2201 2703 altercantium,
2231 2644 2287 2691 et
2321 2635 2388 2691 ad
2421 2634 2626 2707 lujusta
2657 2633 2980 2702 certamina,
3013 2633 3066 2688 in
3097 2631 3294 2704 quibus
3326 2631 3403 2689 illi

1811 2744 2028 2802 semper
2042 2727 2288 2785 veritatis
2305 2726 2618 2782 testimonio
2634 2725 3054 2798 superabantur.
3079 2724 3406 2781 Consulatus

1812 2839 1872 2881 es
1896 2843 1909 2879 :
1937 2824 2004 2880 ad
2027 2821 2440 2894 persecutiones
2463 2820 2777 2876 insanorum
2801 2820 2960 2892 (quas
2983 2819 3074 2876 ille
3101 2818 3248 2875 velut
3270 2826 3408 2874 tem-

1811 2917 2039 2988 pestatis
2109 2915 2370 2988 impetum
2440 2913 2843 2986 patientissime
2897 2911 3248 2983 sustinebat)
3311 2925 3410 2968 re-

1813 3011 1996 3083 spicit.

2250 3115 2450 3158 ORATIO
2485 3115 2554 3155 EX
2595 3115 2742 3156 PSAL.
2767 3113 2965 3155 LXXXV.

1738 3235 1786 3300 ο
1888 3213 2142 3280 Laetitica,
2193 3192 2441 3283 Domine,
2489 3213 2696 3271 vultum
2737 3212 2958 3268 familia:
3000 3219 3124 3279 tuae,
3176 3218 3232 3268 et
3276 3227 3408 3270 erue

1815 3305 2027 3362 animas
2079 3315 2295 3363 nostras
2339 3322 2406 3362 ex
2459 3305 2672 3362 inferno
2727 3305 3078 3372 inferiori,ut
3124 3305 3198 3360 tui
3230 3304 3410 3361 vultus

1814 3396 2268 3469 contemplatione
2312 3397 2579 3468 protecti,
2616 3396 2882 3452 desideria
2931 3396 3111 3454 carnis
3173 3394 3410 3468 spiritali

1817 3491 2182 3549 dominatione
2231 3491 2520 3549 calcemus.
2553 3491 2659 3547 Per
2686 3490 2991 3548 Dominum
3026 3501 3272 3548 nostrum
3312 3489 3408 3546 Jc-

1817 3600 1958 3653 sum,
1986 3596 2089 3643 etc.

2280 3676 2601 3736 PSALMUS
2638 3676 2925 3735 LXXXVI.

2202 3807 2569 3849 ABGUMENTUM
2609 3807 2758 3849 PSAL.
2799 3805 3018 3846 LXXXVI.

1887 3905 1930 3963 C
1973 3907 2085 3964 Vox
2136 3905 2420 3978 Prophetas
2451 3909 2518 3964 de
2549 3907 2756 3964 caelesti
2809 3906 3168 3975 Hierusalem,
3209 3905 3264 3963 id
3302 3911 3414 3976 est,

1818 3998 2060 4057 Ecclesia
2091 3998 2315 4055 Christi.

2132 4089 2244 4146 TT.
2277 4089 2324 4144 Γ
2329 4090 2434 4146 iliis
2469 4089 2602 4145 Core
2622 4089 2856 4159 psalmus
2886 4088 3127 4151 cantici._

1890 4183 1932 4239 C
1996 4182 2118 4238 Filii
2171 4182 2310 4238 Core
2367 4183 2676 4256 significant
2727 4181 3122 4238 Christianos:
3170 4179 3414 4253 psalmus

1823 4285 2004 4331 autem
2043 4276 2107 4332 de
2130 4275 2501 4345 superioribus
2528 4289 2750 4340 sonans,
2778 4282 3090 4330 commonet
3121 4289 3220 4330 nos
3239 4273 3414 4331 coele-

1821 4371 1928 4428 stia
1973 4369 2238 4440 cogitare,
2272 4369 2415 4425 etin
2447 4368 2527 4424 eis
2575 4368 2830 4442 hymnica
2878 4366 3240 4424 exsultatione
3287 4381 3420 4439 gau-

1823 4466 1969 4524 dere.

1826 4559 1853 4615 1
1967 4555 2342 4613 Fundamenta
2363 4555 2478 4629 ejus
2501 4555 2554 4610 in
2584 4555 2846 4616 montibus
2876 4553 3073 4610 sanctis
3103 4568 3124 4610 :

1969 4650 2154 4723 Diliyit
2191 4649 2452 4706 Dominus
2481 4658 2663 4718 portas
2689 4647 2817 4703 Sion
2849 4662 3005 4716 super
3036 4644 3214 4701 omnia
3242 4643 3426 4701 taber-
3474 4691 3481 4698 .

2044 4740 2234 4799 uacula
2255 4741 2447 4798 Iacob.

1899 4861 1941 4918 C
1978 4860 2417 4917 Fundamentum
2472 4856 2738 4917 Ecclesiae
2783 4851 3034 4910 Christus
3072 4858 3200 4907 est:
3230 4846 3322 4919 qui
3352 4848 3437 4906 sic

1827 4971 1950 5013 eam
1995 4956 2261 5018 continet,
2292 4964 2352 5009 ut
2391 4948 2542 5008 nulla
2576 4949 2755 5023 possit
2785 4944 3135 5016 quassatione
3178 4937 3440 4994 titubare.

1830 5048 1887 5080 ‘n
1917 5047 2191 5080 annnlnnlc
2214 5045 2418 5080 conluuie
2453 5059 2467 5072 ³

2508 5041 2794 5080 cianmmt
2824 5033 3098 5080 sinuamina.
3131 5037 3188 5080 et
3211 5028 3447 5080 nrouhe—
3495 5026 3504 5040 ’
