3986 5412
562 317 670 391 523

557 439 595 496 2
703 435 944 492 Gloriosa
971 435 1110 490 dicta
1131 444 1251 490 sunt
1272 434 1338 491 de
1367 444 1416 490 te
1440 450 1460 488 :

703 527 897 584 Civitas
926 527 1044 582 Dei.
1115 527 1442 598 ltiapsalma.

629 623 673 678 D
709 620 915 677 Civitas
966 620 1082 687 Dei,
1108 629 1198 676 est
1247 631 1434 677 sancta
1483 619 1766 678 Ecclesia:
1803 619 1869 678 de
1918 635 2025 692 qua
2081 619 2134 675 in

556 713 702 772 omni
729 714 870 770 serie
911 713 1316 783 Scripturarum
1355 714 1587 786 gloriosa
1638 709 1780 770 dicta
1809 723 1952 782 sunt,
1978 723 2034 768 et
2081 713 2134 768 in

555 803 808 862 omnibus
851 802 1147 875 prophetis.
1195 801 1362 860 Isaias
1384 805 1529 860 enim
1555 804 1694 860 dixit
1727 824 1742 863 :
1775 804 1970 877 Surge,
2005 803 2134 859 Ilie-

553 897 789 954 rusalem
824 895 977 969 (Isai.
1009 898 1117 968 Li);
1147 896 1213 953 de
1237 913 1341 968 qua
1387 908 1442 953 et
1468 896 1718 954 Salvator
1745 917 1758 953 :
1791 897 1905 954 Non
1936 907 2129 970 potest,

553 989 749 1060 inquit,
807 989 1000 1046 civitas
1078 1004 1242 1060 super
1325 998 1564 1045 montem
1640 989 1814 1062 posita
1877 987 2134 1046 abscondi

553 1077 770 1152 (Matth.
801 1080 876 1150 v).

551 1195 588 1253 3
686 1194 896 1251 Hemor
917 1211 1006 1250 ero
1035 1191 1184 1250 Raab
1205 1203 1251 1251 et
1273 1192 1598 1267 Babylonis:

696 1284 983 1342 Scientium
1016 1302 1115 1340 me.

573 1445 578 1449 ,
625 1380 670 1436 D
708 1379 856 1436 Raab
883 1380 1268 1451 interpretatur
1299 1379 1540 1452 superbia
1572 1380 1654 1437 vel
1705 1379 1949 1437 latitudo.
1983 1382 2136 1440 Unde

551 1487 649 1545 per
676 1473 846 1539 Raab,
874 1471 1102 1527 latitudo
1134 1471 1342 1543 imperii
1372 1471 1629 1528 Ecclesiae
1659 1472 1994 1544 designatur,
2022 1473 2134 1530 sive

551 1565 782 1622 latitudo
819 1563 1046 1633 peccati.
1073 1563 1332 1635 Babylon,
1369 1563 1605 1634 confusio
1638 1578 1653 1618 :
1696 1574 1923 1635 utraque
1953 1574 2134 1621 autem

550 1657 820 1730 signiﬁcat
883 1655 1096 1726 plebem
1143 1656 1428 1726 gentium,
1485 1671 1604 1724 quae
1665 1667 1790 1710 ante
1840 1657 2132 1711 adventum

551 1749 770 1816 Christi,
803 1750 861 1804 in
898 1747 1152 1819 spatiosis
1179 1746 1339 1818 hujus
1366 1747 1548 1802 sseculi
1568 1747 1670 1804 viis
1700 1764 1796 1820 per
1826 1749 2131 1820 superbiam

1530 321 1584 380 S.
1625 318 1972 381 BRUNONIS
2010 311 2552 381 HERBIPOLENSIS
2591 320 2890 382 EPISCOPI
3481 397 3487 404 Ι

2157 444 2212 505 Α
2237 439 2463 504 sanctis,
2501 447 2754 508 tanquam
2795 453 2848 492 in
2889 435 3116 492 excelsis
3156 433 3452 500 montibus,
3496 433 3813 491 aeternitatis

3711 316 3812 377 39.8

2238 537 2422 599 portas
2468 527 2680 597 justitia
2720 528 2996 584 tuuniente
3039 525 3336 597 componis,
3384 523 3620 582 concede
3667 525 3814 580 nobis

2237 621 2292 676 in
2327 629 2377 677 te
2415 621 2648 694 gloriose
2681 618 2926 687 credere,
2972 629 3136 691 atque
3173 618 3241 674 ad
3266 616 3692 689 redemptionem
3721 631 3814 672 no-

2238 721 2408 769 stram
2482 713 2754 770 hominem
2809 709 3014 768 factum
3075 709 3492 782 praedicabiliter
3553 705 3814 766 conﬁteri.

2237 805 2342 864 Per
2378 804 2666 863 Dominum
2700 814 2944 862 nostrum
2968 801 3151 861 Jesum
3174 801 3470 871 Christum,
3501 810 3609 860 etc.

2689 917 3011 975 PSALMUS
3050 915 3360 973 LXXXVII.

2605 1049 2972 1094 Αιιςωιεκτωι
3009 1050 3158 1091 PSA].-
3197 1049 3263 1089 ιι
3271 1045 3439 1088 XXVII.

2305 1148 2348 1206 C
2385 1149 2636 1205 Christus
2674 1165 2704 1204 a
2732 1149 2893 1204 Patre
2923 1157 3114 1220 petens
3140 1143 3419 1211 auxilium,
3451 1150 3819 1215 contemptum

2235 1257 2392 1300 suum
2426 1243 2612 1309 refert,
2639 1257 2800 1313 quem
2832 1258 2862 1297 a
2891 1239 3091 1297 ludatis
3141 1246 3261 1295 erat
3309 1251 3666 1310 perpessurus
3696 1253 3710 1290 :
3742 1251 3821 1291 as-

2237 1336 2479 1407 seritqnc
2509 1347 2753 1391 mortuos
2784 1349 2890 1389 non
2936 1345 3056 1389 esse
3102 1328 3467 1397 suscitandos,
3513 1335 3575 1382 ut
3615 1325 3823 1398 possint

2236 1429 2466 1485 Domino
2513 1429 2785 1496 confiteri,
2832 1425 3286 1484 resurrectionem
3329 1421 3434 1479 sibi
3481 1419 3823 1477 celerrimum

2235 1524 2420 1580 venire
2445 1523 2760 1594 deposcens.

2236 1636 2346 1696 TT.
2389 1635 2665 1693 Canticum
2689 1634 2877 1707 psalmi
2899 1631 3026 1707 filiis
3056 1628 3186 1707 Core
3207 1626 3466 1707 injnent
3493 1619 3823 1707 proullelech

2335 1713 2404 1765 ad
2455 1697 2910 1780 respondendum,
2941 1703 3232 1760 intellectus
3261 1697 3721 1754 Emanlsraelitte.

551 1842 880 1914 gradientes,
913 1839 1216 1896 confusioni
1267 1839 1536 1894 idolorum
1561 1849 1618 1895 et
1645 1849 1991 1910 peccatorum
2024 1849 2134 1896 tra-
2168 1823 2212 1883 Β
2308 1852 2352 1909 c
2389 1851 2597 1908 Μειροιι
2667 1850 3056 1919 interpretatur
3108 1846 3300 1900 chorus
3332 1880 3349 1910 ,
3420 1842 3604 1898 divina
3666 1837 3823 1894 verba

550 1934 677 1991 dita:
701 1933 938 2000 fuerant,
954 1933 1046 1989 sed
1071 1949 1167 2004 per
1197 1933 1622 1989 misericordiam
1654 1933 1966 1990 illuminatte
1990 1943 2134 1991 sunt.

553 2025 697 2082 Dicit
723 2040 880 2094 vero,
906 2023 1191 2082 scicntium
1222 2040 1341 2082 me:
1373 2023 1488 2081 Non
1513 2026 1656 2080 enim
1683 2027 1967 2096 cujuslibet
1987 2027 2139 2084 Raab

551 2125 608 2174 et
650 2115 939 2189 Babylonis
978 2131 1186 2174 memor
1219 2117 1323 2172 erit
1374 2118 1427 2173 in
1471 2119 1679 2190 judicio
1714 2116 2010 2176 Dominus:
2043 2121 2138 2176 sed

553 2220 759 2269 tantum
781 2211 1068 2268 scientium
1092 2227 1172 2278 se,
1195 2227 1290 2283 per
1307 2210 1466 2268 ﬁdem
1497 2221 1554 2269 et
1575 2213 1916 2270 charitatetn.
1941 2212 2141 2271 Trans-

548 2304 679 2363 latio
733 2314 911 2362 tamen
964 2304 1188 2361 Hebraea
1245 2313 1300 2362 et
1339 2304 1584 2364 Romana
1613 2347 1630 2375 ,
1679 2307 1976 2364 scientibus
2016 2322 2135 2375 me,

550 2399 733 2456 habet.

550 2509 585 2568 s
693 2510 830 2565 Ecce
855 2510 1160 2582 alienigena:
1179 2521 1226 2566 et
1254 2509 1423 2582 Tyrus
1445 2520 1492 2566 et
1525 2510 1750 2583 populus
1770 2510 2082 2583 {Et/domini
2117 2525 2138 2566 .'

693 2602 766 2658 Hi
789 2603 1002 2672 [uerunt
1027 2601 1156 2657 illic.

622 2694 665 2751 (Ἰ.
701 2696 1058 2766 Alienigenac,
1094 2703 1220 2750 sunt
1239 2710 1270 2749 a
1291 2695 1516 2750 iudaico
1543 2694 1739 2765 popqu
1775 2697 2021 2752 extranei
2051 2707 2142 2755 :et

552 2787 660 2848 illis
707 2804 815 2845 non
864 2788 1255 2855 credentibus,
1299 2788 1388 2843 isti
1446 2797 1572 2843 sunt
1618 2789 1842 2858 recepti.
1876 2788 1920 2842 ll
1948 2788 2018 2844 Et
2045 2805 2144 2846 nos

552 2896 741 2939 sumus
785 2881 876 2938 isti
923 2881 1259 2952 alienigenae,
1293 2891 1349 2935 et
1379 2880 1556 2951 Tyrus
1583 2889 1638 2935 et
1669 2881 1898 2952 populus
1928 2880 2144 2938 Ethio-

552 2990 700 3047 pum.
750 2973 792 3030 C
843 2973 1039 3046 Tyrus,
1082 2974 1355 3045 signiﬁcat
1385 2973 1692 3045 angustiam
1728 2975 2136 3043 pwnitentium,

552 3082 674 3138 qua:
695 3081 764 3122 ex
785 3066 1110 3122 contritione
1132 3079 1294 3136 super
1307 3065 1544 3137 peccatis
1565 3075 1884 3136 procreatur
1905 3066 2136 3137 populos

553 3153 891 3228 Ethiopum,
921 3157 1012 3228 qui
1043 3166 1392 3229 peccatorum
1444 3153 1626 3211 fuerat
1677 3155 2010 3213 obscuritate
2066 3165 2142 3210 te-

555 3247 836 3315 terrimus,
864 3247 961 3306 sed
988 3247 1041 3303 in
1075 3248 1168 3303 Dei
1198 3245 1473 3304 civitatem
1497 3243 1758 3304 collectus
1790 3257 1895 3305 est.

554 3331 588 3399 5
662 3337 916 3412 Nunquid
975 3338 1105 3396 Sion
1143 3339 1328 3396 dicet:
1368 3335 1562 3409 Homo,
1594 3340 1641 3396 et
1681 3341 1836 3397 homo
1875 3350 2029 3396 natus
2069 3348 2142 3397 est

647 3427 652 3432 “
711 3435 885 3492 inea:

662 3528 730 3584 Et
754 3530 863 3599 ipse
881 3529 1120 3599 {undavit
1147 3545 1262 3584 eam
1285 3529 1628 3585 Altissimus?

717 3619 970 3691 Nunquid
1001 3620 1150 3686 Sion,
1197 3621 1250 3677 id
1300 3630 1405 3688 est,
1445 3621 1568 3692 quis
1609 3619 1888 3676 hominum
1945 3618 2146 3691 poterit

557 3714 737 3772 dicere
782 3715 884 3787 ipsi
934 3713 1066 3770 Sion
1102 3731 1116 3768 :
1145 3713 1424 3781 Quomodo
1456 3722 1712 3770 nascetur
1755 3713 1916 3768 homo
1955 3713 2010 3768 in
2038 3713 2149 3769 ea?

555 3814 614 3868 et
641 3805 825 3866 tamen
864 3816 1123 3866 nascetur
1145 3809 1269 3865 talis
1300 3809 1463 3865 homo
1492 3807 1546 3864 in
1574 3823 1660 3875 ea,
1695 3807 1788 3878 qui
1817 3815 1901 3861 est
1926 3806 2146 3862 Altissi-

558 3917 698 3969 mus,
729 3900 936 3958 scilicet
989 3900 1154 3968 Deus,
1208 3908 1262 3957 et
1290 3899 1538 3955 fundavit
1581 3915 1724 3966 eam,
1755 3896 1962 3954 scilicet
1993 3896 2146 3953 Sion.

557 3993 626 4051 Et
647 3995 809 4050 homo
840 4001 1002 4050 natus
1025 4002 1111 4049 est
1136 3994 1188 4049 in
1219 4007 1304 4051 ea.
1333 3992 1374 4050 ι]
1400 3993 1689 4063 Assumpta
1720 4005 1885 4047 carne
1905 3990 2047 4046 Deus
2069 3999 2153 4045 est

560 4084 726 4143 homo
759 4085 958 4153 factus,
991 4094 1048 4142 et
1077 4086 1323 4142 fundavit
1365 4087 1478 4158 ipse
1505 4099 1860 4159 synagogam,
1895 4094 1955 4141 ut
1988 4085 2150 4149 Deus,

563 4179 658 4249 qui
691 4187 897 4234 tantum
930 4181 1224 4252 putabatur
1247 4181 1430 4238 homo.

561 4273 598 4330 ο
701 4273 960 4330 Dominus
1009 4278 1243 4331 narravit
1289 4277 1344 4331 in
1394 4274 1687 4348 Scripturis
1738 4273 2052 4348 populorum
2103 4281 2153 4330 et

771 4368 1067 4439 principum
1102 4383 1120 4420 :

706 4462 913 4518 [lorum
939 4465 1030 4536 qui
1053 4464 1264 4534 fuerunt
1291 4465 1345 4518 in
1366 4479 1447 4519 ea.
1472 4463 1798 4535 Diapsalma.

2236 1945 2556 2003 decantatis.
2585 1943 2774 2008 Eman,
2805 1941 2973 2012 frater
2999 1939 3116 2012 ejus
3151 1958 3162 1993 :
3209 1953 3319 2009 quo
3362 1933 3626 1992 vocabqu
3673 1931 3827 1986 Chri-

2237 2046 2353 2094 stus
2406 2052 2500 2090 cos
2550 2033 2824 2106 appellat,
2879 2031 2972 2102 qui
3025 2031 3142 2100 ejus
3205 2026 3488 2101 prmceplis
3550 2023 3826 2078 obediunt.

2237 2128 2512 2193 Israelitae,
2539 2125 2710 2180 Deum
2761 2124 3006 2188 videntes,
3033 2121 3128 2194 qui
3175 2135 3270 2193 per
3312 2115 3680 2175 obedientiam
3739 2109 3831 2166 Dei

2238 2223 2357 2280 luce
2397 2223 2629 2278 radiant.
2660 2215 3025 2289 Ilieronymus
3053 2215 3106 2270 in
3139 2211 3530 2270 commentario
3555 2203 3825 2274 Origenis,

2238 2316 2463 2382 Melech,
2493 2323 2548 2370 et
2566 2311 2899 2385 Augustinus
2927 2317 2980 2364 et
3005 2306 3363 2363 Cassiodorus
3381 2301 3620 2358 habent:
3648 2311 3832 2354 verum

2238 2411 2292 2469 in
2328 2408 2677 2468 translatione
2722 2402 3037 2477 Hieronymi
3071 2417 3137 2458 ex
3179 2398 3408 2455 Hebraeo
3455 2397 3512 2452 in
3557 2393 3827 2459 Latinum,

2240 2519 2344 2562 nec
2372 2500 2632 2558 Amalech
2663 2512 2764 2552 nec
2791 2494 3022 2559 Melech,
3047 2492 3142 2549 sed
3173 2506 3273 2562 per
3307 2490 3535 2544 chorum
3565 2484 3831 2540 habetur:

2241 2596 2384 2670 quod
2440 2591 2702 2650 llehraice
2752 2588 2948 2645 dicitur
2993 2583 3250 2650 Mahalal,
3282 2596 3382 2636 nec
3433 2575 3692 2633 Israelita:
3743 2571 3835 2627 sed

2239 2687 2484 2743 Esraitae.
2530 2681 2889 2740 Cassiodorus
2938 2689 3119 2733 tamen
3159 2671 3520 2745 Augustinum
3571 2679 3832 2736 sequens,

2242 2777 2447 2835 Melech
2495 2775 2745 2846 exposuit
2787 2784 2842 2827 ct
2884 2767 3161 2834 Israelita},
3202 2767 3291 2820 ubi
3341 2765 3394 2819 in
3444 2758 3831 2817 commentario

2243 2871 2558 2944 Hieronymi
2592 2866 2849 2924 Israelita:
2874 2865 3135 2935 scriptum
3175 2858 3469 2924 invenitur,
3496 2853 3593 2914 sed
3625 2852 3682 2910 lu
3721 2847 3822 2906 Ile-

2243 2963 2388 3020 braco
2413 2963 2648 3018 Esraile.

2244 3059 2269 3114 I
2385 3055 2606 3111 Domine
2639 3052 2776 3108 Deus
2798 3049 2985 3108 salutis
3014 3063 3143 3104 mea:
3171 3057 3191 3100 :

2389 3147 2458 3202 In
2486 3148 2570 3202 die
2596 3144 2818 3200 clamaui
2840 3153 2886 3198 et
2915 3152 3061 3196 nocte
3090 3154 3268 3195 caram
3295 3147 3367 3192 te.

2317 3237 2359 3298 C
2396 3237 2528 3296 Orat
2573 3235 2820 3293 Christus
2851 3233 2918 3289 ad
2964 3231 3205 3297 Patrem,
3230 3244 3328 3301 per
3359 3225 3411 3282 id
3456 3222 3604 3296 quod
3635 3219 3702 3278 de
3730 3220 3834 3278 vir-

2246 3333 2372 3408 gine
2405 3331 2573 3388 Maria
2629 3338 2814 3384 natum
2850 3335 2954 3392 est,
3001 3325 3289 3395 designans
3330 3316 3695 3375 humilitatem
3742 3314 3836 3370 im-

2246 3423 2558 3482 becillitatis
2607 3423 2876 3484 humanas,
2910 3433 3072 3489 quam
3119 3425 3203 3470 cst
3247 3414 3500 3486 dignatus
3537 3422 3835 3466 assumere.

2249 3515 2304 3574 In
2331 3518 2439 3582 die,
2469 3515 2709 3570 hetitiam
2745 3511 3016 3583 signiﬁcat
3062 3526 3076 3563 :
3123 3516 3176 3563 et
3224 3517 3404 3569 nocte,
3450 3500 3838 3558 adversitatem

2248 3609 2488 3666 declarat
2517 3624 2533 3664 :
2577 3616 2806 3676 utroque
2829 3603 2974 3660 enim
3007 3610 3270 3672 tempore,
3301 3593 3470 3652 Deutn
3499 3610 3628 3652 esse
3649 3593 3836 3667 depre-

2249 3703 2478 3760 candum
2509 3701 2864 3755 demonstrat.

2247 3828 2284 3885 2
2389 3826 2555 3881 Intret
2580 3825 2636 3878 in
2664 3829 2939 3893 conspectu
2970 3829 3060 3874 tuo
3087 3818 3257 3874 oratio
3282 3831 3396 3871 mea
3422 3828 3443 3870 :

2391 3919 2600 3976 lnclina
2626 3931 2808 3971 aurem
2835 3923 2981 3968 tuam
3005 3912 3074 3966 ad
3099 3925 3300 3982 precem
3326 3921 3518 3963 meam.

2323 4011 2364 4067 C
2402 4010 2631 4064 Inclinat
2661 4016 2842 4061 autem
2872 4019 3058 4059 aurem
3086 4015 3241 4058 suam
3275 3999 3558 4065 Dominus,
3585 4013 3712 4053 cum
3741 3998 3837 4051 mi-

2251 4101 2488 4158 sericors
2533 4099 2790 4169 dignatur
2823 4093 3032 4160 audire,
3081 4091 3317 4148 mirabili
3360 4089 3684 4160 operatione
3735 4102 3839 4142 sua:

2252 4194 2494 4259 virtutis,
2525 4207 2630 4247 non
2657 4205 2788 4245 aure
2817 4188 3080 4260 corporis.

2252 4286 2288 4343 ὃ
2396 4285 2534 4351 Quia
2562 4281 2754 4352 repleta
2782 4290 2856 4336 est
2882 4279 3038 4334 malis
3060 4278 3238 4333 anima
3272 4290 3386 4330 mea
3410 4289 3428 4328 .'

2398 4377 2465 4431 Et
2497 4377 2597 4433 vita
2625 4389 2738 4429 mea
2769 4373 2976 4443 inferno
3002 4366 3458 4441 apprOpinquat-it.

2328 4471 2370 4527 C
2404 4470 2557 4525 Dialis
2587 4465 2742 4538 3dicit
2788 4463 3108 4535 completam
3151 4475 3273 4516 esse
3321 4456 3564 4512 animam
3621 4468 3780 4510 suam
3828 4470 3842 4506 :

559 4569 566 4580 ’
633 4546 677 4608 C
710 4554 968 4612 Narravit
991 4556 1245 4612 Dominus
1269 4554 1584 4627 frequenter
1609 4556 1659 4611 in
1687 4555 1991 4626 Evangelio,
2015 4569 2140 4624 quo<

2261 4565 2419 4622 malis
2447 4564 2656 4632 utique.
2681 4575 2786 4614 non
2814 4558 2947 4623 suis,
2977 4556 3068 4626 qui
3099 4561 3320 4625 peccata
3349 4565 3455 4605 non
3489 4548 3682 4605 habuit
3709 4563 3727 4614 ;
3755 4546 3846 4604 sed

566 4650 634 4706 de
662 4649 778 4721 ipso
806 4649 1132 4722 praedixerat
1161 4648 1370 4720 Moyses
1403 4648 1584 4720 (Joan.
1608 4650 1684 4720 ν).
1713 4647 1816 4719 Ipsi
1860 4656 1984 4702 sunt
2009 4648 2151 4702 enim

2259 4657 2470 4713 delictis
2502 4641 2711 4717 mundi,
2734 4651 2932 4722 quibus
2955 4646 3237 4704 laborabat
3265 4643 3603 4700 humanitas.
3636 4641 3705 4696 Et
3740 4641 3846 4694 vita

563 4740 861 4812 principes,
887 4741 1100 4813 Moyses
1126 4747 1182 4795 et
1206 4740 1506 4810 prophetae,
1533 4739 1623 4810 qui
1654 4738 1872 4794 fuerunt
1907 4739 1959 4792 in
1985 4753 2071 4803 ea,
2100 4737 2140 4793 id

2260 4764 2378 4805 mea
2407 4747 2617 4802 inferno
2641 4740 3092 4814 appropinquavit
3118 4757 3132 4793 :
3157 4740 3261 4794 hoc
3285 4735 3521 4808 pertinet
3545 4735 3613 4790 ad
3639 4733 3850 4805 passio-

562 4841 654 4890 e“
674 4832 732 4888 in
761 4847 1053 4904 synaﬁoga-
1086 4830 1134 4887 Η
1161 4831 1257 4889 vel
1301 4831 1354 4885 in
1397 4828 1547 4896 δίου)
1581 4829 1632 4884 Μ
1674 4838 1759 4888 εει
1799 4828 1853 4882 Ῐ¹¹
1889 4825 2154 4894 Elide-“tias
2259 4853 2383 4895 nem
2413 4836 2635 4904 Christi,
2663 4843 2723 4890 ut
2751 4834 2806 4889 in
2836 4829 3147 4900 Evangelia,
3173 4827 3370 4885 Tristis
3403 4835 3490 4884 est
3516 4826 3700 4882 anima
3729 4837 3847 4879 mea

495 4929 504 4942 ‘
563 4927 812 4989 narravit
853 4927 912 4982 in
943 4927 1228 4998 scripturis
1275 4923 1642 4996 apostolorum
1713 4924 1804 4979 (ιιιί
1836 4921 2053 4978 fuerunt
2098 4922 2152 4978 in
2259 4946 2428 5002 usque
2459 4932 2526 4986 ad
2553 4937 2780 4984 mortem
2811 4923 3023 4998 (Matth.
3053 4921 3223 4993 xxvs).

561 5037 734 5082 carne
760 5020 1005 5078 viventes
1043 5021 1317 5092 principes
1347 5021 1400 5074 in
1436 5034 1522 5076 ea.

2266 5047 2301 5103 4
2408 5046 2728 5102 Αἰειὶηιαευδ
2751 5059 2866 5097 sum
2893 5057 3010 5096 cum
3040 5035 3467 5095 descendentibus
3488 5036 3546 5090 in
3573 5035 3747 5089 lacum
3770 5045 3791 5087 :
3881 5071 3888 5106 ._

2407 5140 2742 5211 Factuszsum
2767 5137 2898 5192 sicut
2928 5136 3080 5190 Itomo
3107 5134 3219 5188 sine
3246 5130 3691 5203 adjuton‘odnter
3708 5141 3849 5181 more
3884 5121 3906 5211 ei

2478 5247 2592 5290 tuos
2617 5230 2764 5288 liber.

2339 5328 2380 5384 C
2418 5327 2740 5392 Estimatus
2765 5340 2882 5380 sum
2919 5341 2931 5379 :
2959 5323 3138 5395 culpat
3167 5333 3277 5386 eos,
3311 5323 3403 5390 qui
3432 5317 3692 5388 putabant
3723 5325 3850 5412 eum

560 5131 600 5196 ’1
704 5129 853 5192 Sicut
875 5134 1164 5191 laetantium
1189 5134 1420 5189 omnium
1443 5146 1464 5187 :

713 5219 994 5282 Habitatio
1032 5234 1108 5282 est
1136 5223 1188 5279 in
1220 5231 1287 5278 te.

643 5341 686 5400 (Ζ
727 5339 882 5398 Sicut
909 5341 1208 5401 lietantium
1241 5337 1347 5397 :de
1381 5336 1470 5392 illa
1498 5335 1966 5408 incomprehensib
2065 5350 2156 5392 ,ειε-
