  <div class='ocr_page' id='page_1' title='image "/cluster/home/n/w/nwhite01/storage/ocr_20150623/142/hvd.32044015471808/168.png"; bbox 0 0 3986 5412; ppageno 0'>
   <div class='ocr_carea' id='block_1_1' title="bbox 1479 255 2331 318">
    <p class='ocr_par' dir='ltr' id='par_1_1' title="bbox 1479 255 2331 318">
     <span class='ocr_line' id='line_1_1' title="bbox 1479 255 2331 318; baseline 0.004 -5"><span class='ocrx_word' id='word_1_1' title='bbox 1479 255 1844 315; x_wconf 74' lang='lat' dir='ltr'><strong>EXPOSlTlO</strong></span> <span class='ocrx_word' id='word_1_2' title='bbox 1883 257 2331 318; x_wconf 70' lang='lat' dir='ltr'><strong>PSALMORUM.</strong></span> 
     </span>
    </p>
   </div>
   <div class='ocr_carea' id='block_1_2' title="bbox 3420 266 3539 322">
    <p class='ocr_par' dir='ltr' id='par_1_2' title="bbox 3420 266 3539 322">
     <span class='ocr_line' id='line_1_2' title="bbox 3420 266 3539 322; baseline 0.034 -3"><span class='ocrx_word' id='word_1_3' title='bbox 3420 266 3539 322; x_wconf 71' lang='lat'><strong>.326</strong></span> 
     </span>
    </p>
   </div>
   <div class='ocr_carea' id='block_1_3' title="bbox 242 361 3539 449">
    <p class='ocr_par' dir='ltr' id='par_1_3' title="bbox 242 361 3539 449">
     <span class='ocr_line' id='line_1_3' title="bbox 242 361 3539 449; baseline 0.004 -26"><span class='ocrx_word' id='word_1_4' title='bbox 242 382 482 441; x_wconf 80' lang='lat' dir='ltr'><strong>quoque</strong></span> <span class='ocrx_word' id='word_1_5' title='bbox 506 361 704 424; x_wconf 80' lang='lat' dir='ltr'><strong>mortis</strong></span> <span class='ocrx_word' id='word_1_6' title='bbox 724 367 959 425; x_wconf 89' lang='lat' dir='ltr'><strong>claustra</strong></span> <span class='ocrx_word' id='word_1_7' title='bbox 978 367 1450 442; x_wconf 82' lang='lat' dir='ltr'><strong>conlregit.lpsius</strong></span> <span class='ocrx_word' id='word_1_8' title='bbox 1472 372 1616 427; x_wconf 86' lang='lat' dir='ltr'><strong>enim</strong></span> <span class='ocrx_word' id='word_1_9' title='bbox 1644 381 1850 427; x_wconf 86' lang='lat' dir='ltr'><strong>tantum</strong></span> <span class='ocrx_word' id='word_1_10' title='bbox 1880 381 1930 441; x_wconf 76' lang='grc' dir='ltr'><strong>Α</strong></span> <span class='ocrx_word' id='word_1_11' title='bbox 1958 373 2072 444; x_wconf 84' lang='lat' dir='ltr'><strong>ligi,</strong></span> <span class='ocrx_word' id='word_1_12' title='bbox 2103 389 2239 443; x_wconf 91' lang='lat' dir='ltr'><strong>quas</strong></span> <span class='ocrx_word' id='word_1_13' title='bbox 2283 374 2441 429; x_wconf 84' lang='lat' dir='ltr'><strong>bonis</strong></span> <span class='ocrx_word' id='word_1_14' title='bbox 2485 376 2695 433; x_wconf 85' lang='lat' dir='ltr'><strong>actibus</strong></span> <span class='ocrx_word' id='word_1_15' title='bbox 2733 390 2947 449; x_wconf 84' lang='lat' dir='ltr'><strong>semper</strong></span> <span class='ocrx_word' id='word_1_16' title='bbox 2995 376 3219 433; x_wconf 86' lang='lat' dir='ltr'><strong>tetendit</strong></span> <span class='ocrx_word' id='word_1_17' title='bbox 3260 378 3324 432; x_wconf 62' lang='lat' dir='ltr'><strong>all</strong></span> <span class='ocrx_word' id='word_1_18' title='bbox 3350 379 3539 436; x_wconf 85' lang='lat' dir='ltr'><strong>Deum.</strong></span> 
     </span>
    </p>
   </div>
   <div class='ocr_carea' id='block_1_4' title="bbox 241 456 1854 531">
    <p class='ocr_par' dir='ltr' id='par_1_4' title="bbox 241 456 1854 531">
     <span class='ocr_line' id='line_1_4' title="bbox 241 456 1854 531; baseline 0.002 -16"><span class='ocrx_word' id='word_1_19' title='bbox 241 474 413 515; x_wconf 84' lang='lat' dir='ltr'><strong>mors</strong></span> <span class='ocrx_word' id='word_1_20' title='bbox 459 457 635 517; x_wconf 87' lang='lat' dir='ltr'><strong>libera</strong></span> <span class='ocrx_word' id='word_1_21' title='bbox 665 456 786 524; x_wconf 78' lang='lat' dir='ltr'><strong>fuit,</strong></span> <span class='ocrx_word' id='word_1_22' title='bbox 836 459 926 531; x_wconf 87' lang='lat' dir='ltr'><strong>qui</strong></span> <span class='ocrx_word' id='word_1_23' title='bbox 956 469 1237 530; x_wconf 86' lang='lat' dir='ltr'><strong>peccatum</strong></span> <span class='ocrx_word' id='word_1_24' title='bbox 1288 476 1394 518; x_wconf 92' lang='lat' dir='ltr'><strong>non</strong></span> <span class='ocrx_word' id='word_1_25' title='bbox 1437 459 1584 530; x_wconf 82' lang='lat' dir='ltr'><strong>fecit,</strong></span> <span class='ocrx_word' id='word_1_26' title='bbox 1618 472 1674 518; x_wconf 88' lang='lat' dir='ltr'><strong>et</strong></span> <span class='ocrx_word' id='word_1_27' title='bbox 1707 480 1854 519; x_wconf 90' lang='lat' dir='ltr'><strong>mors</strong></span> 
     </span>
    </p>
   </div>
   <div class='ocr_carea' id='block_1_5' title="bbox 240 549 1854 622">
    <p class='ocr_par' dir='ltr' id='par_1_5' title="bbox 240 549 1854 622">
     <span class='ocr_line' id='line_1_5' title="bbox 240 549 1854 622; baseline 0.004 -18"><span class='ocrx_word' id='word_1_28' title='bbox 240 565 479 622; x_wconf 80' lang='lat' dir='ltr'><strong>quoque</strong></span> <span class='ocrx_word' id='word_1_29' title='bbox 504 549 625 620; x_wconf 83' lang='lat' dir='ltr'><strong>ejus</strong></span> <span class='ocrx_word' id='word_1_30' title='bbox 654 551 955 608; x_wconf 86' lang='lat' dir='ltr'><strong>voluntaria</strong></span> <span class='ocrx_word' id='word_1_31' title='bbox 979 552 1084 608; x_wconf 83' lang='lat' dir='ltr'><strong>fuit</strong></span> <span class='ocrx_word' id='word_1_32' title='bbox 1116 570 1129 607; x_wconf 91' lang='lat'><strong>:</strong></span> <span class='ocrx_word' id='word_1_33' title='bbox 1166 562 1222 608; x_wconf 88' lang='lat' dir='ltr'><strong>et</strong></span> <span class='ocrx_word' id='word_1_34' title='bbox 1258 552 1386 610; x_wconf 90' lang='lat' dir='ltr'><strong>licet</strong></span> <span class='ocrx_word' id='word_1_35' title='bbox 1422 552 1562 610; x_wconf 89' lang='lat' dir='ltr'><strong>liber</strong></span> <span class='ocrx_word' id='word_1_36' title='bbox 1586 564 1730 612; x_wconf 89' lang='lat' dir='ltr'><strong>esset</strong></span> <span class='ocrx_word' id='word_1_37' title='bbox 1774 557 1854 611; x_wconf 83' lang='lat' dir='ltr'><strong>iu-</strong></span> 
     </span>
    </p>
   </div>
   <div class='ocr_carea' id='block_1_6' title="bbox 243 643 1856 710">
    <p class='ocr_par' dir='ltr' id='par_1_6' title="bbox 243 643 1856 710">
     <span class='ocr_line' id='line_1_6' title="bbox 243 643 1856 710; baseline 0.004 -14"><span class='ocrx_word' id='word_1_38' title='bbox 243 651 340 697; x_wconf 85' lang='lat' dir='ltr'><strong>ter</strong></span> <span class='ocrx_word' id='word_1_39' title='bbox 368 649 638 710; x_wconf 88' lang='lat' dir='ltr'><strong>mortuos,</strong></span> <span class='ocrx_word' id='word_1_40' title='bbox 664 650 844 701; x_wconf 88' lang='lat' dir='ltr'><strong>tamen</strong></span> <span class='ocrx_word' id='word_1_41' title='bbox 867 659 898 700; x_wconf 90' lang='lat' dir='ltr'><strong>a</strong></span> <span class='ocrx_word' id='word_1_42' title='bbox 922 643 1265 703; x_wconf 81' lang='lat' dir='ltr'><strong>clementibus</strong></span> <span class='ocrx_word' id='word_1_43' title='bbox 1282 646 1582 704; x_wconf 71' lang='lat' dir='ltr'><strong>aestimatus</strong></span> <span class='ocrx_word' id='word_1_44' title='bbox 1609 657 1693 704; x_wconf 93' lang='lat' dir='ltr'><strong>est</strong></span> <span class='ocrx_word' id='word_1_45' title='bbox 1713 648 1856 705; x_wconf 87' lang='lat' dir='ltr'><strong>sicut</strong></span> 
     </span>
    </p>
   </div>
   <div class='ocr_carea' id='block_1_7' title="bbox 239 733 684 802">
    <p class='ocr_par' dir='ltr' id='par_1_7' title="bbox 239 733 684 802">
     <span class='ocr_line' id='line_1_7' title="bbox 239 733 684 802; baseline 0.009 -14"><span class='ocrx_word' id='word_1_46' title='bbox 239 733 552 802; x_wconf 74' lang='lat' dir='ltr'><strong>vulnerati,</strong></span> <span class='ocrx_word' id='word_1_47' title='bbox 575 745 684 792; x_wconf 90' lang='lat' dir='ltr'><strong>etc.</strong></span> 
     </span>
    </p>
   </div>
   <div class='ocr_carea' id='block_1_8' title="bbox 238 826 1851 909">
    <p class='ocr_par' dir='ltr' id='par_1_8' title="bbox 238 826 1851 909">
     <span class='ocr_line' id='line_1_8' title="bbox 238 826 1851 909; baseline 0.004 -25"><span class='ocrx_word' id='word_1_48' title='bbox 238 826 280 884; x_wconf 84' lang='lat'><strong>5</strong></span> <span class='ocrx_word' id='word_1_49' title='bbox 408 826 555 883; x_wconf 82' lang='lat' dir='ltr'><strong>Sicut</strong></span> <span class='ocrx_word' id='word_1_50' title='bbox 587 826 846 885; x_wconf 73' lang='lat' dir='ltr'><strong>vulnerati</strong></span> <span class='ocrx_word' id='word_1_51' title='bbox 870 830 1185 889; x_wconf 81' lang='lat' dir='ltr'><strong>dormientes</strong></span> <span class='ocrx_word' id='word_1_52' title='bbox 1225 832 1283 889; x_wconf 88' lang='lat' dir='ltr'><strong>in</strong></span> <span class='ocrx_word' id='word_1_53' title='bbox 1338 834 1595 907; x_wconf 85' lang='lat' dir='ltr'><strong>sepulcris</strong></span> <span class='ocrx_word' id='word_1_54' title='bbox 1625 852 1851 909; x_wconf 82' lang='lat' dir='ltr'><strong>quorum</strong></span> 
     </span>
    </p>
   </div>
   <div class='ocr_carea' id='block_1_9' title="bbox 473 913 1164 995">
    <p class='ocr_par' dir='ltr' id='par_1_9' title="bbox 473 913 1164 995">
     <span class='ocr_line' id='line_1_9' title="bbox 473 913 1164 995; baseline 0.004 -20"><span class='ocrx_word' id='word_1_55' title='bbox 473 937 581 976; x_wconf 84' lang='lat' dir='ltr'><strong>non</strong></span> <span class='ocrx_word' id='word_1_56' title='bbox 606 937 661 977; x_wconf 87' lang='lat' dir='ltr'><strong>es</strong></span> <span class='ocrx_word' id='word_1_57' title='bbox 683 938 881 977; x_wconf 80' lang='lat' dir='ltr'><strong>menter</strong></span> <span class='ocrx_word' id='word_1_58' title='bbox 898 913 1122 995; x_wconf 79' lang='lat' dir='ltr'><strong>amplius</strong></span> <span class='ocrx_word' id='word_1_59' title='bbox 1144 938 1164 978; x_wconf 89' lang='lat'><strong><em>:</em></strong></span> 
     </span>
    </p>
   </div>
   <div class='ocr_carea' id='block_1_10' title="bbox 403 1017 1388 1094">
    <p class='ocr_par' dir='ltr' id='par_1_10' title="bbox 403 1017 1388 1094">
     <span class='ocr_line' id='line_1_10' title="bbox 403 1017 1388 1094; baseline 0.005 -20"><span class='ocrx_word' id='word_1_60' title='bbox 403 1017 467 1074; x_wconf 82' lang='lat' dir='ltr'><strong>Et</strong></span> <span class='ocrx_word' id='word_1_61' title='bbox 495 1018 687 1090; x_wconf 52' lang='lat' dir='ltr'><strong>ipsine</strong></span> <span class='ocrx_word' id='word_1_62' title='bbox 713 1036 873 1076; x_wconf 84' lang='lat' dir='ltr'><strong>manu</strong></span> <span class='ocrx_word' id='word_1_63' title='bbox 896 1030 988 1078; x_wconf 80' lang='lat' dir='ltr'><strong>tua</strong></span> <span class='ocrx_word' id='word_1_64' title='bbox 1014 1022 1212 1094; x_wconf 85' lang='lat' dir='ltr'><strong>repulsi</strong></span> <span class='ocrx_word' id='word_1_65' title='bbox 1244 1032 1388 1081; x_wconf 85' lang='lat' dir='ltr'><strong>sunt.</strong></span> 
     </span>
    </p>
   </div>
   <div class='ocr_carea' id='block_1_11' title="bbox 319 1110 1848 1189">
    <p class='ocr_par' dir='ltr' id='par_1_11' title="bbox 319 1110 1848 1189">
     <span class='ocr_line' id='line_1_11' title="bbox 319 1110 1848 1189; baseline 0.003 -21"><span class='ocrx_word' id='word_1_66' title='bbox 319 1110 366 1168; x_wconf 71' lang='grc' dir='ltr'><strong>(Ζ</strong></span> <span class='ocrx_word' id='word_1_67' title='bbox 391 1111 585 1167; x_wconf 78' lang='lat' dir='ltr'><strong>Adhuc</strong></span> <span class='ocrx_word' id='word_1_68' title='bbox 614 1111 762 1168; x_wconf 89' lang='lat' dir='ltr'><strong>enim</strong></span> <span class='ocrx_word' id='word_1_69' title='bbox 797 1113 865 1169; x_wconf 89' lang='lat' dir='ltr'><strong>de</strong></span> <span class='ocrx_word' id='word_1_70' title='bbox 893 1112 1000 1170; x_wconf 82' lang='lat' dir='ltr'><strong>illis</strong></span> <span class='ocrx_word' id='word_1_71' title='bbox 1026 1114 1339 1172; x_wconf 82' lang='lat' dir='ltr'><strong>vanissimis</strong></span> <span class='ocrx_word' id='word_1_72' title='bbox 1371 1115 1532 1185; x_wconf 90' lang='lat' dir='ltr'><strong>dicit,</strong></span> <span class='ocrx_word' id='word_1_73' title='bbox 1562 1116 1654 1188; x_wconf 88' lang='lat' dir='ltr'><strong>qui</strong></span> <span class='ocrx_word' id='word_1_74' title='bbox 1689 1124 1848 1189; x_wconf 82' lang='lat' dir='ltr'><strong>puts-</strong></span> 
     </span>
    </p>
   </div>
   <div class='ocr_carea' id='block_1_12' title="bbox 238 1204 1853 1284">
    <p class='ocr_par' dir='ltr' id='par_1_12' title="bbox 238 1204 1853 1284">
     <span class='ocr_line' id='line_1_12' title="bbox 238 1204 1853 1284; baseline 0.006 -25"><span class='ocrx_word' id='word_1_75' title='bbox 238 1205 388 1260; x_wconf 84' lang='lat' dir='ltr'><strong>bant</strong></span> <span class='ocrx_word' id='word_1_76' title='bbox 414 1204 606 1273; x_wconf 88' lang='lat' dir='ltr'><strong>Deum,</strong></span> <span class='ocrx_word' id='word_1_77' title='bbox 634 1205 826 1263; x_wconf 83' lang='lat' dir='ltr'><strong>lancea</strong></span> <span class='ocrx_word' id='word_1_78' title='bbox 865 1207 1228 1276; x_wconf 87' lang='lat' dir='ltr'><strong>vulneratum,</strong></span> <span class='ocrx_word' id='word_1_79' title='bbox 1271 1211 1529 1278; x_wconf 90' lang='lat' dir='ltr'><strong>occisum,</strong></span> <span class='ocrx_word' id='word_1_80' title='bbox 1564 1213 1769 1284; x_wconf 90' lang='lat' dir='ltr'><strong>pariter</strong></span> <span class='ocrx_word' id='word_1_81' title='bbox 1794 1221 1853 1269; x_wconf 90' lang='lat' dir='ltr'><strong>et</strong></span> 
     </span>
    </p>
   </div>
   <div class='ocr_carea' id='block_1_13' title="bbox 239 1299 1850 1375">
    <p class='ocr_par' dir='ltr' id='par_1_13' title="bbox 239 1299 1850 1375">
     <span class='ocr_line' id='line_1_13' title="bbox 239 1299 1850 1375; baseline 0.004 -19"><span class='ocrx_word' id='word_1_82' title='bbox 239 1299 545 1371; x_wconf 86' lang='lat' dir='ltr'><strong>sepultum,</strong></span> <span class='ocrx_word' id='word_1_83' title='bbox 572 1301 730 1373; x_wconf 88' lang='lat' dir='ltr'><strong>quasi</strong></span> <span class='ocrx_word' id='word_1_84' title='bbox 760 1318 927 1359; x_wconf 86' lang='lat' dir='ltr'><strong>unum</strong></span> <span class='ocrx_word' id='word_1_85' title='bbox 949 1319 1016 1360; x_wconf 81' lang='lat' dir='ltr'><strong>ex</strong></span> <span class='ocrx_word' id='word_1_86' title='bbox 1040 1305 1357 1361; x_wconf 82' lang='lat' dir='ltr'><strong>hominibus</strong></span> <span class='ocrx_word' id='word_1_87' title='bbox 1380 1306 1680 1363; x_wconf 78' lang='lat' dir='ltr'><strong>sceleratis.</strong></span> <span class='ocrx_word' id='word_1_88' title='bbox 1706 1305 1850 1375; x_wconf 62' lang='lat' dir='ltr'><strong>Qnoo</strong></span> 
     </span>
    </p>
   </div>
   <div class='ocr_carea' id='block_1_14' title="bbox 241 1394 1850 1468">
    <p class='ocr_par' dir='ltr' id='par_1_14' title="bbox 241 1394 1850 1468">
     <span class='ocr_line' id='line_1_14' title="bbox 241 1394 1850 1468; baseline 0.007 -24"><span class='ocrx_word' id='word_1_89' title='bbox 241 1407 370 1445; x_wconf 87' lang='lat' dir='ltr'><strong>rum</strong></span> <span class='ocrx_word' id='word_1_90' title='bbox 421 1406 530 1447; x_wconf 90' lang='lat' dir='ltr'><strong>non</strong></span> <span class='ocrx_word' id='word_1_91' title='bbox 576 1406 641 1448; x_wconf 90' lang='lat' dir='ltr'><strong>es</strong></span> <span class='ocrx_word' id='word_1_92' title='bbox 670 1408 899 1461; x_wconf 85' lang='lat' dir='ltr'><strong>memor,</strong></span> <span class='ocrx_word' id='word_1_93' title='bbox 946 1394 998 1451; x_wconf 89' lang='lat' dir='ltr'><strong>id</strong></span> <span class='ocrx_word' id='word_1_94' title='bbox 1040 1404 1145 1464; x_wconf 89' lang='lat' dir='ltr'><strong>est,</strong></span> <span class='ocrx_word' id='word_1_95' title='bbox 1199 1397 1264 1453; x_wconf 89' lang='lat' dir='ltr'><strong>de</strong></span> <span class='ocrx_word' id='word_1_96' title='bbox 1301 1398 1499 1468; x_wconf 89' lang='lat' dir='ltr'><strong>quibus</strong></span> <span class='ocrx_word' id='word_1_97' title='bbox 1534 1414 1640 1454; x_wconf 91' lang='lat' dir='ltr'><strong>non</strong></span> <span class='ocrx_word' id='word_1_98' title='bbox 1682 1399 1850 1455; x_wconf 88' lang='lat' dir='ltr'><strong>babes</strong></span> 
     </span>
    </p>
   </div>
   <div class='ocr_carea' id='block_1_15' title="bbox 239 1484 1849 1559">
    <p class='ocr_par' dir='ltr' id='par_1_15' title="bbox 239 1484 1849 1559">
     <span class='ocr_line' id='line_1_15' title="bbox 239 1484 1849 1559; baseline 0.006 -21"><span class='ocrx_word' id='word_1_99' title='bbox 239 1498 460 1549; x_wconf 86' lang='lat' dir='ltr'><strong>curam,</strong></span> <span class='ocrx_word' id='word_1_100' title='bbox 489 1484 751 1555; x_wconf 87' lang='lat' dir='ltr'><strong>quoniam</strong></span> <span class='ocrx_word' id='word_1_101' title='bbox 776 1488 1015 1559; x_wconf 83' lang='lat' dir='ltr'><strong>peccatis</strong></span> <span class='ocrx_word' id='word_1_102' title='bbox 1041 1487 1388 1558; x_wconf 76' lang='lat' dir='ltr'><strong>facientibus,</strong></span> <span class='ocrx_word' id='word_1_103' title='bbox 1413 1507 1443 1547; x_wconf 90' lang='lat' dir='ltr'><strong>a</strong></span> <span class='ocrx_word' id='word_1_104' title='bbox 1468 1499 1520 1547; x_wconf 88' lang='lat' dir='ltr'><strong>te</strong></span> <span class='ocrx_word' id='word_1_105' title='bbox 1548 1490 1849 1548; x_wconf 87' lang='lat' dir='ltr'><strong>reddeban-</strong></span> 
     </span>
    </p>
   </div>
   <div class='ocr_carea' id='block_1_16' title="bbox 240 1575 1845 1656">
    <p class='ocr_par' dir='ltr' id='par_1_16' title="bbox 240 1575 1845 1656">
     <span class='ocr_line' id='line_1_16' title="bbox 240 1575 1845 1656; baseline 0.007 -26"><span class='ocrx_word' id='word_1_106' title='bbox 240 1585 332 1631; x_wconf 88' lang='lat' dir='ltr'><strong>tur</strong></span> <span class='ocrx_word' id='word_1_107' title='bbox 376 1575 563 1633; x_wconf 90' lang='lat' dir='ltr'><strong>alieui.</strong></span> <span class='ocrx_word' id='word_1_108' title='bbox 613 1576 816 1635; x_wconf 88' lang='lat' dir='ltr'><strong>Curam</strong></span> <span class='ocrx_word' id='word_1_109' title='bbox 862 1581 1029 1653; x_wconf 92' lang='lat' dir='ltr'><strong>igitur</strong></span> <span class='ocrx_word' id='word_1_110' title='bbox 1068 1581 1347 1656; x_wconf 87' lang='lat' dir='ltr'><strong>intellige,</strong></span> <span class='ocrx_word' id='word_1_111' title='bbox 1392 1583 1572 1655; x_wconf 84' lang='lat' dir='ltr'><strong>quoad</strong></span> <span class='ocrx_word' id='word_1_112' title='bbox 1619 1583 1845 1641; x_wconf 82' lang='lat' dir='ltr'><strong>salutem</strong></span> 
     </span>
    </p>
   </div>
   <div class='ocr_carea' id='block_1_17' title="bbox 1958 465 3540 544">
    <p class='ocr_par' dir='ltr' id='par_1_17' title="bbox 1958 465 3540 544">
     <span class='ocr_line' id='line_1_17' title="bbox 1958 465 3540 544; baseline 0.004 -23"><span class='ocrx_word' id='word_1_113' title='bbox 1958 465 2091 521; x_wconf 81' lang='lat' dir='ltr'><strong>Nam</strong></span> <span class='ocrx_word' id='word_1_114' title='bbox 2123 468 2169 524; x_wconf 88' lang='lat' dir='ltr'><strong>si</strong></span> <span class='ocrx_word' id='word_1_115' title='bbox 2221 470 2335 524; x_wconf 66' lang='lat' dir='ltr'><strong>haec</strong></span> <span class='ocrx_word' id='word_1_116' title='bbox 2364 469 2513 526; x_wconf 89' lang='lat' dir='ltr'><strong>cruci</strong></span> <span class='ocrx_word' id='word_1_117' title='bbox 2540 469 2904 541; x_wconf 75' lang='lat' dir='ltr'><strong>jnnxerimns,</strong></span> <span class='ocrx_word' id='word_1_118' title='bbox 2953 470 3230 542; x_wconf 85' lang='lat' dir='ltr'><strong>sequentia</strong></span> <span class='ocrx_word' id='word_1_119' title='bbox 3264 471 3540 544; x_wconf 84' lang='lat' dir='ltr'><strong>discrepa-</strong></span> 
     </span>
    </p>
   </div>
   <div class='ocr_carea' id='block_1_18' title="bbox 1955 556 2109 613">
    <p class='ocr_par' dir='ltr' id='par_1_18' title="bbox 1955 556 2109 613">
     <span class='ocr_line' id='line_1_18' title="bbox 1955 556 2109 613; baseline -0.006 0"><span class='ocrx_word' id='word_1_120' title='bbox 1955 556 2109 613; x_wconf 73' lang='lat' dir='ltr'><strong>bnnL</strong></span> 
     </span>
    </p>
   </div>
   <div class='ocr_carea' id='block_1_19' title="bbox 1956 649 3140 728">
    <p class='ocr_par' dir='ltr' id='par_1_19' title="bbox 1956 649 3140 728">
     <span class='ocr_line' id='line_1_19' title="bbox 1956 649 3140 728; baseline 0.006 -22"><span class='ocrx_word' id='word_1_121' title='bbox 1956 649 2017 707; x_wconf 86' lang='grc'><strong>11</strong></span> <span class='ocrx_word' id='word_1_122' title='bbox 2099 650 2355 726; x_wconf 83' lang='lat' dir='ltr'><strong>Nunquid</strong></span> <span class='ocrx_word' id='word_1_123' title='bbox 2389 657 2606 712; x_wconf 87' lang='lat' dir='ltr'><strong>ntortuis</strong></span> <span class='ocrx_word' id='word_1_124' title='bbox 2639 657 2803 728; x_wconf 81' lang='lat' dir='ltr'><strong>facies</strong></span> <span class='ocrx_word' id='word_1_125' title='bbox 2832 657 3095 715; x_wconf 84' lang='lat' dir='ltr'><strong>mirabilia</strong></span> <span class='ocrx_word' id='word_1_126' title='bbox 3119 672 3140 713; x_wconf 84' lang='lat'><strong>.&#39;</strong></span> 
     </span>
    </p>
   </div>
   <div class='ocr_carea' id='block_1_20' title="bbox 2095 744 3538 822">
    <p class='ocr_par' dir='ltr' id='par_1_20' title="bbox 2095 744 3538 822">
     <span class='ocr_line' id='line_1_20' title="bbox 2095 744 3538 822; baseline 0.008 -23"><span class='ocrx_word' id='word_1_127' title='bbox 2095 744 2450 822; x_wconf 57' lang='lat' dir='ltr'><strong>AuLmedici</strong></span> <span class='ocrx_word' id='word_1_128' title='bbox 2501 749 2826 805; x_wconf 86' lang='lat' dir='ltr'><strong>suscitabunt</strong></span> <span class='ocrx_word' id='word_1_129' title='bbox 2885 762 2932 807; x_wconf 86' lang='lat' dir='ltr'><strong>et</strong></span> <span class='ocrx_word' id='word_1_130' title='bbox 2987 750 3371 822; x_wconf 83' lang='lat' dir='ltr'><strong>conﬁtebuntur</strong></span> <span class='ocrx_word' id='word_1_131' title='bbox 3422 753 3538 812; x_wconf 88' lang='lat' dir='ltr'><strong>tibi.</strong></span> 
     </span>
    </p>
   </div>
   <div class='ocr_carea' id='block_1_21' title="bbox 2169 812 2495 887">
    <p class='ocr_par' dir='ltr' id='par_1_21' title="bbox 2169 812 2495 887">
     <span class='ocr_line' id='line_1_21' title="bbox 2169 812 2495 887; baseline 0.009 -16"><span class='ocrx_word' id='word_1_132' title='bbox 2169 812 2495 887; x_wconf 84' lang='lat' dir='ltr'><strong>Diapsalma.</strong></span> 
     </span>
    </p>
   </div>
   <div class='ocr_carea' id='block_1_22' title="bbox 2023 907 3538 984">
    <p class='ocr_par' dir='ltr' id='par_1_22' title="bbox 2023 907 3538 984">
     <span class='ocr_line' id='line_1_22' title="bbox 2023 907 3538 984; baseline 0.006 -17"><span class='ocrx_word' id='word_1_133' title='bbox 2023 907 2065 967; x_wconf 88' lang='lat' dir='ltr'>C</span> <span class='ocrx_word' id='word_1_134' title='bbox 2093 907 2441 983; x_wconf 85' lang='lat' dir='ltr'><strong>Nequaquam</strong></span> <span class='ocrx_word' id='word_1_135' title='bbox 2484 911 2611 969; x_wconf 79' lang='lat' dir='ltr'><strong>fecit</strong></span> <span class='ocrx_word' id='word_1_136' title='bbox 2642 914 2907 970; x_wconf 87' lang='lat' dir='ltr'><strong>mirabilia</strong></span> <span class='ocrx_word' id='word_1_137' title='bbox 2932 926 3180 982; x_wconf 77' lang='lat' dir='ltr'><strong>mortuis,</strong></span> <span class='ocrx_word' id='word_1_138' title='bbox 3210 915 3263 973; x_wconf 88' lang='lat' dir='ltr'><strong>id</strong></span> <span class='ocrx_word' id='word_1_139' title='bbox 3289 926 3392 984; x_wconf 83' lang='lat' dir='ltr'><strong>est,</strong></span> <span class='ocrx_word' id='word_1_140' title='bbox 3432 934 3538 977; x_wconf 84' lang='lat' dir='ltr'><strong>non</strong></span> 
     </span>
    </p>
   </div>
   <div class='ocr_carea' id='block_1_23' title="bbox 1952 1000 3536 1079">
    <p class='ocr_par' dir='ltr' id='par_1_23' title="bbox 1952 1000 3536 1079">
     <span class='ocr_line' id='line_1_23' title="bbox 1952 1000 3536 1079; baseline 0.003 -22"><span class='ocrx_word' id='word_1_141' title='bbox 1952 1001 2321 1059; x_wconf 89' lang='lat' dir='ltr'><strong>credentibus.</strong></span> <span class='ocrx_word' id='word_1_142' title='bbox 2349 1000 2459 1059; x_wconf 84' lang='lat' dir='ltr'><strong>illis</strong></span> <span class='ocrx_word' id='word_1_143' title='bbox 2482 1002 2611 1058; x_wconf 88' lang='lat' dir='ltr'><strong>solis</strong></span> <span class='ocrx_word' id='word_1_144' title='bbox 2634 1002 2903 1059; x_wconf 88' lang='lat' dir='ltr'><strong>mirabilia</strong></span> <span class='ocrx_word' id='word_1_145' title='bbox 2943 1006 3107 1072; x_wconf 86' lang='lat' dir='ltr'><strong>tlunt,</strong></span> <span class='ocrx_word' id='word_1_146' title='bbox 3143 1006 3236 1077; x_wconf 88' lang='lat' dir='ltr'><strong>qui</strong></span> <span class='ocrx_word' id='word_1_147' title='bbox 3270 1007 3536 1079; x_wconf 84' lang='lat' dir='ltr'><strong>magnalia</strong></span> 
     </span>
    </p>
   </div>
   <div class='ocr_carea' id='block_1_24' title="bbox 1952 1082 3536 1168">
    <p class='ocr_par' dir='ltr' id='par_1_24' title="bbox 1952 1082 3536 1168">
     <span class='ocr_line' id='line_1_24' title="bbox 1952 1082 3536 1168; baseline 0.004 -19"><span class='ocrx_word' id='word_1_148' title='bbox 1952 1094 2047 1151; x_wconf 88' lang='lat' dir='ltr'><strong>Dei</strong></span> <span class='ocrx_word' id='word_1_149' title='bbox 2076 1095 2175 1152; x_wconf 91' lang='lat' dir='ltr'><strong>sub</strong></span> <span class='ocrx_word' id='word_1_150' title='bbox 2200 1093 2521 1153; x_wconf 88' lang='lat' dir='ltr'><strong>credulitate</strong></span> <span class='ocrx_word' id='word_1_151' title='bbox 2551 1082 2914 1168; x_wconf 85' lang='lat' dir='ltr'><strong>conspiciunt.</strong></span> <span class='ocrx_word' id='word_1_152' title='bbox 2947 1096 3056 1154; x_wconf 83' lang='lat' dir='ltr'><strong>Aut</strong></span> <span class='ocrx_word' id='word_1_153' title='bbox 3085 1100 3277 1156; x_wconf 82' lang='lat' dir='ltr'><strong>medici</strong></span> <span class='ocrx_word' id='word_1_154' title='bbox 3307 1102 3536 1157; x_wconf 85' lang='lat' dir='ltr'><strong>suscita-</strong></span> 
     </span>
    </p>
   </div>
   <div class='ocr_carea' id='block_1_25' title="bbox 1951 1188 3540 1263">
    <p class='ocr_par' dir='ltr' id='par_1_25' title="bbox 1951 1188 3540 1263">
     <span class='ocr_line' id='line_1_25' title="bbox 1951 1188 3540 1263; baseline 0.004 -18"><span class='ocrx_word' id='word_1_155' title='bbox 1951 1189 2106 1245; x_wconf 88' lang='lat' dir='ltr'><strong>bunt.</strong></span> <span class='ocrx_word' id='word_1_156' title='bbox 2155 1189 2268 1247; x_wconf 80' lang='lat' dir='ltr'><strong>Hoc</strong></span> <span class='ocrx_word' id='word_1_157' title='bbox 2308 1188 2508 1247; x_wconf 85' lang='lat' dir='ltr'><strong>dicitur</strong></span> <span class='ocrx_word' id='word_1_158' title='bbox 2547 1190 2795 1261; x_wconf 85' lang='lat' dir='ltr'><strong>negative</strong></span> <span class='ocrx_word' id='word_1_159' title='bbox 2825 1204 2839 1246; x_wconf 89' lang='lat'><strong>:</strong></span> <span class='ocrx_word' id='word_1_160' title='bbox 2872 1191 2998 1263; x_wconf 85' lang='lat' dir='ltr'><strong>quia</strong></span> <span class='ocrx_word' id='word_1_161' title='bbox 3041 1192 3235 1250; x_wconf 89' lang='lat' dir='ltr'><strong>medici</strong></span> <span class='ocrx_word' id='word_1_162' title='bbox 3265 1196 3389 1250; x_wconf 89' lang='lat' dir='ltr'><strong>dum</strong></span> <span class='ocrx_word' id='word_1_163' title='bbox 3418 1211 3540 1251; x_wconf 90' lang='lat' dir='ltr'><strong>eor-</strong></span> 
     </span>
    </p>
   </div>
   <div class='ocr_carea' id='block_1_26' title="bbox 1950 1282 3536 1357">
    <p class='ocr_par' dir='ltr' id='par_1_26' title="bbox 1950 1282 3536 1357">
     <span class='ocr_line' id='line_1_26' title="bbox 1950 1282 3536 1357; baseline 0.004 -20"><span class='ocrx_word' id='word_1_164' title='bbox 1950 1282 2172 1356; x_wconf 85' lang='lat' dir='ltr'><strong>poribus</strong></span> <span class='ocrx_word' id='word_1_165' title='bbox 2193 1283 2433 1354; x_wconf 72' lang='lat' dir='ltr'><strong>pmbent</strong></span> <span class='ocrx_word' id='word_1_166' title='bbox 2456 1299 2664 1349; x_wconf 89' lang='lat' dir='ltr'><strong>curam,</strong></span> <span class='ocrx_word' id='word_1_167' title='bbox 2691 1283 2900 1342; x_wconf 88' lang='lat' dir='ltr'><strong>animas</strong></span> <span class='ocrx_word' id='word_1_168' title='bbox 2918 1293 3098 1341; x_wconf 90' lang='lat' dir='ltr'><strong>tamen</strong></span> <span class='ocrx_word' id='word_1_169' title='bbox 3125 1287 3361 1357; x_wconf 88' lang='lat' dir='ltr'><strong>peccatis</strong></span> <span class='ocrx_word' id='word_1_170' title='bbox 3387 1302 3536 1343; x_wconf 84' lang='lat' dir='ltr'><strong>mor-</strong></span> 
     </span>
    </p>
   </div>
   <div class='ocr_carea' id='block_1_27' title="bbox 1951 1370 3537 1437">
    <p class='ocr_par' dir='ltr' id='par_1_27' title="bbox 1951 1370 3537 1437">
     <span class='ocr_line' id='line_1_27' title="bbox 1951 1370 3537 1437; baseline 0.004 -7"><span class='ocrx_word' id='word_1_171' title='bbox 1951 1382 2073 1432; x_wconf 90' lang='lat' dir='ltr'><strong>tuas</strong></span> <span class='ocrx_word' id='word_1_172' title='bbox 2105 1376 2434 1434; x_wconf 89' lang='lat' dir='ltr'><strong>resnscitare</strong></span> <span class='ocrx_word' id='word_1_173' title='bbox 2467 1391 2575 1433; x_wconf 88' lang='lat' dir='ltr'><strong>n0n</strong></span> <span class='ocrx_word' id='word_1_174' title='bbox 2606 1376 2788 1434; x_wconf 87' lang='lat' dir='ltr'><strong>valent</strong></span> <span class='ocrx_word' id='word_1_175' title='bbox 2823 1385 2919 1434; x_wconf 91' lang='lat' dir='ltr'><strong>:ut</strong></span> <span class='ocrx_word' id='word_1_176' title='bbox 2951 1370 3296 1435; x_wconf 77' lang='lat' dir='ltr'><strong>confessione</strong></span> <span class='ocrx_word' id='word_1_177' title='bbox 3319 1379 3537 1437; x_wconf 88' lang='lat' dir='ltr'><strong>verissi-</strong></span> 
     </span>
    </p>
   </div>
   <div class='ocr_carea' id='block_1_28' title="bbox 1951 1468 3541 1547">
    <p class='ocr_par' dir='ltr' id='par_1_28' title="bbox 1951 1468 3541 1547">
     <span class='ocr_line' id='line_1_28' title="bbox 1951 1468 3541 1547; baseline 0.005 -23"><span class='ocrx_word' id='word_1_178' title='bbox 1951 1483 2039 1524; x_wconf 91' lang='lat' dir='ltr'><strong>ma</strong></span> <span class='ocrx_word' id='word_1_179' title='bbox 2086 1468 2449 1539; x_wconf 81' lang='lat' dir='ltr'><strong>viviﬁeentur,</strong></span> <span class='ocrx_word' id='word_1_180' title='bbox 2489 1471 2580 1543; x_wconf 91' lang='lat' dir='ltr'><strong>qui</strong></span> <span class='ocrx_word' id='word_1_181' title='bbox 2606 1470 2942 1530; x_wconf 78' lang='lat' dir='ltr'><strong>inﬁdelitatis</strong></span> <span class='ocrx_word' id='word_1_182' title='bbox 2968 1488 3079 1530; x_wconf 65' lang='lat' dir='ltr'><strong>suae</strong></span> <span class='ocrx_word' id='word_1_183' title='bbox 3102 1470 3323 1531; x_wconf 82' lang='lat' dir='ltr'><strong>vulnera</strong></span> <span class='ocrx_word' id='word_1_184' title='bbox 3355 1485 3541 1547; x_wconf 90' lang='lat' dir='ltr'><strong>pertu-</strong></span> 
     </span>
    </p>
   </div>
   <div class='ocr_carea' id='block_1_29' title="bbox 1948 1559 3537 1638">
    <p class='ocr_par' dir='ltr' id='par_1_29' title="bbox 1948 1559 3537 1638">
     <span class='ocr_line' id='line_1_29' title="bbox 1948 1559 3537 1638; baseline 0.006 -23"><span class='ocrx_word' id='word_1_185' title='bbox 1948 1559 2128 1618; x_wconf 84' lang='lat' dir='ltr'><strong>lerunt</strong></span> <span class='ocrx_word' id='word_1_186' title='bbox 2173 1580 2187 1616; x_wconf 76' lang='grc' dir='ltr'>ε</span> <span class='ocrx_word' id='word_1_187' title='bbox 2243 1578 2431 1619; x_wconf 91' lang='lat' dir='ltr'><strong>verum</strong></span> <span class='ocrx_word' id='word_1_188' title='bbox 2481 1579 2581 1621; x_wconf 91' lang='lat' dir='ltr'><strong>nec</strong></span> <span class='ocrx_word' id='word_1_189' title='bbox 2633 1564 2831 1620; x_wconf 88' lang='lat' dir='ltr'><strong>medici</strong></span> <span class='ocrx_word' id='word_1_190' title='bbox 2889 1574 3214 1638; x_wconf 85' lang='lat' dir='ltr'><strong>corporum,</strong></span> <span class='ocrx_word' id='word_1_191' title='bbox 3272 1566 3390 1624; x_wconf 89' lang='lat' dir='ltr'><strong>sine</strong></span> <span class='ocrx_word' id='word_1_192' title='bbox 3441 1567 3537 1625; x_wconf 88' lang='lat' dir='ltr'><strong>Dei</strong></span> 
     </span>
    </p>
   </div>
   <div class='ocr_carea' id='block_1_30' title="bbox 237 1655 3095 1747">
    <p class='ocr_par' dir='ltr' id='par_1_30' title="bbox 237 1655 3095 1747">
     <span class='ocr_line' id='line_1_30' title="bbox 237 1655 3095 1747; baseline 0.006 -25"><span class='ocrx_word' id='word_1_193' title='bbox 237 1682 457 1724; x_wconf 85' lang='lat' dir='ltr'><strong>eorum.</strong></span> <span class='ocrx_word' id='word_1_194' title='bbox 506 1669 577 1725; x_wconf 82' lang='lat' dir='ltr'><strong>Et</strong></span> <span class='ocrx_word' id='word_1_195' title='bbox 622 1670 730 1742; x_wconf 82' lang='lat' dir='ltr'><strong>ipsi</strong></span> <span class='ocrx_word' id='word_1_196' title='bbox 766 1672 966 1744; x_wconf 83' lang='lat' dir='ltr'><strong>repulsi</strong></span> <span class='ocrx_word' id='word_1_197' title='bbox 1018 1683 1188 1732; x_wconf 90' lang='lat' dir='ltr'><strong>sunt:</strong></span> <span class='ocrx_word' id='word_1_198' title='bbox 1219 1655 1322 1732; x_wconf 87' lang='lat' dir='ltr'><strong>hoc</strong></span> <span class='ocrx_word' id='word_1_199' title='bbox 1346 1685 1453 1742; x_wconf 87' lang='lat' dir='ltr'><strong>est,</strong></span> <span class='ocrx_word' id='word_1_200' title='bbox 1493 1676 1594 1747; x_wconf 86' lang='lat' dir='ltr'><strong>ipsi</strong></span> <span class='ocrx_word' id='word_1_201' title='bbox 1619 1692 1649 1731; x_wconf 93' lang='lat' dir='ltr'><strong>a</strong></span> <span class='ocrx_word' id='word_1_202' title='bbox 1681 1693 1842 1732; x_wconf 89' lang='lat' dir='ltr'><strong>manu</strong></span> <span class='ocrx_word' id='word_1_203' title='bbox 1948 1669 2194 1724; x_wconf 70' lang='lat' dir='ltr'><strong>&quot;‘“&quot;e&quot;°v</strong></span> <span class='ocrx_word' id='word_1_204' title='bbox 2224 1656 2384 1727; x_wconf 61' lang='lat' dir='ltr'><strong>aegris</strong></span> <span class='ocrx_word' id='word_1_205' title='bbox 2416 1655 2649 1713; x_wconf 61' lang='lat' dir='ltr'><strong>samem</strong></span> <span class='ocrx_word' id='word_1_206' title='bbox 2691 1656 2823 1714; x_wconf 59' lang='lat' dir='ltr'><strong>dare</strong></span> <span class='ocrx_word' id='word_1_207' title='bbox 2848 1666 3095 1730; x_wconf 63' lang='lat'><strong>9055&quot;“-</strong></span> 
     </span>
    </p>
   </div>
   <div class='ocr_carea' id='block_1_31' title="bbox 240 1747 3533 1841">
    <p class='ocr_par' dir='ltr' id='par_1_31' title="bbox 240 1747 3533 1841">
     <span class='ocr_line' id='line_1_31' title="bbox 240 1747 3533 1841; baseline 0.004 -43"><span class='ocrx_word' id='word_1_208' title='bbox 240 1759 340 1818; x_wconf 64' lang='grc' dir='ltr'><strong>θεῖ</strong></span> <span class='ocrx_word' id='word_1_209' title='bbox 366 1762 672 1833; x_wconf 63' lang='lat' dir='ltr'><strong>probamur</strong></span> <span class='ocrx_word' id='word_1_210' title='bbox 698 1764 926 1836; x_wconf 55' lang='lat' dir='ltr'><strong>expulsi,</strong></span> <span class='ocrx_word' id='word_1_211' title='bbox 950 1765 1078 1823; x_wconf 74' lang='lat' dir='ltr'><strong>dum</strong></span> <span class='ocrx_word' id='word_1_212' title='bbox 1105 1783 1138 1824; x_wconf 55' lang='grc' dir='ltr'><strong>δ</strong></span> <span class='ocrx_word' id='word_1_213' title='bbox 1157 1765 1551 1841; x_wconf 51' lang='lat' dir='ltr'><strong>gubernatione</strong></span> <span class='ocrx_word' id='word_1_214' title='bbox 1573 1767 1691 1825; x_wconf 64' lang='lat' dir='ltr'><strong>eius</strong></span> <span class='ocrx_word' id='word_1_215' title='bbox 1720 1768 1842 1826; x_wconf 63' lang='lat' dir='ltr'><strong>red-</strong></span> <span class='ocrx_word' id='word_1_216' title='bbox 1868 1749 1917 1814; x_wconf 83' lang='grc' dir='ltr'><strong>Β</strong></span> <span class='ocrx_word' id='word_1_217' title='bbox 1945 1747 2013 1806; x_wconf 76' lang='grc'><strong>12</strong></span> <span class='ocrx_word' id='word_1_218' title='bbox 2086 1748 2342 1821; x_wconf 75' lang='lat' dir='ltr'><strong>Nunquid</strong></span> <span class='ocrx_word' id='word_1_219' title='bbox 2384 1751 2619 1806; x_wconf 89' lang='lat' dir='ltr'><strong>narrabit</strong></span> <span class='ocrx_word' id='word_1_220' title='bbox 2653 1750 2846 1825; x_wconf 78' lang='lat' dir='ltr'><strong>aliquis</strong></span> <span class='ocrx_word' id='word_1_221' title='bbox 2874 1752 2929 1806; x_wconf 90' lang='lat' dir='ltr'><strong>in</strong></span> <span class='ocrx_word' id='word_1_222' title='bbox 2962 1752 3200 1825; x_wconf 87' lang='lat' dir='ltr'><strong>sepulcro</strong></span> <span class='ocrx_word' id='word_1_223' title='bbox 3234 1752 3533 1811; x_wconf 86' lang='lat' dir='ltr'><strong>misericor-</strong></span> 
     </span>
    </p>
   </div>
   <div class='ocr_carea' id='block_1_32' title="bbox 240 1851 731 1913">
    <p class='ocr_par' dir='ltr' id='par_1_32' title="bbox 240 1851 731 1913">
     <span class='ocr_line' id='line_1_32' title="bbox 240 1851 731 1913; baseline 0.012 -6"><span class='ocrx_word' id='word_1_224' title='bbox 240 1851 513 1910; x_wconf 86' lang='lat' dir='ltr'><strong>debantnr</strong></span> <span class='ocrx_word' id='word_1_225' title='bbox 540 1855 731 1913; x_wconf 89' lang='lat' dir='ltr'><strong>alieni.</strong></span> 
     </span>
    </p>
   </div>
   <div class='ocr_carea' id='block_1_33' title="bbox 242 1942 1360 2024">
    <p class='ocr_par' dir='ltr' id='par_1_33' title="bbox 242 1942 1360 2024">
     <span class='ocr_line' id='line_1_33' title="bbox 242 1942 1360 2024; baseline 0.01 -26"><span class='ocrx_word' id='word_1_226' title='bbox 242 1942 275 1999; x_wconf 91' lang='lat'><strong><em>6</em></strong></span> <span class='ocrx_word' id='word_1_227' title='bbox 387 1943 691 2003; x_wconf 84' lang='lat' dir='ltr'><strong>Posuerunt</strong></span> <span class='ocrx_word' id='word_1_228' title='bbox 720 1966 802 2005; x_wconf 85' lang='lat' dir='ltr'><strong>me</strong></span> <span class='ocrx_word' id='word_1_229' title='bbox 830 1951 885 2006; x_wconf 89' lang='lat' dir='ltr'><strong>in</strong></span> <span class='ocrx_word' id='word_1_230' title='bbox 910 1950 1031 2007; x_wconf 87' lang='lat' dir='ltr'><strong>lacu</strong></span> <span class='ocrx_word' id='word_1_231' title='bbox 1061 1952 1303 2024; x_wconf 85' lang='lat' dir='ltr'><strong>inferiori</strong></span> <span class='ocrx_word' id='word_1_232' title='bbox 1338 1970 1360 2010; x_wconf 91' lang='lat'><strong><em>:</em></strong></span> 
     </span>
    </p>
   </div>
   <div class='ocr_carea' id='block_1_34' title="bbox 388 2032 1308 2107">
    <p class='ocr_par' dir='ltr' id='par_1_34' title="bbox 388 2032 1308 2107">
     <span class='ocr_line' id='line_1_34' title="bbox 388 2032 1308 2107; baseline 0.01 -10"><span class='ocrx_word' id='word_1_233' title='bbox 388 2032 462 2098; x_wconf 77' lang='lat' dir='ltr'><strong>In</strong></span> <span class='ocrx_word' id='word_1_234' title='bbox 492 2044 782 2102; x_wconf 71' lang='lat' dir='ltr'><strong>tenebrosis</strong></span> <span class='ocrx_word' id='word_1_235' title='bbox 810 2057 859 2103; x_wconf 87' lang='lat' dir='ltr'><strong>et</strong></span> <span class='ocrx_word' id='word_1_236' title='bbox 889 2048 1075 2103; x_wconf 78' lang='lat' dir='ltr'><strong>umbra</strong></span> <span class='ocrx_word' id='word_1_237' title='bbox 1102 2052 1308 2107; x_wconf 86' lang='lat' dir='ltr'><strong>mortis.</strong></span> 
     </span>
    </p>
   </div>
   <div class='ocr_carea' id='block_1_35' title="bbox 314 2132 1841 2218">
    <p class='ocr_par' dir='ltr' id='par_1_35' title="bbox 314 2132 1841 2218">
     <span class='ocr_line' id='line_1_35' title="bbox 314 2132 1841 2218; baseline 0.011 -29"><span class='ocrx_word' id='word_1_238' title='bbox 314 2132 354 2190; x_wconf 90' lang='lat' dir='ltr'><strong>C</strong></span> <span class='ocrx_word' id='word_1_239' title='bbox 391 2133 568 2194; x_wconf 88' lang='lat' dir='ltr'><strong>Lacus</strong></span> <span class='ocrx_word' id='word_1_240' title='bbox 590 2154 691 2209; x_wconf 91' lang='lat' dir='ltr'><strong>pro</strong></span> <span class='ocrx_word' id='word_1_241' title='bbox 725 2138 936 2198; x_wconf 81' lang='lat' dir='ltr'><strong>inferno</strong></span> <span class='ocrx_word' id='word_1_242' title='bbox 963 2143 1200 2213; x_wconf 88' lang='lat' dir='ltr'><strong>ponitur,</strong></span> <span class='ocrx_word' id='word_1_243' title='bbox 1229 2152 1286 2201; x_wconf 86' lang='lat' dir='ltr'><strong>et</strong></span> <span class='ocrx_word' id='word_1_244' title='bbox 1317 2160 1418 2217; x_wconf 88' lang='lat' dir='ltr'><strong>pro</strong></span> <span class='ocrx_word' id='word_1_245' title='bbox 1460 2146 1732 2218; x_wconf 85' lang='lat' dir='ltr'><strong>sepultura</strong></span> <span class='ocrx_word' id='word_1_246' title='bbox 1763 2148 1841 2206; x_wconf 84' lang='lat' dir='ltr'><strong>lo-</strong></span> 
     </span>
    </p>
   </div>
   <div class='ocr_carea' id='block_1_36' title="bbox 249 2227 1835 2307">
    <p class='ocr_par' dir='ltr' id='par_1_36' title="bbox 249 2227 1835 2307">
     <span class='ocr_line' id='line_1_36' title="bbox 249 2227 1835 2307; baseline 0.011 -26"><span class='ocrx_word' id='word_1_247' title='bbox 249 2227 409 2295; x_wconf 84' lang='lat' dir='ltr'><strong>veali,</strong></span> <span class='ocrx_word' id='word_1_248' title='bbox 429 2238 486 2285; x_wconf 92' lang='lat' dir='ltr'><strong>et</strong></span> <span class='ocrx_word' id='word_1_249' title='bbox 507 2247 607 2302; x_wconf 90' lang='lat' dir='ltr'><strong>pro</strong></span> <span class='ocrx_word' id='word_1_250' title='bbox 634 2233 821 2288; x_wconf 88' lang='lat' dir='ltr'><strong>mundi</strong></span> <span class='ocrx_word' id='word_1_251' title='bbox 850 2233 1006 2292; x_wconf 86' lang='lat' dir='ltr'><strong>istius</strong></span> <span class='ocrx_word' id='word_1_252' title='bbox 1038 2235 1463 2307; x_wconf 83' lang='lat' dir='ltr'><strong>proluudissima</strong></span> <span class='ocrx_word' id='word_1_253' title='bbox 1485 2240 1793 2299; x_wconf 86' lang='lat' dir='ltr'><strong>calamitate</strong></span> <span class='ocrx_word' id='word_1_254' title='bbox 1821 2259 1835 2298; x_wconf 92' lang='lat'><strong>:</strong></span> 
     </span>
    </p>
   </div>
   <div class='ocr_carea' id='block_1_37' title="bbox 246 2323 1838 2401">
    <p class='ocr_par' dir='ltr' id='par_1_37' title="bbox 246 2323 1838 2401">
     <span class='ocr_line' id='line_1_37' title="bbox 246 2323 1838 2401; baseline 0.009 -25"><span class='ocrx_word' id='word_1_255' title='bbox 246 2323 385 2394; x_wconf 90' lang='lat' dir='ltr'><strong>quod</strong></span> <span class='ocrx_word' id='word_1_256' title='bbox 416 2324 510 2380; x_wconf 89' lang='lat' dir='ltr'><strong>hic</strong></span> <span class='ocrx_word' id='word_1_257' title='bbox 547 2325 720 2381; x_wconf 90' lang='lat' dir='ltr'><strong>voluit</strong></span> <span class='ocrx_word' id='word_1_258' title='bbox 757 2326 1005 2401; x_wconf 73' lang='lat' dir='ltr'><strong>intelligi.</strong></span> <span class='ocrx_word' id='word_1_259' title='bbox 1059 2327 1115 2385; x_wconf 81' lang='lat' dir='ltr'><strong>In</strong></span> <span class='ocrx_word' id='word_1_260' title='bbox 1164 2331 1428 2398; x_wconf 84' lang='lat' dir='ltr'><strong>tenebris,</strong></span> <span class='ocrx_word' id='word_1_261' title='bbox 1476 2332 1531 2390; x_wconf 88' lang='lat' dir='ltr'><strong>id</strong></span> <span class='ocrx_word' id='word_1_262' title='bbox 1560 2342 1680 2400; x_wconf 91' lang='lat' dir='ltr'><strong>est,</strong></span> <span class='ocrx_word' id='word_1_263' title='bbox 1736 2334 1838 2391; x_wconf 86' lang='lat' dir='ltr'><strong>sub</strong></span> 
     </span>
    </p>
   </div>
   <div class='ocr_carea' id='block_1_38' title="bbox 249 2412 1834 2493">
    <p class='ocr_par' dir='ltr' id='par_1_38' title="bbox 249 2412 1834 2493">
     <span class='ocr_line' id='line_1_38' title="bbox 249 2412 1834 2493; baseline 0.008 -24"><span class='ocrx_word' id='word_1_264' title='bbox 249 2412 532 2471; x_wconf 81' lang='lat' dir='ltr'><strong>oblivionis</strong></span> <span class='ocrx_word' id='word_1_265' title='bbox 573 2415 842 2473; x_wconf 65' lang='lat' dir='ltr'><strong>caecitate.</strong></span> <span class='ocrx_word' id='word_1_266' title='bbox 875 2415 1074 2475; x_wconf 86' lang='lat' dir='ltr'><strong>Umbra</strong></span> <span class='ocrx_word' id='word_1_267' title='bbox 1109 2421 1321 2487; x_wconf 87' lang='lat' dir='ltr'><strong>mortis,</strong></span> <span class='ocrx_word' id='word_1_268' title='bbox 1358 2432 1702 2493; x_wconf 89' lang='lat' dir='ltr'><strong>peccatorum</strong></span> <span class='ocrx_word' id='word_1_269' title='bbox 1748 2424 1834 2481; x_wconf 85' lang='lat' dir='ltr'><strong>in-</strong></span> 
     </span>
    </p>
   </div>
   <div class='ocr_carea' id='block_1_39' title="bbox 250 2503 1836 2587">
    <p class='ocr_par' dir='ltr' id='par_1_39' title="bbox 250 2503 1836 2587">
     <span class='ocr_line' id='line_1_39' title="bbox 250 2503 1836 2587; baseline 0.009 -27"><span class='ocrx_word' id='word_1_270' title='bbox 250 2503 392 2561; x_wconf 86' lang='lat' dir='ltr'><strong>dicat</strong></span> <span class='ocrx_word' id='word_1_271' title='bbox 438 2504 642 2573; x_wconf 88' lang='lat' dir='ltr'><strong>locum,</strong></span> <span class='ocrx_word' id='word_1_272' title='bbox 692 2506 823 2564; x_wconf 89' lang='lat' dir='ltr'><strong>dum</strong></span> <span class='ocrx_word' id='word_1_273' title='bbox 851 2509 930 2565; x_wconf 89' lang='lat' dir='ltr'><strong>eis</strong></span> <span class='ocrx_word' id='word_1_274' title='bbox 967 2510 1222 2581; x_wconf 76' lang='lat' dir='ltr'><strong>gaudium</strong></span> <span class='ocrx_word' id='word_1_275' title='bbox 1256 2528 1364 2568; x_wconf 91' lang='lat' dir='ltr'><strong>non</strong></span> <span class='ocrx_word' id='word_1_276' title='bbox 1396 2514 1626 2581; x_wconf 82' lang='lat' dir='ltr'><strong>relucet,</strong></span> <span class='ocrx_word' id='word_1_277' title='bbox 1655 2516 1744 2587; x_wconf 87' lang='lat' dir='ltr'><strong>qui</strong></span> <span class='ocrx_word' id='word_1_278' title='bbox 1780 2517 1836 2575; x_wconf 90' lang='lat' dir='ltr'><strong>in</strong></span> 
     </span>
    </p>
   </div>
   <div class='ocr_carea' id='block_1_40' title="bbox 251 2603 1617 2672">
    <p class='ocr_par' dir='ltr' id='par_1_40' title="bbox 251 2603 1617 2672">
     <span class='ocr_line' id='line_1_40' title="bbox 251 2603 1617 2672; baseline 0.01 -20"><span class='ocrx_word' id='word_1_279' title='bbox 251 2610 504 2672; x_wconf 86' lang='lat' dir='ltr'><strong>perpetua</strong></span> <span class='ocrx_word' id='word_1_280' title='bbox 533 2616 645 2658; x_wconf 70' lang='lat' dir='ltr'><strong>sua:</strong></span> <span class='ocrx_word' id='word_1_281' title='bbox 679 2603 912 2659; x_wconf 70' lang='lat' dir='ltr'><strong>tristitiae</strong></span> <span class='ocrx_word' id='word_1_282' title='bbox 945 2603 1280 2662; x_wconf 87' lang='lat' dir='ltr'><strong>obscuritate</strong></span> <span class='ocrx_word' id='word_1_283' title='bbox 1302 2610 1617 2666; x_wconf 86' lang='lat' dir='ltr'><strong>manebunt.</strong></span> 
     </span>
    </p>
   </div>
   <div class='ocr_carea' id='block_1_41' title="bbox 248 2689 1493 2768">
    <p class='ocr_par' dir='ltr' id='par_1_41' title="bbox 248 2689 1493 2768">
     <span class='ocr_line' id='line_1_41' title="bbox 248 2689 1493 2768; baseline 0.01 -23"><span class='ocrx_word' id='word_1_284' title='bbox 248 2689 279 2745; x_wconf 86' lang='lat'><strong>7</strong></span> <span class='ocrx_word' id='word_1_285' title='bbox 380 2690 552 2762; x_wconf 84' lang='lat' dir='ltr'><strong>Super</strong></span> <span class='ocrx_word' id='word_1_286' title='bbox 578 2709 659 2749; x_wconf 84' lang='lat' dir='ltr'><strong>me</strong></span> <span class='ocrx_word' id='word_1_287' title='bbox 681 2694 1023 2763; x_wconf 82' lang='lat' dir='ltr'><strong>conﬁrmatus</strong></span> <span class='ocrx_word' id='word_1_288' title='bbox 1046 2707 1121 2753; x_wconf 89' lang='lat' dir='ltr'><strong>est</strong></span> <span class='ocrx_word' id='word_1_289' title='bbox 1144 2697 1297 2768; x_wconf 81' lang='lat' dir='ltr'><strong>furor</strong></span> <span class='ocrx_word' id='word_1_290' title='bbox 1320 2708 1443 2756; x_wconf 84' lang='lat' dir='ltr'><strong>tuus</strong></span> <span class='ocrx_word' id='word_1_291' title='bbox 1472 2716 1493 2757; x_wconf 86' lang='lat'><strong>.&#39;</strong></span> 
     </span>
    </p>
   </div>
   <div class='ocr_carea' id='block_1_42' title="bbox 382 2784 1833 2865">
    <p class='ocr_par' dir='ltr' id='par_1_42' title="bbox 382 2784 1833 2865">
     <span class='ocr_line' id='line_1_42' title="bbox 382 2784 1833 2865; baseline 0.011 -27"><span class='ocrx_word' id='word_1_292' title='bbox 382 2784 453 2839; x_wconf 77' lang='lat' dir='ltr'><strong>Et</strong></span> <span class='ocrx_word' id='word_1_293' title='bbox 489 2801 669 2842; x_wconf 73' lang='lat' dir='ltr'><strong>omnes</strong></span> <span class='ocrx_word' id='word_1_294' title='bbox 704 2789 896 2858; x_wconf 78' lang='lat' dir='ltr'><strong>ﬂuctus</strong></span> <span class='ocrx_word' id='word_1_295' title='bbox 938 2799 1058 2846; x_wconf 84' lang='lat' dir='ltr'><strong>tuos</strong></span> <span class='ocrx_word' id='word_1_296' title='bbox 1083 2789 1340 2847; x_wconf 72' lang='lat' dir='ltr'><strong>induxiin</strong></span> <span class='ocrx_word' id='word_1_297' title='bbox 1371 2809 1529 2865; x_wconf 82' lang='lat' dir='ltr'><strong>super</strong></span> <span class='ocrx_word' id='word_1_298' title='bbox 1566 2812 1667 2853; x_wconf 87' lang='lat' dir='ltr'><strong>me.</strong></span> <span class='ocrx_word' id='word_1_299' title='bbox 1701 2795 1833 2854; x_wconf 83' lang='lat' dir='ltr'><strong>Dia-</strong></span> 
     </span>
    </p>
   </div>
   <div class='ocr_carea' id='block_1_43' title="bbox 447 2877 678 2946">
    <p class='ocr_par' dir='ltr' id='par_1_43' title="bbox 447 2877 678 2946">
     <span class='ocr_line' id='line_1_43' title="bbox 447 2877 678 2946; baseline 0.013 -15"><span class='ocrx_word' id='word_1_300' title='bbox 447 2877 678 2946; x_wconf 80' lang='lat' dir='ltr'><strong>psalma.</strong></span> 
     </span>
    </p>
   </div>
   <div class='ocr_carea' id='block_1_44' title="bbox 312 2966 1830 3047">
    <p class='ocr_par' dir='ltr' id='par_1_44' title="bbox 312 2966 1830 3047">
     <span class='ocr_line' id='line_1_44' title="bbox 312 2966 1830 3047; baseline 0.011 -22"><span class='ocrx_word' id='word_1_301' title='bbox 312 2967 352 3025; x_wconf 85' lang='lat' dir='ltr'><strong>C</strong></span> <span class='ocrx_word' id='word_1_302' title='bbox 377 2966 648 3027; x_wconf 86' lang='lat' dir='ltr'><strong>Putabant</strong></span> <span class='ocrx_word' id='word_1_303' title='bbox 690 2969 861 3041; x_wconf 79' lang='lat' dir='ltr'><strong>Judaei</strong></span> <span class='ocrx_word' id='word_1_304' title='bbox 910 2989 1009 3046; x_wconf 88' lang='lat' dir='ltr'><strong>per</strong></span> <span class='ocrx_word' id='word_1_305' title='bbox 1050 2974 1293 3034; x_wconf 74' lang='lat' dir='ltr'><strong>furorem</strong></span> <span class='ocrx_word' id='word_1_306' title='bbox 1318 2978 1437 3047; x_wconf 91' lang='lat' dir='ltr'><strong>Dei,</strong></span> <span class='ocrx_word' id='word_1_307' title='bbox 1460 2978 1645 3037; x_wconf 78' lang='lat' dir='ltr'><strong>lesum</strong></span> <span class='ocrx_word' id='word_1_308' title='bbox 1674 2982 1830 3040; x_wconf 82' lang='lat' dir='ltr'><strong>Chri-</strong></span> 
     </span>
    </p>
   </div>
   <div class='ocr_carea' id='block_1_45' title="bbox 247 3063 1826 3143">
    <p class='ocr_par' dir='ltr' id='par_1_45' title="bbox 247 3063 1826 3143">
     <span class='ocr_line' id='line_1_45' title="bbox 247 3063 1826 3143; baseline 0.011 -27"><span class='ocrx_word' id='word_1_309' title='bbox 247 3068 381 3118; x_wconf 91' lang='lat' dir='ltr'><strong>stum</strong></span> <span class='ocrx_word' id='word_1_310' title='bbox 428 3063 497 3118; x_wconf 87' lang='lat' dir='ltr'><strong>ad</strong></span> <span class='ocrx_word' id='word_1_311' title='bbox 548 3064 791 3135; x_wconf 88' lang='lat' dir='ltr'><strong>pericula</strong></span> <span class='ocrx_word' id='word_1_312' title='bbox 815 3068 1089 3138; x_wconf 87' lang='lat' dir='ltr'><strong>passionis</strong></span> <span class='ocrx_word' id='word_1_313' title='bbox 1130 3072 1440 3143; x_wconf 79' lang='lat' dir='ltr'><strong>pervenisse</strong></span> <span class='ocrx_word' id='word_1_314' title='bbox 1467 3091 1481 3129; x_wconf 92' lang='lat'><strong>:</strong></span> <span class='ocrx_word' id='word_1_315' title='bbox 1507 3074 1650 3131; x_wconf 86' lang='lat' dir='ltr'><strong>sicut</strong></span> <span class='ocrx_word' id='word_1_316' title='bbox 1679 3077 1826 3135; x_wconf 86' lang='lat' dir='ltr'><strong>dice-</strong></span> 
     </span>
    </p>
   </div>
   <div class='ocr_carea' id='block_1_46' title="bbox 245 3155 1820 3239">
    <p class='ocr_par' dir='ltr' id='par_1_46' title="bbox 245 3155 1820 3239">
     <span class='ocr_line' id='line_1_46' title="bbox 245 3155 1820 3239; baseline 0.01 -27"><span class='ocrx_word' id='word_1_317' title='bbox 245 3155 391 3226; x_wconf 85' lang='lat' dir='ltr'><strong>bant,</strong></span> <span class='ocrx_word' id='word_1_318' title='bbox 418 3156 636 3214; x_wconf 87' lang='lat' dir='ltr'><strong>Liberet</strong></span> <span class='ocrx_word' id='word_1_319' title='bbox 661 3174 786 3216; x_wconf 89' lang='lat' dir='ltr'><strong>eum</strong></span> <span class='ocrx_word' id='word_1_320' title='bbox 816 3161 864 3217; x_wconf 94' lang='lat' dir='ltr'><strong>si</strong></span> <span class='ocrx_word' id='word_1_321' title='bbox 891 3161 1006 3218; x_wconf 88' lang='lat' dir='ltr'><strong>vult</strong></span> <span class='ocrx_word' id='word_1_322' title='bbox 1051 3162 1267 3235; x_wconf 75' lang='lat' dir='ltr'><strong>(Matth.</strong></span> <span class='ocrx_word' id='word_1_323' title='bbox 1294 3166 1489 3239; x_wconf 79' lang='lat' dir='ltr'><strong>xxvn).</strong></span> <span class='ocrx_word' id='word_1_324' title='bbox 1518 3168 1564 3225; x_wconf 83' lang='lat' dir='ltr'><strong>ll</strong></span> <span class='ocrx_word' id='word_1_325' title='bbox 1587 3169 1693 3225; x_wconf 85' lang='lat' dir='ltr'><strong>Per</strong></span> <span class='ocrx_word' id='word_1_326' title='bbox 1718 3173 1820 3227; x_wconf 84' lang='lat' dir='ltr'><strong>llu-</strong></span> 
     </span>
    </p>
   </div>
   <div class='ocr_carea' id='block_1_47' title="bbox 244 3250 1825 3330">
    <p class='ocr_par' dir='ltr' id='par_1_47' title="bbox 244 3250 1825 3330">
     <span class='ocr_line' id='line_1_47' title="bbox 244 3250 1825 3330; baseline 0.009 -23"><span class='ocrx_word' id='word_1_327' title='bbox 244 3259 378 3318; x_wconf 86' lang='lat' dir='ltr'><strong>ctus,</strong></span> <span class='ocrx_word' id='word_1_328' title='bbox 409 3250 544 3308; x_wconf 90' lang='lat' dir='ltr'><strong>iram</strong></span> <span class='ocrx_word' id='word_1_329' title='bbox 571 3251 774 3311; x_wconf 76' lang='lat' dir='ltr'><strong>luroris</strong></span> <span class='ocrx_word' id='word_1_330' title='bbox 794 3255 909 3311; x_wconf 88' lang='lat' dir='ltr'><strong>vult</strong></span> <span class='ocrx_word' id='word_1_331' title='bbox 932 3256 1178 3330; x_wconf 86' lang='lat' dir='ltr'><strong>intelligi,</strong></span> <span class='ocrx_word' id='word_1_332' title='bbox 1194 3274 1354 3329; x_wconf 88' lang='lat' dir='ltr'><strong>quem</strong></span> <span class='ocrx_word' id='word_1_333' title='bbox 1376 3260 1540 3317; x_wconf 88' lang='lat' dir='ltr'><strong>Pater</strong></span> <span class='ocrx_word' id='word_1_334' title='bbox 1556 3262 1825 3322; x_wconf 82' lang='lat' dir='ltr'><strong>eil‘usurus</strong></span> 
     </span>
    </p>
   </div>
   <div class='ocr_carea' id='block_1_48' title="bbox 243 3342 1820 3423">
    <p class='ocr_par' dir='ltr' id='par_1_48' title="bbox 243 3342 1820 3423">
     <span class='ocr_line' id='line_1_48' title="bbox 243 3342 1820 3423; baseline 0.008 -23"><span class='ocrx_word' id='word_1_335' title='bbox 243 3342 430 3402; x_wconf 76' lang='lat' dir='ltr'><strong>fuisset</strong></span> <span class='ocrx_word' id='word_1_336' title='bbox 468 3361 634 3418; x_wconf 89' lang='lat' dir='ltr'><strong>super</strong></span> <span class='ocrx_word' id='word_1_337' title='bbox 681 3363 874 3405; x_wconf 89' lang='lat' dir='ltr'><strong>omnes</strong></span> <span class='ocrx_word' id='word_1_338' title='bbox 910 3360 1119 3420; x_wconf 81' lang='lat' dir='ltr'><strong>gentes.</strong></span> <span class='ocrx_word' id='word_1_339' title='bbox 1169 3351 1347 3423; x_wconf 87' lang='lat' dir='ltr'><strong>Super</strong></span> <span class='ocrx_word' id='word_1_340' title='bbox 1384 3371 1473 3412; x_wconf 86' lang='lat' dir='ltr'><strong>me</strong></span> <span class='ocrx_word' id='word_1_341' title='bbox 1520 3355 1820 3414; x_wconf 78' lang='lat' dir='ltr'><strong>induxisti:</strong></span> 
     </span>
    </p>
   </div>
   <div class='ocr_carea' id='block_1_49' title="bbox 242 3436 1825 3522">
    <p class='ocr_par' dir='ltr' id='par_1_49' title="bbox 242 3436 1825 3522">
     <span class='ocr_line' id='line_1_49' title="bbox 242 3436 1825 3522; baseline 0.011 -31"><span class='ocrx_word' id='word_1_342' title='bbox 242 3436 331 3507; x_wconf 84' lang='lat' dir='ltr'><strong>qui</strong></span> <span class='ocrx_word' id='word_1_343' title='bbox 370 3446 595 3510; x_wconf 86' lang='lat' dir='ltr'><strong>peccata</strong></span> <span class='ocrx_word' id='word_1_344' title='bbox 617 3454 808 3497; x_wconf 82' lang='lat' dir='ltr'><strong>eorum</strong></span> <span class='ocrx_word' id='word_1_345' title='bbox 843 3444 1081 3515; x_wconf 84' lang='lat' dir='ltr'><strong>suscepi,</strong></span> <span class='ocrx_word' id='word_1_346' title='bbox 1113 3444 1255 3501; x_wconf 86' lang='lat' dir='ltr'><strong>sicut</strong></span> <span class='ocrx_word' id='word_1_347' title='bbox 1283 3445 1413 3502; x_wconf 87' lang='lat' dir='ltr'><strong>alibi</strong></span> <span class='ocrx_word' id='word_1_348' title='bbox 1455 3447 1566 3504; x_wconf 89' lang='lat' dir='ltr'><strong>ait:</strong></span> <span class='ocrx_word' id='word_1_349' title='bbox 1596 3446 1825 3522; x_wconf 82' lang='lat' dir='ltr'><strong>Propter</strong></span> 
     </span>
    </p>
   </div>
   <div class='ocr_carea' id='block_1_50' title="bbox 240 3531 1568 3615">
    <p class='ocr_par' dir='ltr' id='par_1_50' title="bbox 240 3531 1568 3615">
     <span class='ocr_line' id='line_1_50' title="bbox 240 3531 1568 3615; baseline 0.011 -32"><span class='ocrx_word' id='word_1_350' title='bbox 240 3539 454 3599; x_wconf 83' lang='lat' dir='ltr'><strong>peccata</strong></span> <span class='ocrx_word' id='word_1_351' title='bbox 479 3531 661 3603; x_wconf 89' lang='lat' dir='ltr'><strong>populi</strong></span> <span class='ocrx_word' id='word_1_352' title='bbox 693 3534 801 3590; x_wconf 90' lang='lat' dir='ltr'><strong>mei</strong></span> <span class='ocrx_word' id='word_1_353' title='bbox 838 3536 1083 3606; x_wconf 89' lang='lat' dir='ltr'><strong>percussi</strong></span> <span class='ocrx_word' id='word_1_354' title='bbox 1113 3552 1237 3594; x_wconf 90' lang='lat' dir='ltr'><strong>eum</strong></span> <span class='ocrx_word' id='word_1_355' title='bbox 1268 3537 1403 3611; x_wconf 88' lang='lat' dir='ltr'><strong>(Isa.</strong></span> <span class='ocrx_word' id='word_1_356' title='bbox 1427 3540 1568 3615; x_wconf 81' lang='lat' dir='ltr'><strong>un).</strong></span> 
     </span>
    </p>
   </div>
   <div class='ocr_carea' id='block_1_51' title="bbox 238 3619 1287 3695">
    <p class='ocr_par' dir='ltr' id='par_1_51' title="bbox 238 3619 1287 3695">
     <span class='ocr_line' id='line_1_51' title="bbox 238 3619 1287 3695; baseline 0.014 -18"><span class='ocrx_word' id='word_1_357' title='bbox 238 3619 273 3678; x_wconf 79' lang='lat'><strong>8</strong></span> <span class='ocrx_word' id='word_1_358' title='bbox 369 3620 544 3695; x_wconf 76' lang='lat' dir='ltr'><strong>Longe</strong></span> <span class='ocrx_word' id='word_1_359' title='bbox 571 3624 744 3694; x_wconf 83' lang='lat' dir='ltr'><strong>fecisti</strong></span> <span class='ocrx_word' id='word_1_360' title='bbox 772 3638 919 3683; x_wconf 88' lang='lat' dir='ltr'><strong>notos</strong></span> <span class='ocrx_word' id='word_1_361' title='bbox 946 3644 1088 3685; x_wconf 84' lang='lat' dir='ltr'><strong>meos</strong></span> <span class='ocrx_word' id='word_1_362' title='bbox 1108 3646 1141 3685; x_wconf 91' lang='lat' dir='ltr'><strong>a</strong></span> <span class='ocrx_word' id='word_1_363' title='bbox 1165 3646 1245 3688; x_wconf 87' lang='lat' dir='ltr'><strong>me</strong></span> <span class='ocrx_word' id='word_1_364' title='bbox 1265 3647 1287 3691; x_wconf 83' lang='lat'><strong>.&#39;</strong></span> 
     </span>
    </p>
   </div>
   <div class='ocr_carea' id='block_1_52' title="bbox 374 3714 1381 3782">
    <p class='ocr_par' dir='ltr' id='par_1_52' title="bbox 374 3714 1381 3782">
     <span class='ocr_line' id='line_1_52' title="bbox 374 3714 1381 3782; baseline 0.009 -12"><span class='ocrx_word' id='word_1_365' title='bbox 374 3714 672 3774; x_wconf 87' lang='lat' dir='ltr'><strong>Posuerunt</strong></span> <span class='ocrx_word' id='word_1_366' title='bbox 697 3736 777 3774; x_wconf 88' lang='lat' dir='ltr'><strong>me</strong></span> <span class='ocrx_word' id='word_1_367' title='bbox 800 3720 1241 3779; x_wconf 84' lang='lat' dir='ltr'><strong>abominationem</strong></span> <span class='ocrx_word' id='word_1_368' title='bbox 1263 3724 1381 3782; x_wconf 85' lang='lat' dir='ltr'><strong>sibi.</strong></span> 
     </span>
    </p>
   </div>
   <div class='ocr_carea' id='block_1_53' title="bbox 269 3806 1350 3887">
    <p class='ocr_par' dir='ltr' id='par_1_53' title="bbox 269 3806 1350 3887">
     <span class='ocr_line' id='line_1_53' title="bbox 269 3806 1350 3887; baseline 0.01 -24"><span class='ocrx_word' id='word_1_369' title='bbox 269 3806 300 3864; x_wconf 86' lang='lat'><strong>9</strong></span> <span class='ocrx_word' id='word_1_370' title='bbox 372 3807 624 3866; x_wconf 83' lang='lat' dir='ltr'><strong>Traditus</strong></span> <span class='ocrx_word' id='word_1_371' title='bbox 646 3828 764 3866; x_wconf 81' lang='lat' dir='ltr'><strong>sum</strong></span> <span class='ocrx_word' id='word_1_372' title='bbox 791 3824 839 3868; x_wconf 89' lang='lat' dir='ltr'><strong>et</strong></span> <span class='ocrx_word' id='word_1_373' title='bbox 868 3832 973 3869; x_wconf 85' lang='lat' dir='ltr'><strong>non</strong></span> <span class='ocrx_word' id='word_1_374' title='bbox 999 3816 1304 3887; x_wconf 84' lang='lat' dir='ltr'><strong>egrediebar</strong></span> <span class='ocrx_word' id='word_1_375' title='bbox 1330 3835 1350 3875; x_wconf 90' lang='lat'><strong><em>:</em></strong></span> 
     </span>
    </p>
   </div>
   <div class='ocr_carea' id='block_1_54' title="bbox 370 3900 1359 3978">
    <p class='ocr_par' dir='ltr' id='par_1_54' title="bbox 370 3900 1359 3978">
     <span class='ocr_line' id='line_1_54' title="bbox 370 3900 1359 3978; baseline 0.008 -22"><span class='ocrx_word' id='word_1_376' title='bbox 370 3900 523 3956; x_wconf 81' lang='lat' dir='ltr'><strong>Oculi</strong></span> <span class='ocrx_word' id='word_1_377' title='bbox 549 3903 653 3957; x_wconf 89' lang='lat' dir='ltr'><strong>mei</strong></span> <span class='ocrx_word' id='word_1_378' title='bbox 678 3902 995 3975; x_wconf 80' lang='lat' dir='ltr'><strong>languerunt</strong></span> <span class='ocrx_word' id='word_1_379' title='bbox 1023 3923 1134 3977; x_wconf 79' lang='lat' dir='ltr'><strong>prce</strong></span> <span class='ocrx_word' id='word_1_380' title='bbox 1161 3908 1359 3978; x_wconf 82' lang='lat' dir='ltr'><strong>inopia.</strong></span> 
     </span>
    </p>
   </div>
   <div class='ocr_carea' id='block_1_55' title="bbox 238 3989 1387 4066">
    <p class='ocr_par' dir='ltr' id='par_1_55' title="bbox 238 3989 1387 4066">
     <span class='ocr_line' id='line_1_55' title="bbox 238 3989 1387 4066; baseline 0.007 -19"><span class='ocrx_word' id='word_1_381' title='bbox 238 3990 300 4047; x_wconf 84' lang='lat' dir='ltr'><strong>l0</strong></span> <span class='ocrx_word' id='word_1_382' title='bbox 364 3989 604 4049; x_wconf 79' lang='lat' dir='ltr'><strong>Clamavi</strong></span> <span class='ocrx_word' id='word_1_383' title='bbox 625 3995 698 4050; x_wconf 76' lang='lat' dir='ltr'><strong>ad</strong></span> <span class='ocrx_word' id='word_1_384' title='bbox 726 4005 796 4060; x_wconf 86' lang='lat' dir='ltr'><strong>te,</strong></span> <span class='ocrx_word' id='word_1_385' title='bbox 831 3995 1075 4066; x_wconf 81' lang='lat' dir='ltr'><strong>Domine,</strong></span> <span class='ocrx_word' id='word_1_386' title='bbox 1109 4008 1221 4055; x_wconf 87' lang='lat' dir='ltr'><strong>tota</strong></span> <span class='ocrx_word' id='word_1_387' title='bbox 1251 3999 1338 4056; x_wconf 80' lang='lat' dir='ltr'><strong>die</strong></span> <span class='ocrx_word' id='word_1_388' title='bbox 1368 4015 1387 4055; x_wconf 83' lang='lat'><strong>.&#39;</strong></span> 
     </span>
    </p>
   </div>
   <div class='ocr_carea' id='block_1_56' title="bbox 331 4089 1199 4163">
    <p class='ocr_par' dir='ltr' id='par_1_56' title="bbox 331 4089 1199 4163">
     <span class='ocr_line' id='line_1_56' title="bbox 331 4089 1199 4163; baseline 0.007 -24"><span class='ocrx_word' id='word_1_389' title='bbox 331 4124 345 4139; x_wconf 92' lang='lat'><strong>.</strong></span> <span class='ocrx_word' id='word_1_390' title='bbox 363 4089 620 4163; x_wconf 66' lang='lat' dir='ltr'><strong>Expandi</strong></span> <span class='ocrx_word' id='word_1_391' title='bbox 644 4090 718 4146; x_wconf 82' lang='lat' dir='ltr'><strong>ad</strong></span> <span class='ocrx_word' id='word_1_392' title='bbox 742 4100 792 4146; x_wconf 87' lang='lat' dir='ltr'><strong>te</strong></span> <span class='ocrx_word' id='word_1_393' title='bbox 819 4108 1008 4149; x_wconf 86' lang='lat' dir='ltr'><strong>manus</strong></span> <span class='ocrx_word' id='word_1_394' title='bbox 1038 4110 1199 4150; x_wconf 88' lang='lat' dir='ltr'><strong>meas.</strong></span> 
     </span>
    </p>
   </div>
   <div class='ocr_carea' id='block_1_57' title="bbox 296 4182 1819 4258">
    <p class='ocr_par' dir='ltr' id='par_1_57' title="bbox 296 4182 1819 4258">
     <span class='ocr_line' id='line_1_57' title="bbox 296 4182 1819 4258; baseline 0.003 -17"><span class='ocrx_word' id='word_1_395' title='bbox 296 4182 333 4241; x_wconf 90' lang='lat' dir='ltr'><strong><em>C</em></strong></span> <span class='ocrx_word' id='word_1_396' title='bbox 364 4184 531 4241; x_wconf 80' lang='lat' dir='ltr'><strong>Notos</strong></span> <span class='ocrx_word' id='word_1_397' title='bbox 567 4183 722 4241; x_wconf 89' lang='lat' dir='ltr'><strong>enim</strong></span> <span class='ocrx_word' id='word_1_398' title='bbox 753 4186 1025 4254; x_wconf 87' lang='lat' dir='ltr'><strong>apostolos</strong></span> <span class='ocrx_word' id='word_1_399' title='bbox 1053 4186 1309 4258; x_wconf 84' lang='lat' dir='ltr'><strong>appellat.</strong></span> <span class='ocrx_word' id='word_1_400' title='bbox 1338 4186 1432 4243; x_wconf 89' lang='lat' dir='ltr'><strong>ille</strong></span> <span class='ocrx_word' id='word_1_401' title='bbox 1462 4187 1606 4245; x_wconf 88' lang='lat' dir='ltr'><strong>enim</strong></span> <span class='ocrx_word' id='word_1_402' title='bbox 1628 4202 1819 4246; x_wconf 88' lang='lat' dir='ltr'><strong>omnes</strong></span> 
     </span>
    </p>
   </div>
   <div class='ocr_carea' id='block_1_58' title="bbox 235 4275 1817 4346">
    <p class='ocr_par' dir='ltr' id='par_1_58' title="bbox 235 4275 1817 4346">
     <span class='ocr_line' id='line_1_58' title="bbox 235 4275 1817 4346; baseline 0.003 -16"><span class='ocrx_word' id='word_1_403' title='bbox 235 4283 372 4332; x_wconf 88' lang='lat' dir='ltr'><strong>notos</strong></span> <span class='ocrx_word' id='word_1_404' title='bbox 417 4276 622 4333; x_wconf 83' lang='lat' dir='ltr'><strong>habuit</strong></span> <span class='ocrx_word' id='word_1_405' title='bbox 673 4290 744 4331; x_wconf 85' lang='lat' dir='ltr'><strong>ex</strong></span> <span class='ocrx_word' id='word_1_406' title='bbox 775 4275 1077 4338; x_wconf 87' lang='lat' dir='ltr'><strong>divinitate.</strong></span> <span class='ocrx_word' id='word_1_407' title='bbox 1108 4277 1225 4346; x_wconf 85' lang='lat' dir='ltr'><strong>ipse</strong></span> <span class='ocrx_word' id='word_1_408' title='bbox 1269 4286 1450 4334; x_wconf 87' lang='lat' dir='ltr'><strong>autem</strong></span> <span class='ocrx_word' id='word_1_409' title='bbox 1481 4278 1758 4335; x_wconf 86' lang='lat' dir='ltr'><strong>sciebatur</strong></span> <span class='ocrx_word' id='word_1_410' title='bbox 1783 4293 1817 4335; x_wconf 87' lang='lat' dir='ltr'><strong>a</strong></span> 
     </span>
    </p>
   </div>
   <div class='ocr_carea' id='block_1_59' title="bbox 229 4368 1812 4443">
    <p class='ocr_par' dir='ltr' id='par_1_59' title="bbox 229 4368 1812 4443">
     <span class='ocr_line' id='line_1_59' title="bbox 229 4368 1812 4443; baseline 0.004 -20"><span class='ocrx_word' id='word_1_411' title='bbox 229 4370 411 4440; x_wconf 82' lang='lat' dir='ltr'><strong>paucis.</strong></span> <span class='ocrx_word' id='word_1_412' title='bbox 454 4369 552 4426; x_wconf 84' lang='lat' dir='ltr'><strong>isti</strong></span> <span class='ocrx_word' id='word_1_413' title='bbox 603 4382 743 4439; x_wconf 89' lang='lat' dir='ltr'><strong>ergo</strong></span> <span class='ocrx_word' id='word_1_414' title='bbox 794 4368 907 4423; x_wconf 94' lang='lat' dir='ltr'><strong>noti</strong></span> <span class='ocrx_word' id='word_1_415' title='bbox 958 4369 1268 4440; x_wconf 86' lang='lat' dir='ltr'><strong>specialiter</strong></span> <span class='ocrx_word' id='word_1_416' title='bbox 1306 4370 1465 4443; x_wconf 89' lang='lat' dir='ltr'><strong>longe</strong></span> <span class='ocrx_word' id='word_1_417' title='bbox 1493 4371 1622 4429; x_wconf 83' lang='lat' dir='ltr'><strong>l‘acti</strong></span> <span class='ocrx_word' id='word_1_418' title='bbox 1652 4381 1812 4442; x_wconf 87' lang='lat' dir='ltr'><strong>sunt,</strong></span> 
     </span>
    </p>
   </div>
   <div class='ocr_carea' id='block_1_60' title="bbox 2157 1842 2523 1900">
    <p class='ocr_par' dir='ltr' id='par_1_60' title="bbox 2157 1842 2523 1900">
     <span class='ocr_line' id='line_1_60' title="bbox 2157 1842 2523 1900; baseline 0.011 -4"><span class='ocrx_word' id='word_1_419' title='bbox 2157 1842 2300 1897; x_wconf 85' lang='lat' dir='ltr'><strong>diam</strong></span> <span class='ocrx_word' id='word_1_420' title='bbox 2329 1851 2473 1899; x_wconf 87' lang='lat' dir='ltr'><strong>tuam</strong></span> <span class='ocrx_word' id='word_1_421' title='bbox 2504 1861 2523 1900; x_wconf 92' lang='lat'><strong><em>:</em></strong></span> 
     </span>
    </p>
   </div>
   <div class='ocr_carea' id='block_1_61' title="bbox 2083 1933 3049 2009">
    <p class='ocr_par' dir='ltr' id='par_1_61' title="bbox 2083 1933 3049 2009">
     <span class='ocr_line' id='line_1_61' title="bbox 2083 1933 3049 2009; baseline 0.01 -20"><span class='ocrx_word' id='word_1_422' title='bbox 2083 1933 2152 1990; x_wconf 86' lang='lat' dir='ltr'><strong>Et</strong></span> <span class='ocrx_word' id='word_1_423' title='bbox 2181 1936 2448 1991; x_wconf 84' lang='lat' dir='ltr'><strong>veritatem</strong></span> <span class='ocrx_word' id='word_1_424' title='bbox 2481 1946 2625 1992; x_wconf 87' lang='lat' dir='ltr'><strong>tuam</strong></span> <span class='ocrx_word' id='word_1_425' title='bbox 2652 1944 2707 1993; x_wconf 81' lang='lat' dir='ltr'><strong>tn</strong></span> <span class='ocrx_word' id='word_1_426' title='bbox 2734 1937 3049 2009; x_wconf 80' lang='lat' dir='ltr'><strong>perditione.</strong></span> 
     </span>
    </p>
   </div>
   <div class='ocr_carea' id='block_1_62' title="bbox 2015 2024 3534 2102">
    <p class='ocr_par' dir='ltr' id='par_1_62' title="bbox 2015 2024 3534 2102">
     <span class='ocr_line' id='line_1_62' title="bbox 2015 2024 3534 2102; baseline 0.005 -19"><span class='ocrx_word' id='word_1_427' title='bbox 2015 2024 2056 2083; x_wconf 88' lang='lat' dir='ltr'><strong><em>C</em></strong></span> <span class='ocrx_word' id='word_1_428' title='bbox 2088 2026 2410 2100; x_wconf 87' lang='lat' dir='ltr'><strong>Sepulcrum</strong></span> <span class='ocrx_word' id='word_1_429' title='bbox 2436 2028 2581 2085; x_wconf 89' lang='lat' dir='ltr'><strong>enim</strong></span> <span class='ocrx_word' id='word_1_430' title='bbox 2604 2029 2876 2102; x_wconf 74' lang='lat' dir='ltr'><strong>significat</strong></span> <span class='ocrx_word' id='word_1_431' title='bbox 2903 2031 3197 2089; x_wconf 78' lang='lat' dir='ltr'><strong>inﬁdelium</strong></span> <span class='ocrx_word' id='word_1_432' title='bbox 3221 2039 3452 2102; x_wconf 87' lang='lat' dir='ltr'><strong>mentes,</strong></span> <span class='ocrx_word' id='word_1_433' title='bbox 3476 2042 3534 2093; x_wconf 83' lang='lat' dir='ltr'><strong>et</strong></span> 
     </span>
    </p>
   </div>
   <div class='ocr_carea' id='block_1_63' title="bbox 1938 2119 3529 2196">
    <p class='ocr_par' dir='ltr' id='par_1_63' title="bbox 1938 2119 3529 2196">
     <span class='ocr_line' id='line_1_63' title="bbox 1938 2119 3529 2196; baseline 0.005 -20"><span class='ocrx_word' id='word_1_434' title='bbox 1938 2119 2137 2177; x_wconf 91' lang='lat' dir='ltr'><strong>merito</strong></span> <span class='ocrx_word' id='word_1_435' title='bbox 2161 2120 2467 2192; x_wconf 87' lang='lat' dir='ltr'><strong>sepulcrum</strong></span> <span class='ocrx_word' id='word_1_436' title='bbox 2492 2121 2712 2191; x_wconf 88' lang='lat' dir='ltr'><strong>dicitur,</strong></span> <span class='ocrx_word' id='word_1_437' title='bbox 2738 2120 2828 2178; x_wconf 91' lang='lat' dir='ltr'><strong>ubi</strong></span> <span class='ocrx_word' id='word_1_438' title='bbox 2852 2125 3032 2180; x_wconf 90' lang='lat' dir='ltr'><strong>anima</strong></span> <span class='ocrx_word' id='word_1_439' title='bbox 3055 2124 3293 2196; x_wconf 89' lang='lat' dir='ltr'><strong>peccatis</strong></span> <span class='ocrx_word' id='word_1_440' title='bbox 3313 2134 3529 2183; x_wconf 83' lang='lat' dir='ltr'><strong>mortua</strong></span> 
     </span>
    </p>
   </div>
   <div class='ocr_carea' id='block_1_64' title="bbox 1938 2210 3529 2290">
    <p class='ocr_par' dir='ltr' id='par_1_64' title="bbox 1938 2210 3529 2290">
     <span class='ocr_line' id='line_1_64' title="bbox 1938 2210 3529 2290; baseline 0.006 -25"><span class='ocrx_word' id='word_1_441' title='bbox 1938 2210 2269 2267; x_wconf 89' lang='lat' dir='ltr'><strong>continetur.</strong></span> <span class='ocrx_word' id='word_1_442' title='bbox 2316 2211 2423 2267; x_wconf 80' lang='lat' dir='ltr'><strong>Aut</strong></span> <span class='ocrx_word' id='word_1_443' title='bbox 2462 2211 2747 2268; x_wconf 74' lang='lat' dir='ltr'><strong>veritatem</strong></span> <span class='ocrx_word' id='word_1_444' title='bbox 2793 2221 2941 2269; x_wconf 88' lang='lat' dir='ltr'><strong>tuam</strong></span> <span class='ocrx_word' id='word_1_445' title='bbox 2980 2225 3189 2284; x_wconf 89' lang='lat' dir='ltr'><strong>narrat,</strong></span> <span class='ocrx_word' id='word_1_446' title='bbox 3240 2216 3442 2290; x_wconf 89' lang='lat' dir='ltr'><strong>quiest</strong></span> <span class='ocrx_word' id='word_1_447' title='bbox 3472 2217 3529 2274; x_wconf 91' lang='lat' dir='ltr'><strong>in</strong></span> 
     </span>
    </p>
   </div>
   <div class='ocr_carea' id='block_1_65' title="bbox 1937 2301 3527 2375">
    <p class='ocr_par' dir='ltr' id='par_1_65' title="bbox 1937 2301 3527 2375">
     <span class='ocr_line' id='line_1_65' title="bbox 1937 2301 3527 2375; baseline 0.007 -19"><span class='ocrx_word' id='word_1_448' title='bbox 1937 2301 2239 2372; x_wconf 87' lang='lat' dir='ltr'><strong>perditione</strong></span> <span class='ocrx_word' id='word_1_449' title='bbox 2288 2302 2536 2373; x_wconf 86' lang='lat' dir='ltr'><strong>peccati?</strong></span> <span class='ocrx_word' id='word_1_450' title='bbox 2582 2304 2709 2375; x_wconf 88' lang='lat' dir='ltr'><strong>quia</strong></span> <span class='ocrx_word' id='word_1_451' title='bbox 2749 2306 2859 2363; x_wconf 90' lang='lat' dir='ltr'><strong>vivi</strong></span> <span class='ocrx_word' id='word_1_452' title='bbox 2895 2313 2950 2363; x_wconf 89' lang='lat' dir='ltr'><strong>et</strong></span> <span class='ocrx_word' id='word_1_453' title='bbox 2988 2306 3193 2375; x_wconf 81' lang='lat' dir='ltr'><strong>ﬁdeles,</strong></span> <span class='ocrx_word' id='word_1_454' title='bbox 3229 2308 3283 2364; x_wconf 92' lang='lat' dir='ltr'><strong>in</strong></span> <span class='ocrx_word' id='word_1_455' title='bbox 3314 2308 3527 2367; x_wconf 89' lang='lat' dir='ltr'><strong>actibus</strong></span> 
     </span>
    </p>
   </div>
   <div class='ocr_carea' id='block_1_66' title="bbox 1937 2392 3526 2459">
    <p class='ocr_par' dir='ltr' id='par_1_66' title="bbox 1937 2392 3526 2459">
     <span class='ocr_line' id='line_1_66' title="bbox 1937 2392 3526 2459; baseline 0.007 -13"><span class='ocrx_word' id='word_1_456' title='bbox 1937 2392 2367 2450; x_wconf 87' lang='lat' dir='ltr'><strong>misericordiam</strong></span> <span class='ocrx_word' id='word_1_457' title='bbox 2420 2408 2643 2451; x_wconf 84' lang='lat' dir='ltr'><strong>narrare</strong></span> <span class='ocrx_word' id='word_1_458' title='bbox 2681 2405 3100 2456; x_wconf 79' lang='lat' dir='ltr'><strong>consueverunt.</strong></span> <span class='ocrx_word' id='word_1_459' title='bbox 3144 2400 3210 2456; x_wconf 83' lang='lat' dir='ltr'><strong>Et</strong></span> <span class='ocrx_word' id='word_1_460' title='bbox 3238 2401 3526 2459; x_wconf 85' lang='lat' dir='ltr'><strong>veritatem</strong></span> 
     </span>
    </p>
   </div>
   <div class='ocr_carea' id='block_1_67' title="bbox 1935 2483 3526 2561">
    <p class='ocr_par' dir='ltr' id='par_1_67' title="bbox 1935 2483 3526 2561">
     <span class='ocr_line' id='line_1_67' title="bbox 1935 2483 3526 2561; baseline 0.006 -20"><span class='ocrx_word' id='word_1_461' title='bbox 1935 2483 2025 2541; x_wconf 91' lang='lat' dir='ltr'><strong>ille</strong></span> <span class='ocrx_word' id='word_1_462' title='bbox 2075 2485 2279 2542; x_wconf 87' lang='lat' dir='ltr'><strong>dicitur</strong></span> <span class='ocrx_word' id='word_1_463' title='bbox 2321 2500 2602 2554; x_wconf 86' lang='lat' dir='ltr'><strong>enarrare,</strong></span> <span class='ocrx_word' id='word_1_464' title='bbox 2635 2489 2728 2561; x_wconf 91' lang='lat' dir='ltr'><strong>qui</strong></span> <span class='ocrx_word' id='word_1_465' title='bbox 2757 2504 2878 2546; x_wconf 88' lang='lat' dir='ltr'><strong>eam</strong></span> <span class='ocrx_word' id='word_1_466' title='bbox 2914 2490 3188 2548; x_wconf 88' lang='lat' dir='ltr'><strong>invenitur</strong></span> <span class='ocrx_word' id='word_1_467' title='bbox 3233 2493 3289 2549; x_wconf 87' lang='lat' dir='ltr'><strong>in</strong></span> <span class='ocrx_word' id='word_1_468' title='bbox 3313 2490 3526 2551; x_wconf 85' lang='lat' dir='ltr'><strong>actibus</strong></span> 
     </span>
    </p>
   </div>
   <div class='ocr_carea' id='block_1_68' title="bbox 1934 2579 3517 2655">
    <p class='ocr_par' dir='ltr' id='par_1_68' title="bbox 1934 2579 3517 2655">
     <span class='ocr_line' id='line_1_68' title="bbox 1934 2579 3517 2655; baseline 0.005 -20"><span class='ocrx_word' id='word_1_469' title='bbox 1934 2579 2228 2635; x_wconf 87' lang='lat' dir='ltr'><strong>custodire.</strong></span> <span class='ocrx_word' id='word_1_470' title='bbox 2258 2580 2381 2637; x_wconf 87' lang='lat' dir='ltr'><strong>Illos</strong></span> <span class='ocrx_word' id='word_1_471' title='bbox 2420 2596 2551 2654; x_wconf 86' lang='lat' dir='ltr'><strong>ergo</strong></span> <span class='ocrx_word' id='word_1_472' title='bbox 2577 2590 2731 2639; x_wconf 80' lang='lat' dir='ltr'><strong>notat</strong></span> <span class='ocrx_word' id='word_1_473' title='bbox 2752 2584 2846 2655; x_wconf 91' lang='lat' dir='ltr'><strong>qui</strong></span> <span class='ocrx_word' id='word_1_474' title='bbox 2876 2598 2984 2641; x_wconf 85' lang='lat' dir='ltr'><strong>non</strong></span> <span class='ocrx_word' id='word_1_475' title='bbox 3025 2592 3154 2642; x_wconf 86' lang='lat' dir='ltr'><strong>sunt</strong></span> <span class='ocrx_word' id='word_1_476' title='bbox 3183 2598 3314 2642; x_wconf 80' lang='lat' dir='ltr'><strong>vero</strong></span> <span class='ocrx_word' id='word_1_477' title='bbox 3339 2582 3517 2642; x_wconf 80' lang='lat' dir='ltr'><strong>erodi-</strong></span> 
     </span>
    </p>
   </div>
   <div class='ocr_carea' id='block_1_69' title="bbox 1936 2674 3520 2753">
    <p class='ocr_par' dir='ltr' id='par_1_69' title="bbox 1936 2674 3520 2753">
     <span class='ocr_line' id='line_1_69' title="bbox 1936 2674 3520 2753; baseline 0.004 -24"><span class='ocrx_word' id='word_1_478' title='bbox 1936 2674 2042 2730; x_wconf 83' lang='lat' dir='ltr'><strong>turi</strong></span> <span class='ocrx_word' id='word_1_479' title='bbox 2067 2715 2081 2742; x_wconf 88' lang='lat'><strong>,</strong></span> <span class='ocrx_word' id='word_1_480' title='bbox 2106 2689 2335 2746; x_wconf 90' lang='lat' dir='ltr'><strong>quorum</strong></span> <span class='ocrx_word' id='word_1_481' title='bbox 2365 2684 2554 2747; x_wconf 86' lang='lat' dir='ltr'><strong>guttur</strong></span> <span class='ocrx_word' id='word_1_482' title='bbox 2573 2686 2658 2734; x_wconf 87' lang='lat' dir='ltr'><strong>est</strong></span> <span class='ocrx_word' id='word_1_483' title='bbox 2679 2677 2989 2750; x_wconf 89' lang='lat' dir='ltr'><strong>sepulcrum</strong></span> <span class='ocrx_word' id='word_1_484' title='bbox 3015 2686 3206 2749; x_wconf 83' lang='lat' dir='ltr'><strong>patens</strong></span> <span class='ocrx_word' id='word_1_485' title='bbox 3235 2676 3412 2753; x_wconf 84' lang='lat' dir='ltr'><strong>(Psal.</strong></span> <span class='ocrx_word' id='word_1_486' title='bbox 3442 2678 3520 2752; x_wconf 76' lang='grc' dir='ltr'><strong>ν).</strong></span> 
     </span>
    </p>
   </div>
   <div class='ocr_carea' id='block_1_70' title="bbox 1934 2784 3521 2862">
    <p class='ocr_par' dir='ltr' id='par_1_70' title="bbox 1934 2784 3521 2862">
     <span class='ocr_line' id='line_1_70' title="bbox 1934 2784 3521 2862; baseline 0.002 -18"><span class='ocrx_word' id='word_1_487' title='bbox 1934 2788 2001 2845; x_wconf 76' lang='grc'><strong>15</strong></span> <span class='ocrx_word' id='word_1_488' title='bbox 2076 2784 2129 2843; x_wconf 86' lang='grc' dir='ltr'><em>Ν</em></span> <span class='ocrx_word' id='word_1_489' title='bbox 2135 2788 2332 2861; x_wconf 78' lang='lat' dir='ltr'><strong>unqpid</strong></span> <span class='ocrx_word' id='word_1_490' title='bbox 2360 2800 2739 2862; x_wconf 86' lang='lat' dir='ltr'><strong>cognoscentur</strong></span> <span class='ocrx_word' id='word_1_491' title='bbox 2764 2790 2819 2846; x_wconf 90' lang='lat' dir='ltr'><strong>in</strong></span> <span class='ocrx_word' id='word_1_492' title='bbox 2846 2790 3070 2847; x_wconf 82' lang='lat' dir='ltr'><strong>tenebris</strong></span> <span class='ocrx_word' id='word_1_493' title='bbox 3096 2786 3363 2847; x_wconf 84' lang='lat' dir='ltr'><strong>mirabilia</strong></span> <span class='ocrx_word' id='word_1_494' title='bbox 3384 2798 3478 2846; x_wconf 85' lang='lat' dir='ltr'><strong>tua</strong></span> <span class='ocrx_word' id='word_1_495' title='bbox 3499 2805 3521 2847; x_wconf 91' lang='lat'><strong><em>:</em></strong></span> 
     </span>
    </p>
   </div>
   <div class='ocr_carea' id='block_1_71' title="bbox 2074 2879 3078 2953">
    <p class='ocr_par' dir='ltr' id='par_1_71' title="bbox 2074 2879 3078 2953">
     <span class='ocr_line' id='line_1_71' title="bbox 2074 2879 3078 2953; baseline 0.005 -19"><span class='ocrx_word' id='word_1_496' title='bbox 2074 2879 2143 2934; x_wconf 84' lang='lat' dir='ltr'><strong>Et</strong></span> <span class='ocrx_word' id='word_1_497' title='bbox 2166 2882 2380 2953; x_wconf 87' lang='lat' dir='ltr'><strong>justitia</strong></span> <span class='ocrx_word' id='word_1_498' title='bbox 2409 2890 2501 2937; x_wconf 84' lang='lat' dir='ltr'><strong>tua</strong></span> <span class='ocrx_word' id='word_1_499' title='bbox 2528 2882 2582 2937; x_wconf 89' lang='lat' dir='ltr'><strong>in</strong></span> <span class='ocrx_word' id='word_1_500' title='bbox 2610 2891 2750 2938; x_wconf 86' lang='lat' dir='ltr'><strong>terra</strong></span> <span class='ocrx_word' id='word_1_501' title='bbox 2768 2882 3078 2939; x_wconf 81' lang='lat' dir='ltr'><strong>oblivionis?</strong></span> 
     </span>
    </p>
   </div>
   <div class='ocr_carea' id='block_1_72' title="bbox 2000 2973 3523 3049">
    <p class='ocr_par' dir='ltr' id='par_1_72' title="bbox 2000 2973 3523 3049">
     <span class='ocr_line' id='line_1_72' title="bbox 2000 2973 3523 3049; baseline -0.001 -17"><span class='ocrx_word' id='word_1_502' title='bbox 2000 2975 2042 3032; x_wconf 88' lang='lat' dir='ltr'>C</span> <span class='ocrx_word' id='word_1_503' title='bbox 2079 2973 2332 3046; x_wconf 84' lang='lat' dir='ltr'><strong>Nunquid</strong></span> <span class='ocrx_word' id='word_1_504' title='bbox 2369 2984 2770 3048; x_wconf 84' lang='lat' dir='ltr'><strong>cognoscentur</strong></span> <span class='ocrx_word' id='word_1_505' title='bbox 2808 2992 2822 3030; x_wconf 90' lang='lat'><strong>:</strong></span> <span class='ocrx_word' id='word_1_506' title='bbox 2854 2975 2980 3047; x_wconf 84' lang='lat' dir='ltr'><strong>quia</strong></span> <span class='ocrx_word' id='word_1_507' title='bbox 3013 2975 3195 3032; x_wconf 89' lang='lat' dir='ltr'><strong>omnis</strong></span> <span class='ocrx_word' id='word_1_508' title='bbox 3235 2976 3329 3049; x_wconf 89' lang='lat' dir='ltr'><strong>qui</strong></span> <span class='ocrx_word' id='word_1_509' title='bbox 3388 2974 3523 3032; x_wconf 80' lang='lat' dir='ltr'><strong>facit</strong></span> 
     </span>
    </p>
   </div>
   <div class='ocr_carea' id='block_1_73' title="bbox 1930 3065 3519 3141">
    <p class='ocr_par' dir='ltr' id='par_1_73' title="bbox 1930 3065 3519 3141">
     <span class='ocr_line' id='line_1_73' title="bbox 1930 3065 3519 3141; baseline -0.001 -16"><span class='ocrx_word' id='word_1_510' title='bbox 1930 3076 2213 3141; x_wconf 88' lang='lat' dir='ltr'><strong>peccatum</strong></span> <span class='ocrx_word' id='word_1_511' title='bbox 2241 3068 2355 3125; x_wconf 88' lang='lat' dir='ltr'><strong>odit</strong></span> <span class='ocrx_word' id='word_1_512' title='bbox 2378 3066 2574 3125; x_wconf 88' lang='lat' dir='ltr'><strong>lucem.</strong></span> <span class='ocrx_word' id='word_1_513' title='bbox 2614 3066 2655 3125; x_wconf 88' lang='lat' dir='ltr'><strong>C</strong></span> <span class='ocrx_word' id='word_1_514' title='bbox 2683 3067 2793 3124; x_wconf 88' lang='lat' dir='ltr'><strong>Nec</strong></span> <span class='ocrx_word' id='word_1_515' title='bbox 2839 3065 3053 3137; x_wconf 72' lang='lat' dir='ltr'><strong>iustitia</strong></span> <span class='ocrx_word' id='word_1_516' title='bbox 3086 3067 3182 3124; x_wconf 88' lang='lat' dir='ltr'><strong>Dei</strong></span> <span class='ocrx_word' id='word_1_517' title='bbox 3211 3076 3389 3140; x_wconf 89' lang='lat' dir='ltr'><strong>potest</strong></span> <span class='ocrx_word' id='word_1_518' title='bbox 3425 3082 3519 3124; x_wconf 90' lang='lat' dir='ltr'><strong>co-</strong></span> 
     </span>
    </p>
   </div>
   <div class='ocr_carea' id='block_1_74' title="bbox 1930 3159 3516 3234">
    <p class='ocr_par' dir='ltr' id='par_1_74' title="bbox 1930 3159 3516 3234">
     <span class='ocr_line' id='line_1_74' title="bbox 1930 3159 3516 3234; baseline -0.001 -18"><span class='ocrx_word' id='word_1_519' title='bbox 1930 3161 2116 3233; x_wconf 83' lang='lat' dir='ltr'><strong>gnosci</strong></span> <span class='ocrx_word' id='word_1_520' title='bbox 2172 3160 2241 3216; x_wconf 87' lang='lat' dir='ltr'><strong>ab</strong></span> <span class='ocrx_word' id='word_1_521' title='bbox 2285 3160 2563 3234; x_wconf 88' lang='lat' dir='ltr'><strong>oppressis</strong></span> <span class='ocrx_word' id='word_1_522' title='bbox 2613 3159 2668 3216; x_wconf 91' lang='lat' dir='ltr'><strong>in</strong></span> <span class='ocrx_word' id='word_1_523' title='bbox 2721 3170 2934 3217; x_wconf 85' lang='lat' dir='ltr'><strong>terrena</strong></span> <span class='ocrx_word' id='word_1_524' title='bbox 2987 3160 3277 3229; x_wconf 85' lang='lat' dir='ltr'><strong>oblivione,</strong></span> <span class='ocrx_word' id='word_1_525' title='bbox 3332 3160 3388 3217; x_wconf 89' lang='lat' dir='ltr'><strong>id</strong></span> <span class='ocrx_word' id='word_1_526' title='bbox 3413 3168 3516 3229; x_wconf 90' lang='lat' dir='ltr'><strong>est,</strong></span> 
     </span>
    </p>
   </div>
   <div class='ocr_carea' id='block_1_75' title="bbox 1929 3252 3519 3321">
    <p class='ocr_par' dir='ltr' id='par_1_75' title="bbox 1929 3252 3519 3321">
     <span class='ocr_line' id='line_1_75' title="bbox 1929 3252 3519 3321; baseline 0.001 -13"><span class='ocrx_word' id='word_1_527' title='bbox 1929 3252 2270 3309; x_wconf 86' lang='lat' dir='ltr'><strong>crassissima</strong></span> <span class='ocrx_word' id='word_1_528' title='bbox 2296 3253 2475 3310; x_wconf 90' lang='lat' dir='ltr'><strong>cordis</strong></span> <span class='ocrx_word' id='word_1_529' title='bbox 2519 3252 2783 3321; x_wconf 67' lang='lat' dir='ltr'><strong>caecitate,</strong></span> <span class='ocrx_word' id='word_1_530' title='bbox 2817 3260 2872 3309; x_wconf 91' lang='lat' dir='ltr'><strong>et</strong></span> <span class='ocrx_word' id='word_1_531' title='bbox 2900 3252 3155 3311; x_wconf 89' lang='lat' dir='ltr'><strong>vitiorum</strong></span> <span class='ocrx_word' id='word_1_532' title='bbox 3196 3252 3519 3310; x_wconf 88' lang='lat' dir='ltr'><strong>densissima</strong></span> 
     </span>
    </p>
   </div>
   <div class='ocr_carea' id='block_1_76' title="bbox 1928 3340 2759 3419">
    <p class='ocr_par' dir='ltr' id='par_1_76' title="bbox 1928 3340 2759 3419">
     <span class='ocr_line' id='line_1_76' title="bbox 1928 3340 2759 3419; baseline 0 -16"><span class='ocrx_word' id='word_1_533' title='bbox 1928 3346 2181 3419; x_wconf 87' lang='lat' dir='ltr'><strong>caligine.</strong></span> <span class='ocrx_word' id='word_1_534' title='bbox 2752 3340 2759 3349; x_wconf 71' lang='grc'><em>“</em></span> 
     </span>
    </p>
   </div>
   <div class='ocr_carea' id='block_1_77' title="bbox 1925 3436 3010 3510">
    <p class='ocr_par' dir='ltr' id='par_1_77' title="bbox 1925 3436 3010 3510">
     <span class='ocr_line' id='line_1_77' title="bbox 1925 3436 3010 3510; baseline -0.002 -14"><span class='ocrx_word' id='word_1_535' title='bbox 1925 3438 1992 3496; x_wconf 62' lang='lat' dir='ltr'><strong>id</strong></span> <span class='ocrx_word' id='word_1_536' title='bbox 2066 3436 2137 3493; x_wconf 87' lang='lat' dir='ltr'><strong>Et</strong></span> <span class='ocrx_word' id='word_1_537' title='bbox 2172 3455 2265 3510; x_wconf 87' lang='lat' dir='ltr'><strong>ego</strong></span> <span class='ocrx_word' id='word_1_538' title='bbox 2293 3450 2360 3493; x_wconf 84' lang='lat' dir='ltr'><strong>aa</strong></span> <span class='ocrx_word' id='word_1_539' title='bbox 2384 3447 2455 3504; x_wconf 85' lang='lat' dir='ltr'><strong>te,</strong></span> <span class='ocrx_word' id='word_1_540' title='bbox 2478 3438 2725 3504; x_wconf 85' lang='lat' dir='ltr'><strong>Domine,</strong></span> <span class='ocrx_word' id='word_1_541' title='bbox 2747 3437 2968 3493; x_wconf 75' lang='lat' dir='ltr'><strong>clamavi</strong></span> <span class='ocrx_word' id='word_1_542' title='bbox 2990 3454 3010 3495; x_wconf 73' lang='grc' dir='ltr'><strong><em>ε</em></strong></span> 
     </span>
    </p>
   </div>
   <div class='ocr_carea' id='block_1_78' title="bbox 2067 3530 3068 3597">
    <p class='ocr_par' dir='ltr' id='par_1_78' title="bbox 2067 3530 3068 3597">
     <span class='ocr_line' id='line_1_78' title="bbox 2067 3530 3068 3597; baseline 0.001 -11"><span class='ocrx_word' id='word_1_543' title='bbox 2067 3530 2135 3587; x_wconf 84' lang='grc' dir='ltr'>Ει</span> <span class='ocrx_word' id='word_1_544' title='bbox 2171 3548 2325 3588; x_wconf 87' lang='lat' dir='ltr'><strong>mane</strong></span> <span class='ocrx_word' id='word_1_545' title='bbox 2349 3533 2519 3587; x_wconf 88' lang='lat' dir='ltr'><strong>oratio</strong></span> <span class='ocrx_word' id='word_1_546' title='bbox 2552 3548 2667 3587; x_wconf 87' lang='lat' dir='ltr'><strong>mea</strong></span> <span class='ocrx_word' id='word_1_547' title='bbox 2699 3533 2972 3597; x_wconf 72' lang='lat' dir='ltr'><strong>pratveniet</strong></span> <span class='ocrx_word' id='word_1_548' title='bbox 2998 3540 3068 3587; x_wconf 85' lang='lat' dir='ltr'><strong>te.</strong></span> 
     </span>
    </p>
   </div>
   <div class='ocr_carea' id='block_1_79' title="bbox 1994 3625 3511 3699">
    <p class='ocr_par' dir='ltr' id='par_1_79' title="bbox 1994 3625 3511 3699">
     <span class='ocr_line' id='line_1_79' title="bbox 1994 3625 3511 3699; baseline 0.001 -17"><span class='ocrx_word' id='word_1_549' title='bbox 1994 3626 2036 3683; x_wconf 90' lang='lat' dir='ltr'><strong>C</strong></span> <span class='ocrx_word' id='word_1_550' title='bbox 2072 3625 2310 3682; x_wconf 90' lang='lat' dir='ltr'><strong>Dicendo</strong></span> <span class='ocrx_word' id='word_1_551' title='bbox 2338 3634 2540 3692; x_wconf 87' lang='lat' dir='ltr'><strong>autem,</strong></span> <span class='ocrx_word' id='word_1_552' title='bbox 2564 3639 2620 3682; x_wconf 89' lang='lat' dir='ltr'><strong>et</strong></span> <span class='ocrx_word' id='word_1_553' title='bbox 2640 3641 2760 3698; x_wconf 85' lang='lat' dir='ltr'><strong>ego,</strong></span> <span class='ocrx_word' id='word_1_554' title='bbox 2802 3626 3075 3699; x_wconf 79' lang='lat' dir='ltr'><strong>signiﬁcat</strong></span> <span class='ocrx_word' id='word_1_555' title='bbox 3105 3642 3229 3683; x_wconf 89' lang='lat' dir='ltr'><strong>cum</strong></span> <span class='ocrx_word' id='word_1_556' title='bbox 3251 3627 3511 3684; x_wconf 86' lang='lat' dir='ltr'><strong>membris</strong></span> 
     </span>
    </p>
   </div>
   <div class='ocr_carea' id='block_1_80' title="bbox 1922 3718 3513 3794">
    <p class='ocr_par' dir='ltr' id='par_1_80' title="bbox 1922 3718 3513 3794">
     <span class='ocr_line' id='line_1_80' title="bbox 1922 3718 3513 3794; baseline 0.001 -17"><span class='ocrx_word' id='word_1_557' title='bbox 1922 3720 2039 3777; x_wconf 88' lang='lat' dir='ltr'><strong>suis</strong></span> <span class='ocrx_word' id='word_1_558' title='bbox 2068 3735 2127 3777; x_wconf 86' lang='lat' dir='ltr'><strong>se</strong></span> <span class='ocrx_word' id='word_1_559' title='bbox 2152 3718 2437 3786; x_wconf 88' lang='lat' dir='ltr'><strong>clamasse,</strong></span> <span class='ocrx_word' id='word_1_560' title='bbox 2466 3735 2695 3791; x_wconf 88' lang='lat' dir='ltr'><strong>quorum</strong></span> <span class='ocrx_word' id='word_1_561' title='bbox 2726 3719 2841 3793; x_wconf 90' lang='lat' dir='ltr'><strong>ipse</strong></span> <span class='ocrx_word' id='word_1_562' title='bbox 2864 3730 3024 3794; x_wconf 88' lang='lat' dir='ltr'><strong>caput</strong></span> <span class='ocrx_word' id='word_1_563' title='bbox 3050 3730 3156 3779; x_wconf 91' lang='lat' dir='ltr'><strong>est.</strong></span> <span class='ocrx_word' id='word_1_564' title='bbox 3198 3721 3353 3779; x_wconf 84' lang='lat' dir='ltr'><strong>Mane</strong></span> <span class='ocrx_word' id='word_1_565' title='bbox 3378 3737 3513 3793; x_wconf 87' lang='lat' dir='ltr'><strong>quo-</strong></span> 
     </span>
    </p>
   </div>
   <div class='ocr_carea' id='block_1_81' title="bbox 1925 3812 3511 3884">
    <p class='ocr_par' dir='ltr' id='par_1_81' title="bbox 1925 3812 3511 3884">
     <span class='ocr_line' id='line_1_81' title="bbox 1925 3812 3511 3884; baseline 0 -15"><span class='ocrx_word' id='word_1_566' title='bbox 1925 3829 2030 3884; x_wconf 88' lang='lat' dir='ltr'><strong>que</strong></span> <span class='ocrx_word' id='word_1_567' title='bbox 2050 3812 2187 3869; x_wconf 82' lang='lat' dir='ltr'><strong>dixit</strong></span> <span class='ocrx_word' id='word_1_568' title='bbox 2203 3814 2528 3883; x_wconf 61' lang='lat' dir='ltr'><strong>praivenissc</strong></span> <span class='ocrx_word' id='word_1_569' title='bbox 2554 3814 2855 3869; x_wconf 86' lang='lat' dir='ltr'><strong>orationem</strong></span> <span class='ocrx_word' id='word_1_570' title='bbox 2887 3830 3040 3872; x_wconf 90' lang='lat' dir='ltr'><strong>suam</strong></span> <span class='ocrx_word' id='word_1_571' title='bbox 3059 3831 3073 3869; x_wconf 90' lang='lat'><strong>:</strong></span> <span class='ocrx_word' id='word_1_572' title='bbox 3090 3832 3210 3871; x_wconf 89' lang='lat' dir='ltr'><strong>cum</strong></span> <span class='ocrx_word' id='word_1_573' title='bbox 3234 3825 3359 3871; x_wconf 88' lang='lat' dir='ltr'><strong>ante</strong></span> <span class='ocrx_word' id='word_1_574' title='bbox 3372 3813 3511 3870; x_wconf 90' lang='lat' dir='ltr'><strong>mul-</strong></span> 
     </span>
    </p>
   </div>
   <div class='ocr_carea' id='block_1_82' title="bbox 1925 3904 3510 3979">
    <p class='ocr_par' dir='ltr' id='par_1_82' title="bbox 1925 3904 3510 3979">
     <span class='ocr_line' id='line_1_82' title="bbox 1925 3904 3510 3979; baseline 0.001 -19"><span class='ocrx_word' id='word_1_575' title='bbox 1925 3913 1977 3960; x_wconf 90' lang='lat' dir='ltr'><strong>ta</strong></span> <span class='ocrx_word' id='word_1_576' title='bbox 2014 3904 2210 3961; x_wconf 69' lang='lat' dir='ltr'><strong>saecula</strong></span> <span class='ocrx_word' id='word_1_577' title='bbox 2250 3906 2466 3975; x_wconf 84' lang='lat' dir='ltr'><strong>petebat</strong></span> <span class='ocrx_word' id='word_1_578' title='bbox 2505 3905 2910 3977; x_wconf 69' lang='lat' dir='ltr'><strong>Ecclesia,quae</strong></span> <span class='ocrx_word' id='word_1_579' title='bbox 2931 3907 3107 3963; x_wconf 83' lang='lat' dir='ltr'><strong>adhuc</strong></span> <span class='ocrx_word' id='word_1_580' title='bbox 3128 3917 3510 3979; x_wconf 76' lang='lat' dir='ltr'><strong>exspectamus</strong></span> 
     </span>
    </p>
   </div>
   <div class='ocr_carea' id='block_1_83' title="bbox 1921 3998 3509 4071">
    <p class='ocr_par' dir='ltr' id='par_1_83' title="bbox 1921 3998 3509 4071">
     <span class='ocr_line' id='line_1_83' title="bbox 1921 3998 3509 4071; baseline 0 -16"><span class='ocrx_word' id='word_1_581' title='bbox 1921 4013 2043 4055; x_wconf 89' lang='lat' dir='ltr'><strong>esse</strong></span> <span class='ocrx_word' id='word_1_582' title='bbox 2068 4007 2316 4055; x_wconf 81' lang='lat' dir='ltr'><strong>ventura.</strong></span> <span class='ocrx_word' id='word_1_583' title='bbox 2345 3998 2461 4054; x_wconf 91' lang='lat' dir='ltr'><strong>Non</strong></span> <span class='ocrx_word' id='word_1_584' title='bbox 2486 4015 2613 4055; x_wconf 89' lang='lat' dir='ltr'><strong>vero</strong></span> <span class='ocrx_word' id='word_1_585' title='bbox 2643 4000 2723 4054; x_wconf 90' lang='lat' dir='ltr'><strong>sic</strong></span> <span class='ocrx_word' id='word_1_586' title='bbox 2750 3999 3141 4071; x_wconf 88' lang='lat' dir='ltr'><strong>intelligamus,</strong></span> <span class='ocrx_word' id='word_1_587' title='bbox 3168 3999 3312 4071; x_wconf 91' lang='lat' dir='ltr'><strong>quod</strong></span> <span class='ocrx_word' id='word_1_588' title='bbox 3331 4002 3509 4055; x_wconf 83' lang='lat' dir='ltr'><strong>oratio</strong></span> 
     </span>
    </p>
   </div>
   <div class='ocr_carea' id='block_1_84' title="bbox 1919 4089 3506 4163">
    <p class='ocr_par' dir='ltr' id='par_1_84' title="bbox 1919 4089 3506 4163">
     <span class='ocr_line' id='line_1_84' title="bbox 1919 4089 3506 4163; baseline 0.002 -19"><span class='ocrx_word' id='word_1_589' title='bbox 1919 4089 2154 4163; x_wconf 87' lang='lat' dir='ltr'><strong>gratiam</strong></span> <span class='ocrx_word' id='word_1_590' title='bbox 2194 4090 2291 4145; x_wconf 90' lang='lat' dir='ltr'><strong>Dei</strong></span> <span class='ocrx_word' id='word_1_591' title='bbox 2341 4090 2826 4162; x_wconf 70' lang='lat' dir='ltr'><strong>prmvcniat:quia</strong></span> <span class='ocrx_word' id='word_1_592' title='bbox 2848 4098 2905 4146; x_wconf 88' lang='lat' dir='ltr'><strong>et</strong></span> <span class='ocrx_word' id='word_1_593' title='bbox 2940 4091 3085 4161; x_wconf 89' lang='lat' dir='ltr'><strong>quod</strong></span> <span class='ocrx_word' id='word_1_594' title='bbox 3130 4106 3386 4158; x_wconf 86' lang='lat' dir='ltr'><strong>oramus,</strong></span> <span class='ocrx_word' id='word_1_595' title='bbox 3437 4106 3506 4149; x_wconf 79' lang='lat' dir='ltr'><strong>ex</strong></span> 
     </span>
    </p>
   </div>
   <div class='ocr_carea' id='block_1_85' title="bbox 1916 4183 2236 4257">
    <p class='ocr_par' dir='ltr' id='par_1_85' title="bbox 1916 4183 2236 4257">
     <span class='ocr_line' id='line_1_85' title="bbox 1916 4183 2236 4257; baseline -0.006 -19"><span class='ocrx_word' id='word_1_596' title='bbox 1916 4183 2100 4257; x_wconf 84' lang='lat' dir='ltr'><strong>gratia</strong></span> <span class='ocrx_word' id='word_1_597' title='bbox 2131 4191 2236 4240; x_wconf 84' lang='lat' dir='ltr'><strong>est.</strong></span> 
     </span>
    </p>
   </div>
   <div class='ocr_carea' id='block_1_86' title="bbox 1918 4273 3369 4348">
    <p class='ocr_par' dir='ltr' id='par_1_86' title="bbox 1918 4273 3369 4348">
     <span class='ocr_line' id='line_1_86' title="bbox 1918 4273 3369 4348; baseline -0.004 -14"><span class='ocrx_word' id='word_1_598' title='bbox 1918 4275 1988 4334; x_wconf 86' lang='grc'><strong>15</strong></span> <span class='ocrx_word' id='word_1_599' title='bbox 2063 4273 2258 4348; x_wconf 86' lang='lat' dir='ltr'><strong>thuid</strong></span> <span class='ocrx_word' id='word_1_600' title='bbox 2283 4315 2298 4342; x_wconf 94' lang='lat'><strong>,</strong></span> <span class='ocrx_word' id='word_1_601' title='bbox 2324 4273 2571 4341; x_wconf 84' lang='lat' dir='ltr'><strong>Domine,</strong></span> <span class='ocrx_word' id='word_1_602' title='bbox 2598 4273 2802 4347; x_wconf 87' lang='lat' dir='ltr'><strong>repellis</strong></span> <span class='ocrx_word' id='word_1_603' title='bbox 2834 4275 3125 4329; x_wconf 87' lang='lat' dir='ltr'><strong>orationem</strong></span> <span class='ocrx_word' id='word_1_604' title='bbox 3154 4291 3322 4330; x_wconf 87' lang='lat' dir='ltr'><strong>meam</strong></span> <span class='ocrx_word' id='word_1_605' title='bbox 3349 4287 3369 4328; x_wconf 91' lang='lat'><strong><em>:</em></strong></span> 
     </span>
    </p>
   </div>
   <div class='ocr_carea' id='block_1_87' title="bbox 2057 4366 3004 4440">
    <p class='ocr_par' dir='ltr' id='par_1_87' title="bbox 2057 4366 3004 4440">
     <span class='ocr_line' id='line_1_87' title="bbox 2057 4366 3004 4440; baseline -0.003 -16"><span class='ocrx_word' id='word_1_606' title='bbox 2057 4369 2260 4424; x_wconf 82' lang='lat' dir='ltr'><strong>Avertis</strong></span> <span class='ocrx_word' id='word_1_607' title='bbox 2282 4368 2472 4439; x_wconf 77' lang='lat' dir='ltr'><strong>faciem</strong></span> <span class='ocrx_word' id='word_1_608' title='bbox 2495 4377 2642 4423; x_wconf 86' lang='lat' dir='ltr'><strong>tuam</strong></span> <span class='ocrx_word' id='word_1_609' title='bbox 2675 4382 2739 4427; x_wconf 75' lang='grc' dir='ltr'><strong>-ι-</strong></span> <span class='ocrx_word' id='word_1_610' title='bbox 2762 4386 2795 4424; x_wconf 90' lang='lat' dir='ltr'><strong>a</strong></span> <span class='ocrx_word' id='word_1_611' title='bbox 2823 4383 2902 4423; x_wconf 88' lang='lat' dir='ltr'><strong>me</strong></span> <span class='ocrx_word' id='word_1_612' title='bbox 2934 4366 2955 4440; x_wconf 70' lang='grc' dir='ltr'>ζ</span> <span class='ocrx_word' id='word_1_613' title='bbox 2985 4403 3004 4421; x_wconf 91' lang='grc'><strong>.</strong></span> 
     </span>
    </p>
   </div>
   <div class='ocr_carea' id='block_1_88' title="bbox 230 4460 3505 4567">
    <p class='ocr_par' dir='ltr' id='par_1_88' title="bbox 230 4460 3505 4567">
     <span class='ocr_line' id='line_1_88' title="bbox 230 4460 3505 4567; baseline -0 -49"><span class='ocrx_word' id='word_1_614' title='bbox 230 4472 279 4518; x_wconf 82' lang='grc' dir='ltr'><strong>ιιι</strong></span> <span class='ocrx_word' id='word_1_615' title='bbox 301 4466 670 4537; x_wconf 84' lang='lat' dir='ltr'><strong>estseriptum</strong></span> <span class='ocrx_word' id='word_1_616' title='bbox 706 4480 720 4517; x_wconf 92' lang='lat'>:</span> <span class='ocrx_word' id='word_1_617' title='bbox 759 4460 1066 4519; x_wconf 87' lang='lat' dir='ltr'><strong>Percutiam</strong></span> <span class='ocrx_word' id='word_1_618' title='bbox 1095 4473 1391 4534; x_wconf 85' lang='lat' dir='ltr'><strong>pastorem,</strong></span> <span class='ocrx_word' id='word_1_619' title='bbox 1414 4475 1470 4522; x_wconf 89' lang='lat' dir='ltr'><strong>et</strong></span> <span class='ocrx_word' id='word_1_620' title='bbox 1494 4465 1812 4541; x_wconf 85' lang='lat' dir='ltr'><strong>dispergeu-</strong></span> <span class='ocrx_word' id='word_1_621' title='bbox 1841 4504 1896 4567; x_wconf 66' lang='grc' dir='ltr'><strong>Β</strong></span> <span class='ocrx_word' id='word_1_622' title='bbox 1991 4462 2032 4519; x_wconf 89' lang='lat' dir='ltr'><strong><em>C</em></strong></span> <span class='ocrx_word' id='word_1_623' title='bbox 2098 4462 2306 4535; x_wconf 82' lang='lat' dir='ltr'><strong>Repelli</strong></span> <span class='ocrx_word' id='word_1_624' title='bbox 2332 4472 2590 4536; x_wconf 89' lang='lat' dir='ltr'><strong>putamus</strong></span> <span class='ocrx_word' id='word_1_625' title='bbox 2617 4464 2921 4567; x_wconf 75' lang='lat' dir='ltr'><strong>orationem</strong></span> <span class='ocrx_word' id='word_1_626' title='bbox 2952 4470 3219 4526; x_wconf 89' lang='lat' dir='ltr'><strong>nostram,</strong></span> <span class='ocrx_word' id='word_1_627' title='bbox 3258 4470 3314 4516; x_wconf 89' lang='lat' dir='ltr'><strong>et</strong></span> <span class='ocrx_word' id='word_1_628' title='bbox 3342 4476 3505 4567; x_wconf 72' lang='lat' dir='ltr'><strong>aver-</strong></span> 
     </span>
    </p>
   </div>
   <div class='ocr_carea' id='block_1_89' title="bbox 229 4550 3513 4630">
    <p class='ocr_par' dir='ltr' id='par_1_89' title="bbox 229 4550 3513 4630">
     <span class='ocr_line' id='line_1_89' title="bbox 229 4550 3513 4630; baseline -0.001 -19"><span class='ocrx_word' id='word_1_629' title='bbox 229 4564 299 4611; x_wconf 89' lang='lat' dir='ltr'><strong>tur</strong></span> <span class='ocrx_word' id='word_1_630' title='bbox 314 4573 436 4615; x_wconf 76' lang='lat' dir='ltr'><strong>oves</strong></span> <span class='ocrx_word' id='word_1_631' title='bbox 461 4557 655 4630; x_wconf 86' lang='lat' dir='ltr'><strong>gregis</strong></span> <span class='ocrx_word' id='word_1_632' title='bbox 689 4550 884 4626; x_wconf 82' lang='lat' dir='ltr'><strong>(Zach.</strong></span> <span class='ocrx_word' id='word_1_633' title='bbox 914 4558 1061 4625; x_wconf 69' lang='lat' dir='ltr'><strong>IIII).</strong></span> <span class='ocrx_word' id='word_1_634' title='bbox 1095 4555 1151 4610; x_wconf 92' lang='lat' dir='ltr'><strong>ln</strong></span> <span class='ocrx_word' id='word_1_635' title='bbox 1191 4556 1649 4615; x_wconf 83' lang='lat' dir='ltr'><strong>abominationem</strong></span> <span class='ocrx_word' id='word_1_636' title='bbox 1689 4572 1817 4615; x_wconf 86' lang='lat' dir='ltr'><strong>vero</strong></span> <span class='ocrx_word' id='word_1_637' title='bbox 1845 4550 1891 4567; x_wconf 80' lang='grc'><strong>”</strong></span> <span class='ocrx_word' id='word_1_638' title='bbox 1922 4564 2036 4612; x_wconf 86' lang='lat' dir='ltr'><strong>tere</strong></span> <span class='ocrx_word' id='word_1_639' title='bbox 2063 4556 2231 4612; x_wconf 88' lang='lat' dir='ltr'><strong>Deum</strong></span> <span class='ocrx_word' id='word_1_640' title='bbox 2254 4555 2451 4615; x_wconf 79' lang='lat' dir='ltr'><strong>faciem</strong></span> <span class='ocrx_word' id='word_1_641' title='bbox 2475 4572 2507 4611; x_wconf 90' lang='lat' dir='ltr'><strong>a</strong></span> <span class='ocrx_word' id='word_1_642' title='bbox 2536 4556 2712 4622; x_wconf 90' lang='lat' dir='ltr'><strong>nobis,</strong></span> <span class='ocrx_word' id='word_1_643' title='bbox 2735 4554 2955 4630; x_wconf 89' lang='lat' dir='ltr'><strong>quando</strong></span> <span class='ocrx_word' id='word_1_644' title='bbox 2982 4564 3108 4609; x_wconf 88' lang='lat' dir='ltr'><strong>v0ta</strong></span> <span class='ocrx_word' id='word_1_645' title='bbox 3133 4561 3318 4610; x_wconf 89' lang='lat' dir='ltr'><strong>nostra</strong></span> <span class='ocrx_word' id='word_1_646' title='bbox 3340 4553 3513 4610; x_wconf 80' lang='lat' dir='ltr'><strong>distu-</strong></span> 
     </span>
    </p>
   </div>
   <div class='ocr_carea' id='block_1_90' title="bbox 223 4647 1813 4720">
    <p class='ocr_par' dir='ltr' id='par_1_90' title="bbox 223 4647 1813 4720">
     <span class='ocr_line' id='line_1_90' title="bbox 223 4647 1813 4720; baseline 0 -15"><span class='ocrx_word' id='word_1_647' title='bbox 223 4651 404 4720; x_wconf 81' lang='lat' dir='ltr'><strong>positns</strong></span> <span class='ocrx_word' id='word_1_648' title='bbox 447 4661 537 4709; x_wconf 87' lang='lat' dir='ltr'><strong>est</strong></span> <span class='ocrx_word' id='word_1_649' title='bbox 577 4660 742 4710; x_wconf 87' lang='lat' dir='ltr'><strong>tunc,</strong></span> <span class='ocrx_word' id='word_1_650' title='bbox 769 4648 990 4716; x_wconf 90' lang='lat' dir='ltr'><strong>quando</strong></span> <span class='ocrx_word' id='word_1_651' title='bbox 1041 4647 1303 4704; x_wconf 76' lang='lat' dir='ltr'><strong>crucilixo</strong></span> <span class='ocrx_word' id='word_1_652' title='bbox 1344 4649 1644 4707; x_wconf 89' lang='lat' dir='ltr'><strong>dicebant:</strong></span> <span class='ocrx_word' id='word_1_653' title='bbox 1675 4649 1813 4718; x_wconf 85' lang='lat' dir='ltr'><strong>Vah,</strong></span> 
     </span>
    </p>
   </div>
   <div class='ocr_carea' id='block_1_91' title="bbox 222 4737 1814 4816">
    <p class='ocr_par' dir='ltr' id='par_1_91' title="bbox 222 4737 1814 4816">
     <span class='ocr_line' id='line_1_91' title="bbox 222 4737 1814 4816; baseline 0 -16"><span class='ocrx_word' id='word_1_654' title='bbox 222 4744 295 4816; x_wconf 82' lang='lat' dir='ltr'><strong>qui</strong></span> <span class='ocrx_word' id='word_1_655' title='bbox 320 4745 559 4804; x_wconf 88' lang='lat' dir='ltr'><strong>destrnis</strong></span> <span class='ocrx_word' id='word_1_656' title='bbox 591 4739 873 4812; x_wconf 84' lang='lat' dir='ltr'><strong>templum</strong></span> <span class='ocrx_word' id='word_1_657' title='bbox 901 4739 993 4794; x_wconf 88' lang='lat' dir='ltr'><strong>Dei</strong></span> <span class='ocrx_word' id='word_1_658' title='bbox 1028 4737 1241 4810; x_wconf 80' lang='lat' dir='ltr'><strong>(Matth.</strong></span> <span class='ocrx_word' id='word_1_659' title='bbox 1263 4741 1473 4814; x_wconf 82' lang='lat' dir='ltr'><strong>xxvn):</strong></span> <span class='ocrx_word' id='word_1_660' title='bbox 1505 4754 1561 4800; x_wconf 89' lang='lat' dir='ltr'><strong>et</strong></span> <span class='ocrx_word' id='word_1_661' title='bbox 1592 4744 1814 4801; x_wconf 83' lang='lat' dir='ltr'><strong>similia.</strong></span> 
     </span>
    </p>
   </div>
   <div class='ocr_carea' id='block_1_92' title="bbox 274 4829 1815 4897">
    <p class='ocr_par' dir='ltr' id='par_1_92' title="bbox 274 4829 1815 4897">
     <span class='ocr_line' id='line_1_92' title="bbox 274 4829 1815 4897; baseline -0.001 -2"><span class='ocrx_word' id='word_1_662' title='bbox 274 4837 307 4895; x_wconf 85' lang='lat' dir='ltr'><strong><em>C</em></strong></span> <span class='ocrx_word' id='word_1_663' title='bbox 331 4839 592 4897; x_wconf 83' lang='lat' dir='ltr'><strong>Traditus</strong></span> <span class='ocrx_word' id='word_1_664' title='bbox 624 4844 723 4893; x_wconf 87' lang='lat' dir='ltr'><strong>est</strong></span> <span class='ocrx_word' id='word_1_665' title='bbox 751 4848 785 4887; x_wconf 70' lang='grc' dir='ltr'>ει</span> <span class='ocrx_word' id='word_1_666' title='bbox 814 4829 845 4887; x_wconf 80' lang='lat' dir='ltr'><strong>.l</strong></span> <span class='ocrx_word' id='word_1_667' title='bbox 856 4830 958 4885; x_wconf 86' lang='lat' dir='ltr'><strong>uda</strong></span> <span class='ocrx_word' id='word_1_668' title='bbox 987 4833 1301 4890; x_wconf 86' lang='lat' dir='ltr'><strong>cohortibus</strong></span> <span class='ocrx_word' id='word_1_669' title='bbox 1328 4833 1643 4893; x_wconf 89' lang='lat' dir='ltr'><strong>insanorum</strong></span> <span class='ocrx_word' id='word_1_670' title='bbox 1673 4856 1685 4892; x_wconf 95' lang='lat'>:</span> <span class='ocrx_word' id='word_1_671' title='bbox 1724 4852 1815 4894; x_wconf 90' lang='lat' dir='ltr'><strong>ve-</strong></span> 
     </span>
    </p>
   </div>
   <div class='ocr_carea' id='block_1_93' title="bbox 218 4926 1811 5001">
    <p class='ocr_par' dir='ltr' id='par_1_93' title="bbox 218 4926 1811 5001">
     <span class='ocr_line' id='line_1_93' title="bbox 218 4926 1811 5001; baseline 0.001 -15"><span class='ocrx_word' id='word_1_672' title='bbox 218 4946 487 4994; x_wconf 79' lang='lat' dir='ltr'><strong>rumtamen</strong></span> <span class='ocrx_word' id='word_1_673' title='bbox 539 4949 663 4992; x_wconf 85' lang='lat' dir='ltr'><strong>non</strong></span> <span class='ocrx_word' id='word_1_674' title='bbox 716 4934 813 4984; x_wconf 85' lang='lat' dir='ltr'><strong>est</strong></span> <span class='ocrx_word' id='word_1_675' title='bbox 849 4938 1125 4995; x_wconf 83' lang='lat' dir='ltr'><strong>egressus,</strong></span> <span class='ocrx_word' id='word_1_676' title='bbox 1170 4926 1388 4999; x_wconf 89' lang='lat' dir='ltr'><strong>quando</strong></span> <span class='ocrx_word' id='word_1_677' title='bbox 1412 4929 1637 4986; x_wconf 89' lang='lat' dir='ltr'><strong>minime</strong></span> <span class='ocrx_word' id='word_1_678' title='bbox 1667 4930 1811 5001; x_wconf 91' lang='lat' dir='ltr'><strong>quod</strong></span> 
     </span>
    </p>
   </div>
   <div class='ocr_carea' id='block_1_94' title="bbox 214 5017 1811 5103">
    <p class='ocr_par' dir='ltr' id='par_1_94' title="bbox 214 5017 1811 5103">
     <span class='ocr_line' id='line_1_94' title="bbox 214 5017 1811 5103; baseline -0.003 -19"><span class='ocrx_word' id='word_1_679' title='bbox 214 5033 494 5103; x_wconf 66' lang='lat' dir='ltr'><strong>prmi-alere:</strong></span> <span class='ocrx_word' id='word_1_680' title='bbox 539 5020 847 5090; x_wconf 84' lang='lat' dir='ltr'><strong>ostendit,</strong></span> <span class='ocrx_word' id='word_1_681' title='bbox 876 5017 931 5073; x_wconf 87' lang='lat' dir='ltr'><strong>id</strong></span> <span class='ocrx_word' id='word_1_682' title='bbox 974 5026 1074 5084; x_wconf 90' lang='lat' dir='ltr'><strong>est,</strong></span> <span class='ocrx_word' id='word_1_683' title='bbox 1105 5022 1321 5090; x_wconf 90' lang='lat' dir='ltr'><strong>quando</strong></span> <span class='ocrx_word' id='word_1_684' title='bbox 1344 5021 1600 5080; x_wconf 86' lang='lat' dir='ltr'><strong>deitatem</strong></span> <span class='ocrx_word' id='word_1_685' title='bbox 1628 5023 1811 5081; x_wconf 87' lang='lat' dir='ltr'><strong>occul-</strong></span> 
     </span>
    </p>
   </div>
   <div class='ocr_carea' id='block_1_95' title="bbox 216 5111 1811 5201">
    <p class='ocr_par' dir='ltr' id='par_1_95' title="bbox 216 5111 1811 5201">
     <span class='ocr_line' id='line_1_95' title="bbox 216 5111 1811 5201; baseline -0.008 -16"><span class='ocrx_word' id='word_1_686' title='bbox 216 5129 339 5187; x_wconf 79' lang='lat' dir='ltr'><strong>tabat.</strong></span> <span class='ocrx_word' id='word_1_687' title='bbox 357 5130 502 5201; x_wconf 86' lang='lat' dir='ltr'><strong>Sive,</strong></span> <span class='ocrx_word' id='word_1_688' title='bbox 525 5130 603 5187; x_wconf 86' lang='lat' dir='ltr'><strong>de</strong></span> <span class='ocrx_word' id='word_1_689' title='bbox 627 5111 920 5181; x_wconf 84' lang='lat' dir='ltr'><strong>custodia</strong></span> <span class='ocrx_word' id='word_1_690' title='bbox 942 5125 1048 5167; x_wconf 91' lang='lat' dir='ltr'><strong>non</strong></span> <span class='ocrx_word' id='word_1_691' title='bbox 1069 5122 1153 5171; x_wconf 87' lang='lat' dir='ltr'><strong>est</strong></span> <span class='ocrx_word' id='word_1_692' title='bbox 1170 5129 1443 5189; x_wconf 87' lang='lat' dir='ltr'><strong>egressus.</strong></span> <span class='ocrx_word' id='word_1_693' title='bbox 1459 5115 1811 5192; x_wconf 83' lang='lat' dir='ltr'><strong>Languerunt</strong></span> 
     </span>
    </p>
   </div>
   <div class='ocr_carea' id='block_1_96' title="bbox 210 5201 1806 5295">
    <p class='ocr_par' dir='ltr' id='par_1_96' title="bbox 210 5201 1806 5295">
     <span class='ocr_line' id='line_1_96' title="bbox 210 5201 1806 5295; baseline -0.005 -23"><span class='ocrx_word' id='word_1_694' title='bbox 210 5224 330 5295; x_wconf 68' lang='lat' dir='ltr'><strong>penu,</strong></span> <span class='ocrx_word' id='word_1_695' title='bbox 377 5226 428 5284; x_wconf 71' lang='lat' dir='ltr'><strong>id</strong></span> <span class='ocrx_word' id='word_1_696' title='bbox 478 5232 573 5283; x_wconf 75' lang='grc' dir='ltr'><strong>ρει</strong></span> <span class='ocrx_word' id='word_1_697' title='bbox 627 5202 929 5287; x_wconf 82' lang='lat' dir='ltr'><strong>apostoli.</strong></span> <span class='ocrx_word' id='word_1_698' title='bbox 985 5201 1101 5261; x_wconf 61' lang='lat' dir='ltr'><strong>Prae</strong></span> <span class='ocrx_word' id='word_1_699' title='bbox 1146 5207 1351 5281; x_wconf 90' lang='lat' dir='ltr'><strong>inopia.</strong></span> <span class='ocrx_word' id='word_1_700' title='bbox 1404 5207 1530 5279; x_wconf 90' lang='lat' dir='ltr'><strong>quia</strong></span> <span class='ocrx_word' id='word_1_701' title='bbox 1573 5208 1806 5268; x_wconf 87' lang='lat' dir='ltr'><strong>necdum</strong></span> 
     </span>
    </p>
   </div>
   <div class='ocr_carea' id='block_1_97' title="bbox 211 5300 1808 5397">
    <p class='ocr_par' dir='ltr' id='par_1_97' title="bbox 211 5300 1808 5397">
     <span class='ocr_line' id='line_1_97' title="bbox 211 5300 1808 5397; baseline -0.009 -21"><span class='ocrx_word' id='word_1_702' title='bbox 211 5331 478 5396; x_wconf 74' lang='lat' dir='ltr'><strong>acceperunt</strong></span> <span class='ocrx_word' id='word_1_703' title='bbox 514 5310 837 5391; x_wconf 83' lang='lat' dir='ltr'><strong>spiritum</strong></span> <span class='ocrx_word' id='word_1_704' title='bbox 868 5303 1113 5397; x_wconf 74' lang='lat' dir='ltr'><strong>sanetum</strong></span> <span class='ocrx_word' id='word_1_705' title='bbox 1143 5300 1367 5375; x_wconf 86' lang='lat' dir='ltr'><strong>:in0pia</strong></span> <span class='ocrx_word' id='word_1_706' title='bbox 1394 5300 1596 5361; x_wconf 89' lang='lat' dir='ltr'><strong>dicitur</strong></span> <span class='ocrx_word' id='word_1_707' title='bbox 1615 5318 1649 5362; x_wconf 90' lang='lat' dir='ltr'><strong>a</strong></span> <span class='ocrx_word' id='word_1_708' title='bbox 1673 5317 1808 5362; x_wconf 85' lang='lat' dir='ltr'><strong>cou-</strong></span> 
     </span>
    </p>
   </div>
   <div class='ocr_carea' id='block_1_98' title="bbox 862 5401 1009 5412">
    <p class='ocr_par' dir='ltr' id='par_1_98' title="bbox 862 5401 1009 5412">
     <span class='ocr_line' id='line_1_98' title="bbox 862 5401 1009 5412; baseline 0 0"><span class='ocrx_word' id='word_1_709' title='bbox 862 5401 1009 5412; x_wconf 57' lang='grc' dir='ltr'><strong>Λίδη-Α</strong></span> 
     </span>
    </p>
   </div>
   <div class='ocr_carea' id='block_1_99' title="bbox 1916 4647 3512 4724">
    <p class='ocr_par' dir='ltr' id='par_1_99' title="bbox 1916 4647 3512 4724">
     <span class='ocr_line' id='line_1_99' title="bbox 1916 4647 3512 4724; baseline -0.003 -18"><span class='ocrx_word' id='word_1_710' title='bbox 1916 4648 2043 4707; x_wconf 90' lang='lat' dir='ltr'><strong>ierit</strong></span> <span class='ocrx_word' id='word_1_711' title='bbox 2074 4666 2088 4707; x_wconf 90' lang='lat'><strong>:</strong></span> <span class='ocrx_word' id='word_1_712' title='bbox 2121 4658 2177 4707; x_wconf 90' lang='lat' dir='ltr'><strong>et</strong></span> <span class='ocrx_word' id='word_1_713' title='bbox 2205 4654 2458 4724; x_wconf 88' lang='lat' dir='ltr'><strong>quamvis</strong></span> <span class='ocrx_word' id='word_1_714' title='bbox 2480 4650 2570 4708; x_wconf 87' lang='lat' dir='ltr'><strong>ille</strong></span> <span class='ocrx_word' id='word_1_715' title='bbox 2601 4652 2755 4708; x_wconf 87' lang='lat' dir='ltr'><strong>utilia</strong></span> <span class='ocrx_word' id='word_1_716' title='bbox 2784 4650 2968 4715; x_wconf 83' lang='lat' dir='ltr'><strong>iaciat,</strong></span> <span class='ocrx_word' id='word_1_717' title='bbox 3014 4664 3112 4705; x_wconf 80' lang='lat' dir='ltr'><strong>nos</strong></span> <span class='ocrx_word' id='word_1_718' title='bbox 3136 4657 3316 4703; x_wconf 90' lang='lat' dir='ltr'><strong>tamen</strong></span> <span class='ocrx_word' id='word_1_719' title='bbox 3344 4647 3512 4702; x_wconf 88' lang='lat' dir='ltr'><strong>dilata</strong></span> 
     </span>
    </p>
   </div>
   <div class='ocr_carea' id='block_1_100' title="bbox 1917 4739 3513 4817">
    <p class='ocr_par' dir='ltr' id='par_1_100' title="bbox 1917 4739 3513 4817">
     <span class='ocr_line' id='line_1_100' title="bbox 1917 4739 3513 4817; baseline -0.004 -18"><span class='ocrx_word' id='word_1_720' title='bbox 1917 4744 2156 4817; x_wconf 87' lang='lat' dir='ltr'><strong>graviter</strong></span> <span class='ocrx_word' id='word_1_721' title='bbox 2181 4749 2516 4805; x_wconf 85' lang='lat' dir='ltr'><strong>contristant</strong></span> <span class='ocrx_word' id='word_1_722' title='bbox 2541 4760 2555 4799; x_wconf 88' lang='lat'><strong>:</strong></span> <span class='ocrx_word' id='word_1_723' title='bbox 2580 4746 2725 4816; x_wconf 67' lang='lat' dir='ltr'><strong>quod</strong></span> <span class='ocrx_word' id='word_1_724' title='bbox 2747 4761 2814 4801; x_wconf 80' lang='lat' dir='ltr'><strong>ex</strong></span> <span class='ocrx_word' id='word_1_725' title='bbox 2834 4756 3066 4815; x_wconf 85' lang='lat' dir='ltr'><strong>persona</strong></span> <span class='ocrx_word' id='word_1_726' title='bbox 3090 4748 3391 4812; x_wconf 80' lang='lat' dir='ltr'><strong>martyrum</strong></span> <span class='ocrx_word' id='word_1_727' title='bbox 3427 4739 3513 4794; x_wconf 88' lang='lat' dir='ltr'><strong>di-</strong></span> 
     </span>
    </p>
   </div>
   <div class='ocr_carea' id='block_1_101' title="bbox 1916 4829 3517 4911">
    <p class='ocr_par' dir='ltr' id='par_1_101' title="bbox 1916 4829 3517 4911">
     <span class='ocr_line' id='line_1_101' title="bbox 1916 4829 3517 4911; baseline -0.006 -17"><span class='ocrx_word' id='word_1_728' title='bbox 1916 4847 2066 4895; x_wconf 89' lang='lat' dir='ltr'><strong>ctum</strong></span> <span class='ocrx_word' id='word_1_729' title='bbox 2089 4852 2196 4895; x_wconf 90' lang='lat' dir='ltr'><strong>non</strong></span> <span class='ocrx_word' id='word_1_730' title='bbox 2230 4838 2690 4902; x_wconf 88' lang='lat' dir='ltr'><strong>inconvenienter</strong></span> <span class='ocrx_word' id='word_1_731' title='bbox 2717 4839 3006 4911; x_wconf 87' lang='lat' dir='ltr'><strong>accipitur,</strong></span> <span class='ocrx_word' id='word_1_732' title='bbox 3037 4834 3129 4906; x_wconf 89' lang='lat' dir='ltr'><strong>qui</strong></span> <span class='ocrx_word' id='word_1_733' title='bbox 3157 4834 3353 4889; x_wconf 89' lang='lat' dir='ltr'><strong>talibus</strong></span> <span class='ocrx_word' id='word_1_734' title='bbox 3373 4829 3517 4887; x_wconf 81' lang='lat' dir='ltr'><strong>desi-</strong></span> 
     </span>
    </p>
   </div>
   <div class='ocr_carea' id='block_1_102' title="bbox 1916 4930 2903 5006">
    <p class='ocr_par' dir='ltr' id='par_1_102' title="bbox 1916 4930 2903 5006">
     <span class='ocr_line' id='line_1_102' title="bbox 1916 4930 2903 5006; baseline -0.001 -19"><span class='ocrx_word' id='word_1_735' title='bbox 1916 4930 2084 4988; x_wconf 84' lang='lat' dir='ltr'><strong>deriis</strong></span> <span class='ocrx_word' id='word_1_736' title='bbox 2118 4932 2173 4987; x_wconf 91' lang='lat' dir='ltr'><strong>in</strong></span> <span class='ocrx_word' id='word_1_737' title='bbox 2210 4932 2320 4993; x_wconf 86' lang='lat' dir='ltr'><strong>hoc</strong></span> <span class='ocrx_word' id='word_1_738' title='bbox 2342 4931 2552 4994; x_wconf 89' lang='lat' dir='ltr'><strong>mundo</strong></span> <span class='ocrx_word' id='word_1_739' title='bbox 2587 4930 2903 5006; x_wconf 84' lang='lat' dir='ltr'><strong>fatigantur.</strong></span> 
     </span>
    </p>
   </div>
   <div class='ocr_carea' id='block_1_103' title="bbox 1916 5014 3514 5098">
    <p class='ocr_par' dir='ltr' id='par_1_103' title="bbox 1916 5014 3514 5098">
     <span class='ocr_line' id='line_1_103' title="bbox 1916 5014 3514 5098; baseline -0.009 -18"><span class='ocrx_word' id='word_1_740' title='bbox 1916 5022 1984 5082; x_wconf 82' lang='grc'><strong>16</strong></span> <span class='ocrx_word' id='word_1_741' title='bbox 2057 5020 2274 5098; x_wconf 85' lang='lat' dir='ltr'><strong>Pauper</strong></span> <span class='ocrx_word' id='word_1_742' title='bbox 2298 5046 2421 5087; x_wconf 82' lang='lat' dir='ltr'><strong>sum</strong></span> <span class='ocrx_word' id='word_1_743' title='bbox 2455 5039 2588 5096; x_wconf 81' lang='lat' dir='ltr'><strong>ego,</strong></span> <span class='ocrx_word' id='word_1_744' title='bbox 2625 5034 2674 5082; x_wconf 79' lang='lat' dir='ltr'><strong>et</strong></span> <span class='ocrx_word' id='word_1_745' title='bbox 2697 5028 2754 5084; x_wconf 89' lang='lat' dir='ltr'><strong>in</strong></span> <span class='ocrx_word' id='word_1_746' title='bbox 2780 5019 3050 5081; x_wconf 87' lang='lat' dir='ltr'><strong>laboribus</strong></span> <span class='ocrx_word' id='word_1_747' title='bbox 3091 5034 3125 5072; x_wconf 90' lang='lat' dir='ltr'><strong>a</strong></span> <span class='ocrx_word' id='word_1_748' title='bbox 3155 5014 3426 5083; x_wconf 77' lang='lat' dir='ltr'><strong>juventute</strong></span> <span class='ocrx_word' id='word_1_749' title='bbox 3450 5021 3514 5065; x_wconf 72' lang='grc' dir='ltr'><strong>σιν</strong></span> 
     </span>
    </p>
   </div>
   <div class='ocr_carea' id='block_1_104' title="bbox 2128 5123 2347 5197">
    <p class='ocr_par' dir='ltr' id='par_1_104' title="bbox 2128 5123 2347 5197">
     <span class='ocr_line' id='line_1_104' title="bbox 2128 5123 2347 5197; baseline 0.018 -23"><span class='ocrx_word' id='word_1_750' title='bbox 2128 5123 2347 5197; x_wconf 72' lang='grc' dir='ltr'><strong>ηιεαζε</strong></span> 
     </span>
    </p>
   </div>
   <div class='ocr_carea' id='block_1_105' title="bbox 2061 5191 3517 5292">
    <p class='ocr_par' dir='ltr' id='par_1_105' title="bbox 2061 5191 3517 5292">
     <span class='ocr_line' id='line_1_105' title="bbox 2061 5191 3517 5292; baseline -0.016 -26"><span class='ocrx_word' id='word_1_751' title='bbox 2061 5191 2349 5276; x_wconf 62' lang='grc' dir='ltr'><strong>Επαιιαιάι</strong></span> <span class='ocrx_word' id='word_1_752' title='bbox 2380 5220 2568 5273; x_wconf 81' lang='lat' dir='ltr'><strong>autem</strong></span> <span class='ocrx_word' id='word_1_753' title='bbox 2598 5213 2914 5270; x_wconf 78' lang='lat' dir='ltr'><strong>humiliatus</strong></span> <span class='ocrx_word' id='word_1_754' title='bbox 2938 5216 3051 5260; x_wconf 84' lang='lat' dir='ltr'><strong>sum</strong></span> <span class='ocrx_word' id='word_1_755' title='bbox 3082 5207 3130 5292; x_wconf 73' lang='lat' dir='ltr'><strong>et</strong></span> <span class='ocrx_word' id='word_1_756' title='bbox 3158 5191 3517 5292; x_wconf 52' lang='lat' dir='ltr'><strong>con-turbatus.</strong></span> 
     </span>
    </p>
   </div>
   <div class='ocr_carea' id='block_1_106' title="bbox 1983 5279 3518 5373">
    <p class='ocr_par' dir='ltr' id='par_1_106' title="bbox 1983 5279 3518 5373">
     <span class='ocr_line' id='line_1_106' title="bbox 1983 5279 3518 5373; baseline -0.022 -7"><span class='ocrx_word' id='word_1_757' title='bbox 1983 5302 2027 5358; x_wconf 87' lang='lat' dir='ltr'><strong><em>C</em></strong></span> <span class='ocrx_word' id='word_1_758' title='bbox 2063 5297 2279 5373; x_wconf 78' lang='lat' dir='ltr'><strong>Pauper</strong></span> <span class='ocrx_word' id='word_1_759' title='bbox 2320 5319 2448 5366; x_wconf 84' lang='lat' dir='ltr'><strong>sum</strong></span> <span class='ocrx_word' id='word_1_760' title='bbox 2504 5313 2642 5371; x_wconf 82' lang='lat' dir='ltr'><strong>ego,</strong></span> <span class='ocrx_word' id='word_1_761' title='bbox 2682 5303 2784 5360; x_wconf 89' lang='lat' dir='ltr'><strong>hoc</strong></span> <span class='ocrx_word' id='word_1_762' title='bbox 2830 5293 3030 5358; x_wconf 86' lang='lat' dir='ltr'><strong>merito</strong></span> <span class='ocrx_word' id='word_1_763' title='bbox 3076 5283 3207 5343; x_wconf 87' lang='lat' dir='ltr'><strong>dicit</strong></span> <span class='ocrx_word' id='word_1_764' title='bbox 3241 5279 3518 5373; x_wconf 62' lang='lat' dir='ltr'><strong>Ecclesia,</strong></span> 
     </span>
    </p>
   </div>
   <div class='ocr_carea' id='block_1_107' title="bbox 2482 5370 3523 5412">
    <p class='ocr_par' dir='ltr' id='par_1_107' title="bbox 2482 5370 3523 5412">
     <span class='ocr_line' id='line_1_107' title="bbox 2482 5370 3523 5412; baseline 0 0"><span class='ocrx_word' id='word_1_765' title='bbox 2482 5406 2601 5412; x_wconf 72' lang='lat'><strong>_..-___</strong></span> <span class='ocrx_word' id='word_1_766' title='bbox 2628 5370 2669 5412; x_wconf 18' lang='grc' dir='ltr'><strong>γι·</strong></span> <span class='ocrx_word' id='word_1_767' title='bbox 2708 5404 2741 5412; x_wconf 87' lang='grc'><strong>..</strong></span> <span class='ocrx_word' id='word_1_768' title='bbox 2766 5394 2780 5412; x_wconf 80' lang='grc' dir='ltr'><strong>ι</strong></span> <span class='ocrx_word' id='word_1_769' title='bbox 2818 5394 2832 5412; x_wconf 79' lang='grc' dir='ltr'>ι</span> <span class='ocrx_word' id='word_1_770' title='bbox 2861 5381 3043 5412; x_wconf 65' lang='grc' dir='ltr'><strong>-..ιιι-ιο</strong></span> <span class='ocrx_word' id='word_1_771' title='bbox 3075 5392 3102 5412; x_wconf 69' lang='grc' dir='ltr'>α</span> <span class='ocrx_word' id='word_1_772' title='bbox 3130 5387 3222 5412; x_wconf 81' lang='lat' dir='ltr'><strong>sum</strong></span> <span class='ocrx_word' id='word_1_773' title='bbox 3245 5370 3523 5412; x_wconf 70' lang='grc' dir='ltr'>ἰιινρῇιιιιρ</span> 
     </span>
    </p>
   </div>
  </div>
