3986 5412
544 300 653 359 39.7

552 419 618 477 I7
690 419 759 475 In
789 435 869 474 me
897 418 1214 474 transierunt
1240 418 1334 474 ira:
1353 425 1493 475 luat:

692 514 760 572 Et
788 526 1012 571 terrores
1038 515 1115 570 tui
1139 514 1574 570 conturbauerunt
1602 533 1702 572 me.

616 610 659 667 C
696 609 929 667 Pulchre
951 610 1155 667 dictum
1179 617 1284 676 est,
1305 610 1637 665 transierunt
1661 623 1676 664 :
1699 607 1824 681 quia
1850 623 1955 665 non
1980 622 2132 665 man-

546 717 708 757 surae.
744 699 881 755 Nam
910 702 1126 772 quando
1162 699 1333 756 ﬁdelis
1380 716 1439 757 se
1478 698 1664 772 amigit
1689 742 1705 769 ,
1740 701 1877 757 iram
1916 697 2129 757 Domini

548 793 847 864 castigatus
870 792 1070 848 evadit.
1093 791 1357 848 Terrores
1379 808 1509 849 vero
1530 792 1660 848 dicit
1680 792 1894 849 venturi
1916 790 2130 862 iudicii,

542 899 683 957 quos
727 883 905 940 omnis
945 898 1073 940 caro
1122 884 1403 955 peccatrix
1436 883 1751 939 formidabit
1783 883 1838 941 in
1878 881 2127 955 judicio:

540 978 633 1034 sed
664 977 828 1034 etiam
867 977 993 1034 boni
1023 977 1077 1033 in
1113 977 1216 1032 hac
1239 977 1348 1033 vita
1378 977 1820 1049 perhorrescunt.

541 1067 603 1125 I8
685 1065 1146 1124 Circumdederunt
1173 1084 1252 1123 me
1273 1069 1406 1124 sicut
1439 1086 1578 1142 aqua
1608 1078 1715 1125 tota
1748 1068 1834 1125 die
1860 1082 1884 1122 :

687 1154 1158 1214 Circumdederunt
1198 1174 1279 1214 me
1306 1157 1488 1215 simul.

613 1253 654 1309 C
693 1251 1181 1309 Circumdederunt
1216 1268 1304 1309 me
1330 1271 1347 1308 :
1377 1253 1562 1324 utique
1598 1252 1798 1311 delicta
1841 1266 1962 1324 quae
1992 1247 2129 1326 legis

541 1351 601 1398 et
630 1343 910 1415 Evangelii
938 1342 1277 1400 districtione
1303 1344 1643 1410 damnantur,
1673 1344 1870 1402 merito
1913 1356 2131 1416 quoque

546 1433 705 1506 aquis
734 1443 1047 1506 comparata
1075 1443 1203 1492 sunt
1224 1470 1245 1505 ,ι
1268 1451 1389 1508 qua:
1418 1452 1520 1494 nos
1547 1436 1921 1509 copiosissima
1964 1435 2126 1494 inun-

544 1528 760 1585 datione
784 1526 1131 1585 concludunt.

442 1648 445 1649 ν
548 1621 612 1681 I9
684 1619 959 1695 Elongasti
987 1640 1019 1677 a
1045 1639 1124 1679 me
1150 1624 1378 1680 amicum
1405 1633 1453 1681 et
1475 1640 1771 1698 proximum
1796 1636 1817 1679 :

686 1713 755 1769 Et
785 1724 934 1770 notos
961 1731 1101 1770 meos
1127 1733 1160 1771 a
1190 1717 1425 1772 miseria.

1513 303 1571 361 s.
1608 301 1955 363 unuuoms
1992 291 2532 363 nauswousnsis
2566 291 2875 368 EPlSCOPlt

2157 419 2268 485 A4

3705 306 3820 369 3%

2378 419 2627 492 Disposui
2651 428 3015 477 testamentum
3049 416 3223 478 electis
3245 419 3414 494 meis";
3430 426 3620 502 juravt
3638 417 3821 479 David

2440 531 2587 571 servo
2608 531 2722 571 ηιρο
2751 528 2770 568 .'
3635 589 3641 593 -

2375 602 2550 678 Usque
2578 608 2633 661 in
2659 618 2911 664 wternum
2929 608 3238 680 prteparabo
3264 626 3441 666 semen
3463 619 3640 666 tuum.

2300 693 2348 752 Il
2424 696 2669 786 Disposui
2695 706 3077 756 testamentum
3107 700 3314 769 electis,
3346 701 3397 757 id
3426 711 3544 769 est,
3572 702 3819 759 doctori-

2229 788 2332 845 bus
2356 788 2718 847 Ecelesiarum
2747 810 2760 847 :
2793 800 2855 850 ut
2882 793 3203 865 acquisitum
3241 810 3339 867 per
3363 798 3598 868 gratiam
3642 814 3819 870 popu-
3860 812 3877 829 ‘

2230 876 2343 934 lum
2387 880 2618 937 doceant
2644 882 2730 937 vel
2767 882 3075 940 inl‘ormeut.
3123 883 3165 939 C
3214 883 3371 941 Jurat
3429 902 3560 943 vero
3622 887 3819 961 justis-

2231 970 2368 1026 sime
2398 969 2557 1038 Deus,
2588 988 2710 1029 cum
2754 988 2855 1029 suo
2894 973 3020 1044 jure
3045 974 3313 1046 promittit
3342 978 3525 1034 omnia
3557 996 3573 1034 :
3611 980 3815 1051 iuravit

2228 1061 2374 1118 enim
2400 1061 2650 1131 dicimus,
2678 1061 2801 1134 jure
2823 1065 3037 1131 oravit,
3070 1065 3125 1122 id
3153 1075 3268 1135 est,
3293 1067 3442 1140 juste
3471 1068 3690 1127 locutus
3714 1082 3820 1128 est.

2229 1148 2385 1208 Jurat
2411 1168 2625 1225 quoque
2669 1164 2724 1211 et
2772 1155 2893 1212 ideo
2937 1154 3083 1225 juste
3104 1157 3247 1215 Deus
3275 1177 3289 1214 :
3319 1160 3445 1231 quia
3489 1160 3640 1233 quod
3669 1161 3822 1239 jurat

2229 1261 2443 1320 semper
2471 1257 2647 1319 potest
2677 1249 2900 1320 implere
2921 1290 2936 1317 ,
2965 1251 3128 1307 homo
3161 1267 3291 1309 vero
3317 1253 3464 1325 juste
3488 1255 3821 1326 prohibetur

2224 1341 2412 1414 jurare
2452 1341 2537 1399 vel
2578 1341 2891 1414 iuramento
2935 1346 3293 1415 promittere,
3332 1349 3458 1419 quia
3487 1365 3598 1405 non
3638 1360 3723 1407 est
3764 1353 3820 1408 in

2229 1440 2498 1504 potestate
2532 1449 2629 1490 sua
2670 1434 2814 1506 quod
2861 1434 3144 1507 pollicetur
3190 1437 3420 1495 ellicere.
3464 1440 3820 1512 Prmparatus

2232 1540 2449 1596 quoque
2495 1532 2582 1581 est
2602 1524 2851 1583 Christus
2875 1568 2891 1594 ,
2934 1529 3028 1601 qui
3049 1543 3115 1585 ex
3155 1532 3360 1587 semine
3389 1532 3560 1588 David
3603 1535 3819 1607 origine

2231 1616 2419 1671 carnis
2459 1616 2736 1673 descendit
2757 1658 2772 1682 ,
2801 1633 2973 1689 usque
3014 1619 3069 1675 in
3097 1630 3356 1677 aeternum
3389 1622 3508 1679 Rex
3539 1640 3730 1697 regum
3766 1636 3823 1683 et

2234 1707 2494 1766 Dominus
2520 1707 2914 1765 dominantium
2938 1708 3123 1782 (Apoc.
3145 1711 3258 1785 XIX)
3291 1732 3306 1770 :
3338 1716 3481 1786 quod
3513 1720 3817 1777 secundum

612 1805 657 1866 ρ
693 1808 917 1865 Amicos
946 1809 1080 1865 dicit
1113 1826 1128 1865 ε
1153 1811 1244 1881 qui
1299 1811 1545 1868 honesiis
1586 1810 1779 1867 siudiis
1818 1824 2032 1866 morum
2070 1807 2125 1864 in
2152 1787 2201 1851 B
2233 1801 2625 1858 humanitatem
2651 1801 2875 1877 intelligi
2899 1818 3130 1876 oportet.
3162 1807 3207 1863 II
3229 1809 3322 1866 Vel
3353 1825 3562 1881 semen,
3587 1829 3697 1870 non
3726 1832 3817 1874 so-

542 1900 761 1957 civitate
799 1899 1075 1971 conjuncti
1122 1910 1280 1970 sunt;
1333 1902 1609 1975 proximos
1641 1917 1797 1970 vero,
1825 1901 1919 1974 qui
1972 1901 2129 1957 nobis

539 1993 830 2067 parentelte
863 1995 1056 2052 ordine
1083 1997 1400 2075 sortiantur.
1432 1996 1616 2062 Notos,
1660 1997 1755 2069 qui
1798 2012 1903 2053 nec
1944 1994 2126 2062 amici,

541 2103 644 2144 nec
670 2088 906 2158 proximi
956 2098 1106 2156 sunt,
1135 2091 1229 2147 sed
1257 2090 1367 2147 sola
1400 2091 1612 2149 visione
1637 2090 1721 2146 vel
1752 2090 2131 2161 opinione-nos

542 2177 887 2235 didicerunt:
920 2196 1040 2252 qua:
1067 2196 1266 2253 genera
1293 2181 1573 2238 hominum
1611 2181 1929 2252 frequenter
1972 2180 2131 2252 longe

541 2265 672 2325 fecit
700 2285 729 2326 a
762 2269 1009 2329 ﬁdelibus
1046 2272 1337 2330 formidata
1366 2273 1547 2346 passio
1573 2273 1659 2328 vel
1688 2273 1991 2330 calamitas.

949 2402 1152 2447 οιιλτιο
1186 2405 1259 2445 ΕΙ
1296 2405 1442 2448 PSAL.
1484 2403 1725 2446 LXXXVII;

615 2480 950 2553 Redemptor
988 2485 1253 2552 omnium,
1272 2483 1669 2556 ineliabilisque
1693 2483 1884 2540 salutis
1930 2487 2131 2540 nostra:

544 2576 733 2635 Deus:
761 2578 855 2649 qui
885 2593 984 2651 pro
1023 2578 1179 2636 nobis
1227 2578 1438 2635 inferna
1488 2588 1780 2649 penetrans
1808 2617 1824 2645 ,
1855 2577 2031 2634 factus
2066 2590 2128 2633 es

542 2667 686 2724 inter
713 2679 961 2726 mortuos
998 2669 1158 2737 liber,
1186 2670 1380 2726 exaudi
1409 2669 1730 2725 matutinam
1759 2666 1979 2724 familia:
2025 2675 2131 2723 tuae

541 2775 782 2828 precem,
811 2770 868 2819 et
899 2777 1031 2819 erue
1060 2778 1159 2819 nos
1202 2763 1271 2818 ab
1309 2761 1517 2819 inimici
1547 2760 1855 2818 insidiantis
1885 2758 2125 2832 pessima

544 2853 827 2911 servitute.
855 2854 956 2923 Qui
980 2870 1103 2912 cum
1126 2854 1288 2910 Patre
1315 2862 1372 2911 et
1390 2853 1550 2921 Filio,
1577 2861 1684 2909 etc.

1013 2965 1332 3026 PSALMUS
1367 2965 1699 3025 LXXXVIII.

899 3096 1263 3141 ARGUMENTUI
1288 3097 1435 3139 PSAL.
1476 3095 1777 3137 LXXXXVIII.

2233 1895 2344 1950 lum
2370 1894 2617 1950 Christus
2644 1902 2747 1962 est,
2771 1909 2955 1969 caput,
2978 1900 3071 1956 sed
3110 1908 3166 1957 et
3185 1901 3427 1958 membra
3453 1919 3574 1973 sua,
3604 1906 3817 1965 scilicet

2232 1988 2516 2043 credentes
2544 1987 2596 2042 in
2626 2002 2772 2045 eum.

2231 2077 2267 2134 5
2376 2075 2444 2132 Et
2469 2078 2743 2149 (ediﬁcabo
2773 2079 2827 2135 in
2856 2083 3187 2152 generatione
3210 2094 3258 2141 et
3279 2088 3669 2158 generationem
3688 2107 3709 2149 :

2374 2167 2561 2225 Sedeat
2585 2180 2750 2227 tuam.
2781 2171 3108 2245 Diapsalma.

2300 2258 2342 2316 C
2379 2259 2447 2315 Et
2469 2260 2784 2318 aedificabo:
2817 2264 2921 2321 ista
2949 2266 3275 2337 pollicitatio
3301 2270 3368 2327 ad
3388 2271 3665 2330 Christum
3693 2290 3818 2347 per-

2235 2350 2407 2417 tinet,
2454 2351 2611 2408 sedes
2653 2352 2800 2409 enim
2859 2354 2977 2425 ejus
3017 2365 3102 2413 est
3141 2359 3319 2416 omnis
3359 2376 3621 2429 sanctus,
3653 2381 3814 2438 quem

2232 2444 2385 2512 quasi
2428 2442 2926 2515 splendidissimum
2954 2449 3206 2506 thronum
3252 2467 3348 2508 sua
3381 2453 3558 2524 gratia
3590 2456 3811 2515 insidet.

2231 2532 2277 2589 II
2319 2533 2413 2589 Vel
2472 2536 2700 2592 thronus
2754 2535 2870 2606 ejus
2913 2537 3153 2597 Ecclesia
3193 2550 3277 2599 est
3306 2544 3396 2599 :in
3424 2560 3534 2615 qua
3563 2546 3816 2605 Christus

2232 2628 2383 2684 sedet
2401 2628 2456 2683 in
2479 2637 2765 2696 internum,
2780 2640 2836 2685 et
2853 2631 3044 2687 eadem
3065 2635 3339 2691 sententia
3360 2645 3583 2695 esteum
3609 2640 3809 2711 priore,

2231 2720 2358 2777 licet
2379 2721 2487 2777 sint
2518 2721 2624 2777 alia
2654 2723 2839 2780 verba.

2230 2811 2265 2868 6
2371 2811 2773 2883 Confitebuntur
2794 2814 2908 2871 caeli
2936 2818 3205 2875 mirabilia
3232 2830 3326 2877 tua
3344 2862 3360 2889 ,
3385 2822 3654 2880 Domine:

2370 2906 2581 2963 Etenim
2610 2909 2877 2965 ueritatem
2902 2910 3132 2968 tuam'in
3163 2912 3399 2972 Ecclesia
3427 2928 3755 2987 sanctorum.

2303 2996 2346 3055 C
2383 2999 2798 3058 Conlitebuntur
2818 3002 2939 3059 cteli
2958 3020 2972 3058 :
2989 3004 3081 3075 qui
3109 3014 3239 3063 sunt
3258 3009 3368 3065 veri
3389 3011 3776 3080 prmdicatores
3792 3053 3809 3081 ,

2233 3094 2452 3166 quantis
2505 3093 2777 3151 miraculis
2821 3095 3083 3154 Dominus
3129 3098 3390 3155 mundum
3441 3103 3806 3161 adminiStret.

530 3206 535 3210 '
612 3195 654 3254 C
694 3195 806 3253 Vox
833 3195 1095 3265 ﬁdelium,
1127 3195 1528 3254 misericordias
1554 3194 1762 3252 Domini
1792 3191 2122 3266 potentiam-
2150 3168 2196 3235 (ἶ
2228 3185 2297 3242 El
2320 3185 2603 3242 vernalem
2645 3184 2762 3255 eius
2791 3187 2959 3259 H1“ia
3003 3188 3237 3245 Verbum
3275 3205 3403 3246 eam
3450 3191 3659 3250 Ῑθοιυιη
3695 3204 3810 3264 εει,

549 3303 656 3359 que
686 3286 1023 3343 laudantium

793 3379 905 3435 TT.
985 3378 1286 3436 Intellectus
1323 3379 1498 3434 Etltan
1524 3377 1805 3434 Israelitte.

613 3471 655 3528 C
690 3471 866 3527 Etlian
903 3471 1291 3543 interpretatur
1340 3471 1601 3526 robustus.
1632 3468 1901 3537 Israelita,
1950 3468 2126 3523 videns

542 3561 732 3618 Deum.
779 3562 846 3617 Et
880 3570 1005 3635 quia
1049 3563 1288 3634 psalmus
1322 3562 1424 3618 iste
1453 3572 1570 3617 erat
1603 3561 1790 3617 laudes
1813 3568 1869 3616 et
1896 3558 2128 3631 promis-

543 3653 725 3709 siones
769 3655 861 3710 Dei
908 3667 1250 3722 narraturus,
1277 3656 1395 3712 ideo
1425 3656 1499 3711 illi
1551 3654 1656 3711 tale
1684 3669 1878 3710 nomen
1911 3661 1994 3709 est
2031 3668 2124 3723 ap-

542 3746 777 3819 positum
796 3787 812 3811 ,
843 3756 901 3800 ut
930 3745 1170 3804 ﬁdelium
1194 3749 1485 3805 verborum
1520 3745 1784 3804 indicaret
1817 3744 2128 3801 immutabi-

544 3835 648 3892 lem
682 3836 1017 3895 ﬁrmitatem.

544 3926 572 3983 1
682 3927 1078 3986 Misericordias
1110 3930 1325 3987 Domini
1349 3946 1373 3988 :

686 4019 755 4075 In
781 4031 1033 4076 (utentum
1065 4022 1308 4078 cantabo.

615 4107 662 4164 Η
700 4108 825 4165 illas
854 4112 999 4166 enim
1026 4112 1449 4180 misericordias,
1476 4113 1672 4184 quibus
1696 4114 1973 4171 hominem
1996 4129 2123 4186 pec-

547 4207 670 4256 cato
691 4210 961 4256 mortuum
985 4201 1207 4259 visitare
1221 4203 1467 4274 dignatus
1487 4220 1545 4261 es
1564 4221 1661 4276 per
1678 4205 1895 4274 Filium,
1913 4221 2127 4279 semper

547 4292 799 4347 cantabo.

543 4382 580 4439 2
688 4383 755 4440 In
786 4389 1117 4456 generatione
1141 4397 1191 4444 et
1216 4392 1543 4460 generatione
1567 4405 1588 4446 :

687 4477 1022 4533 Anuuntiabo
1048 4482 1311 4536 veritatem
1342 4492 1486 4539 tuam
1516 4484 1570 4539 in
1601 4502 1689 4542 ore
1718 4502 1853 4543 meo.

2228 3287 2286 3334 et
2311 3276 2575 3335 habitavit
2603 3278 2657 3334 in
2686 3279 2842 3336 nobis
2868 3298 2880 3334 :
2913 3282 3262 3350 conﬁtentur,
3289 3299 3394 3340 non
3422 3284 3625 3357 ubique
3648 3288 3811 3358 (sicut

2226 3372 2499 3429 mirabilia
2525 3373 2643 3446 sua)
2689 3374 2785 3431 sed
2813 3375 2866 3431 in
2898 3376 3139 3434 Ecclesia
3185 3388 3534 3447 sanctorum,
3566 3381 3660 3437 ubi
3694 3397 3813 3438 cre-

2228 3464 2375 3521 ditur
2400 3464 2599 3521 veritas
2625 3464 2868 3536 impleta,
2893 3479 2947 3523 et
2969 3468 3204 3525 Verbum
3228 3485 3361 3527 caro
3392 3471 3618 3528 factum.
3646 3472 3690 3529 II
3718 3472 3810 3530 Vel

2227 3556 2456 3626 apostoli
2485 3558 2781 3628 praulieant
2809 3559 3077 3615 mirabilia
3108 3560 3161 3617 ln
3193 3561 3395 3617 Christi
3428 3561 3810 3623 Incarnatione

2225 3654 2284 3703 et
2309 3647 2559 3721 passione
2585 3659 2802 3706 ostensa
2830 3691 2845 3717 ,
2875 3661 2930 3707 et
2958 3666 3079 3722 quae
3102 3666 3202 3724 per
3230 3666 3355 3710 eum
3384 3654 3528 3712 facta
3557 3665 3723 3723 sunt,
3756 3657 3810 3713 in

2227 3742 2642 3815 congregatione
2667 3753 3000 3799 sanctorum.

2370 3836 2631 3904 Quoniam
2658 3838 2773 3910 quis
2805 3838 2860 3893 in
2890 3838 3111 3894 nubibus
3137 3841 3433 3913 regnabitur
3458 3843 3689 3904 Domino
3718 3864 3742 3905 :

2368 3928 2568 3984 Similis
2597 3930 2692 3984 erit
2725 3930 3027 3986 Domino'in
3047 3931 3172 4001 ﬁliis
3197 3932 3296 3987 Dei
3320 3935 3347 3990 2

2296 4019 2337 4078 C
2373 4020 2585 4078 Nubes:
2605 4020 2899 4092 prophetae,
2924 4023 3152 4093 apostoli
3180 4035 3235 4080 et
3254 4026 3647 4096 pnedicatores
3663 4039 3807 4100 sunt,

2225 4115 2316 4186 qui
2366 4131 2461 4187 per
2511 4115 2769 4186 Spiritum
2820 4126 3066 4173 sanctum
3109 4119 3334 4190 populos
3383 4124 3807 4195 complucbant;

2226 4209 2320 4264 sed
2357 4218 2535 4264 tamen
2578 4219 2737 4264 erant.
2777 4210 2997 4266 obnoxii
3030 4212 3082 4267 in
3110 4213 3226 4286 lege
3254 4218 3483 4286 peccati.
3521 4217 3635 4278 Nec
3674 4222 3810 4278 inter

2225 4300 2365 4357 ﬁlios
2411 4301 2537 4368 Dei,
2572 4301 2624 4356 id
2653 4310 2736 4357 est
2775 4312 3020 4372 sanctos,
3058 4306 3235 4376 potuit
3264 4308 3467 4366 habere
3520 4312 3805 4382 aequalem.

2225 4392 2491 4462 Quoniam
2516 4393 2603 4449 ille
2626 4408 2723 4465 per
2754 4403 3005 4452 naturam
3034 4385 3117 4453 est
3146 4396 3313 4456 Filius
3340 4400 3437 4458 Dei
3472 4419 3486 4457 :
3510 4405 3693 4461 sancti
3721 4419 3808 4462 ve-

2225 4500 2289 4541 ro
2322 4500 2420 4556 per
2460 4486 2723 4557 gratiam,
2764 4486 2865 4543 iste
2907 4490 3024 4546 sine
3063 4490 3246 4562 aliquo
3295 4505 3520 4565 peccato
3545 4514 3559 4552 :
3585 4496 3677 4554 isti
3714 4513 3808 4569 per

614 4566 655 4623 C
694 4567 747 4623 In
797 4570 1146 4640 generatione
1188 4580 1243 4628 et
1264 4576 1613 4645 generatione
1646 4594 1659 4632 :
1690 4578 1827 4636 duos
1852 4578 2123 4650 signiﬁcat
2147 4545 2203 4611 D
2228 4545 2402 4649 ipsum
2429 4545 2711 4649 avpeccato
2737 4582 3034 4651 probantur
3068 4545 3237 4640 exuti.

544 4654 795 4730 populos,
832 4656 1146 4728 Judaicum,
1171 4662 1395 4732 scilicet,
1425 4676 1482 4722 et
1506 4667 1759 4739 gentilem
1790 4686 1804 4723 :
1832 4670 2030 4742 quibus
2065 4685 2124 4728 se

551 4751 832 4807 veritatem
894 4755 1366 4823 pronuntiaturum
1409 4772 1531 4815 esse
1580 4767 1830 4816 testatur.
1877 4761 1944 4816 Et
1987 4762 2125 4819 bene

545 4845 747 4901 dictum
778 4853 902 4913 est,
932 4844 984 4901 in
1012 4861 1107 4902 ore
1134 4863 1255 4904 meo
1280 4866 1294 4904 :
1321 4849 1445 4920 quia
1467 4856 1611 4921 quod
1644 4866 1738 4907 ore
1761 4853 2119 4924 progreditur,

544 4936 652 4992 cito
682 4935 949 4992 delabitur
981 4940 1161 5009 :quod
1187 4954 1317 4997 vero
1360 4941 1414 4997 in
1461 4957 1555 4999 ore
1595 4952 1847 4999 versatur
1869 4945 2122 5011 ,‘diutina

544 5028 854 5085 celebratur
905 5030 1217 5089 devotione.
1249 5033 1294 5089 II
1327 5033 1541 5093 Veritas
1582 5036 1674 5092 illa
1730 5037 1978 5096 Christus
2020 5048 2125 5109 est,

545 5124 660 5179 sive
695 5124 1086 5199 promissiones
1109 5126 1221 5182 Dei.
1738 5122 1743 5125 ’

544 5213 581 5268 5
653 5212 917 5280 Quoniam
931 5216 1111 5272 dixisti
1129 5232 1143 5271 :
1161 5215 1226 5270 1η
1248 5226 1498 5274 aeternum
1516 5221 1875 5281 misericordia
1896 5224 2131 5296 aediﬁca-

764 5306 904 5360 bitur
924 5320 946 5361 .'

2262 4669 2297 4726 8
2367 4668 2511 4725 Deus
2543 4671 2634 4743 qui
2653 4672 2984 4744 gloriﬁcatur
3004 4676 3058 4730 in
3084 4677 3303 4733 consilio
3326 4689 3626 4736 sanctorum
3655 4694 3679 4737 .°

2370 4761 2596 4836 Magnus
2629 4774 2675 4818 et
2702 4764 2946 4821 terribilis
2982 4784 3139 4840 super
3169 4785 3345 4826 onmes
3372 4773 3463 4843 qui
3486 4774 3542 4829 in
3584 4774 3805 4832 circuitu

2442 4857 2560 4928 ejus
2580 4867 2721 4913 sunt.

2297 4946 2344 5003 Η
2382 4947 2424 5004 C
2461 4948 2580 5021 Ipse
2607 4949 2751 5005 enim
2789 4948 3076 5019 Dominus,
3130 4954 3221 5025 qui
3253 4957 3585 5027 praedicatur
3612 4974 3644 5016 a
3685 4974 3802 5017 san-

2226 5040 2367 5108 ctis,
2404 5055 2632 5110 magnus
2676 5041 2904 5110 dicitur,
2951 5047 3095 5116 quod
3117 5046 3258 5104 Deus
3302 5056 3426 5105 est:
3465 5051 3727 5107 terribilis
3772 5067 3803 5107 a

2224 5141 2493 5204 potestate
2516 5132 2771 5189 mirabili.
2794 5134 2895 5202 Qui
2927 5136 2981 5191 in
3009 5138 3237 5195 circuitu
3268 5139 3387 5209 ejus
3409 5151 3539 5198 sunt
3568 5163 3581 5198 :
3607 5144 3799 5210 sancti,
3847 5178 3855 5192 α

2225 5222 2452 5290 scilicet,
2478 5223 2570 5294 qui
2599 5224 2738 5279 dono
2775 5224 2947 5295 ipsius
2991 5226 3109 5298 ejus
3154 5230 3340 5302 gratia:
3382 5233 3799 5303 proximaiiiur’
3856 5218 3865 5268 ἒ

2225 5313 2351 5370 vita:
2376 5314 2685 5370 innocentia
2715 5325 2769 5375 et
2799 5317 3113 5374 sanctitate.
