3986 5412
161 239 265 298 529

1360 238 1721 298 EXPOSITIO
1754 237 2198 299 PSALMORUM.

3288 248 3393 307 530

161 355 544 421 dominantur;
575 361 632 410 tu
657 361 832 410 autem
858 353 965 409 illis
987 352 1148 411 rebus
1171 354 1431 425 imperas,
1455 355 1649 424 quibus
1677 363 1728 409 te
1755 360 1807 418 Α
1835 356 1900 412 15
1971 357 2333 414 Misericordia
2355 369 2400 414 et
2423 361 2609 415 veritas
2636 356 2923 431 prrtcedent
2951 361 3136 432 faciem
3166 373 3308 417 tuam
3331 377 3350 415 :
3381 369 3384 374 '

161 454 459 520 praestante
499 445 592 499 alii
624 444 864 515 praclari
911 453 1057 498 sunt.
1091 443 1169 498 Tu
1204 460 1272 499 ex
1309 453 1362 500 te
1403 456 1592 514 potens
1629 460 1726 509 es;

160 537 238 592 illi
283 551 383 606 per
411 545 488 590 te.
535 535 616 590 llli
648 536 700 590 in
731 535 958 589 veritate
1004 544 1090 590 tua
1123 535 1403 590 illuminati
1433 545 1592 603 sunt;
1636 536 1729 590 tibi

159 638 339 684 autem
366 627 579 682 veritas
604 635 694 681 tua
723 639 936 694 semper
968 626 1124 680 inest.

161 719 227 774 10
303 719 380 772 Tu
408 717 699 773 dominaris
725 716 965 786 potestati
994 715 1188 770 maris:

301 808 508 862 Motum
535 819 710 862 autem
741 809 995 877 ﬂuctuum
1021 807 1132 876 ejus
1159 817 1216 861 tu
1248 808 1477 878 mitigas.

226 899 275 955 Η
314 901 396 954 Tu
438 899 739 954 dominaris
789 899 1044 968 potestati
1086 898 1271 962 maris,
1327 899 1518 964 idest,
1575 897 1734 967 hujus

159 990 339 1047 saeculi
380 989 758 1060 potestatibus.
800 987 1002 1044 Motum
1076 997 1254 1042 autem
1280 1027 1298 1053 ,
1336 995 1442 1042 etc.
1471 1029 1486 1052 ,
1517 987 1734 1056 quando

158 1081 367 1136 feroces
389 1088 573 1133 motus
597 1077 1025 1147 persecutionum
1048 1076 1101 1130 in
1127 1086 1392 1146 martyres
1423 1084 1478 1131 et
1515 1085 1734 1132 sanctos

157 1186 254 1243 pro
275 1170 513 1224 utilitate
547 1176 854 1222 sanctorum
893 1167 1194 1231 convertis,
1227 1181 1290 1220 ac
1318 1166 1530 1234 mitigas
1554 1173 1732 1219 tenta-

159 1263 332 1317 tiones
371 1275 510 1330 quas
549 1265 887 1313 commovent
915 1257 1088 1312 servis
1127 1257 1232 1310 tuis
1255 1264 1646 1325 persecutores.
1692 1254 1734 1310 C

159 1354 298 1408 Dicit
336 1367 495 1416 vero,
528 1351 786 1420 mitigas:
818 1357 879 1403 ut
910 1348 1140 1403 tolerare
1167 1348 1375 1417 possint
1400 1387 1415 1412 ,
1448 1363 1554 1401 non
1602 1347 1734 1403 dicit

157 1442 330 1506 tollis;
364 1440 624 1510 quoniam
666 1439 711 1492 si
742 1453 864 1490 eum
908 1445 1114 1491 motum
1149 1438 1585 1504 persecutionum
1609 1435 1731 1489 fun-

156 1532 301 1584 ditus
333 1529 578 1590 tolleret.
613 1542 868 1582 coronam
910 1535 1176 1594 martyres
1205 1539 1311 1578 non
1339 1525 1620 1578 haberent.

162 1621 220 1673 11
302 1618 381 1671 Tu
406 1617 699 1670 humiliasti
724 1617 855 1669 sicut
880 1615 1207 1668 uulneratum
1233 1614 1509 1682 superbum
1534 1629 1553 1666 :

301 1706 368 1759 In
391 1706 603 1758 brachio
634 1705 840 1779 virtutis
866 1714 968 1757 tua:
997 1703 1288 1778 dispersisti
1320 1702 1558 1755 inimicos
1591 1709 1726 1756 tuos.
1759 1703 1805 1762 Β

228 1795 275 1850 ιι
307 1796 388 1849 Tu
433 1793 731 1849 humiliasti
760 1793 900 1846 sicut
931 1792 1266 1846 vulneratum
1305 1792 1595 1870 superbum
1617 1830 1634 1855 ,
1677 1791 1730 1845 id

156 1894 262 1949 est,
295 1884 588 1948 diabolum,
621 1883 790 1937 clavis
812 1891 916 1937 tua:
948 1883 1127 1938 crucis
1147 1881 1448 1936 sauciatum
1471 1889 1524 1936 et
1555 1881 1732 1935 humi-

159 1976 373 2040 liatum,
405 1975 517 2029 suis
538 1973 729 2044 spoliis
756 1973 1061 2028 abstractis.
1089 1972 1130 2026 C
1158 1971 1409 2026 Inimicos
1440 1988 1453 2024 :
1489 1969 1733 2025 inﬁdeles

155 2067 370 2122 Iudaeos
414 2064 544 2120 dicit
578 2079 594 2118 :
627 2063 722 2134 qui
765 2078 866 2132 per
913 2062 1226 2116 innumeras
1264 2069 1453 2130 gentes
1503 2059 1731 2129 dispersi

156 2163 303 2218 sunt,
349 2168 448 2225 per
495 2153 816 2220 brachium,
864 2152 919 2207 id
940 2160 1024 2207 est
1071 2166 1170 2222 per
1215 2151 1472 2207 virtutem
1520 2149 1735 2206 Domini

154 2245 382 2301 Christi.

158 2335 228 2390 12
301 2335 402 2390 Tui
420 2345 539 2391 sunt
569 2335 703 2401 coeli,
720 2344 769 2389 et
795 2343 887 2389 tua
899 2342 974 2388 est
1007 2343 1147 2388 terra
1170 2349 1191 2387 .°
1217 2331 1389 2386 orbem
1415 2346 1477 2387 -ι-
1500 2342 1651 2387 terra:
1678 2328 1708 2403 ζ

367 2435 416 2481 et
441 2425 816 2496 plenitudinem
837 2425 950 2494 ejus
973 2432 1029 2477 tu
1051 2422 1325 2491 fundasti:

296 2518 606 2589 Aquilonem
634 2527 681 2570 et
706 2532 850 2570 mare
876 2525 930 2568 tu
953 2515 1160 2568 creasti.

227 2611 271 2667 C
316 2610 524 2666 Sensus
552 2610 708 2664 istius
735 2606 986 2662 versiculi
1019 2607 1141 2660 talis
1177 2613 1262 2660 est
1287 2619 1302 2658 :
1327 2619 1426 2660 cur
1451 2605 1736 2660 voluerunt

157 2700 307 2756 stulti
332 2699 390 2754 in
417 2707 470 2754 te
499 2699 710 2763 smvire,
742 2698 796 2751 in
836 2697 939 2751 hoc
967 2695 1191 2761 mundo,
1218 2695 1372 2764 cujus
1402 2704 1457 2750 tu
1486 2695 1739 2750 fundator

157 2805 236 2856 es,
259 2789 511 2844 Christe?
531 2786 688 2842 Orbis
710 2795 978 2840 terrarum
1014 2785 1240 2854 pertinet
1266 2784 1331 2838 ad
1357 2785 1520 2840 totius
1552 2785 1735 2839 mundi

158 2879 391 2950 spatium
417 2895 431 2933 :
471 2878 746 2948 plenitudo
773 2875 908 2945 ejus,
940 2877 1006 2930 ad
1027 2890 1214 2931 omnes
1242 2885 1518 2931 creaturas
1538 2891 1658 2946 qua:
1683 2877 1737 2930 in

157 2986 220 3025 eo
251 2980 399 3026 sunt.
424 2969 531 3024 Per
551 2968 856 3038 aquilonem
882 2966 1152 3022 diabolum
1177 2966 1544 3038 intellige,qui
1569 2968 1731 3022 dixit:

1969 443 2164 500 Beatus
2187 446 2407 516 papulas
2427 449 2515 518 qui
2539 450 2635 502 scit
2654 447 3039 518 jubilationem.

1901 535 1943 590 C
1971 535 2334 591 Misericordia
2358 549 2462 602 est,
2490 553 2595 606 qua
2632 539 2802 607 parcit
2826 539 3132 594 conversis:
3162 539 3396 604 veritas,

1831 640 1938 695 qua
1970 627 2233 695 promissa
2263 629 2518 682 restituit.
2550 630 2746 684 Beatus
2775 630 3000 700 populus
3020 637 3103 684 est
3127 630 3216 698 qui
3245 630 3395 684 intel-

1831 714 1949 783 ligit
1977 702 2187 770 vel'scit
2212 715 2602 785 jubilationem,
2635 718 2687 770 id
2714 728 2816 781 est,
2842 718 2931 785 qui
2965 719 3278 771 immensam
3306 715 3398 771 ιω.

1833 805 2002 860 titiam
2030 819 2203 868 suam,
2237 821 2341 859 non
2371 805 2423 858 in
2451 807 2681 875 propriis
2709 807 2931 870 viribus,
2962 806 3056 860 sed
3097 807 3149 860 in
3189 807 3282 861 Dei
3309 820 3398 860 co-

1833 897 2111 966 gnoscitur
2131 897 2374 966 posuisse
2397 897 2613 951 virtute.
2639 895 2891 950 Jubilatio
2911 905 2994 950 est
3014 897 3230 965 copiosa
3249 912 3400 951 men-

1832 988 1902 1042 tis
1926 988 2235 1050 exsultatio,
2267 995 2386 1056 qn‘a:
2410 987 2588 1042 verbis
2613 986 2865 1055 explicari
2892 1002 2996 1040 non
3025 995 3202 1054 potest

1834 1097 1900 1152 16
1972 1098 2134 1162 Deus,
2163 1099 2215 1150 in
2235 1097 2429 1151 lumine
2451 1098 2618 1152 rullus
2644 1081 2720 1150 tui
2740 1083 3078 1152 ambulabunt
3096 1111 3118 1150 :

1973 1189 2039 1241 Et
2062 1190 2117 1240 in
2140 1189 2344 1241 nomine
2363 1198 2452 1241 tuo
2481 1187 2812 1241 exsultabant
2833 1195 2940 1240 tota
2960 1187 3044 1240 die
3065 1199 3088 1237 :

1975 1277 2041 1331 Et
2065 1281 2119 1333 in
2132 1280 2344 1349 justitia
2365 1291 2454 1332 tua
2477 1279 2865 1333 exaltabunmr.

1901 1370 1943 1426 C
1967 1369 2118 1424 Nunc
2144 1372 2295 1439 ponit
2322 1371 2550 1440 primum
2579 1385 2764 1424 eorum
2803 1369 2895 1439 qui
2934 1368 3108 1424 sciunt
3130 1369 3398 1440 iubilatio-

1832 1476 1975 1517 nenz.
2003 1460 2259 1516 Ambulat
2301 1460 2354 1514 in
2393 1460 2592 1514 lumine
2619 1461 2798 1514 vultus
2832 1459 2946 1526 ejus
2974 1460 3198 1530 populus
3240 1459 3400 1514 Cln'i-
3459 1477 3462 1480 '

1831 1552 2038 1605 stianus
2063 1591 2078 1615 ,
2115 1566 2236 1605 cum
2274 1550 2328 1604 in
2380 1537 2829 1619 contemplatione
2875 1560 3074 1604 sanctae
3121 1550 3402 1604 Trinitatis

1827 1640 2029 1710 iugiter
2070 1649 2417 1711 perseverat:
2454 1655 2575 1694 cum
2609 1655 2738 1694 vero
2767 1639 2915 1705 dicit,
2947 1641 2998 1693 in
3031 1629 3245 1694 nomine
3274 1651 3396 1703 tuo,

1833 1739 1980 1784 vetat
2023 1730 2077 1784 in
2115 1731 2335 1800 propria
2365 1731 2780 1799 praesumptione
2816 1730 3068 1801 gaudere.
3112 1730 3247 1784 Tota
3278 1730 3396 1792 die.

1833 1821 1998 1874 totius
2026 1820 2147 1874 vita:
2177 1829 2384 1890 tempus
2407 1821 2662 1902 ostendit.
2697 1820 3090 1901 ‘Exaltabuntur
3117 1821 3168 1875 in
3192 1819 3401 1888 iustitia

1829 1912 1950 1975 Dei,
1977 1911 2192 1981 quando
2216 1913 2268 1966 in
2293 1910 2379 1965 illa
2402 1899 2796 1968 resurrectione
2819 1913 2886 1968 ad
2908 1913 3181 1968 dexteram
3203 1911 3402 1966 fuerint

1829 2000 2099 2056 collocati.
3391 2017 3394 2027 τ

1832 2108 1897 2163 17
1973 2109 2109 2174 Quia
2137 2108 2302 2180 gloria
2327 2109 2526 2166 virtutis
2553 2126 2730 2165 eorum
2755 2121 2809 2164 ta
2839 2116 2929 2165 es:

1975 2196 2042 2252 Et
2074 2200 2127 2252 in
2148 2199 2461 2270 beneplacilo
2485 2210 2574 2253 tuo
2593 2201 2908 2255 exaltabitur
2925 2217 3084 2256 cornu
3111 2211 3366 2256 nostrum.
3402 2257 3406 2268 ,

1903 2289 1948 2343 il
1977 2289 2129 2344 Sicut
2157 2290 2299 2343 enim
2329 2289 2409 2345 eis
2445 2289 2777 2359 beneplacita
2825 2289 3043 2344 fuerunt
3073 2299 3160 2344 tua
3199 2305 3405 2359 prame-

1832 2389 1967 2451 pta:
2007 2380 2081 2435 ita
2119 2380 2214 2434 tibi
2255 2379 2646 2448 beneplacitum
2686 2388 2768 2433 est
2795 2379 2847 2432 in
2874 2381 2980 2446 eis,
3008 2390 3068 2433 ut
3093 2381 3146 2434 in
3180 2391 3228 2434 te
3253 2381 3401 2436 exal-

1837 2480 1981 2526 tetur
2007 2484 2199 2533 cornu,
2230 2469 2281 2523 id
2305 2478 2390 2522 est
2418 2469 2588 2523 virtus
2615 2482 2802 2524 eorum

1836 2565 1904 2620 18
1979 2563 2115 2629 Quia
2141 2562 2351 2616 Domini
2377 2571 2451 2616 est
2475 2563 2758 2630 assumptio
2788 2563 2856 2632 >θ<
2879 2570 3055 2616 nostra
3108 2562 3126 2631 ξ
3159 2576 3178 2616 :

1975 2655 2041 2708 Et
2063 2656 2229 2709 sancti
2254 2653 2424 2707 Israel
2450 2655 2580 2724 regis
2604 2654 2788 2707 nostri.

1904 2766 1947 2822 C
1973 2765 2170 2821 Nostra
2192 2763 2334 2818 enim
2366 2763 2662 2832 assumptio
2709 2763 2919 2818 Domini
2963 2771 3044 2818 est
3069 2763 3394 2828 lncarnatio,

1837 2871 1955 2926 quae
1977 2871 2008 2909 a
2037 2864 2227 2910 sancto
2255 2853 2418 2908 lsrael
2461 2855 2718 2923 probatur
2757 2853 2995 2924 impleta,
3023 2854 3075 2908 in
3107 2870 3210 2924 qua
3254 2871 3404 2925 spem

1838 2939 2120 3011 habentes,
2143 2947 2208 3002 de
2234 2944 2498 3015 profundo
2522 2954 2860 3014 peccatorum
2883 2946 3138 3016 erigimur
3157 2963 3400 3003 sursum:

157 3060 357 3116 ponam
387 3061 574 3116 sedem
600 3033 780 3114 'meam
812 3059 880 3113 ad
899 3058 1202 3129 aquilonem
1247 3033 1380 3130 (ιδαί
1410 3033 1542 3128 HQ).
1563 3059 1606 3113 η
1639 3061 1734 3116 vel
1761 3043 1805 3104 ρ
1836 3037 1960 3091 dum
1990 3036 2156 3105 ipsius
2183 3033 2553 3090 misericordia
2579 3034 2908 3099 sublevante,
2939 3037 2990 3090 in
3018 3045 3219 3091 :eterna
3243 3037 3407 3092 collo-

156 3150 574 3218 Antichristum,
595 3150 661 3205 de
688 3164 793 3220 quo
821 3149 898 3202 ait
926 3146 1182 3202 Dominus
1207 3149 1272 3203 ad
1299 3149 1586 3203 .leremiam
1613 3168 1626 3202 :
1651 3149 1732 3204 Ab

156 3241 408 3310 aquilone
449 3239 715 3309 pandetur
742 3254 905 3293 omne
933 3237 1130 3292 malum
1175 3237 1318 3308 (Jer.
1351 3240 1420 3309 l).
1466 3238 1507 3294 C
1544 3239 1729 3294 Mare:

157 3331 338 3385 saeculi
371 3330 534 3399 hujus
579 3331 745 3386 elatas
784 3339 838 3384 et
870 3330 1086 3400 iniquas
1111 3327 1388 3384 hominum
1419 3340 1727 3400 potestates.

157 3420 415 3476 Creatura
450 3422 596 3476 enim
628 3436 732 3476 non
765 3422 925 3476 debet
969 3422 1248 3490 superbire
1283 3420 1561 3488 Creatori,
1607 3423 1730 3492 quia

157 3511 224 3565 ab
253 3526 318 3567 eo
346 3519 529 3567 creata
557 3525 660 3567 εει.

157 3603 222 3656 13
297 3603 508 3656 Thabor
545 3613 593 3657 et
637 3600 866 3657 Hermon
893 3616 953 3657 -εν
984 3603 1042 3655 in
1071 3599 1091 3672 ζ
1122 3601 1328 3657 nomine
1370 3612 1460 3656 tuo
1499 3602 1732 3657 exsulta-

368 3692 494 3745 bant
523 3707 544 3745 :

298 3780 473 3835 Tuum
498 3781 770 3834 brachium
795 3796 912 3835 cum
931 3783 1184 3850 potentia.

226 3877 265 3931 C
297 3875 342 3930 ll
375 3874 591 3930 Thabor
619 3875 1029 3945 interpretatum
1056 3875 1252 3930 dicitur
1288 3875 1493 3929 veniens
1519 3877 1733 3930 lumen:

160 3967 296 4036 quod
330 3965 640 4036 specialiter
669 3965 904 4033 pertinet
933 3963 1000 4018 ad
1034 3965 1321 4018 adventum
1350 3964 1464 4019 Dei.
1503 3965 1735 4019 llernton

160 4070 285 4110 vero
311 4056 590 4109 anathema
621 4054 758 4123 ejus.
800 4053 855 4107 id
908 4062 992 4108 est
1032 4053 1266 4109 diaboli:
1299 4054 1444 4122 quod
1489 4055 1736 4111 veniente

162 4143 387 4199 Domino
414 4143 646 4213 suscepit
674 4160 703 4198 a
729 4142 1074 4198 Christianis.
1104 4144 1330 4214 Dignum
1353 4145 1496 4198 enim
1521 4145 1648 4210 fuit,
1680 4155 1738 4200 ut

162 4245 423 4304 praesente
457 4235 681 4301 lumine,
720 4236 1038 4290 tenebrosus
1061 4234 1304 4289 diabolus
1342 4235 1623 4289 anathema
1653 4251 1738 4308 es-

1834 3142 2022 3182 camur
2047 3125 2260 3195 gaudia.

1835 3237 1902 3293 19
1976 3235 2120 3290 Tunc
2144 3236 2345 3290 locutus
2366 3251 2418 3289 es
2442 3237 2497 3288 in
2522 3234 2711 3289 visione
2733 3235 2922 3289 sanctis
2950 3235 3052 3289 tuis
3077 3244 3126 3288 et
3153 3236 3334 3289 dixisti
3354 3252 3374 3289 :

1976 3325 2140 3380 Posui
2159 3325 2480 3394 adjutorium
2502 3325 2555 3378 in
2575 3335 2778 3395 potente
2799 3339 2819 3378 :
2843 3338 2902 3378 -ι-
2926 3334 2973 3378 et
3004 3324 3027 3396 ξ
3055 3324 3279 3380 exaltari
3299 3325 3408 3380 ele-

2043 3426 2180 3470 ctam
2201 3415 2265 3468 de
2285 3415 2428 3486 plebe
2451 3430 2586 3468 mea.

1903 3518 1946 3585 C
1975 3527 2125 3585 Nunc
2150 3529 2344 3584 iterum
2374 3529 2634 3598 propheta
2662 3527 2730 3583 ad
2759 3526 2978 3582 Patrem
3009 3528 3266 3598 loquitur.
3301 3527 3406 3583 Lo-

1833 3631 1992 3678 cutus
2037 3633 2122 3676 est
2164 3621 2308 3676 Deus
2337 3621 2613 3689 prophetis
2646 3620 2974 3690 reliquisque
3016 3621 3217 3675 sanctis
3247 3621 3300 3674 in
3325 3617 3411 3674 vi-

1835 3713 2021 3777 sione,
2066 3712 2190 3767 dum
2223 3726 2317 3766 eos
2343 3711 2469 3766 fecit
2495 3710 2736 3779 aspicere
2776 3727 2896 3780 quae
2937 3711 3222 3766 dicebant:
3264 3711 3407 3765 unde

1836 3801 2080 3856 videntes
2102 3799 2353 3870 appellati
2377 3808 2519 3854 sunt.
2544 3799 2730 3854 Posuit
2759 3800 3104 3870 adiutorium,
3137 3801 3190 3855 id
3229 3809 3313 3854 est
3340 3815 3405 3854 ac

1837 3893 1880 3947 si
1923 3891 2163 3946 diceret:
2207 3890 2363 3945 Pater
2390 3890 2662 3959 perhibuit
2688 3892 3050 3945 testimonium
3087 3891 3322 3960 potenti,
3352 3891 3403 3942 id

1835 3993 1920 4038 est
1944 3982 2116 4044 Filio,
2158 3982 2380 4036 dicens:
2429 3981 2732 4036 Clarilicavi
2775 3991 2830 4035 et
2857 3981 3053 4035 iterum
3096 3981 3404 4036 clariﬁcabo

1838 4069 2018 4138 (Joan.
2046 4071 2165 4139 xu).
2190 4069 2431 4125 Eleaturn
2453 4069 2583 4125 dicit
2608 4069 2788 4124 Jesum
2816 4070 3119 4124 Christum:
3144 4071 3207 4123 de
3228 4069 3405 4138 plebe,

1838 4164 1904 4218 de
1931 4171 2088 4232 gente.
2111 4160 2438 4216 Judzeomm.
2471 4158 2560 4215 Vel
2600 4170 2786 4231 potens
2821 4175 3016 4230 corpus
3037 4161 3289 4217 Ecclesiae
3323 4162 3408 4216 di-

1839 4255 2011 4319 citur,
2064 4268 2225 4322 super
2257 4269 2419 4323 quam
2448 4253 2720 4308 Christum
2748 4252 2925 4321 posuit
2953 4268 3160 4322 regere.
3195 4251 3288 4308 Vel
3315 4252 3334 4323 (
3352 4263 3412 4306 ut

163 4333 274 4389 set;
308 4325 450 4378 unde
478 4324 825 4379 exsultabant
871 4325 921 4376 in
969 4325 1184 4378 nomine
1226 4323 1318 4377 Dei
1362 4325 1557 4379 sancti.
1603 4326 1732 4379 Bra-

1845 4345 1939 4399 alia
1971 4344 2252 4400 translatio
2284 4344 2476 4412 habet)
2525 4344 2577 4397 in
2618 4344 2701 4398 vel
2737 4357 2897 4411 super
2931 4351 3225 4412 potentem.
3275 4344 3320 4398 ll
3353 4344 3411 4399 ld

163 4412 338 4466 cbium
369 4428 489 4467 cum
516 4413 755 4482 potentia
786 4411 1036 4467 Christus
1061 4420 1164 4477 est,
1201 4412 1290 4480 qui
1324 4409 1451 4466 facit
1481 4427 1600 4482 quae
1624 4415 1735 4469 vult

164 4501 214 4554 in
237 4501 377 4558 celo
401 4513 456 4556 et
476 4502 527 4556 in
559 4511 724 4556 terra.
759 4500 1042 4554 llluminati
1065 4500 1228 4570 igitur
1248 4516 1278 4554 a
1312 4511 1364 4557 te
1387 4509 1442 4556 et
1462 4501 1732 4559 diabolum

163 4591 532 4644 abominantes
580 4590 936 4644 exsultabant
986 4589 1038 4644 in
1079 4590 1294 4644 nomine
1323 4599 1442 4655 tuo,
1485 4589 1579 4645 tibi
1623 4592 1734 4661 glo-

165 4681 296 4735 riam
327 4683 536 4735 dantes.

164 4771 227 4824 Η
297 4769 564 4824 Firmetur
591 4787 782 4826 manus
811 4781 926 4833 tua,
954 4781 1001 4824 et
1027 4778 1285 4827 exaltelur
1305 4773 1518 4826 dextera
1539 4783 1628 4827 tua
1649 4792 1669 4829 :

298 4859 510 4914 Iustitia
533 4871 578 4914 et
593 4860 864 4930 judicium
885 4863 1198 4930 praparalio
1220 4862 1355 4916 sedis
1379 4873 1503 4915 (utr.

229 4948 274 5004 ll
302 4950 574 5005 Firmetur
603 4967 821 5013 manus,
851 4950 905 5002 id
929 4959 1033 5014 est,
1062 4967 1223 5022 opera
1252 4968 1369 5021 qua:
1401 4951 1532 5006 lacis
1557 4953 1608 5008 in
1634 4956 1735 5014 hoc

165 5040 371 5095 mundo.
401 5040 443 5096 C
469 5040 757 5096 Exaltetur
786 5041 1030 5100 dextera,
1061 5041 1110 5095 id
1143 5049 1258 5106 est,
1286 5041 1610 5099 clariﬁcetnr
1638 5063 1737 5100 nu-

168 5142 332 5185 merus
356 5131 896 5200 praedestinatorum,
922 5129 1008 5194 qui
1036 5141 1119 5185 est
1157 5132 1223 5186 ad
1269 5133 1541 5186 dexteram
1569 5135 1731 5192 col'o-

164 5222 369 5277 candus.
401 5222 574 5277 Sedes
600 5223 822 5291 quidem
845 5217 949 5292 Dei
976 5223 1299 5291 sempiterna
1327 5232 1410 5276 est
1434 5233 1487 5276 et
1515 5239 1727 5296 semper

157 5321 487 5383 praeparata,
549 5311 644 5365 sed
696 5319 831 5362 tunc
892 5307 1043 5361 nobis
1104 5313 1380 5381 apparebit
1429 5328 1724 5381 prmium“

1839 4447 1924 4494 est
1943 4437 2235 4504 diabolum,
2257 4446 2316 4492 ut
2345 4446 2530 4494 contra
2555 4438 2640 4491 vel
2675 4451 2836 4506 super
2869 4434 3138 4491 diabolum
3168 4436 3376 4508 positus
3397 4478 3411 4502 ,

1839 4531 2166 4602 opprimeret
2191 4529 2494 4600 superbiam
2521 4527 2656 4596 ejus.

1838 4639 1908 4694 20
1979 4639 2180 4705 Inveni,
2212 4639 2396 4703 Dauid,
2419 4655 2619 4694 serram
2649 4625 2818 4695 meum
2842 4655 2860 4691 :

1982 4731 2106 4786 Olco
2134 4742 2312 4786 sancto
2344 4749 2454 4786 meo
2479 4731 2602 4784 anxi
2624 4748 2763 4785 e:.m.

1909 4823 1950 4877 (Σ
1977 4821 2111 4876 Cum
2140 4823 2270 4877 dicit
2288 4829 2319 4884 ,'
2341 4823 2523 4876 inveni
2549 4821 2718 4877 David
2745 4863 2759 4884 ,
2799 4817 2976 4873 Jesnm
3004 4819 3273 4872 Christum
3298 4833 3418 4872 cvi-

1840 4916 2033 4971 denter
2059 4917 2313 4973 insinuat.
2357 4930 2514 4984 quem
2538 4917 2785 4983 superius
2811 4918 3079 4986 potentem
3109 4899 3422 4979 appellavit,

1838 5016 1894 5061 et
1929 5009 1996 5063 de
2039 5021 2144 5075 quo
2173 5005 2301 5061 alibi
2331 5007 2528 5060 dicitur
2558 5019 2572 5057 :
2601 5005 2773 5061 Unxit
2807 5013 2858 5056 te
2898 5002 3037 5054 Deus
3079 4999 3194 5054 oleo
3224 4998 3430 5053 laetitia:

1840 5097 2014 5167 (Psal.
2048 5099 2213 5170 κων).

1836 5212 1900 5266 21
1982 5211 2173 5265 Manus
2195 5211 2333 5266 enim
2362 5228 2474 5264 mea
2505 5209 2855 5265 auxiliabitur
2879 5203 2963 5256 ei:

1983 5301 2050 5354 Et
2075 5301 2344 5354 brachium
2373 5314 2541 5354 meum
2568 5293 2900 5369 conﬁrmabit
2925 5304 3061 5341 eum.
