3986 5412
569 297 672 363 ῥὸι

573 420 644 474 2-2
720 414 869 473 Nihil
892 410 1608 482 proﬁcietinimicusrnw:
1668 456 1671 459 .

713 507 785 561 Et
810 506 952 576 ﬁlius
982 502 1277 573 iniquitatis
1302 517 1408 556 non
1427 511 1649 572 apponet
1666 517 1875 557 nocere
1892 517 2030 556 eum.

570 643 581 665 ,
642 600 684 655 C
710 597 851 652 Nihil
877 594 1127 667 proﬁciet
1154 593 1427 659 inimicus,
1467 582 1930 657 idest'dlaholus,
1958 591 2051 662 qui
2077 598 2160 646 est
2236 632 2243 639 .

569 695 857 762 protervus
910 688 1164 743 inimicus
1215 686 1592 741 humanitatis.
1641 684 1811 740 Filius
1859 684 2158 754 iniquitatis

567 782 673 836 fuit
697 778 865 834 ludas
893 776 1145 841 traditor,
1179 776 1270 845 qui
1317 775 1460 830 ﬁlius
1502 774 1701 829 diaboli
1736 774 1928 829 merito
1953 787 2158 829 nuncu-

1532 291 1586 345 s.
1626 283 2538 348 BRUNONIS'llERBiPOLENSlS
2573 264 2853 345 EPISCOP

2160 409 2232 468 ,Δ
2258 404 2328 460 30
2399 405 2723 475 Sanutcm
2752 406 2781 476 ’ζ
2805 400 3177 475 “reliquerint
3188 404 3422 473 ﬁlii‘eylis
3443 405 3608 475 tegent
3632 394 3839 457 meum:

3691 278 3839 342 τεθῇ

2404 494 2474 548 Et
2495 497 2549 549 in
2561 495 2779 565 judiciis
2797 495 2926 549 meis
2950 508 3051 549 non
3078 492 3474 548 ambulaverint.

2331 590 2377 644 C
2404 590 2514 644 llos
2538 589 2671 644 duos
2695 604 2883 643 versus
2903 588 3033 643 dicit
3056 588 3123 643 de
3142 588 3338 658 populo
3357 587 3690 642 Christiano.
3715 586 3840 641 Fiﬁi

2260 682 2403 736 enim
2448 682 2701 736 dicuntur
2740 680 3031 736 Christiani
3068 679 3322 750 quoniam
3362 677 3603 734 Ecclesia
3628 686 3806 731 matre

2242 764 2324 830 ex
2352 792 2490 844 aqua
2517 785 2571 831 et
2604 775 2805 846 Spiritu
2831 783 3018 831 sancto
3046 779 3400 845 regenerantu
3412 785 3459 823 ι’.
3521 831 3535 843 ,

572 881 753 943 patur,
793 871 886 942 qui
918 878 1002 924 est
1027 875 1217 925 auctor
1244 868 1424 923 omnis
1454 866 1757 936 iniquitatis
1783 883 1795 919 :
1844 867 1935 936 qui
1977 866 2158 922 inten-
2262 868 2326 923 51
2405 869 2463 924 Si
2481 870 2719 939 justitias
2748 884 2888 923 meas
2916 868 3348 938 profanaverint:

566 963 709 1018 tioai
741 960 944 1018 Christi
980 960 1035 1015 in
1062 958 1207 1013 nullo
1234 966 1554 1013 nocuerunt.

571 1054 642 1108 25
716 1049 786 1106 Et
822 1051 1094 1106 concidam
1124 1066 1158 1102 α
1187 1048 1322 1119 facie
1345 1048 1460 1118 ejus
1489 1048 1724 1102 inimicos
1758 1047 1874 1117 ejus
1896 1062 1916 1102 :

713 1141 783 1195 Et
815 1142 1045 1210 odientes
1065 1155 1181 1193 eum
1213 1139 1268 1191 in
1294 1136 1472 1207 fugam
1502 1146 1814 1191 convertam.

641 1235 682 1290 C
717 1233 908 1295 Facies
951 1233 1096 1287 enim
1142 1229 1362 1293 Christi,
1411 1244 1533 1283 cum
1573 1237 1890 1296 peccatores
1937 1227 2152 1298 dignata

573 1322 736 1379 fuerit
763 1323 982 1387 intueri,
1021 1336 1052 1375 a
1090 1321 1203 1375 suis
1228 1318 1582 1389 pravitatibus
1609 1316 1980 1373 conciduntur.
2009 1318 2152 1373 Con-

574 1423 857 1479 vertuntur
885 1427 1099 1484 quoque
1128 1412 1181 1466 in
1218 1411 1398 1481 fugam
1443 1428 1455 1464 :
1490 1410 1705 1480 quando
1732 1409 1894 1479 impia
1924 1409 2033 1471 vita
2058 1410 2152 1462 dc-

576 1506 786 1572 relicta,
811 1506 879 1560 ad
910 1504 1113 1559 Christi
1143 1502 1409 1572 eruperint
1435 1500 1694 1556 festinare
1722 1499 1977 1555 remedia.
2018 1498 2154 1553 Pec-

575 1600 681 1655 cati
706 1599 850 1655 enim
876 1612 1144 1653 memores
1171 1610 1266 1650 sua
1287 1594 1428 1650 facta
1451 1593 1743 1663 refugiunt,
1765 1600 1818 1647 et
1848 1591 1915 1653 ad
1937 1589 2149 1645 Domini

575 1690 835 1763 beneﬁcia
861 1696 1267 1745 convertuntur.

573 1780 643 1834 24
713 1778 782 1833 Et
811 1779 999 1832 veritas
1024 1793 1140 1831 mea
1166 1784 1211 1829 et
1237 1773 1596 1828 misericordia
1626 1788 1740 1826 mea
1763 1787 1879 1825 cum
1908 1771 2019 1840 ipso
2044 1786 2063 1824 :

578 1846 581 1849 ἢ
711 1868 779 1922 Et
810 1868 865 1921 in
896 1866 1102 1921 nomine
1130 1880 1242 1919 meo
1264 1861 1583 1916 excitabitur
1606 1876 1768 1914 cornu
1796 1860 1934 1929 ejus.

574 2016 581 2023 ,
643 1958 685 2015 C
711 1958 926 2013 Veritas
952 1956 1132 2011 Patris
1160 1964 1244 2023 est
1267 1954 1454 2022 Filius.
1491 1953 1735 2009 Pertinet
1765 1952 1867 2006 hoc
1910 1951 1977 2005 ad
2010 1950 2152 2021 judi-

568 2054 714 2110 cium
740 2071 753 2106 :
800 2048 1172 2106 misericordia
1203 2062 1332 2102 vero
1371 2046 1438 2101 ad
1469 2045 1743 2115 pietatem,
1775 2044 1899 2113 quia
1929 2050 2152 2112 peccata

573 2142 812 2199 dimittit.
838 2140 1017 2197 Cornu
1049 2136 1319 2209 signiﬁcat
1348 2135 1757 2191 invictissimam
1787 2142 2146 2203 potestatem:

578 2239 644 2292 de
671 2251 775 2305 qua
807 2234 968 2297 dicit,
1001 2233 1142 2287 Data
1170 2239 1250 2286 est
1283 2229 1415 2284 mihi
1459 2227 1634 2282 omnis
1656 2235 1893 2296 potestas
1925 2223 2147 2304 (Matth;

572 2343 738 2395 sunt
755 2326 797 2397 ).
828 2325 871 2379 ll
898 2324 994 2379 γει
1025 2324 1223 2379 veritas
1245 2320 1493 2376 Christus
1517 2336 1531 2373 :
1562 2333 1684 2389 quae
1710 2332 1740 2371 a
1762 2317 1924 2371 Patre
1946 2316 2153 2372 audivit

572 2418 782 2487 locutus
806 2426 906 2474 est.
940 2413 1332 2479 Misericordia,
1363 2412 1486 2482 quia
1515 2418 1671 2465 sanat
1699 2408 1943 2465 inﬁrmos
1971 2418 2150 2485 mente

572 2521 625 2566 et
651 2525 894 2580 corpore.
927 2508 1142 2564 Cornu:
1184 2504 1444 2561 fortitudo
1465 2500 1716 2559 Ecclesia:
1747 2501 1864 2573 ejus
1890 2502 2149 2577 sanguine

570 2601 865 2669 redempta}
886 2598 1102 2653 dicitur.

568 2689 640 2743 25
711 2686 778 2740 Et
807 2682 997 2757 ponam
1019 2687 1072 2739 in
1102 2685 1235 2738 mari
1263 2698 1475 2738 manum
1503 2682 1615 2751 ejus
1637 2696 1656 2733 :

713 2775 781 2830 Et
810 2777 865 2829 in
882 2775 1186 2840 ﬂuminibus
1208 2774 1473 2827 dexteram
1501 2773 1634 2840 ejns.

641 2870 681 2922 C
712 2868 858 2921 Mare
886 2864 1153 2936 signiﬁcat
1183 2864 1460 2918 universas
1491 2869 1697 2933 gentes,
1726 2861 1780 2914 in
1810 2860 2003 2930 quibus
2029 2856 2145 2915 Sal-

568 2968 728 3014 vator
752 2964 938 3011 noster
966 2955 1190 3027 gloriam
1235 2952 1617 3009 dominationis
1655 2952 1881 3022 accepit.
1916 2949 1961 3004 ll
1991 2951 2058 3005 Et
2090 2951 2146 3006 in

571 3049 914 3114 ﬂuminibus,
961 3048 1014 3102 id
1053 3056 1166 3109 est,
1211 3062 1366 3116 super
1408 3044 1742 3114 principatus
1769 3054 1823 3098 et
1852 3050 2145 3114 potestates

2386 950 2469 1013 Et
2494 961 2744 1013 mandata
2768 975 2882 1013 mea
2905 974 3007 1012 non
3029 957 3387 1013 custodierint.

2326 1049 2368 1104 C
2412 1045 2468 1104 Si
2510 1048 2748 1117 justitias
2789 1047 3025 1109 Christi,
3056 1046 3108 1100 id
3145 1052 3261 1109 est,
3299 1043 3554 1098 mandata
3582 1038 3703 1111 eius
3732 1056 3839 1096 non

2257 1139 2611 1196 custodierint
2634 1153 2796 1209 supra
2829 1137 3089 1193 nominati
3121 1135 3214 1191 ﬁlii
3241 1177 3257 1201 ,
3290 1135 3344 1190 in
3381 1122 3840 1204 subsequentibus

2253 1234 2334 1287 eis
2362 1231 2519 1303 digna
2544 1232 2879 1301 promittitur
2903 1230 3121 1285 evenire
3145 1228 3401 1283 vindicta.

2253 1323 2335 1378 3?;
2402 1322 2632 1377 Visitabo
2666 1322 2719 1375 in
2751 1322 2893 1391 virga
2918 1320 3217 1390 iniquitates
3247 1335 3423 1373 eorum
3452 1333 3471 1370 :

2396 1416 2463 1470 Et
2493 1416 2547 1470 in
2574 1412 2866 1469 verberibus
2890 1423 3101 1484 peccata
3126 1414 3327 1466 eorum.

2244 1516 2251 1525 '
2322 1507 2364 1563 C
2404 1505 2599 1560 Visitat
2639 1505 2691 1559 in
2726 1505 2878 1574 virga
2906 1544 2921 1569 ,
2974 1503 3188 1573 quando
3225 1501 3469 1556 districte
3504 1499 3737 1569 iudicat,
3782 1507 3843 1553 ut

2248 1598 2538 1669 Apostolus
2577 1596 2685 1663 ait,
2726 1595 2863 1663 Quid
2887 1595 3072 1663 vultis,
3096 1596 3152 1650 in
3178 1595 3325 1664 virga
3350 1591 3563 1648 veniam
3609 1592 3679 1646 ad
3708 1591 3842 1647 vosl

2251 1688 2299 1760 (l
2328 1680 2449 1743 Cor.
2481 1689 2577 1757 tv.)
2608 1685 2800 1741 Visitat
2825 1701 3038 1757 quoque
3064 1686 3118 1739 in
3152 1683 3491 1755 verberibus,
3538 1682 3758 1751 quando
3786 1682 3840 1735 in

2174 1747 2225 1806 Β
2247 1747 2410 1833 nobis
2446 1747 2615 1831 levius
2637 1747 3112 1845 vindicatusquod
3147 1748 3534 1844 delinquimus.
3556 1747 3664 1829 -Vcl
3690 1774 3841 1844 virga

2250 1867 2505 1938 percutit,
2533 1866 2741 1936 ﬂagella
2774 1881 2904 1921 vero
2929 1865 3239 1920 verberant.

2243 1957 2320 2014 ‘53
2393 1955 2809 2012 Misericordiam
2833 1966 3005 2011 autem
3028 1972 3194 2009 meam
3219 1972 3323 2011 non
3341 1956 3641 2027 dispergam
3662 1956 3726 2010 ab
3743 1969 3839 2009 eo:

2396 2047 2578 2120 Neque
2606 2048 2795 2102 nocebo
2823 2049 2877 2102 in
2905 2050 3117 2104 veritate
3145 2064 3281 2103 mea.

2246 2158 2249 2159 ί
2321 2140 2362 2194 c
2399 2139 2691 2209 Superiora
2723 2140 2788 2193 de
2824 2124 3081 2194 membris
3108 2139 3243 2194 diuit
3270 2156 3283 2193 ε
3314 2122 3459 2193 nunc
3486 2152 3621 2195 vero
3649 2139 3715 2195 de
3743 2154 3839 2194 ca—

2246 2229 2361 2300 pite
2414 2227 2673 2299 loquitur.
2732 2220 3070 2284 Dieit~enim
3125 2228 3288 2283 Pater
3332 2244 3348 2283 :
3404 2217 3841 2284 misericordiam

2251 2337 2402 2395 suam
2436 2337 2541 2378 non
2571 2337 2629 2378 se
2659 2338 2689 2376 a
2714 2320 2931 2377 Christo
2956 2322 3288 2396 dispergere,
3326 2324 3420 2377 sed
3459 2332 3570 2377 tota
3601 2323 3840 2392 plenitu-

2250 2412 2377 2468 dine
2404 2413 2735 2489 condonare.
2781 2412 2964 2481 Neque
2993 2413 3199 2467 nocebo
3230 2430 3240 2466 :
3274 2427 3399 2465 nam
3440 2421 3497 2467 et
3538 2413 3584 2467 si
3632 2413 3841 2467 inimici

2249 2504 2498 2572 permissi
2527 2510 2654 2559 sunt
2685 2513 2902 2569 nocere,
2934 2503 2986 2557 in
3043 2498 3271 2558 veritate
3298 2512 3478 2557 tamen
3510 2501 3696 2556 Patris
3731 2516 3841 2556 non

2247 2602 2335 2649 est
2369 2594 2537 2650 Filius
2565 2594 2743 2660 lmsus,
2777 2594 2930 2658 cuius
2959 2602 3129 2648 totum
3158 2580 3415 2649 mundum
3460 2594 3681 2647 redemit
3708 2608 3839 2647 san-

2247 2685 2409 2754 guine
2434 2704 2447 2739 :
2472 2693 2528 2739 et
2550 2685 2676 2756 quia
2696 2684 2876 2738 omnia
2899 2682 3146 2740 veritatis
3166 2684 3357 2741 ordine
3380 2694 3595 2739 constat
3618 2684 3841 2755 impleta

2248 2785 2303 2839 in
2330 2777 2565 2840 Christo,
2596 2792 2717 2847 quae
2747 2776 2910 2833 Pater
2945 2791 3042 2846 per
3081 2778 3373 2849 prophetas
3409 2776 3568 2832 dixit.
3598 2775 3754 2831 Unde
3783 2785 3842 2830 et

2248 2867 2394 2923 addit
2424 2886 2435 2920 :
2468 2866 2582 2923 Non
2612 2867 2933 2937 profanaho,
2963 2877 3069 2922 etc.
3556 2938 3563 2947 ἡ

2247 2959 2316 3014 54
2390 2957 2574 3032 Neque
2601 2961 2892 3031 profanabo
2923 2969 3285 3016 testamentum
3312 2978 3484 3016 meum
3512 2981 3533 3016 .-

2392 3048 2462 3105 Ει
2476 3068 2593 3122 qua:
2612 3050 2895 3121 procedunt
2909 3051 2972 3105 de
2994 3051 3146 3105 labiis
3167 3052 3293 3106 meis
3317 3069 3418 3106 non
3446 3053 3643 3109 faciam
3664 3054 3838 3108 irrita.

572 3136 741 3211 ipsius
770 3139 951 3194 nmndi
983 3144 1303 3208 petestalem
1362 3136 1498 3207 ejus.
1548 3134 1644 3189 Vel
1691 3151 1840 3188 mare
1892 3132 2147 3189 mundum
2177 3118 2221 3181 ί]
2321 3143 2363 3199 C
2400 3118 2517 3199 Νοίι
2563 3118 2868 3212 ριξοτεηεινῖι
2910 3142 3072 3198 pater
3116 3151 3503 3199 testamentum
3547 3161 3744 3212 suum,
3784 3144 3841 3200 id

573 3231 840 3303 signiﬁcat
866 3247 879 3284 :
918 3244 1131 3293 manus,
1163 3227 1567 3296 operationem;
1597 3223 1681 3280 vel
1710 3221 1954 3292 ﬁumina,
1983 3239 2150 3293 aquas

571 3318 827 3390 baptismi
856 3317 1161 3373 ostendunt.

570 3410 641 3466 26
711 3409 833 3479 Ipse
857 3407 1115 3463 invocabit
1144 3412 1227 3461 me
1256 3404 1418 3461 Pater
1451 3420 1597 3459 meus
1620 3421 1675 3459 es
1699 3415 1757 3459 tu
1776 3417 1797 3457 .'

714 3499 856 3553 Deus
890 3515 1033 3552 meus
1058 3507 1103 3551 et
1134 3506 1411 3567 susceptor
1426 3495 1610 3550 salutis
1636 3511 1784 3550 mea.

583 3626 597 3634 -
644 3592 689 3646 ll
714 3591 922 3661 Saepius
950 3600 1075 3645 etmi
1104 3591 1386 3644 invocasse
1411 3587 1628 3644 Patrem
1670 3588 1723 3643 in
1758 3586 2049 3658 Evangelio
2074 3588 2152 3642 le-

576 3683 753 3750 gimus
776 3680 957 3751 (Ιοαη.
980 3678 1117 3751 xvii)
1145 3696 1158 3733 :
1190 3688 1250 3732 ut
1289 3687 1374 3733 est
1393 3719 1408 3744 ,
1435 3678 1683 3733 Clariﬁea
1719 3693 1807 3732 me
1827 3677 1988 3733 Pater
2013 3676 2153 3746 apud

579 3772 917 3839 temetipsum
945 3788 957 3823 :
989 3778 1047 3825 et
1069 3771 1162 3835 ibi,
1201 3770 1362 3824 Pater
1389 3770 1443 3823 in
1468 3784 1661 3825 manus
1690 3779 1810 3825 tuas
1835 3769 2153 3827 commendo

576 3861 824 3930 spiritum
857 3876 1034 3917 meum
1064 3860 1216 3930 (Luc.
1251 3863 1430 3932 mu).

575 3950 640 4006 27
674 4012 681 4018 ε
717 3949 785 4004 Et
805 3967 898 4021 ego
920 3952 1086 4021 primo
1111 3952 1339 4021 genitum
1360 3968 1550 4020 ponam
1579 3953 1726 4006 illum
1751 3970 1770 4008 :

716 4039 996 4096 Earcelsnm
1025 4055 1087 4096 οε·-
1113 4057 1221 4110 pra:
1254 4041 1270 4109 ζ
1304 4042 1507 4111 regibus
1528 4054 1701 4098 terrae.

589 4186 601 4201 ,
645 4131 686 4187 C
732 4130 826 4185 Est
854 4145 982 4198 ergo
1026 4131 1441 4200 primogenitus,
1477 4140 1535 4185 ut
1578 4133 1633 4186 in
1682 4132 1987 4204 Evangelii).
2042 4134 2153 4206 Ego

577 4237 695 4284 sum
726 4221 771 4274 A
801 4229 945 4277 ctu.
976 4221 1044 4277 Et
1092 4223 1227 4277 dicit
1281 4238 1477 4293 ponam
1502 4263 1519 4288 ,
1562 4224 1617 4278 id
1660 4234 1746 4279 est
1805 4227 2149 4281 constituam.

580 4312 626 4366 l'l
654 4313 935 4368 Escelsum
961 4329 1072 4383 pra:
1095 4314 1311 4386 regibus
1333 4325 1522 4371 terrae:
1553 4318 1655 4371 hoc
1676 4326 1759 4372 est
1781 4334 1943 4390 regna
1966 4320 2152 4374 mundi

582 4405 629 4460 ei
663 4415 854 4460 cuncta
888 4406 1132 4476 subjicio.
1168 4407 1261 4462 Vel
1300 4409 1691 4478 .primogcnitus
1720 4426 1784 4464 ex
1810 4412 2045 4466 mortuis
2072 4414 2152 4467 di-

582 4493 764 4559 citur:
804 4495 1431 4569 primOgenitusquoque
1467 4496 1646 4553 Patris
1670 4501 1857 4553 aeterni
1884 4509 1939 4553 et
1964 4501 2150 4555 matris

577 4583 838 4653 Virginis.
1734 4650 1739 4654 ἢ

580 4673 651 4727 28
726 4672 789 4726 In
818 4683 1067 4727 mternnm
1095 4676 1306 4730 servabo
1327 4676 1407 4731 illi
1433 4677 1841 4733 misericordiam
1871 4696 2037 4735 meam
2062 4698 2081 4733 :
2146 4737 2155 4743 ,

725 4759 788 4814 Et
812 4771 1170 4816 testamentum
1196 4779 1363 4817 nteant
1385 4764 1539 4832 ﬁdele
1568 4767 1685 4838 ipsi.

654 4852 693 4908 C
725 4853 789 4906 Et
818 4854 921 4909 hoc
946 4854 1146 4908 dicitur
1184 4870 1212 4907 a
1246 4854 1416 4910 forma
1446 4858 1626 4924 servi,
1674 4861 1799 4930 quia
1842 4861 2153 4921 misericOr-

584 4942 724 4996 diam
756 4941 934 4997 Patris
973 4952 1174 4997 aeterno
1223 4944 1427 4999 honore
1466 4948 1740 5017 suscepit:
1790 4949 1875 5004 cui
1919 4951 2045 5004 data
2070 4959 2156 5005 est

582 5042 819 5100 potestas
848 5034 899 5086 in
927 5034 1062 5090 cmlo
1082 5043 1136 5088 et
1169 5034 1219 5088 in
1244 5043 1407 5089 terra.
1433 5035 1833 5093 Testamentum
1859 5037 2015 5093 ﬁdele
2038 5050 2149 5096 est:

583 5126 705 5188 quia
736 5137 1066 5193 quaecunque
1094 5123 1365 5193 propheta:
1390 5124 1456 5178 de
1487 5125 1600 5194 ipso
1625 5128 2011 5194 prtcdixcrunt,
2039 5132 2153 5183 om-

585 5212 671 5264 nia
702 5213 963 5272 completa
986 5221 1130 5268 sunt.

2251 3241 2357 3299 est,
2391 3232 2727 3303 Scripturam
2754 3240 2995 3287 sanctam
3024 3235 3351 3300 mentiendo,
3378 3233 3470 3289 sed
3514 3250 3703 3290 rerum
3740 3234 3842 3289 ﬁde

2253 3312 2568 3380 honorabile
2596 3323 2725 3379 fecit
2752 3343 2764 3377 :
2796 3326 2922 3379 dum
2959 3339 3078 3394 quae
3103 3338 3387 3395 progressa
3426 3334 3558 3379 sunt
3585 3327 3654 3380 de
3684 3325 3841 3379 labiis

2249 3414 2387 3484 ejus,
2434 3414 2486 3469 id
2532 3423 2632 3480 est,
2677 3430 2775 3485 per
2814 3422 3034 3470 sanctos
3072 3416 3388 3485 prophetas,
3429 3414 3577 3469 nulla
3607 3414 3842 3471 falsitate

2250 3504 2522 3558 destructa
2553 3512 2694 3556 sunt.

2250 3592 2318 3647 ’55
2393 3591 2563 3648 Semel
2585 3591 2766 3662 juravi
2798 3592 2851 3646 in
2880 3604 3059 3647 sancto
3093 3609 3206 3647 meo

2393 3675 2455 3738 Si
2472 3682 2640 3736 David
2662 3684 2885 3736 mentiar
2897 3698 2915 3736 :
2929 3698 3101 3737 semen
3113 3683 3226 3752 ejus
3241 3682 3296 3736 in
3308 3693 3562 3739 (eternnm
3586 3684 3836 3741 manebit.

2321 3770 2363 3827 C
2400 3770 2689 3826 Hominum
2719 3773 3049 3827 consuetudo
3077 3771 3500 3849 eSt‘frequenter
3536 3775 3752 3845 jurare,
3785 3787 3843 3830 ut

2252 3861 2331 3916 eis
2361 3860 2561 3932 aliquid
2604 3861 2774 3931 possit
2814 3862 2960 3916 credi
2992 3879 3005 3915 :
3043 3862 3185 3917 Deus
3228 3873 3408 3919 autem
3453 3863 3627 3920 semel
3666 3863 3837 3934 iurat,

2252 3948 2340 4020 qui
2365 3950 2505 4004 nulla
2532 3949 2789 4006 varietate
2814 3951 3070 4020 temporis
3093 3951 3430 4007 immutatur.
3458 3951 3835 4010 Juramentum

2252 4051 2431 4097 autem
2465 4042 2582 4113 ejus
2620 4040 2874 4108 diximus,
2905 4034 3130 4098 ventura
3176 4036 3512 4115 promittere.
3560 4044 3623 4100 Si
3672 4046 3837 4117 David

2252 4132 2512 4197 mentiar,
2558 4131 2612 4186 id
2639 4139 2853 4187 estnon
2896 4133 3146 4200 mentiar,
3188 4134 3235 4191 si
3272 4133 3415 4189 enim
3455 4144 3541 4190 est
3586 4136 3839 4207 negatire

2252 4223 2506 4293 positum,
2535 4220 2863 4301 quodetiam
2889 4232 3018 4301 usus
3043 4223 3346 4278 communis
3369 4222 3556 4279 habet.

2324 4313 2517 4369 Semen
2559 4300 2758 4367 Christi
2797 4320 2926 4367 sunt
2963 4300 3151 4368 omnes
3191 4313 3365 4368 saneti
3407 4322 3464 4366 et
3503 4329 3636 4369 vere
3672 4313 3835 4371 Chri-

2255 4404 2414 4459 stiani
2442 4420 2457 4456 :
2489 4404 2580 4473 qui
2612 4403 2663 4457 in
2694 4411 2881 4458 sancta
2920 4403 3330 4461 conversatione
3365 4421 3536 4474 usque
3586 4407 3641 4460 in
3674 4406 3836 4460 ﬁnem

2255 4496 2645 4565 permanebunt
2666 4493 2825 4562 hujus
2849 4495 2969 4551 vitae
2994 4502 3048 4549 et
3068 4501 3191 4564 post
3217 4495 3271 4551 in
3298 4503 3586 4565 :ctcrnum.

2254 4586 2323 4639 56
2396 4584 2464 4640 Et
2488 4585 2703 4638 thronus
2725 4578 2837 4655 ejus
2850 4586 2981 4640 sicut
3005 4586 3085 4640 sol
3099 4588 3153 4653 in
3174 4598 3444 4655 conspectu
3462 4604 3576 4642 meo
3597 4602 3615 4638 :
3637 4589 3752 4643 eiet
3786 4585 3807 4658 ζ

2459 4678 2593 4731 sicut
2621 4675 2747 4730 (una
2774 4677 2999 4746 perfecta
3026 4679 3082 4732 in
3110 4664 3361 4733 retentum
3390 4698 3408 4732 :

2396 4768 2465 4822 Et
2495 4768 2638 4822 testis
2666 4768 2724 4820 in
2753 4768 2878 4823 caelo
2904 4768 3095 4839 ﬁdelis.
3148 4769 3476 4836 Diapsalma.

2328 4858 2369 4914 C
2402 4858 2649 4913 Thronus
2688 4858 2783 4913 Dei
2815 4858 2996 4930 anima.
3040 4858 3210 4914 ﬁdelis
3239 4868 3340 4925 est,
3388 4860 3443 4913 in
3488 4875 3597 4929 qua
3646 4876 3835 4915 revera

2260 4950 2503 5005 Christus
2527 4948 2741 5017 insidet,
2772 4958 2933 5021 atque
2954 4950 3094 5007 lucet
3120 4952 3255 5005 sicut
3281 4951 3359 5005 sol
3388 4967 3402 5004 :
3433 4960 3487 5005 et
3517 4952 3662 5007 sicut
3686 4950 3833 5016 Iusta,

2262 5042 2313 5094 id
2341 5051 2446 5105 est,
2476 5055 2735 5111 compago
2758 5043 2998 5111 corporis
3026 5039 3191 5096 nostri
3226 5049 3347 5108 post
3378 5043 3835 5097 resurrectionem

2261 5128 2573 5183 clariﬁcata.
2607 5130 2649 5184 C
2678 5130 2743 5183 Et
2774 5131 2922 5185 testis
2948 5130 3116 5185 ﬁdelis
3146 5147 3159 5183 :
3193 5129 3444 5186 Christus
3472 5139 3554 5185 est
3574 5171 3591 5193 .
3630 5133 3724 5201 qui
3763 5120 3839 5186 te;

2261 5219 2572 5272 stimonium
2597 5219 2867 5272 perhibuit
2893 5220 2958 5272 de
2986 5223 3232 5272 veritate.
3259 5237 3382 5272 cum
3406 5232 3491 5272 est
3520 5222 3655 5272 inse.
3687 5232 3745 5272 et
3771 5223 3837 5272 de
