  <div class='ocr_page' id='page_1' title='image "/cluster/home/n/w/nwhite01/storage/ocr_20150623/142/hvd.32044015471808/173.png"; bbox 0 0 3986 5412; ppageno 0'>
   <div class='ocr_carea' id='block_1_1' title="bbox 529 186 634 243">
    <p class='ocr_par' dir='ltr' id='par_1_1' title="bbox 529 186 634 243">
     <span class='ocr_line' id='line_1_1' title="bbox 529 186 634 243; baseline 0.029 -3"><span class='ocrx_word' id='word_1_1' title='bbox 529 186 634 243; x_wconf 71' lang='lat'><strong>333</strong></span> 
     </span>
    </p>
   </div>
   <div class='ocr_carea' id='block_1_2' title="bbox 529 272 2236 371">
    <p class='ocr_par' dir='ltr' id='par_1_2' title="bbox 529 272 2236 371">
     <span class='ocr_line' id='line_1_2' title="bbox 529 272 2236 371; baseline -0.001 -20"><span class='ocrx_word' id='word_1_2' title='bbox 529 300 618 368; x_wconf 86' lang='lat' dir='ltr'><strong>qui</strong></span> <span class='ocrx_word' id='word_1_3' title='bbox 649 313 746 369; x_wconf 89' lang='lat' dir='ltr'><strong>pro</strong></span> <span class='ocrx_word' id='word_1_4' title='bbox 791 298 946 355; x_wconf 84' lang='lat' dir='ltr'><strong>nobis</strong></span> <span class='ocrx_word' id='word_1_5' title='bbox 989 296 1200 354; x_wconf 77' lang='lat' dir='ltr'><strong>inferna</strong></span> <span class='ocrx_word' id='word_1_6' title='bbox 1240 272 1453 355; x_wconf 79' lang='lat' dir='ltr'><strong>fortiter</strong></span> <span class='ocrx_word' id='word_1_7' title='bbox 1493 299 1802 371; x_wconf 82' lang='lat' dir='ltr'><strong>confregisti</strong></span> <span class='ocrx_word' id='word_1_8' title='bbox 1831 286 1857 352; x_wconf 74' lang='grc' dir='ltr'><strong>ε’</strong></span> <span class='ocrx_word' id='word_1_9' title='bbox 1887 308 1947 355; x_wconf 82' lang='grc' dir='ltr'><strong>ιιι</strong></span> <span class='ocrx_word' id='word_1_10' title='bbox 1983 307 2102 353; x_wconf 90' lang='lat' dir='ltr'><strong>tuas</strong></span> <span class='ocrx_word' id='word_1_11' title='bbox 2129 303 2177 358; x_wconf 82' lang='grc' dir='ltr'><strong>Α</strong></span> <span class='ocrx_word' id='word_1_12' title='bbox 2205 297 2236 350; x_wconf 87' lang='lat'><strong>7</strong></span> 
     </span>
    </p>
   </div>
   <div class='ocr_carea' id='block_1_3' title="bbox 527 386 2102 462">
    <p class='ocr_par' dir='ltr' id='par_1_3' title="bbox 527 386 2102 462">
     <span class='ocr_line' id='line_1_3' title="bbox 527 386 2102 462; baseline -0.001 -17"><span class='ocrx_word' id='word_1_13' title='bbox 527 386 930 448; x_wconf 69' lang='lat' dir='ltr'><strong>misericordias</strong></span> <span class='ocrx_word' id='word_1_14' title='bbox 973 394 1347 462; x_wconf 76' lang='lat' dir='ltr'><strong>deeantantes,</strong></span> <span class='ocrx_word' id='word_1_15' title='bbox 1375 402 1430 448; x_wconf 90' lang='lat' dir='ltr'><strong>et</strong></span> <span class='ocrx_word' id='word_1_16' title='bbox 1473 409 1503 448; x_wconf 89' lang='lat' dir='ltr'><strong>a</strong></span> <span class='ocrx_word' id='word_1_17' title='bbox 1559 393 1876 450; x_wconf 79' lang='lat' dir='ltr'><strong>confusione</strong></span> <span class='ocrx_word' id='word_1_18' title='bbox 1918 391 2102 446; x_wconf 67' lang='lat' dir='ltr'><strong>crimi-</strong></span> 
     </span>
    </p>
   </div>
   <div class='ocr_carea' id='block_1_4' title="bbox 523 479 2105 555">
    <p class='ocr_par' dir='ltr' id='par_1_4' title="bbox 523 479 2105 555">
     <span class='ocr_line' id='line_1_4' title="bbox 523 479 2105 555; baseline -0.001 -19"><span class='ocrx_word' id='word_1_19' title='bbox 523 493 682 547; x_wconf 83' lang='lat' dir='ltr'><strong>num,</strong></span> <span class='ocrx_word' id='word_1_20' title='bbox 712 492 765 536; x_wconf 90' lang='lat' dir='ltr'><strong>et</strong></span> <span class='ocrx_word' id='word_1_21' title='bbox 795 497 824 537; x_wconf 89' lang='lat' dir='ltr'><strong>a</strong></span> <span class='ocrx_word' id='word_1_22' title='bbox 857 492 1031 539; x_wconf 92' lang='lat' dir='ltr'><strong>morte</strong></span> <span class='ocrx_word' id='word_1_23' title='bbox 1055 491 1315 555; x_wconf 89' lang='lat' dir='ltr'><strong>perpetua</strong></span> <span class='ocrx_word' id='word_1_24' title='bbox 1349 484 1660 540; x_wconf 86' lang='lat' dir='ltr'><strong>liberemur.</strong></span> <span class='ocrx_word' id='word_1_25' title='bbox 1705 482 1806 551; x_wconf 84' lang='lat' dir='ltr'><strong>Qui</strong></span> <span class='ocrx_word' id='word_1_26' title='bbox 1836 496 1959 538; x_wconf 86' lang='lat' dir='ltr'><strong>cum</strong></span> <span class='ocrx_word' id='word_1_27' title='bbox 2003 479 2105 536; x_wconf 87' lang='lat' dir='ltr'><strong>Pa-</strong></span> 
     </span>
    </p>
   </div>
   <div class='ocr_carea' id='block_1_5' title="bbox 529 571 1918 639">
    <p class='ocr_par' dir='ltr' id='par_1_5' title="bbox 529 571 1918 639">
     <span class='ocr_line' id='line_1_5' title="bbox 529 571 1918 639; baseline 0.001 -14"><span class='ocrx_word' id='word_1_28' title='bbox 529 581 609 627; x_wconf 90' lang='lat' dir='ltr'><strong>tre</strong></span> <span class='ocrx_word' id='word_1_29' title='bbox 635 581 684 628; x_wconf 89' lang='lat' dir='ltr'><strong>et</strong></span> <span class='ocrx_word' id='word_1_30' title='bbox 711 571 868 639; x_wconf 83' lang='lat' dir='ltr'><strong>Filio,</strong></span> <span class='ocrx_word' id='word_1_31' title='bbox 901 583 1005 630; x_wconf 87' lang='lat' dir='ltr'><strong>etc.</strong></span> <span class='ocrx_word' id='word_1_32' title='bbox 1916 572 1918 574; x_wconf 79' lang='grc'><em>’</em></span> 
     </span>
    </p>
   </div>
   <div class='ocr_carea' id='block_1_6' title="bbox 994 680 1634 772">
    <p class='ocr_par' dir='ltr' id='par_1_6' title="bbox 994 680 1634 772">
     <span class='ocr_line' id='line_1_6' title="bbox 994 680 1634 772; baseline 0.003 -36"><span class='ocrx_word' id='word_1_33' title='bbox 994 680 1314 740; x_wconf 85' lang='lat' dir='ltr'><strong>PSALMUS</strong></span> <span class='ocrx_word' id='word_1_34' title='bbox 1351 682 1634 772; x_wconf 73' lang='lat' dir='ltr'><strong>LXXXIX.</strong></span> 
     </span>
    </p>
   </div>
   <div class='ocr_carea' id='block_1_7' title="bbox 901 805 1712 848">
    <p class='ocr_par' dir='ltr' id='par_1_7' title="bbox 901 805 1712 848">
     <span class='ocr_line' id='line_1_7' title="bbox 901 805 1712 848; baseline 0.004 -5"><span class='ocrx_word' id='word_1_35' title='bbox 901 805 1264 848; x_wconf 67' lang='lat' dir='ltr'><strong>ABGUMENTUI</strong></span> <span class='ocrx_word' id='word_1_36' title='bbox 1303 807 1450 846; x_wconf 75' lang='lat' dir='ltr'><strong>PSAL.</strong></span> <span class='ocrx_word' id='word_1_37' title='bbox 1487 806 1712 848; x_wconf 75' lang='lat' dir='ltr'><strong>LXXXIX.</strong></span> 
     </span>
    </p>
   </div>
   <div class='ocr_carea' id='block_1_8' title="bbox 594 899 2102 974">
    <p class='ocr_par' dir='ltr' id='par_1_8' title="bbox 594 899 2102 974">
     <span class='ocr_line' id='line_1_8' title="bbox 594 899 2102 974; baseline 0.001 -20"><span class='ocrx_word' id='word_1_38' title='bbox 594 899 634 954; x_wconf 90' lang='lat' dir='ltr'><strong>C</strong></span> <span class='ocrx_word' id='word_1_39' title='bbox 673 899 858 956; x_wconf 83' lang='lat' dir='ltr'><strong>Oratio</strong></span> <span class='ocrx_word' id='word_1_40' title='bbox 913 900 1151 958; x_wconf 92' lang='lat' dir='ltr'><strong>ﬁdelium</strong></span> <span class='ocrx_word' id='word_1_41' title='bbox 1198 902 1514 973; x_wconf 89' lang='lat' dir='ltr'><strong>populorum</strong></span> <span class='ocrx_word' id='word_1_42' title='bbox 1558 917 1658 974; x_wconf 89' lang='lat' dir='ltr'><strong>pro</strong></span> <span class='ocrx_word' id='word_1_43' title='bbox 1729 900 1972 958; x_wconf 79' lang='lat' dir='ltr'><strong>Ecclesia</strong></span> <span class='ocrx_word' id='word_1_44' title='bbox 2031 899 2102 957; x_wconf 80' lang='lat' dir='ltr'><strong>ad</strong></span> 
     </span>
    </p>
   </div>
   <div class='ocr_carea' id='block_1_9' title="bbox 524 991 1496 1046">
    <p class='ocr_par' dir='ltr' id='par_1_9' title="bbox 524 991 1496 1046">
     <span class='ocr_line' id='line_1_9' title="bbox 524 991 1496 1046; baseline -0.009 -1"><span class='ocrx_word' id='word_1_45' title='bbox 524 991 712 1046; x_wconf 89' lang='lat' dir='ltr'><strong>Deum.</strong></span> <span class='ocrx_word' id='word_1_46' title='bbox 902 1021 904 1023; x_wconf 96' lang='lat'><strong><em>-</em></strong></span> <span class='ocrx_word' id='word_1_47' title='bbox 1489 1031 1496 1036; x_wconf 89' lang='lat'><strong>.</strong></span> 
     </span>
    </p>
   </div>
   <div class='ocr_carea' id='block_1_10' title="bbox 857 1080 1763 1154">
    <p class='ocr_par' dir='ltr' id='par_1_10' title="bbox 857 1080 1763 1154">
     <span class='ocr_line' id='line_1_10' title="bbox 857 1080 1763 1154; baseline 0.002 -18"><span class='ocrx_word' id='word_1_48' title='bbox 857 1081 970 1140; x_wconf 88' lang='lat' dir='ltr'><strong>TT.</strong></span> <span class='ocrx_word' id='word_1_49' title='bbox 1002 1082 1187 1136; x_wconf 80' lang='lat' dir='ltr'><strong>Oratio</strong></span> <span class='ocrx_word' id='word_1_50' title='bbox 1210 1081 1379 1154; x_wconf 78' lang='lat' dir='ltr'><strong>Moysi</strong></span> <span class='ocrx_word' id='word_1_51' title='bbox 1401 1082 1622 1137; x_wconf 89' lang='lat' dir='ltr'><strong>hominis</strong></span> <span class='ocrx_word' id='word_1_52' title='bbox 1646 1080 1763 1138; x_wconf 88' lang='lat' dir='ltr'><strong>Dei.</strong></span> 
     </span>
    </p>
   </div>
   <div class='ocr_carea' id='block_1_11' title="bbox 525 1171 1925 1245">
    <p class='ocr_par' dir='ltr' id='par_1_11' title="bbox 525 1171 1925 1245">
     <span class='ocr_line' id='line_1_11' title="bbox 525 1171 1925 1245; baseline -0.001 -18"><span class='ocrx_word' id='word_1_53' title='bbox 525 1171 553 1227; x_wconf 72' lang='grc'><strong>1</strong></span> <span class='ocrx_word' id='word_1_54' title='bbox 667 1171 908 1235; x_wconf 81' lang='lat' dir='ltr'><strong>Domine.</strong></span> <span class='ocrx_word' id='word_1_55' title='bbox 939 1173 1200 1244; x_wconf 81' lang='lat' dir='ltr'><strong>refugium</strong></span> <span class='ocrx_word' id='word_1_56' title='bbox 1227 1176 1295 1243; x_wconf 77' lang='lat' dir='ltr'><strong>)s(</strong></span> <span class='ocrx_word' id='word_1_57' title='bbox 1327 1182 1381 1227; x_wconf 90' lang='lat' dir='ltr'><strong>tu</strong></span> <span class='ocrx_word' id='word_1_58' title='bbox 1413 1173 1432 1245; x_wconf 73' lang='grc' dir='ltr'>ζ</span> <span class='ocrx_word' id='word_1_59' title='bbox 1462 1174 1632 1244; x_wconf 76' lang='lat' dir='ltr'><strong>factus</strong></span> <span class='ocrx_word' id='word_1_60' title='bbox 1655 1189 1708 1229; x_wconf 90' lang='lat' dir='ltr'><strong>es</strong></span> <span class='ocrx_word' id='word_1_61' title='bbox 1737 1173 1884 1228; x_wconf 81' lang='lat' dir='ltr'><strong>nobis</strong></span> <span class='ocrx_word' id='word_1_62' title='bbox 1905 1186 1925 1225; x_wconf 88' lang='lat'><strong>:</strong></span> 
     </span>
    </p>
   </div>
   <div class='ocr_carea' id='block_1_12' title="bbox 665 1263 1534 1333">
    <p class='ocr_par' dir='ltr' id='par_1_12' title="bbox 665 1263 1534 1333">
     <span class='ocr_line' id='line_1_12' title="bbox 665 1263 1534 1333; baseline 0.001 -16"><span class='ocrx_word' id='word_1_63' title='bbox 665 1264 707 1317; x_wconf 83' lang='lat' dir='ltr'><strong><em>A</em></strong></span> <span class='ocrx_word' id='word_1_64' title='bbox 738 1263 1070 1333; x_wconf 74' lang='lat' dir='ltr'><strong>generatione</strong></span> <span class='ocrx_word' id='word_1_65' title='bbox 1097 1272 1145 1318; x_wconf 89' lang='lat' dir='ltr'><strong>et</strong></span> <span class='ocrx_word' id='word_1_66' title='bbox 1175 1264 1534 1333; x_wconf 76' lang='lat' dir='ltr'><strong><em>generatione.</em></strong></span> 
     </span>
    </p>
   </div>
   <div class='ocr_carea' id='block_1_13' title="bbox 595 1351 2098 1425">
    <p class='ocr_par' dir='ltr' id='par_1_13' title="bbox 595 1351 2098 1425">
     <span class='ocr_line' id='line_1_13' title="bbox 595 1351 2098 1425; baseline -0.001 -17"><span class='ocrx_word' id='word_1_67' title='bbox 595 1351 638 1408; x_wconf 87' lang='lat' dir='ltr'><strong><em>C</em></strong></span> <span class='ocrx_word' id='word_1_68' title='bbox 677 1352 887 1424; x_wconf 79' lang='lat' dir='ltr'><strong>Moyses</strong></span> <span class='ocrx_word' id='word_1_69' title='bbox 905 1352 993 1412; x_wconf 89' lang='lat' dir='ltr'><strong>ille</strong></span> <span class='ocrx_word' id='word_1_70' title='bbox 1007 1353 1357 1418; x_wconf 84' lang='lat' dir='ltr'><strong>venerabilis,</strong></span> <span class='ocrx_word' id='word_1_71' title='bbox 1372 1354 1426 1408; x_wconf 92' lang='lat' dir='ltr'><strong>in</strong></span> <span class='ocrx_word' id='word_1_72' title='bbox 1453 1364 1579 1425; x_wconf 85' lang='lat' dir='ltr'><strong><em>typo</em></strong></span> <span class='ocrx_word' id='word_1_73' title='bbox 1600 1360 1802 1409; x_wconf 83' lang='lat' dir='ltr'><strong>sanctae</strong></span> <span class='ocrx_word' id='word_1_74' title='bbox 1827 1351 2098 1417; x_wconf 76' lang='lat' dir='ltr'><strong>Ecclesite,</strong></span> 
     </span>
    </p>
   </div>
   <div class='ocr_carea' id='block_1_14' title="bbox 523 1431 2100 1514">
    <p class='ocr_par' dir='ltr' id='par_1_14' title="bbox 523 1431 2100 1514">
     <span class='ocr_line' id='line_1_14' title="bbox 523 1431 2100 1514; baseline 0.001 -18"><span class='ocrx_word' id='word_1_75' title='bbox 523 1457 685 1512; x_wconf 87' lang='lat' dir='ltr'><strong>quam</strong></span> <span class='ocrx_word' id='word_1_76' title='bbox 713 1431 1144 1514; x_wconf 67' lang='lat' dir='ltr'><strong>prazﬁguratione</strong></span> <span class='ocrx_word' id='word_1_77' title='bbox 1169 1444 1438 1514; x_wconf 76' lang='lat' dir='ltr'><strong><em>gestabat,</em></strong></span> <span class='ocrx_word' id='word_1_78' title='bbox 1469 1445 1696 1500; x_wconf 89' lang='lat' dir='ltr'><strong>Domino</strong></span> <span class='ocrx_word' id='word_1_79' title='bbox 1719 1443 1836 1498; x_wconf 82' lang='lat' dir='ltr'><strong>fusa</strong></span> <span class='ocrx_word' id='word_1_80' title='bbox 1856 1443 2100 1498; x_wconf 88' lang='lat' dir='ltr'><strong>oratione</strong></span> 
     </span>
    </p>
   </div>
   <div class='ocr_carea' id='block_1_15' title="bbox 523 1533 2095 1604">
    <p class='ocr_par' dir='ltr' id='par_1_15' title="bbox 523 1533 2095 1604">
     <span class='ocr_line' id='line_1_15' title="bbox 523 1533 2095 1604; baseline -0.001 -16"><span class='ocrx_word' id='word_1_81' title='bbox 523 1533 724 1604; x_wconf 78' lang='lat' dir='ltr'><strong>gratias</strong></span> <span class='ocrx_word' id='word_1_82' title='bbox 753 1533 904 1602; x_wconf 82' lang='lat' dir='ltr'><strong>agit,</strong></span> <span class='ocrx_word' id='word_1_83' title='bbox 945 1533 1036 1604; x_wconf 89' lang='lat' dir='ltr'><strong>qui</strong></span> <span class='ocrx_word' id='word_1_84' title='bbox 1072 1533 1248 1589; x_wconf 81' lang='lat' dir='ltr'><strong>factus</strong></span> <span class='ocrx_word' id='word_1_85' title='bbox 1292 1543 1375 1589; x_wconf 90' lang='lat' dir='ltr'><strong>est</strong></span> <span class='ocrx_word' id='word_1_86' title='bbox 1401 1533 1476 1588; x_wconf 90' lang='lat' dir='ltr'><strong>illi</strong></span> <span class='ocrx_word' id='word_1_87' title='bbox 1523 1533 1827 1604; x_wconf 75' lang='lat' dir='ltr'><strong>refugium:</strong></span> <span class='ocrx_word' id='word_1_88' title='bbox 1858 1548 1982 1588; x_wconf 85' lang='lat' dir='ltr'><strong>cum</strong></span> <span class='ocrx_word' id='word_1_89' title='bbox 2027 1533 2095 1587; x_wconf 91' lang='lat' dir='ltr'><strong>ab</strong></span> 
     </span>
    </p>
   </div>
   <div class='ocr_carea' id='block_1_16' title="bbox 1471 171 2897 248">
    <p class='ocr_par' dir='ltr' id='par_1_16' title="bbox 1471 171 2897 248">
     <span class='ocr_line' id='line_1_16' title="bbox 1471 171 2897 248; baseline -0.005 0"><span class='ocrx_word' id='word_1_90' title='bbox 1471 190 1530 248; x_wconf 89' lang='lat' dir='ltr'><strong>s.</strong></span> <span class='ocrx_word' id='word_1_91' title='bbox 1565 187 1907 246; x_wconf 64' lang='lat' dir='ltr'><strong>enumeres</strong></span> <span class='ocrx_word' id='word_1_92' title='bbox 1943 183 2478 244; x_wconf 79' lang='lat' dir='ltr'><strong>HERBIPOLENSIS</strong></span> <span class='ocrx_word' id='word_1_93' title='bbox 2513 187 2816 245; x_wconf 79' lang='lat' dir='ltr'><strong>EPISCOP!</strong></span> <span class='ocrx_word' id='word_1_94' title='bbox 2895 171 2897 173; x_wconf 81' lang='grc'><em>’</em></span> 
     </span>
    </p>
   </div>
   <div class='ocr_carea' id='block_1_17' title="bbox 2343 298 3142 368">
    <p class='ocr_par' dir='ltr' id='par_1_17' title="bbox 2343 298 3142 368">
     <span class='ocr_line' id='line_1_17' title="bbox 2343 298 3142 368; baseline -0.001 -16"><span class='ocrx_word' id='word_1_95' title='bbox 2343 298 2479 364; x_wconf 84' lang='lat' dir='ltr'><strong>Quia</strong></span> <span class='ocrx_word' id='word_1_96' title='bbox 2509 299 2788 368; x_wconf 74' lang='lat' dir='ltr'><strong>defecimus</strong></span> <span class='ocrx_word' id='word_1_97' title='bbox 2811 301 2863 353; x_wconf 87' lang='lat' dir='ltr'><strong><em>in</em></strong></span> <span class='ocrx_word' id='word_1_98' title='bbox 2895 301 2975 352; x_wconf 91' lang='lat' dir='ltr'><strong>ira</strong></span> <span class='ocrx_word' id='word_1_99' title='bbox 3005 309 3096 352; x_wconf 85' lang='lat' dir='ltr'><strong><em>tua</em></strong></span> <span class='ocrx_word' id='word_1_100' title='bbox 3125 314 3142 351; x_wconf 92' lang='lat'><strong><em>:</em></strong></span> 
     </span>
    </p>
   </div>
   <div class='ocr_carea' id='block_1_18' title="bbox 2343 387 3276 458">
    <p class='ocr_par' dir='ltr' id='par_1_18' title="bbox 2343 387 3276 458">
     <span class='ocr_line' id='line_1_18' title="bbox 2343 387 3276 458; baseline 0.003 -18"><span class='ocrx_word' id='word_1_101' title='bbox 2343 387 2412 440; x_wconf 89' lang='lat' dir='ltr'><strong><em>Et</em></strong></span> <span class='ocrx_word' id='word_1_102' title='bbox 2439 390 2493 442; x_wconf 83' lang='lat' dir='ltr'><strong>in</strong></span> <span class='ocrx_word' id='word_1_103' title='bbox 2524 389 2701 458; x_wconf 79' lang='lat' dir='ltr'><strong>furore</strong></span> <span class='ocrx_word' id='word_1_104' title='bbox 2732 401 2819 442; x_wconf 88' lang='lat' dir='ltr'><strong>tuo</strong></span> <span class='ocrx_word' id='word_1_105' title='bbox 2852 389 3050 442; x_wconf 81' lang='lat' dir='ltr'><strong><em>turbati</em></strong></span> <span class='ocrx_word' id='word_1_106' title='bbox 3077 406 3276 443; x_wconf 86' lang='lat' dir='ltr'><strong><em>sumus.</em></strong></span> 
     </span>
    </p>
   </div>
   <div class='ocr_carea' id='block_1_19' title="bbox 2273 479 3782 546">
    <p class='ocr_par' dir='ltr' id='par_1_19' title="bbox 2273 479 3782 546">
     <span class='ocr_line' id='line_1_19' title="bbox 2273 479 3782 546; baseline -0.001 -11"><span class='ocrx_word' id='word_1_107' title='bbox 2273 479 2314 535; x_wconf 90' lang='lat' dir='ltr'><strong><em>C</em></strong></span> <span class='ocrx_word' id='word_1_108' title='bbox 2354 479 2656 536; x_wconf 83' lang='lat' dir='ltr'><strong>Defecimus</strong></span> <span class='ocrx_word' id='word_1_109' title='bbox 2701 481 2844 536; x_wconf 91' lang='lat' dir='ltr'><strong>enim</strong></span> <span class='ocrx_word' id='word_1_110' title='bbox 2895 480 3096 536; x_wconf 88' lang='lat' dir='ltr'><strong>dictum</strong></span> <span class='ocrx_word' id='word_1_111' title='bbox 3140 491 3244 546; x_wconf 90' lang='lat' dir='ltr'><strong>est,</strong></span> <span class='ocrx_word' id='word_1_112' title='bbox 3283 481 3338 536; x_wconf 90' lang='lat' dir='ltr'><strong>id</strong></span> <span class='ocrx_word' id='word_1_113' title='bbox 3391 489 3495 545; x_wconf 90' lang='lat' dir='ltr'><strong>est,</strong></span> <span class='ocrx_word' id='word_1_114' title='bbox 3545 480 3782 535; x_wconf 85' lang='lat' dir='ltr'><strong>humana</strong></span> 
     </span>
    </p>
   </div>
   <div class='ocr_carea' id='block_1_20' title="bbox 2205 573 3787 647">
    <p class='ocr_par' dir='ltr' id='par_1_20' title="bbox 2205 573 3787 647">
     <span class='ocr_line' id='line_1_20' title="bbox 2205 573 3787 647; baseline 0.001 -22"><span class='ocrx_word' id='word_1_115' title='bbox 2205 583 2390 629; x_wconf 84' lang='lat' dir='ltr'><strong>sumus</strong></span> <span class='ocrx_word' id='word_1_116' title='bbox 2418 573 2735 631; x_wconf 87' lang='lat' dir='ltr'><strong>inﬁrmitate</strong></span> <span class='ocrx_word' id='word_1_117' title='bbox 2761 574 2994 647; x_wconf 79' lang='lat' dir='ltr'><strong>fatigati.</strong></span> <span class='ocrx_word' id='word_1_118' title='bbox 3040 575 3358 632; x_wconf 89' lang='lat' dir='ltr'><strong>Conturbati</strong></span> <span class='ocrx_word' id='word_1_119' title='bbox 3384 591 3572 631; x_wconf 89' lang='lat' dir='ltr'><strong>sumus</strong></span> <span class='ocrx_word' id='word_1_120' title='bbox 3600 593 3615 630; x_wconf 91' lang='lat'><strong>:</strong></span> <span class='ocrx_word' id='word_1_121' title='bbox 3645 577 3787 644; x_wconf 84' lang='lat' dir='ltr'><strong>cogi-</strong></span> 
     </span>
    </p>
   </div>
   <div class='ocr_carea' id='block_1_21' title="bbox 2206 663 3788 735">
    <p class='ocr_par' dir='ltr' id='par_1_21' title="bbox 2206 663 3788 735">
     <span class='ocr_line' id='line_1_21' title="bbox 2206 663 3788 735; baseline 0.001 -19"><span class='ocrx_word' id='word_1_122' title='bbox 2206 669 2314 716; x_wconf 81' lang='lat' dir='ltr'><strong>lata</strong></span> <span class='ocrx_word' id='word_1_123' title='bbox 2345 664 2535 720; x_wconf 85' lang='lat' dir='ltr'><strong>mortis</strong></span> <span class='ocrx_word' id='word_1_124' title='bbox 2565 663 2850 721; x_wconf 77' lang='lat' dir='ltr'><strong>formidine</strong></span> <span class='ocrx_word' id='word_1_125' title='bbox 2871 680 3034 735; x_wconf 89' lang='lat' dir='ltr'><strong>quam</strong></span> <span class='ocrx_word' id='word_1_126' title='bbox 3056 679 3246 721; x_wconf 91' lang='lat' dir='ltr'><strong>omnes</strong></span> <span class='ocrx_word' id='word_1_127' title='bbox 3279 665 3549 720; x_wconf 89' lang='lat' dir='ltr'><strong>timemus.</strong></span> <span class='ocrx_word' id='word_1_128' title='bbox 3578 664 3624 719; x_wconf 86' lang='lat' dir='ltr'><strong>ll</strong></span> <span class='ocrx_word' id='word_1_129' title='bbox 3648 664 3788 720; x_wconf 82' lang='lat' dir='ltr'><strong>Non-</strong></span> 
     </span>
    </p>
   </div>
   <div class='ocr_carea' id='block_1_22' title="bbox 2204 754 3785 824">
    <p class='ocr_par' dir='ltr' id='par_1_22' title="bbox 2204 754 3785 824">
     <span class='ocr_line' id='line_1_22' title="bbox 2204 754 3785 824; baseline 0.002 -17"><span class='ocrx_word' id='word_1_130' title='bbox 2204 754 2378 824; x_wconf 81' lang='lat' dir='ltr'><strong>gentis</strong></span> <span class='ocrx_word' id='word_1_131' title='bbox 2403 762 2458 810; x_wconf 88' lang='lat' dir='ltr'><strong>et</strong></span> <span class='ocrx_word' id='word_1_132' title='bbox 2485 754 2713 824; x_wconf 78' lang='lat' dir='ltr'><strong>amplius</strong></span> <span class='ocrx_word' id='word_1_133' title='bbox 2741 755 2898 811; x_wconf 89' lang='lat' dir='ltr'><strong>annis</strong></span> <span class='ocrx_word' id='word_1_134' title='bbox 2926 755 3275 810; x_wconf 78' lang='lat' dir='ltr'><strong>vivebamus:</strong></span> <span class='ocrx_word' id='word_1_135' title='bbox 3313 764 3370 810; x_wconf 90' lang='lat' dir='ltr'><strong>et</strong></span> <span class='ocrx_word' id='word_1_136' title='bbox 3399 768 3530 811; x_wconf 88' lang='lat' dir='ltr'><strong>ecce</strong></span> <span class='ocrx_word' id='word_1_137' title='bbox 3572 754 3629 809; x_wconf 93' lang='lat' dir='ltr'><strong>in</strong></span> <span class='ocrx_word' id='word_1_138' title='bbox 3661 755 3785 810; x_wconf 90' lang='lat' dir='ltr'><strong>bre-</strong></span> 
     </span>
    </p>
   </div>
   <div class='ocr_carea' id='block_1_23' title="bbox 2202 842 3784 916">
    <p class='ocr_par' dir='ltr' id='par_1_23' title="bbox 2202 842 3784 916">
     <span class='ocr_line' id='line_1_23' title="bbox 2202 842 3784 916; baseline 0.001 -20"><span class='ocrx_word' id='word_1_139' title='bbox 2202 858 2325 898; x_wconf 89' lang='lat' dir='ltr'><strong>vem</strong></span> <span class='ocrx_word' id='word_1_140' title='bbox 2352 845 2517 900; x_wconf 88' lang='lat' dir='ltr'><strong>vitam</strong></span> <span class='ocrx_word' id='word_1_141' title='bbox 2546 854 2730 901; x_wconf 87' lang='lat' dir='ltr'><strong>nostra</strong></span> <span class='ocrx_word' id='word_1_142' title='bbox 2751 845 2862 901; x_wconf 84' lang='lat' dir='ltr'><strong>vita</strong></span> <span class='ocrx_word' id='word_1_143' title='bbox 2890 853 3170 901; x_wconf 89' lang='lat' dir='ltr'><strong>contracta</strong></span> <span class='ocrx_word' id='word_1_144' title='bbox 3197 853 3300 912; x_wconf 89' lang='lat' dir='ltr'><strong>est,</strong></span> <span class='ocrx_word' id='word_1_145' title='bbox 3331 845 3457 916; x_wconf 86' lang='lat' dir='ltr'><strong>quia</strong></span> <span class='ocrx_word' id='word_1_146' title='bbox 3481 842 3784 900; x_wconf 83' lang='lat' dir='ltr'><strong>defecimus</strong></span> 
     </span>
    </p>
   </div>
   <div class='ocr_carea' id='block_1_24' title="bbox 2203 932 2514 990">
    <p class='ocr_par' dir='ltr' id='par_1_24' title="bbox 2203 932 2514 990">
     <span class='ocr_line' id='line_1_24' title="bbox 2203 932 2514 990; baseline 0.01 -3"><span class='ocrx_word' id='word_1_147' title='bbox 2203 932 2258 987; x_wconf 92' lang='lat' dir='ltr'><strong>in</strong></span> <span class='ocrx_word' id='word_1_148' title='bbox 2295 933 2375 990; x_wconf 90' lang='lat' dir='ltr'><strong>ira</strong></span> <span class='ocrx_word' id='word_1_149' title='bbox 2408 943 2514 990; x_wconf 91' lang='lat' dir='ltr'><strong>tua.</strong></span> 
     </span>
    </p>
   </div>
   <div class='ocr_carea' id='block_1_25' title="bbox 2213 1025 3786 1098">
    <p class='ocr_par' dir='ltr' id='par_1_25' title="bbox 2213 1025 3786 1098">
     <span class='ocr_line' id='line_1_25' title="bbox 2213 1025 3786 1098; baseline -0.004 -16"><span class='ocrx_word' id='word_1_150' title='bbox 2213 1025 2246 1082; x_wconf 86' lang='lat'><strong>8</strong></span> <span class='ocrx_word' id='word_1_151' title='bbox 2322 1025 2552 1081; x_wconf 76' lang='lat' dir='ltr'><strong><em>Posuisti</em></strong></span> <span class='ocrx_word' id='word_1_152' title='bbox 2592 1027 2892 1098; x_wconf 75' lang='lat' dir='ltr'><strong><em>iniquitates</em></strong></span> <span class='ocrx_word' id='word_1_153' title='bbox 2947 1037 3154 1081; x_wconf 86' lang='lat' dir='ltr'><strong>nostras</strong></span> <span class='ocrx_word' id='word_1_154' title='bbox 3203 1025 3259 1080; x_wconf 88' lang='lat' dir='ltr'><strong><em>in</em></strong></span> <span class='ocrx_word' id='word_1_155' title='bbox 3314 1034 3592 1094; x_wconf 80' lang='lat' dir='ltr'><strong>conspectu</strong></span> <span class='ocrx_word' id='word_1_156' title='bbox 3643 1033 3735 1078; x_wconf 80' lang='lat' dir='ltr'><strong>tuo</strong></span> <span class='ocrx_word' id='word_1_157' title='bbox 3766 1037 3786 1074; x_wconf 90' lang='lat'><strong><em>:</em></strong></span> 
     </span>
    </p>
   </div>
   <div class='ocr_carea' id='block_1_26' title="bbox 2419 1114 3752 1172">
    <p class='ocr_par' dir='ltr' id='par_1_26' title="bbox 2419 1114 3752 1172">
     <span class='ocr_line' id='line_1_26' title="bbox 2419 1114 3752 1172; baseline -0.003 -1"><span class='ocrx_word' id='word_1_158' title='bbox 2419 1116 2670 1171; x_wconf 74' lang='lat' dir='ltr'><strong>stet-nium</strong></span> <span class='ocrx_word' id='word_1_159' title='bbox 2695 1114 2930 1172; x_wconf 82' lang='lat' dir='ltr'><strong><em>nostrum</em></strong></span> <span class='ocrx_word' id='word_1_160' title='bbox 2960 1117 3014 1170; x_wconf 89' lang='lat' dir='ltr'><strong><em>in</em></strong></span> <span class='ocrx_word' id='word_1_161' title='bbox 3038 1115 3422 1170; x_wconf 83' lang='lat' dir='ltr'><strong>illuminatione</strong></span> <span class='ocrx_word' id='word_1_162' title='bbox 3445 1115 3622 1170; x_wconf 81' lang='lat' dir='ltr'><strong><em>vultus</em></strong></span> <span class='ocrx_word' id='word_1_163' title='bbox 3651 1116 3752 1168; x_wconf 84' lang='lat' dir='ltr'><strong>tui.</strong></span> 
     </span>
    </p>
   </div>
   <div class='ocr_carea' id='block_1_27' title="bbox 2277 1201 3788 1274">
    <p class='ocr_par' dir='ltr' id='par_1_27' title="bbox 2277 1201 3788 1274">
     <span class='ocr_line' id='line_1_27' title="bbox 2277 1201 3788 1274; baseline -0.001 -16"><span class='ocrx_word' id='word_1_164' title='bbox 2277 1201 2324 1258; x_wconf 76' lang='lat' dir='ltr'><strong>ll</strong></span> <span class='ocrx_word' id='word_1_165' title='bbox 2363 1203 2614 1269; x_wconf 87' lang='lat' dir='ltr'><strong><em>Posuisti,</em></strong></span> <span class='ocrx_word' id='word_1_166' title='bbox 2636 1213 2739 1259; x_wconf 87' lang='lat' dir='ltr'><strong>etc.</strong></span> <span class='ocrx_word' id='word_1_167' title='bbox 2771 1221 2786 1258; x_wconf 89' lang='lat'><strong>:</strong></span> <span class='ocrx_word' id='word_1_168' title='bbox 2811 1205 2912 1260; x_wconf 91' lang='lat' dir='ltr'><strong>hoc</strong></span> <span class='ocrx_word' id='word_1_169' title='bbox 2932 1213 3035 1271; x_wconf 88' lang='lat' dir='ltr'><strong>est,</strong></span> <span class='ocrx_word' id='word_1_170' title='bbox 3066 1212 3118 1258; x_wconf 87' lang='lat' dir='ltr'><strong>te</strong></span> <span class='ocrx_word' id='word_1_171' title='bbox 3145 1203 3272 1257; x_wconf 89' lang='lat' dir='ltr'><strong>latet</strong></span> <span class='ocrx_word' id='word_1_172' title='bbox 3301 1203 3432 1257; x_wconf 87' lang='lat' dir='ltr'><strong>nihil</strong></span> <span class='ocrx_word' id='word_1_173' title='bbox 3455 1203 3524 1257; x_wconf 89' lang='lat' dir='ltr'><strong>de</strong></span> <span class='ocrx_word' id='word_1_174' title='bbox 3545 1202 3788 1274; x_wconf 76' lang='lat' dir='ltr'><strong>peccatis</strong></span> 
     </span>
    </p>
   </div>
   <div class='ocr_carea' id='block_1_28' title="bbox 2205 1292 3786 1359">
    <p class='ocr_par' dir='ltr' id='par_1_28' title="bbox 2205 1292 3786 1359">
     <span class='ocr_line' id='line_1_28' title="bbox 2205 1292 3786 1359; baseline -0.001 -13"><span class='ocrx_word' id='word_1_175' title='bbox 2205 1293 2428 1348; x_wconf 88' lang='lat' dir='ltr'><strong><em>nostris.</em></strong></span> <span class='ocrx_word' id='word_1_176' title='bbox 2475 1292 2743 1349; x_wconf 81' lang='lat' dir='ltr'><strong>Saeculum</strong></span> <span class='ocrx_word' id='word_1_177' title='bbox 2773 1304 3022 1349; x_wconf 90' lang='lat' dir='ltr'><strong>nostrum</strong></span> <span class='ocrx_word' id='word_1_178' title='bbox 3051 1294 3104 1347; x_wconf 93' lang='lat' dir='ltr'><strong>in</strong></span> <span class='ocrx_word' id='word_1_179' title='bbox 3135 1292 3554 1348; x_wconf 88' lang='lat' dir='ltr'><strong>illuminatione.</strong></span> <span class='ocrx_word' id='word_1_180' title='bbox 3585 1292 3629 1347; x_wconf 89' lang='lat' dir='ltr'><strong><em>C</em></strong></span> <span class='ocrx_word' id='word_1_181' title='bbox 3651 1293 3786 1359; x_wconf 83' lang='lat' dir='ltr'><strong>Quia</strong></span> 
     </span>
    </p>
   </div>
   <div class='ocr_carea' id='block_1_29' title="bbox 2202 1382 3785 1453">
    <p class='ocr_par' dir='ltr' id='par_1_29' title="bbox 2202 1382 3785 1453">
     <span class='ocr_line' id='line_1_29' title="bbox 2202 1382 3785 1453; baseline -0.001 -16"><span class='ocrx_word' id='word_1_182' title='bbox 2202 1382 2385 1437; x_wconf 82' lang='lat' dir='ltr'><strong>statim</strong></span> <span class='ocrx_word' id='word_1_183' title='bbox 2447 1392 2507 1437; x_wconf 92' lang='lat' dir='ltr'><strong>ut</strong></span> <span class='ocrx_word' id='word_1_184' title='bbox 2583 1383 2984 1453; x_wconf 85' lang='lat' dir='ltr'><strong>delinquimus,</strong></span> <span class='ocrx_word' id='word_1_185' title='bbox 3043 1382 3334 1437; x_wconf 82' lang='lat' dir='ltr'><strong>vindictam</strong></span> <span class='ocrx_word' id='word_1_186' title='bbox 3383 1392 3785 1452; x_wconf 82' lang='lat' dir='ltr'><strong>exspectamus.</strong></span> 
     </span>
    </p>
   </div>
   <div class='ocr_carea' id='block_1_30' title="bbox 2204 1471 3784 1545">
    <p class='ocr_par' dir='ltr' id='par_1_30' title="bbox 2204 1471 3784 1545">
     <span class='ocr_line' id='line_1_30' title="bbox 2204 1471 3784 1545; baseline 0.001 -19"><span class='ocrx_word' id='word_1_187' title='bbox 2204 1471 2248 1526; x_wconf 78' lang='lat' dir='ltr'><strong>il</strong></span> <span class='ocrx_word' id='word_1_188' title='bbox 2287 1473 2557 1545; x_wconf 85' lang='lat' dir='ltr'><strong>Quidquid</strong></span> <span class='ocrx_word' id='word_1_189' title='bbox 2584 1474 2746 1529; x_wconf 90' lang='lat' dir='ltr'><strong>etiam</strong></span> <span class='ocrx_word' id='word_1_190' title='bbox 2780 1474 2835 1529; x_wconf 94' lang='lat' dir='ltr'><strong>in</strong></span> <span class='ocrx_word' id='word_1_191' title='bbox 2876 1478 3096 1529; x_wconf 86' lang='lat' dir='ltr'><strong>secreto</strong></span> <span class='ocrx_word' id='word_1_192' title='bbox 3143 1488 3242 1528; x_wconf 91' lang='lat' dir='ltr'><strong>nos</strong></span> <span class='ocrx_word' id='word_1_193' title='bbox 3277 1473 3458 1529; x_wconf 80' lang='lat' dir='ltr'><strong>facere</strong></span> <span class='ocrx_word' id='word_1_194' title='bbox 3508 1484 3784 1543; x_wconf 86' lang='lat' dir='ltr'><strong>putamus.</strong></span> 
     </span>
    </p>
   </div>
   <div class='ocr_carea' id='block_1_31' title="bbox 2198 1558 3788 1630">
    <p class='ocr_par' dir='ltr' id='par_1_31' title="bbox 2198 1558 3788 1630">
     <span class='ocr_line' id='line_1_31' title="bbox 2198 1558 3788 1630; baseline 0.003 -17"><span class='ocrx_word' id='word_1_195' title='bbox 2198 1558 2591 1616; x_wconf 89' lang='lat' dir='ltr'><strong>illuminatione</strong></span> <span class='ocrx_word' id='word_1_196' title='bbox 2645 1570 2735 1616; x_wconf 91' lang='lat' dir='ltr'><strong>tua</strong></span> <span class='ocrx_word' id='word_1_197' title='bbox 2784 1571 2841 1616; x_wconf 90' lang='lat' dir='ltr'><strong>et</strong></span> <span class='ocrx_word' id='word_1_198' title='bbox 2891 1561 2943 1616; x_wconf 91' lang='lat' dir='ltr'><strong>in</strong></span> <span class='ocrx_word' id='word_1_199' title='bbox 2997 1561 3168 1617; x_wconf 90' lang='lat' dir='ltr'><strong>oculis</strong></span> <span class='ocrx_word' id='word_1_200' title='bbox 3223 1563 3332 1617; x_wconf 85' lang='lat' dir='ltr'><strong><em>tuis</em></strong></span> <span class='ocrx_word' id='word_1_201' title='bbox 3388 1570 3558 1630; x_wconf 86' lang='lat' dir='ltr'><strong>patet.</strong></span> <span class='ocrx_word' id='word_1_202' title='bbox 3615 1562 3788 1617; x_wconf 83' lang='lat' dir='ltr'><strong>liabet</strong></span> 
     </span>
    </p>
   </div>
   <div class='ocr_carea' id='block_1_32' title="bbox 521 1621 2092 1717">
    <p class='ocr_par' dir='ltr' id='par_1_32' title="bbox 521 1621 2091 1693">
     <span class='ocr_line' id='line_1_32' title="bbox 521 1621 2091 1693; baseline 0.001 -17"><span class='ocrx_word' id='word_1_203' title='bbox 521 1621 787 1677; x_wconf 89' lang='lat' dir='ltr'><strong>universis</strong></span> <span class='ocrx_word' id='word_1_204' title='bbox 831 1622 1088 1693; x_wconf 86' lang='lat' dir='ltr'><strong>periculis</strong></span> <span class='ocrx_word' id='word_1_205' title='bbox 1136 1623 1379 1678; x_wconf 91' lang='lat' dir='ltr'><strong>noscitur</strong></span> <span class='ocrx_word' id='word_1_206' title='bbox 1403 1638 1522 1678; x_wconf 89' lang='lat' dir='ltr'><strong>esse</strong></span> <span class='ocrx_word' id='word_1_207' title='bbox 1567 1623 1845 1678; x_wconf 89' lang='lat' dir='ltr'><strong>liberatus.</strong></span> <span class='ocrx_word' id='word_1_208' title='bbox 1897 1624 2091 1679; x_wconf 83' lang='lat' dir='ltr'><strong>Verum</strong></span> 
     </span>
    </p>
   </div>
   <div class='ocr_carea' id='block_1_33' title="bbox 2210 1621 3788 1717">
    <p class='ocr_par' dir='ltr' id='par_1_33' title="bbox 2210 1647 3788 1706">
     <span class='ocr_line' id='line_1_33' title="bbox 2210 1647 3788 1706; baseline 0.002 -3"><span class='ocrx_word' id='word_1_209' title='bbox 2210 1649 2340 1703; x_wconf 70' lang='lat' dir='ltr'><strong>enim</strong></span> <span class='ocrx_word' id='word_1_210' title='bbox 2377 1647 2602 1705; x_wconf 84' lang='lat' dir='ltr'><strong>Hebraea</strong></span> <span class='ocrx_word' id='word_1_211' title='bbox 2644 1650 2855 1706; x_wconf 87' lang='lat' dir='ltr'><strong>veritas</strong></span> <span class='ocrx_word' id='word_1_212' title='bbox 2891 1667 2906 1704; x_wconf 92' lang='lat'><strong>:</strong></span> <span class='ocrx_word' id='word_1_213' title='bbox 2937 1650 3046 1704; x_wconf 91' lang='lat' dir='ltr'><strong>vita</strong></span> <span class='ocrx_word' id='word_1_214' title='bbox 3077 1658 3260 1706; x_wconf 86' lang='lat' dir='ltr'><strong>nostra</strong></span> <span class='ocrx_word' id='word_1_215' title='bbox 3303 1651 3358 1706; x_wconf 90' lang='lat' dir='ltr'><strong>in</strong></span> <span class='ocrx_word' id='word_1_216' title='bbox 3389 1651 3788 1706; x_wconf 85' lang='lat' dir='ltr'><strong>illuminatione</strong></span> 
     </span>
    </p>
   </div>
   <div class='ocr_carea' id='block_1_34' title="bbox 520 1713 2096 1780">
    <p class='ocr_par' dir='ltr' id='par_1_34' title="bbox 520 1713 2096 1780">
     <span class='ocr_line' id='line_1_34' title="bbox 520 1713 2096 1780; baseline 0.001 -12"><span class='ocrx_word' id='word_1_217' title='bbox 520 1722 580 1768; x_wconf 89' lang='lat' dir='ltr'><strong>ut</strong></span> <span class='ocrx_word' id='word_1_218' title='bbox 614 1713 717 1769; x_wconf 92' lang='lat' dir='ltr'><strong>hoc</strong></span> <span class='ocrx_word' id='word_1_219' title='bbox 743 1728 850 1770; x_wconf 90' lang='lat' dir='ltr'><strong>non</strong></span> <span class='ocrx_word' id='word_1_220' title='bbox 884 1723 1090 1770; x_wconf 89' lang='lat' dir='ltr'><strong>tantum</strong></span> <span class='ocrx_word' id='word_1_221' title='bbox 1135 1716 1202 1770; x_wconf 89' lang='lat' dir='ltr'><strong>de</strong></span> <span class='ocrx_word' id='word_1_222' title='bbox 1246 1730 1353 1770; x_wconf 91' lang='lat' dir='ltr'><strong>uno</strong></span> <span class='ocrx_word' id='word_1_223' title='bbox 1389 1715 1626 1780; x_wconf 89' lang='lat' dir='ltr'><strong>homine,</strong></span> <span class='ocrx_word' id='word_1_224' title='bbox 1662 1717 1756 1771; x_wconf 91' lang='lat' dir='ltr'><strong>sed</strong></span> <span class='ocrx_word' id='word_1_225' title='bbox 1788 1715 1854 1771; x_wconf 86' lang='lat' dir='ltr'><strong>de</strong></span> <span class='ocrx_word' id='word_1_226' title='bbox 1884 1715 2096 1771; x_wconf 87' lang='lat' dir='ltr'><strong>univer-</strong></span> 
     </span>
    </p>
   </div>
   <div class='ocr_carea' id='block_1_35' title="bbox 519 1805 2096 1878">
    <p class='ocr_par' dir='ltr' id='par_1_35' title="bbox 519 1805 2096 1878">
     <span class='ocr_line' id='line_1_35' title="bbox 519 1805 2096 1878; baseline -0.001 -16"><span class='ocrx_word' id='word_1_227' title='bbox 519 1807 616 1862; x_wconf 81' lang='lat' dir='ltr'><strong>sali</strong></span> <span class='ocrx_word' id='word_1_228' title='bbox 644 1805 886 1862; x_wconf 85' lang='lat' dir='ltr'><strong>Ecclesia</strong></span> <span class='ocrx_word' id='word_1_229' title='bbox 930 1806 1247 1863; x_wconf 84' lang='lat' dir='ltr'><strong>advertercs</strong></span> <span class='ocrx_word' id='word_1_230' title='bbox 1287 1807 1444 1862; x_wconf 88' lang='lat' dir='ltr'><strong>nobis</strong></span> <span class='ocrx_word' id='word_1_231' title='bbox 1473 1807 1674 1878; x_wconf 87' lang='lat' dir='ltr'><strong>posuit.</strong></span> <span class='ocrx_word' id='word_1_232' title='bbox 1713 1821 1821 1862; x_wconf 90' lang='lat' dir='ltr'><strong>non</strong></span> <span class='ocrx_word' id='word_1_233' title='bbox 1859 1807 2014 1862; x_wconf 91' lang='lat' dir='ltr'><strong>mihi.</strong></span> <span class='ocrx_word' id='word_1_234' title='bbox 2049 1806 2096 1861; x_wconf 85' lang='lat' dir='ltr'><strong>A</strong></span> 
     </span>
    </p>
   </div>
   <div class='ocr_carea' id='block_1_36' title="bbox 520 1897 2096 1969">
    <p class='ocr_par' dir='ltr' id='par_1_36' title="bbox 520 1897 2096 1969">
     <span class='ocr_line' id='line_1_36' title="bbox 520 1897 2096 1969; baseline 0.001 -17"><span class='ocrx_word' id='word_1_235' title='bbox 520 1898 866 1969; x_wconf 73' lang='lat' dir='ltr'><strong>generatione</strong></span> <span class='ocrx_word' id='word_1_236' title='bbox 896 1897 1030 1953; x_wconf 91' lang='lat' dir='ltr'><strong>dicit</strong></span> <span class='ocrx_word' id='word_1_237' title='bbox 1070 1897 1199 1952; x_wconf 89' lang='lat' dir='ltr'><strong>illud</strong></span> <span class='ocrx_word' id='word_1_238' title='bbox 1243 1906 1470 1969; x_wconf 91' lang='lat' dir='ltr'><strong>tempus,</strong></span> <span class='ocrx_word' id='word_1_239' title='bbox 1501 1913 1568 1954; x_wconf 80' lang='lat' dir='ltr'><strong>ex</strong></span> <span class='ocrx_word' id='word_1_240' title='bbox 1607 1914 1715 1967; x_wconf 92' lang='lat' dir='ltr'><strong>quo</strong></span> <span class='ocrx_word' id='word_1_241' title='bbox 1735 1906 1972 1968; x_wconf 85' lang='lat' dir='ltr'><strong>coeptum</strong></span> <span class='ocrx_word' id='word_1_242' title='bbox 2012 1907 2096 1954; x_wconf 87' lang='lat' dir='ltr'><strong>est</strong></span> 
     </span>
    </p>
   </div>
   <div class='ocr_carea' id='block_1_37' title="bbox 522 1986 2094 2058">
    <p class='ocr_par' dir='ltr' id='par_1_37' title="bbox 522 1986 2094 2058">
     <span class='ocr_line' id='line_1_37' title="bbox 522 1986 2094 2058; baseline 0.001 -18"><span class='ocrx_word' id='word_1_243' title='bbox 522 2002 692 2056; x_wconf 83' lang='lat' dir='ltr'><strong>genus</strong></span> <span class='ocrx_word' id='word_1_244' title='bbox 723 1987 1039 2043; x_wconf 85' lang='lat' dir='ltr'><strong>humanum.</strong></span> <span class='ocrx_word' id='word_1_245' title='bbox 1088 1987 1592 2058; x_wconf 87' lang='lat' dir='ltr'><strong>Progenie:_usque</strong></span> <span class='ocrx_word' id='word_1_246' title='bbox 1619 1989 1675 2043; x_wconf 93' lang='lat' dir='ltr'><strong>in</strong></span> <span class='ocrx_word' id='word_1_247' title='bbox 1719 1986 1882 2043; x_wconf 89' lang='lat' dir='ltr'><strong>ﬁnem</strong></span> <span class='ocrx_word' id='word_1_248' title='bbox 1914 1986 2094 2044; x_wconf 68' lang='lat' dir='ltr'><strong>saeculi</strong></span> 
     </span>
    </p>
   </div>
   <div class='ocr_carea' id='block_1_38' title="bbox 521 2077 1539 2149">
    <p class='ocr_par' dir='ltr' id='par_1_38' title="bbox 521 2077 1539 2149">
     <span class='ocr_line' id='line_1_38' title="bbox 521 2077 1539 2149; baseline 0.002 -18"><span class='ocrx_word' id='word_1_249' title='bbox 521 2079 814 2148; x_wconf 87' lang='lat' dir='ltr'><strong>signiﬁcat,</strong></span> <span class='ocrx_word' id='word_1_250' title='bbox 851 2094 914 2134; x_wconf 90' lang='lat' dir='ltr'><strong>ac</strong></span> <span class='ocrx_word' id='word_1_251' title='bbox 942 2077 988 2135; x_wconf 86' lang='lat' dir='ltr'><strong>si</strong></span> <span class='ocrx_word' id='word_1_252' title='bbox 1019 2079 1225 2134; x_wconf 89' lang='lat' dir='ltr'><strong>diceret</strong></span> <span class='ocrx_word' id='word_1_253' title='bbox 1247 2093 1482 2149; x_wconf 89' lang='lat' dir='ltr'><strong>semper.</strong></span> <span class='ocrx_word' id='word_1_254' title='bbox 1535 2113 1539 2116; x_wconf 94' lang='lat'><strong>-</strong></span> 
     </span>
    </p>
   </div>
   <div class='ocr_carea' id='block_1_39' title="bbox 527 2168 2096 2242">
    <p class='ocr_par' dir='ltr' id='par_1_39' title="bbox 527 2168 2096 2242">
     <span class='ocr_line' id='line_1_39' title="bbox 527 2168 2096 2242; baseline -0.001 -18"><span class='ocrx_word' id='word_1_255' title='bbox 527 2170 565 2241; x_wconf 73' lang='lat'><strong>2</strong></span> <span class='ocrx_word' id='word_1_256' title='bbox 634 2169 948 2242; x_wconf 67' lang='lat' dir='ltr'><strong>Priusquam</strong></span> <span class='ocrx_word' id='word_1_257' title='bbox 973 2179 1170 2224; x_wconf 85' lang='lat' dir='ltr'><strong><em>montes</em></strong></span> <span class='ocrx_word' id='word_1_258' title='bbox 1203 2169 1385 2238; x_wconf 84' lang='lat' dir='ltr'><strong>ﬁerent</strong></span> <span class='ocrx_word' id='word_1_259' title='bbox 1417 2178 1507 2224; x_wconf 84' lang='lat' dir='ltr'><strong><em>aut</em></strong></span> <span class='ocrx_word' id='word_1_260' title='bbox 1536 2168 1854 2242; x_wconf 76' lang='lat' dir='ltr'><strong>[armaretur</strong></span> <span class='ocrx_word' id='word_1_261' title='bbox 1875 2178 2014 2224; x_wconf 83' lang='lat' dir='ltr'><strong>terra</strong></span> <span class='ocrx_word' id='word_1_262' title='bbox 2047 2176 2096 2223; x_wconf 88' lang='lat' dir='ltr'><strong>et</strong></span> 
     </span>
    </p>
   </div>
   <div class='ocr_carea' id='block_1_40' title="bbox 727 2262 1221 2316">
    <p class='ocr_par' dir='ltr' id='par_1_40' title="bbox 727 2262 1221 2316">
     <span class='ocr_line' id='line_1_40' title="bbox 727 2262 1221 2316; baseline -0.006 -1"><span class='ocrx_word' id='word_1_263' title='bbox 727 2262 865 2316; x_wconf 85' lang='lat' dir='ltr'><strong><em>orbis</em></strong></span> <span class='ocrx_word' id='word_1_264' title='bbox 896 2274 914 2314; x_wconf 84' lang='lat'><strong>.&#39;</strong></span> <span class='ocrx_word' id='word_1_265' title='bbox 1219 2307 1221 2312; x_wconf 89' lang='lat'><strong>.</strong></span> 
     </span>
    </p>
   </div>
   <div class='ocr_carea' id='block_1_41' title="bbox 657 2349 1883 2424">
    <p class='ocr_par' dir='ltr' id='par_1_41' title="bbox 657 2349 1883 2424">
     <span class='ocr_line' id='line_1_41' title="bbox 657 2349 1883 2424; baseline 0.002 -21"><span class='ocrx_word' id='word_1_266' title='bbox 657 2351 700 2402; x_wconf 82' lang='grc' dir='ltr'><em>Α</em></span> <span class='ocrx_word' id='word_1_267' title='bbox 731 2349 925 2405; x_wconf 79' lang='lat' dir='ltr'><strong>swculo</strong></span> <span class='ocrx_word' id='word_1_268' title='bbox 954 2360 1004 2406; x_wconf 88' lang='lat' dir='ltr'><strong>et</strong></span> <span class='ocrx_word' id='word_1_269' title='bbox 1034 2367 1195 2422; x_wconf 84' lang='lat' dir='ltr'><strong>usque</strong></span> <span class='ocrx_word' id='word_1_270' title='bbox 1218 2352 1271 2407; x_wconf 87' lang='lat' dir='ltr'><strong><em>in</em></strong></span> <span class='ocrx_word' id='word_1_271' title='bbox 1296 2351 1546 2424; x_wconf 70' lang='lat' dir='ltr'><strong>siccatum</strong></span> <span class='ocrx_word' id='word_1_272' title='bbox 1567 2361 1624 2406; x_wconf 88' lang='lat' dir='ltr'><strong><em>tu</em></strong></span> <span class='ocrx_word' id='word_1_273' title='bbox 1641 2368 1697 2408; x_wconf 89' lang='lat' dir='ltr'><strong>es</strong></span> <span class='ocrx_word' id='word_1_274' title='bbox 1723 2351 1883 2407; x_wconf 85' lang='lat' dir='ltr'><strong>Deus.</strong></span> 
     </span>
    </p>
   </div>
   <div class='ocr_carea' id='block_1_42' title="bbox 566 2439 2096 2513">
    <p class='ocr_par' dir='ltr' id='par_1_42' title="bbox 566 2439 2096 2513">
     <span class='ocr_line' id='line_1_42' title="bbox 566 2439 2096 2513; baseline -0.001 -17"><span class='ocrx_word' id='word_1_275' title='bbox 566 2440 632 2496; x_wconf 84' lang='lat' dir='ltr'><strong>-C</strong></span> <span class='ocrx_word' id='word_1_276' title='bbox 668 2440 898 2506; x_wconf 77' lang='lat' dir='ltr'><strong>Montes,</strong></span> <span class='ocrx_word' id='word_1_277' title='bbox 927 2441 1018 2496; x_wconf 87' lang='lat' dir='ltr'><strong>hic</strong></span> <span class='ocrx_word' id='word_1_278' title='bbox 1061 2457 1324 2512; x_wconf 86' lang='lat' dir='ltr'><strong>ponamus</strong></span> <span class='ocrx_word' id='word_1_279' title='bbox 1353 2452 1648 2513; x_wconf 82' lang='lat' dir='ltr'><strong>potestates</strong></span> <span class='ocrx_word' id='word_1_280' title='bbox 1673 2441 1934 2498; x_wconf 79' lang='lat' dir='ltr'><strong>caelorum</strong></span> <span class='ocrx_word' id='word_1_281' title='bbox 1981 2439 2096 2496; x_wconf 78' lang='lat' dir='ltr'><strong>exi-</strong></span> 
     </span>
    </p>
   </div>
   <div class='ocr_carea' id='block_1_43' title="bbox 514 2516 2092 2602">
    <p class='ocr_par' dir='ltr' id='par_1_43' title="bbox 514 2516 2092 2602">
     <span class='ocr_line' id='line_1_43' title="bbox 514 2516 2092 2602; baseline 0 -16"><span class='ocrx_word' id='word_1_282' title='bbox 514 2531 652 2586; x_wconf 82' lang='lat' dir='ltr'><strong>mias</strong></span> <span class='ocrx_word' id='word_1_283' title='bbox 676 2547 692 2586; x_wconf 86' lang='lat'><strong>:</strong></span> <span class='ocrx_word' id='word_1_284' title='bbox 719 2546 782 2586; x_wconf 92' lang='lat' dir='ltr'><strong>ac</strong></span> <span class='ocrx_word' id='word_1_285' title='bbox 797 2531 840 2586; x_wconf 88' lang='lat' dir='ltr'><strong>si</strong></span> <span class='ocrx_word' id='word_1_286' title='bbox 865 2531 1009 2587; x_wconf 89' lang='lat' dir='ltr'><strong>dicat</strong></span> <span class='ocrx_word' id='word_1_287' title='bbox 1025 2516 1046 2586; x_wconf 68' lang='grc' dir='ltr'><strong>ξ’</strong></span> <span class='ocrx_word' id='word_1_288' title='bbox 1068 2531 1149 2587; x_wconf 84' lang='lat' dir='ltr'><strong>Tu</strong></span> <span class='ocrx_word' id='word_1_289' title='bbox 1174 2520 1235 2586; x_wconf 84' lang='lat' dir='ltr'><strong>es</strong></span> <span class='ocrx_word' id='word_1_290' title='bbox 1255 2540 1546 2602; x_wconf 88' lang='lat' dir='ltr'><strong>antequam</strong></span> <span class='ocrx_word' id='word_1_291' title='bbox 1575 2531 1819 2587; x_wconf 73' lang='lat' dir='ltr'><strong>cmlestia</strong></span> <span class='ocrx_word' id='word_1_292' title='bbox 1851 2540 2092 2587; x_wconf 83' lang='lat' dir='ltr'><strong>terrena-</strong></span> 
     </span>
    </p>
   </div>
   <div class='ocr_carea' id='block_1_44' title="bbox 518 2621 2099 2693">
    <p class='ocr_par' dir='ltr' id='par_1_44' title="bbox 518 2621 2099 2693">
     <span class='ocr_line' id='line_1_44' title="bbox 518 2621 2099 2693; baseline 0 -17"><span class='ocrx_word' id='word_1_293' title='bbox 518 2637 624 2692; x_wconf 89' lang='lat' dir='ltr'><strong>que</strong></span> <span class='ocrx_word' id='word_1_294' title='bbox 653 2621 936 2678; x_wconf 87' lang='lat' dir='ltr'><strong>l&#39;ormares.</strong></span> <span class='ocrx_word' id='word_1_295' title='bbox 975 2621 1023 2677; x_wconf 76' lang='grc' dir='ltr'><strong>Α</strong></span> <span class='ocrx_word' id='word_1_296' title='bbox 1050 2622 1246 2677; x_wconf 82' lang='lat' dir='ltr'><strong>saeculo</strong></span> <span class='ocrx_word' id='word_1_297' title='bbox 1270 2631 1327 2678; x_wconf 91' lang='lat' dir='ltr'><strong>et</strong></span> <span class='ocrx_word' id='word_1_298' title='bbox 1355 2639 1523 2693; x_wconf 86' lang='lat' dir='ltr'><strong>usque</strong></span> <span class='ocrx_word' id='word_1_299' title='bbox 1553 2623 1606 2677; x_wconf 90' lang='lat' dir='ltr'><strong>in</strong></span> <span class='ocrx_word' id='word_1_300' title='bbox 1642 2622 1894 2677; x_wconf 81' lang='lat' dir='ltr'><strong>saeculum</strong></span> <span class='ocrx_word' id='word_1_301' title='bbox 1935 2629 2099 2682; x_wconf 57' lang='lat' dir='ltr'><strong>teter»,</strong></span> 
     </span>
    </p>
   </div>
   <div class='ocr_carea' id='block_1_45' title="bbox 516 2711 2098 2781">
    <p class='ocr_par' dir='ltr' id='par_1_45' title="bbox 516 2711 2098 2781">
     <span class='ocr_line' id='line_1_45' title="bbox 516 2711 2098 2781; baseline 0 -15"><span class='ocrx_word' id='word_1_302' title='bbox 516 2712 740 2767; x_wconf 87' lang='lat' dir='ltr'><strong>nitatem</strong></span> <span class='ocrx_word' id='word_1_303' title='bbox 787 2713 1044 2768; x_wconf 88' lang='lat' dir='ltr'><strong>debemus</strong></span> <span class='ocrx_word' id='word_1_304' title='bbox 1083 2713 1381 2768; x_wconf 85' lang='lat' dir='ltr'><strong>advertere.</strong></span> <span class='ocrx_word' id='word_1_305' title='bbox 1410 2711 1515 2781; x_wconf 61' lang='lat' dir='ltr'><strong>&quot;l‘u</strong></span> <span class='ocrx_word' id='word_1_306' title='bbox 1563 2726 1623 2768; x_wconf 91' lang='lat' dir='ltr'><strong>es</strong></span> <span class='ocrx_word' id='word_1_307' title='bbox 1666 2729 1681 2765; x_wconf 91' lang='lat'><strong>:</strong></span> <span class='ocrx_word' id='word_1_308' title='bbox 1726 2719 2098 2780; x_wconf 83' lang='lat' dir='ltr'><strong>competenter</strong></span> 
     </span>
    </p>
   </div>
   <div class='ocr_carea' id='block_1_46' title="bbox 522 2802 2093 2874">
    <p class='ocr_par' dir='ltr' id='par_1_46' title="bbox 522 2802 2093 2874">
     <span class='ocr_line' id='line_1_46' title="bbox 522 2802 2093 2874; baseline 0.002 -18"><span class='ocrx_word' id='word_1_309' title='bbox 522 2803 635 2857; x_wconf 87' lang='lat' dir='ltr'><strong>Deo</strong></span> <span class='ocrx_word' id='word_1_310' title='bbox 655 2802 875 2870; x_wconf 87' lang='lat' dir='ltr'><strong>dicitur,</strong></span> <span class='ocrx_word' id='word_1_311' title='bbox 890 2804 1017 2874; x_wconf 90' lang='lat' dir='ltr'><strong>quia</strong></span> <span class='ocrx_word' id='word_1_312' title='bbox 1040 2819 1144 2858; x_wconf 93' lang='lat' dir='ltr'><strong>non</strong></span> <span class='ocrx_word' id='word_1_313' title='bbox 1171 2802 1331 2859; x_wconf 87' lang='lat' dir='ltr'><strong>habet</strong></span> <span class='ocrx_word' id='word_1_314' title='bbox 1345 2803 1674 2873; x_wconf 85' lang='lat' dir='ltr'><strong>praeteritum</strong></span> <span class='ocrx_word' id='word_1_315' title='bbox 1695 2819 1796 2859; x_wconf 92' lang='lat' dir='ltr'><strong>nec</strong></span> <span class='ocrx_word' id='word_1_316' title='bbox 1815 2803 2054 2857; x_wconf 80' lang='lat' dir='ltr'><strong>futurum</strong></span> <span class='ocrx_word' id='word_1_317' title='bbox 2076 2820 2093 2859; x_wconf 87' lang='lat'><strong>:</strong></span> 
     </span>
    </p>
   </div>
   <div class='ocr_carea' id='block_1_47' title="bbox 516 2893 2089 2966">
    <p class='ocr_par' dir='ltr' id='par_1_47' title="bbox 516 2893 2089 2966">
     <span class='ocr_line' id='line_1_47' title="bbox 516 2893 2089 2966; baseline -0.001 -17"><span class='ocrx_word' id='word_1_318' title='bbox 516 2894 603 2949; x_wconf 81' lang='lat' dir='ltr'><strong>sic</strong></span> <span class='ocrx_word' id='word_1_319' title='bbox 624 2894 768 2949; x_wconf 90' lang='lat' dir='ltr'><strong>enim</strong></span> <span class='ocrx_word' id='word_1_320' title='bbox 800 2893 970 2964; x_wconf 80' lang='lat' dir='ltr'><strong>Moysi</strong></span> <span class='ocrx_word' id='word_1_321' title='bbox 999 2894 1167 2950; x_wconf 75' lang='lat' dir='ltr'><strong>dixit:</strong></span> <span class='ocrx_word' id='word_1_322' title='bbox 1200 2895 1312 2966; x_wconf 83' lang='lat' dir='ltr'><strong>Ego</strong></span> <span class='ocrx_word' id='word_1_323' title='bbox 1340 2909 1458 2950; x_wconf 90' lang='lat' dir='ltr'><strong>sum</strong></span> <span class='ocrx_word' id='word_1_324' title='bbox 1486 2894 1578 2965; x_wconf 92' lang='lat' dir='ltr'><strong>qui</strong></span> <span class='ocrx_word' id='word_1_325' title='bbox 1597 2909 1715 2950; x_wconf 92' lang='lat' dir='ltr'><strong>sum</strong></span> <span class='ocrx_word' id='word_1_326' title='bbox 1741 2893 1940 2965; x_wconf 71' lang='lat' dir='ltr'><strong>(Exod.</strong></span> <span class='ocrx_word' id='word_1_327' title='bbox 1973 2893 2089 2965; x_wconf 89' lang='grc' dir='ltr'>ιιι).</span> 
     </span>
    </p>
   </div>
   <div class='ocr_carea' id='block_1_48' title="bbox 513 3005 1744 3078">
    <p class='ocr_par' dir='ltr' id='par_1_48' title="bbox 513 3005 1744 3078">
     <span class='ocr_line' id='line_1_48' title="bbox 513 3005 1744 3078; baseline 0 -17"><span class='ocrx_word' id='word_1_328' title='bbox 513 3005 552 3061; x_wconf 77' lang='lat'><strong>3</strong></span> <span class='ocrx_word' id='word_1_329' title='bbox 664 3005 717 3061; x_wconf 89' lang='grc' dir='ltr'><strong><em>Ν</em></strong></span> <span class='ocrx_word' id='word_1_330' title='bbox 719 3006 977 3078; x_wconf 65' lang='grc' dir='ltr'>εξαιτνιιιε</span> <span class='ocrx_word' id='word_1_331' title='bbox 997 3007 1260 3062; x_wconf 82' lang='lat' dir='ltr'><strong>hominem</strong></span> <span class='ocrx_word' id='word_1_332' title='bbox 1281 3008 1335 3062; x_wconf 87' lang='lat' dir='ltr'><strong>in</strong></span> <span class='ocrx_word' id='word_1_333' title='bbox 1356 3007 1700 3062; x_wconf 65' lang='lat' dir='ltr'><strong>humilitatem</strong></span> <span class='ocrx_word' id='word_1_334' title='bbox 1723 3022 1744 3061; x_wconf 88' lang='lat'><strong><em>:</em></strong></span> 
     </span>
    </p>
   </div>
   <div class='ocr_carea' id='block_1_49' title="bbox 657 3096 1840 3166">
    <p class='ocr_par' dir='ltr' id='par_1_49' title="bbox 657 3096 1840 3166">
     <span class='ocr_line' id='line_1_49' title="bbox 657 3096 1840 3166; baseline 0 -14"><span class='ocrx_word' id='word_1_335' title='bbox 657 3096 728 3152; x_wconf 79' lang='lat' dir='ltr'><strong>Et</strong></span> <span class='ocrx_word' id='word_1_336' title='bbox 757 3099 939 3152; x_wconf 68' lang='lat' dir='ltr'><strong>dixisti</strong></span> <span class='ocrx_word' id='word_1_337' title='bbox 969 3111 988 3150; x_wconf 89' lang='lat'><strong><em>:</em></strong></span> <span class='ocrx_word' id='word_1_338' title='bbox 1013 3097 1387 3153; x_wconf 77' lang='lat' dir='ltr'><strong>Convertimini</strong></span> <span class='ocrx_word' id='word_1_339' title='bbox 1405 3098 1523 3166; x_wconf 84' lang='lat' dir='ltr'><strong>ﬁlii,</strong></span> <span class='ocrx_word' id='word_1_340' title='bbox 1550 3098 1840 3153; x_wconf 84' lang='lat' dir='ltr'><strong>hominum.</strong></span> 
     </span>
    </p>
   </div>
   <div class='ocr_carea' id='block_1_50' title="bbox 579 3187 2091 3258">
    <p class='ocr_par' dir='ltr' id='par_1_50' title="bbox 579 3187 2091 3258">
     <span class='ocr_line' id='line_1_50' title="bbox 579 3187 2091 3258; baseline 0.005 -18"><span class='ocrx_word' id='word_1_341' title='bbox 579 3188 626 3244; x_wconf 79' lang='grc' dir='ltr'><strong>,Ο</strong></span> <span class='ocrx_word' id='word_1_342' title='bbox 662 3188 739 3244; x_wconf 85' lang='lat' dir='ltr'><strong>Ne</strong></span> <span class='ocrx_word' id='word_1_343' title='bbox 767 3199 982 3245; x_wconf 82' lang='lat' dir='ltr'><strong>avertas</strong></span> <span class='ocrx_word' id='word_1_344' title='bbox 1010 3187 1282 3245; x_wconf 83' lang='lat' dir='ltr'><strong>hominem</strong></span> <span class='ocrx_word' id='word_1_345' title='bbox 1311 3191 1362 3245; x_wconf 92' lang='lat' dir='ltr'><strong>in</strong></span> <span class='ocrx_word' id='word_1_346' title='bbox 1393 3189 1770 3253; x_wconf 86' lang='lat' dir='ltr'><strong>humilitatem,</strong></span> <span class='ocrx_word' id='word_1_347' title='bbox 1805 3191 1856 3246; x_wconf 91' lang='lat' dir='ltr'><strong>id</strong></span> <span class='ocrx_word' id='word_1_348' title='bbox 1884 3199 1986 3258; x_wconf 87' lang='lat' dir='ltr'><strong>est,</strong></span> <span class='ocrx_word' id='word_1_349' title='bbox 2023 3206 2091 3248; x_wconf 84' lang='lat' dir='ltr'><strong>ne</strong></span> 
     </span>
    </p>
   </div>
   <div class='ocr_carea' id='block_1_51' title="bbox 517 3280 2087 3355">
    <p class='ocr_par' dir='ltr' id='par_1_51' title="bbox 517 3280 2087 3355">
     <span class='ocr_line' id='line_1_51' title="bbox 517 3280 2087 3355; baseline 0.003 -21"><span class='ocrx_word' id='word_1_350' title='bbox 517 3281 570 3334; x_wconf 82' lang='lat' dir='ltr'><strong>in</strong></span> <span class='ocrx_word' id='word_1_351' title='bbox 595 3281 777 3334; x_wconf 82' lang='lat' dir='ltr'><strong>mundi</strong></span> <span class='ocrx_word' id='word_1_352' title='bbox 797 3280 950 3335; x_wconf 87' lang='lat' dir='ltr'><strong>istius</strong></span> <span class='ocrx_word' id='word_1_353' title='bbox 971 3280 1464 3350; x_wconf 84' lang='lat' dir='ltr'><strong>concupiscentiam</strong></span> <span class='ocrx_word' id='word_1_354' title='bbox 1483 3281 1941 3352; x_wconf 89' lang='lat' dir='ltr'><strong>ambitionemque</strong></span> <span class='ocrx_word' id='word_1_355' title='bbox 1961 3299 2087 3355; x_wconf 53' lang='lat' dir='ltr'><strong>pro.</strong></span> 
     </span>
    </p>
   </div>
   <div class='ocr_carea' id='block_1_52' title="bbox 514 3369 2091 3441">
    <p class='ocr_par' dir='ltr' id='par_1_52' title="bbox 514 3369 2091 3441">
     <span class='ocr_line' id='line_1_52' title="bbox 514 3369 2091 3441; baseline 0.005 -18"><span class='ocrx_word' id='word_1_356' title='bbox 514 3370 694 3440; x_wconf 75' lang='lat' dir='ltr'><strong>jicias.</strong></span> <span class='ocrx_word' id='word_1_357' title='bbox 744 3369 936 3426; x_wconf 81' lang='lat' dir='ltr'><strong>Merito</strong></span> <span class='ocrx_word' id='word_1_358' title='bbox 965 3385 1094 3441; x_wconf 83' lang='lat' dir='ltr'><strong>ergo</strong></span> <span class='ocrx_word' id='word_1_359' title='bbox 1142 3373 1296 3441; x_wconf 89' lang='lat' dir='ltr'><strong>petit,</strong></span> <span class='ocrx_word' id='word_1_360' title='bbox 1329 3387 1396 3426; x_wconf 91' lang='lat' dir='ltr'><strong>ne</strong></span> <span class='ocrx_word' id='word_1_361' title='bbox 1426 3372 1749 3429; x_wconf 83' lang='lat' dir='ltr'><strong>deserantur</strong></span> <span class='ocrx_word' id='word_1_362' title='bbox 1771 3375 2016 3431; x_wconf 84' lang='lat' dir='ltr'><strong>homines</strong></span> <span class='ocrx_word' id='word_1_363' title='bbox 2037 3377 2091 3431; x_wconf 90' lang='lat' dir='ltr'><strong>in</strong></span> 
     </span>
    </p>
   </div>
   <div class='ocr_carea' id='block_1_53' title="bbox 512 3459 2089 3532">
    <p class='ocr_par' dir='ltr' id='par_1_53' title="bbox 512 3459 2089 3532">
     <span class='ocr_line' id='line_1_53' title="bbox 512 3459 2089 3532; baseline 0.004 -19"><span class='ocrx_word' id='word_1_364' title='bbox 512 3459 732 3516; x_wconf 83' lang='lat' dir='ltr'><strong>lubricis</strong></span> <span class='ocrx_word' id='word_1_365' title='bbox 761 3459 1019 3532; x_wconf 88' lang='lat' dir='ltr'><strong>lapsibus,</strong></span> <span class='ocrx_word' id='word_1_366' title='bbox 1049 3461 1249 3530; x_wconf 90' lang='lat' dir='ltr'><strong>quibus</strong></span> <span class='ocrx_word' id='word_1_367' title='bbox 1275 3461 1476 3518; x_wconf 88' lang='lat' dir='ltr'><strong>dictum</strong></span> <span class='ocrx_word' id='word_1_368' title='bbox 1525 3471 1614 3518; x_wconf 89' lang='lat' dir='ltr'><strong>est</strong></span> <span class='ocrx_word' id='word_1_369' title='bbox 1640 3481 1654 3518; x_wconf 91' lang='lat'><strong>:</strong></span> <span class='ocrx_word' id='word_1_370' title='bbox 1679 3463 2089 3520; x_wconf 89' lang='lat' dir='ltr'><strong>Convertimini.</strong></span> 
     </span>
    </p>
   </div>
   <div class='ocr_carea' id='block_1_54' title="bbox 511 3575 1777 3641">
    <p class='ocr_par' dir='ltr' id='par_1_54' title="bbox 511 3575 1777 3641">
     <span class='ocr_line' id='line_1_54' title="bbox 511 3575 1777 3641; baseline 0.009 -12"><span class='ocrx_word' id='word_1_371' title='bbox 511 3575 546 3630; x_wconf 78' lang='grc'><strong>4</strong></span> <span class='ocrx_word' id='word_1_372' title='bbox 659 3576 918 3641; x_wconf 81' lang='lat' dir='ltr'><strong>Quoniam</strong></span> <span class='ocrx_word' id='word_1_373' title='bbox 945 3579 1086 3635; x_wconf 80' lang='lat' dir='ltr'><strong>mille</strong></span> <span class='ocrx_word' id='word_1_374' title='bbox 1115 3581 1240 3634; x_wconf 85' lang='lat' dir='ltr'><strong>anni</strong></span> <span class='ocrx_word' id='word_1_375' title='bbox 1264 3592 1383 3636; x_wconf 84' lang='lat' dir='ltr'><strong>ante</strong></span> <span class='ocrx_word' id='word_1_376' title='bbox 1403 3582 1583 3636; x_wconf 83' lang='lat' dir='ltr'><strong>oculos</strong></span> <span class='ocrx_word' id='word_1_377' title='bbox 1608 3593 1724 3639; x_wconf 86' lang='lat' dir='ltr'><strong><em>tuos</em></strong></span> <span class='ocrx_word' id='word_1_378' title='bbox 1756 3602 1777 3639; x_wconf 89' lang='lat'><strong>:</strong></span> 
     </span>
    </p>
   </div>
   <div class='ocr_carea' id='block_1_55' title="bbox 535 3665 1758 3743">
    <p class='ocr_par' dir='ltr' id='par_1_55' title="bbox 535 3665 1758 3743">
     <span class='ocr_line' id='line_1_55' title="bbox 535 3665 1758 3743; baseline 0.01 -26"><span class='ocrx_word' id='word_1_379' title='bbox 535 3674 538 3677; x_wconf 87' lang='lat'>&#39;</span> <span class='ocrx_word' id='word_1_380' title='bbox 653 3665 926 3737; x_wconf 82' lang='lat' dir='ltr'><strong>Tanquam</strong></span> <span class='ocrx_word' id='word_1_381' title='bbox 947 3668 1056 3723; x_wconf 81' lang='lat' dir='ltr'><strong>dies</strong></span> <span class='ocrx_word' id='word_1_382' title='bbox 1079 3672 1318 3724; x_wconf 87' lang='lat' dir='ltr'><strong>hesterna</strong></span> <span class='ocrx_word' id='word_1_383' title='bbox 1338 3687 1454 3741; x_wconf 71' lang='lat' dir='ltr'><strong>qtae</strong></span> <span class='ocrx_word' id='word_1_384' title='bbox 1483 3676 1758 3743; x_wconf 68' lang='lat' dir='ltr'><strong>praeteriit.</strong></span> 
     </span>
    </p>
   </div>
   <div class='ocr_carea' id='block_1_56' title="bbox 579 3756 2090 3834">
    <p class='ocr_par' dir='ltr' id='par_1_56' title="bbox 579 3756 2090 3834">
     <span class='ocr_line' id='line_1_56' title="bbox 579 3756 2090 3834; baseline 0.008 -21"><span class='ocrx_word' id='word_1_385' title='bbox 579 3756 622 3813; x_wconf 85' lang='lat' dir='ltr'><strong><em>C</em></strong></span> <span class='ocrx_word' id='word_1_386' title='bbox 661 3757 802 3814; x_wconf 82' lang='lat' dir='ltr'><strong>Mille</strong></span> <span class='ocrx_word' id='word_1_387' title='bbox 855 3759 999 3814; x_wconf 90' lang='lat' dir='ltr'><strong>enim</strong></span> <span class='ocrx_word' id='word_1_388' title='bbox 1046 3761 1198 3826; x_wconf 86' lang='lat' dir='ltr'><strong>anni,</strong></span> <span class='ocrx_word' id='word_1_389' title='bbox 1236 3777 1341 3816; x_wconf 83' lang='lat' dir='ltr'><strong>non</strong></span> <span class='ocrx_word' id='word_1_390' title='bbox 1391 3763 1562 3818; x_wconf 89' lang='lat' dir='ltr'><strong>solum</strong></span> <span class='ocrx_word' id='word_1_391' title='bbox 1594 3767 1750 3834; x_wconf 90' lang='lat' dir='ltr'><strong>pauci</strong></span> <span class='ocrx_word' id='word_1_392' title='bbox 1793 3777 1921 3822; x_wconf 72' lang='lat' dir='ltr'><strong>sunt</strong></span> <span class='ocrx_word' id='word_1_393' title='bbox 1964 3781 2090 3825; x_wconf 87' lang='lat' dir='ltr'><strong>ante</strong></span> 
     </span>
    </p>
   </div>
   <div class='ocr_carea' id='block_1_57' title="bbox 509 3847 2090 3921">
    <p class='ocr_par' dir='ltr' id='par_1_57' title="bbox 509 3847 2090 3921">
     <span class='ocr_line' id='line_1_57' title="bbox 509 3847 2090 3921; baseline 0.005 -18"><span class='ocrx_word' id='word_1_394' title='bbox 509 3847 700 3904; x_wconf 88' lang='lat' dir='ltr'><strong>oculos</strong></span> <span class='ocrx_word' id='word_1_395' title='bbox 726 3848 842 3913; x_wconf 88' lang='lat' dir='ltr'><strong>Dei,</strong></span> <span class='ocrx_word' id='word_1_396' title='bbox 875 3849 968 3902; x_wconf 91' lang='lat' dir='ltr'><strong>sed</strong></span> <span class='ocrx_word' id='word_1_397' title='bbox 1011 3850 1234 3905; x_wconf 91' lang='lat' dir='ltr'><strong>omnino</strong></span> <span class='ocrx_word' id='word_1_398' title='bbox 1265 3860 1520 3921; x_wconf 82' lang='lat' dir='ltr'><strong>tanquam</strong></span> <span class='ocrx_word' id='word_1_399' title='bbox 1569 3854 1818 3910; x_wconf 79' lang='lat' dir='ltr'><strong>hesterna</strong></span> <span class='ocrx_word' id='word_1_400' title='bbox 1847 3857 1961 3911; x_wconf 87' lang='lat' dir='ltr'><strong>dies</strong></span> <span class='ocrx_word' id='word_1_401' title='bbox 1994 3858 2090 3911; x_wconf 89' lang='lat' dir='ltr'><strong>ha-</strong></span> 
     </span>
    </p>
   </div>
   <div class='ocr_carea' id='block_1_58' title="bbox 510 3938 2087 4016">
    <p class='ocr_par' dir='ltr' id='par_1_58' title="bbox 510 3938 2087 4016">
     <span class='ocr_line' id='line_1_58' title="bbox 510 3938 2087 4016; baseline 0.005 -24"><span class='ocrx_word' id='word_1_402' title='bbox 510 3942 710 3993; x_wconf 82' lang='lat' dir='ltr'><strong>bentur</strong></span> <span class='ocrx_word' id='word_1_403' title='bbox 729 3939 1008 4008; x_wconf 70' lang='lat' dir='ltr'><strong>prrcteriti.</strong></span> <span class='ocrx_word' id='word_1_404' title='bbox 1033 3938 1269 3994; x_wconf 86' lang='lat' dir='ltr'><strong>Finitum</strong></span> <span class='ocrx_word' id='word_1_405' title='bbox 1293 3955 1506 4012; x_wconf 89' lang='lat' dir='ltr'><strong>quoque</strong></span> <span class='ocrx_word' id='word_1_406' title='bbox 1533 3957 1632 4013; x_wconf 89' lang='lat' dir='ltr'><strong>pro</strong></span> <span class='ocrx_word' id='word_1_407' title='bbox 1653 3943 1861 4001; x_wconf 88' lang='lat' dir='ltr'><strong>inﬁnito</strong></span> <span class='ocrx_word' id='word_1_408' title='bbox 1882 3946 2087 4016; x_wconf 89' lang='lat' dir='ltr'><strong>posuit,</strong></span> 
     </span>
    </p>
   </div>
   <div class='ocr_carea' id='block_1_59' title="bbox 511 4027 1292 4099">
    <p class='ocr_par' dir='ltr' id='par_1_59' title="bbox 511 4027 1292 4099">
     <span class='ocr_line' id='line_1_59' title="bbox 511 4027 1292 4099; baseline 0.004 -19"><span class='ocrx_word' id='word_1_409' title='bbox 511 4028 564 4082; x_wconf 79' lang='lat' dir='ltr'><strong>id</strong></span> <span class='ocrx_word' id='word_1_410' title='bbox 591 4036 696 4094; x_wconf 91' lang='lat' dir='ltr'><strong>est,</strong></span> <span class='ocrx_word' id='word_1_411' title='bbox 725 4027 870 4084; x_wconf 89' lang='lat' dir='ltr'><strong>mille</strong></span> <span class='ocrx_word' id='word_1_412' title='bbox 899 4043 996 4099; x_wconf 93' lang='lat' dir='ltr'><strong>pro</strong></span> <span class='ocrx_word' id='word_1_413' title='bbox 1023 4029 1292 4084; x_wconf 90' lang='lat' dir='ltr'><strong>omnibus.</strong></span> 
     </span>
    </p>
   </div>
   <div class='ocr_carea' id='block_1_60' title="bbox 510 4137 1292 4195">
    <p class='ocr_par' dir='ltr' id='par_1_60' title="bbox 510 4137 1292 4195">
     <span class='ocr_line' id='line_1_60' title="bbox 510 4137 1292 4195; baseline 0.004 -3"><span class='ocrx_word' id='word_1_414' title='bbox 510 4138 545 4192; x_wconf 85' lang='lat'><strong>5</strong></span> <span class='ocrx_word' id='word_1_415' title='bbox 651 4137 721 4192; x_wconf 81' lang='lat' dir='ltr'><strong>Et</strong></span> <span class='ocrx_word' id='word_1_416' title='bbox 753 4139 990 4193; x_wconf 84' lang='lat' dir='ltr'><strong>custodia</strong></span> <span class='ocrx_word' id='word_1_417' title='bbox 1019 4139 1072 4193; x_wconf 90' lang='lat' dir='ltr'><strong><em>in</em></strong></span> <span class='ocrx_word' id='word_1_418' title='bbox 1097 4149 1244 4195; x_wconf 84' lang='lat' dir='ltr'><strong>nocte</strong></span> <span class='ocrx_word' id='word_1_419' title='bbox 1273 4155 1292 4195; x_wconf 89' lang='lat'><strong><em>:</em></strong></span> 
     </span>
    </p>
   </div>
   <div class='ocr_carea' id='block_1_61' title="bbox 657 4228 1931 4300">
    <p class='ocr_par' dir='ltr' id='par_1_61' title="bbox 657 4228 1931 4300">
     <span class='ocr_line' id='line_1_61' title="bbox 657 4228 1931 4300; baseline 0.009 -21"><span class='ocrx_word' id='word_1_420' title='bbox 657 4228 789 4294; x_wconf 76' lang='lat' dir='ltr'><strong>Qua:</strong></span> <span class='ocrx_word' id='word_1_421' title='bbox 817 4245 910 4300; x_wconf 89' lang='lat' dir='ltr'><strong>pro</strong></span> <span class='ocrx_word' id='word_1_422' title='bbox 935 4229 1098 4285; x_wconf 88' lang='lat' dir='ltr'><strong>nihilo</strong></span> <span class='ocrx_word' id='word_1_423' title='bbox 1133 4231 1391 4286; x_wconf 85' lang='lat' dir='ltr'><strong>habentur</strong></span> <span class='ocrx_word' id='word_1_424' title='bbox 1411 4247 1590 4288; x_wconf 87' lang='lat' dir='ltr'><strong>eorum</strong></span> <span class='ocrx_word' id='word_1_425' title='bbox 1613 4235 1738 4290; x_wconf 82' lang='lat' dir='ltr'><strong>anni</strong></span> <span class='ocrx_word' id='word_1_426' title='bbox 1759 4247 1931 4291; x_wconf 87' lang='lat' dir='ltr'><strong>erunt.</strong></span> 
     </span>
    </p>
   </div>
   <div class='ocr_carea' id='block_1_62' title="bbox 2195 1737 2499 1794">
    <p class='ocr_par' dir='ltr' id='par_1_62' title="bbox 2195 1737 2499 1794">
     <span class='ocr_line' id='line_1_62' title="bbox 2195 1737 2499 1794; baseline 0.01 -3"><span class='ocrx_word' id='word_1_427' title='bbox 2195 1737 2380 1793; x_wconf 84' lang='lat' dir='ltr'><strong>vultus</strong></span> <span class='ocrx_word' id='word_1_428' title='bbox 2403 1740 2499 1794; x_wconf 93' lang='lat' dir='ltr'><strong>tui.</strong></span> 
     </span>
    </p>
   </div>
   <div class='ocr_carea' id='block_1_63' title="bbox 2195 1827 3501 1902">
    <p class='ocr_par' dir='ltr' id='par_1_63' title="bbox 2195 1827 3501 1902">
     <span class='ocr_line' id='line_1_63' title="bbox 2195 1827 3501 1902; baseline 0.003 -21"><span class='ocrx_word' id='word_1_429' title='bbox 2195 1827 2229 1882; x_wconf 92' lang='lat'><strong>9</strong></span> <span class='ocrx_word' id='word_1_430' title='bbox 2339 1828 2599 1894; x_wconf 84' lang='lat' dir='ltr'><strong>Quoniam</strong></span> <span class='ocrx_word' id='word_1_431' title='bbox 2624 1846 2799 1884; x_wconf 86' lang='lat' dir='ltr'><strong>omnes</strong></span> <span class='ocrx_word' id='word_1_432' title='bbox 2825 1830 2935 1884; x_wconf 86' lang='lat' dir='ltr'><strong>dies</strong></span> <span class='ocrx_word' id='word_1_433' title='bbox 2968 1831 3130 1885; x_wconf 89' lang='lat' dir='ltr'><strong>nostri</strong></span> <span class='ocrx_word' id='word_1_434' title='bbox 3153 1831 3451 1902; x_wconf 82' lang='lat' dir='ltr'><strong>defecerunt</strong></span> <span class='ocrx_word' id='word_1_435' title='bbox 3477 1847 3501 1886; x_wconf 88' lang='lat'><strong><em>:</em></strong></span> 
     </span>
    </p>
   </div>
   <div class='ocr_carea' id='block_1_64' title="bbox 2207 1917 3209 1990">
    <p class='ocr_par' dir='ltr' id='par_1_64' title="bbox 2207 1917 3209 1990">
     <span class='ocr_line' id='line_1_64' title="bbox 2207 1917 3209 1990; baseline 0.001 -16"><span class='ocrx_word' id='word_1_436' title='bbox 2207 1929 2210 1932; x_wconf 85' lang='lat'>&#39;</span> <span class='ocrx_word' id='word_1_437' title='bbox 2340 1932 2404 1974; x_wconf 70' lang='grc' dir='ltr'><strong>σε·</strong></span> <span class='ocrx_word' id='word_1_438' title='bbox 2439 1918 2508 1972; x_wconf 84' lang='lat' dir='ltr'><strong>Et</strong></span> <span class='ocrx_word' id='word_1_439' title='bbox 2540 1917 2560 1986; x_wconf 72' lang='grc' dir='ltr'>ζ</span> <span class='ocrx_word' id='word_1_440' title='bbox 2589 1919 2749 1973; x_wconf 90' lang='lat' dir='ltr'><strong>inira</strong></span> <span class='ocrx_word' id='word_1_441' title='bbox 2776 1930 2867 1974; x_wconf 87' lang='lat' dir='ltr'><strong><em>tua</em></strong></span> <span class='ocrx_word' id='word_1_442' title='bbox 2904 1920 3209 1990; x_wconf 74' lang='lat' dir='ltr'><strong>defecimus.</strong></span> 
     </span>
    </p>
   </div>
   <div class='ocr_carea' id='block_1_65' title="bbox 2198 1994 3513 2066">
    <p class='ocr_par' dir='ltr' id='par_1_65' title="bbox 2198 1994 3513 2066">
     <span class='ocr_line' id='line_1_65' title="bbox 2198 1994 3513 2066; baseline 0.002 -2"><span class='ocrx_word' id='word_1_443' title='bbox 2198 2009 2265 2065; x_wconf 81' lang='grc'><strong>10</strong></span> <span class='ocrx_word' id='word_1_444' title='bbox 2339 1994 2478 2064; x_wconf 70' lang='grc' dir='ltr'><strong>Ληιὶὶ</strong></span> <span class='ocrx_word' id='word_1_445' title='bbox 2507 2011 2669 2064; x_wconf 86' lang='lat' dir='ltr'><strong>nostri</strong></span> <span class='ocrx_word' id='word_1_446' title='bbox 2695 2011 2827 2064; x_wconf 88' lang='lat' dir='ltr'><strong><em>sicut</em></strong></span> <span class='ocrx_word' id='word_1_447' title='bbox 2851 2027 3050 2065; x_wconf 80' lang='lat' dir='ltr'><strong>aranea</strong></span> <span class='ocrx_word' id='word_1_448' title='bbox 3076 2011 3468 2066; x_wconf 81' lang='lat' dir='ltr'><strong>meditabuntur</strong></span> <span class='ocrx_word' id='word_1_449' title='bbox 3490 2027 3513 2066; x_wconf 88' lang='lat'><strong><em>:</em></strong></span> 
     </span>
    </p>
   </div>
   <div class='ocr_carea' id='block_1_66' title="bbox 2337 2099 3785 2171">
    <p class='ocr_par' dir='ltr' id='par_1_66' title="bbox 2337 2099 3785 2171">
     <span class='ocr_line' id='line_1_66' title="bbox 2337 2099 3785 2171; baseline 0 -18"><span class='ocrx_word' id='word_1_450' title='bbox 2337 2099 2461 2153; x_wconf 89' lang='lat' dir='ltr'><strong><em>Dies</em></strong></span> <span class='ocrx_word' id='word_1_451' title='bbox 2522 2115 2782 2154; x_wconf 85' lang='lat' dir='ltr'><strong>annorum</strong></span> <span class='ocrx_word' id='word_1_452' title='bbox 2828 2111 3126 2154; x_wconf 83' lang='lat' dir='ltr'><strong>nostrorum</strong></span> <span class='ocrx_word' id='word_1_453' title='bbox 3155 2101 3211 2155; x_wconf 86' lang='lat' dir='ltr'><strong>in</strong></span> <span class='ocrx_word' id='word_1_454' title='bbox 3264 2101 3394 2171; x_wconf 85' lang='lat' dir='ltr'><strong>ipsis</strong></span> <span class='ocrx_word' id='word_1_455' title='bbox 3451 2100 3785 2171; x_wconf 75' lang='lat' dir='ltr'><strong>septuaginta</strong></span> 
     </span>
    </p>
   </div>
   <div class='ocr_carea' id='block_1_67' title="bbox 2407 2190 3344 2244">
    <p class='ocr_par' dir='ltr' id='par_1_67' title="bbox 2407 2190 3344 2244">
     <span class='ocr_line' id='line_1_67' title="bbox 2407 2190 3344 2244; baseline 0.001 -1"><span class='ocrx_word' id='word_1_456' title='bbox 2407 2190 2556 2244; x_wconf 83' lang='lat' dir='ltr'><strong>anni.</strong></span> <span class='ocrx_word' id='word_1_457' title='bbox 2786 2202 2789 2206; x_wconf 82' lang='lat'>’</span> <span class='ocrx_word' id='word_1_458' title='bbox 3340 2195 3344 2198; x_wconf 84' lang='grc'><em>’</em></span> 
     </span>
    </p>
   </div>
   <div class='ocr_carea' id='block_1_68' title="bbox 2267 2277 3780 2350">
    <p class='ocr_par' dir='ltr' id='par_1_68' title="bbox 2267 2277 3780 2350">
     <span class='ocr_line' id='line_1_68' title="bbox 2267 2277 3780 2350; baseline -0.001 -16"><span class='ocrx_word' id='word_1_459' title='bbox 2267 2277 2308 2334; x_wconf 87' lang='lat' dir='ltr'><strong><em>C</em></strong></span> <span class='ocrx_word' id='word_1_460' title='bbox 2358 2277 2688 2334; x_wconf 87' lang='lat' dir='ltr'><strong>Brevitatem</strong></span> <span class='ocrx_word' id='word_1_461' title='bbox 2739 2277 2993 2334; x_wconf 79' lang='lat' dir='ltr'><strong>humanae</strong></span> <span class='ocrx_word' id='word_1_462' title='bbox 3034 2280 3160 2334; x_wconf 75' lang='lat' dir='ltr'><strong>vitte</strong></span> <span class='ocrx_word' id='word_1_463' title='bbox 3205 2278 3337 2334; x_wconf 86' lang='lat' dir='ltr'><strong>dicit</strong></span> <span class='ocrx_word' id='word_1_464' title='bbox 3383 2285 3612 2350; x_wconf 87' lang='lat' dir='ltr'><strong>propter</strong></span> <span class='ocrx_word' id='word_1_465' title='bbox 3646 2277 3780 2332; x_wconf 81' lang='lat' dir='ltr'><strong>iram</strong></span> 
     </span>
    </p>
   </div>
   <div class='ocr_carea' id='block_1_69' title="bbox 2200 2365 3782 2436">
    <p class='ocr_par' dir='ltr' id='par_1_69' title="bbox 2200 2365 3782 2436">
     <span class='ocr_line' id='line_1_69' title="bbox 2200 2365 3782 2436; baseline 0.001 -17"><span class='ocrx_word' id='word_1_466' title='bbox 2200 2365 2426 2422; x_wconf 91' lang='lat' dir='ltr'><strong>Domini</strong></span> <span class='ocrx_word' id='word_1_467' title='bbox 2478 2367 2814 2436; x_wconf 89' lang='lat' dir='ltr'><strong>provenisse.</strong></span> <span class='ocrx_word' id='word_1_468' title='bbox 2877 2365 3012 2421; x_wconf 79' lang='lat' dir='ltr'><strong>Nam</strong></span> <span class='ocrx_word' id='word_1_469' title='bbox 3065 2367 3208 2436; x_wconf 89' lang='lat' dir='ltr'><strong>quod</strong></span> <span class='ocrx_word' id='word_1_470' title='bbox 3259 2367 3412 2432; x_wconf 86' lang='lat' dir='ltr'><strong>dicit,</strong></span> <span class='ocrx_word' id='word_1_471' title='bbox 3454 2382 3648 2422; x_wconf 90' lang='lat' dir='ltr'><strong>omnes</strong></span> <span class='ocrx_word' id='word_1_472' title='bbox 3669 2366 3782 2421; x_wconf 73' lang='lat' dir='ltr'><strong>dies</strong></span> 
     </span>
    </p>
   </div>
   <div class='ocr_carea' id='block_1_70' title="bbox 2198 2455 3776 2528">
    <p class='ocr_par' dir='ltr' id='par_1_70' title="bbox 2198 2455 3776 2528">
     <span class='ocr_line' id='line_1_70' title="bbox 2198 2455 3776 2528; baseline -0.001 -16"><span class='ocrx_word' id='word_1_473' title='bbox 2198 2459 2368 2515; x_wconf 89' lang='lat' dir='ltr'><strong>nostri</strong></span> <span class='ocrx_word' id='word_1_474' title='bbox 2396 2457 2731 2522; x_wconf 77' lang='lat' dir='ltr'><strong>deiecerunt,</strong></span> <span class='ocrx_word' id='word_1_475' title='bbox 2761 2457 2828 2514; x_wconf 89' lang='lat' dir='ltr'><strong>ad</strong></span> <span class='ocrx_word' id='word_1_476' title='bbox 2859 2473 3030 2512; x_wconf 87' lang='lat' dir='ltr'><strong>annos</strong></span> <span class='ocrx_word' id='word_1_477' title='bbox 3057 2459 3296 2528; x_wconf 88' lang='lat' dir='ltr'><strong>pertinet</strong></span> <span class='ocrx_word' id='word_1_478' title='bbox 3315 2455 3776 2518; x_wconf 90' lang='lat' dir='ltr'><strong>innumerabiles;</strong></span> 
     </span>
    </p>
   </div>
   <div class='ocr_carea' id='block_1_71' title="bbox 2197 2548 3770 2619">
    <p class='ocr_par' dir='ltr' id='par_1_71' title="bbox 2197 2548 3770 2619">
     <span class='ocr_line' id='line_1_71' title="bbox 2197 2548 3770 2619; baseline -0.001 -16"><span class='ocrx_word' id='word_1_479' title='bbox 2197 2549 2342 2617; x_wconf 90' lang='lat' dir='ltr'><strong>quod</strong></span> <span class='ocrx_word' id='word_1_480' title='bbox 2362 2558 2543 2604; x_wconf 88' lang='lat' dir='ltr'><strong>autem</strong></span> <span class='ocrx_word' id='word_1_481' title='bbox 2593 2549 2876 2619; x_wconf 89' lang='lat' dir='ltr'><strong>sequitur,</strong></span> <span class='ocrx_word' id='word_1_482' title='bbox 2903 2549 3043 2604; x_wconf 87' lang='lat' dir='ltr'><strong>etin</strong></span> <span class='ocrx_word' id='word_1_483' title='bbox 3073 2549 3156 2604; x_wconf 90' lang='lat' dir='ltr'><strong>ira</strong></span> <span class='ocrx_word' id='word_1_484' title='bbox 3195 2558 3287 2605; x_wconf 87' lang='lat' dir='ltr'><strong>tua</strong></span> <span class='ocrx_word' id='word_1_485' title='bbox 3325 2548 3652 2614; x_wconf 81' lang='lat' dir='ltr'><strong>defecimus,</strong></span> <span class='ocrx_word' id='word_1_486' title='bbox 3707 2549 3770 2602; x_wconf 88' lang='lat' dir='ltr'><strong>ad</strong></span> 
     </span>
    </p>
   </div>
   <div class='ocr_carea' id='block_1_72' title="bbox 2197 2637 3778 2710">
    <p class='ocr_par' dir='ltr' id='par_1_72' title="bbox 2197 2637 3778 2710">
     <span class='ocr_line' id='line_1_72' title="bbox 2197 2637 3778 2710; baseline -0.001 -19"><span class='ocrx_word' id='word_1_487' title='bbox 2197 2637 2578 2693; x_wconf 89' lang='lat' dir='ltr'><strong>tribulationes</strong></span> <span class='ocrx_word' id='word_1_488' title='bbox 2645 2653 3022 2708; x_wconf 83' lang='lat' dir='ltr'><strong>aerumnasque</strong></span> <span class='ocrx_word' id='word_1_489' title='bbox 3061 2637 3306 2710; x_wconf 87' lang='lat' dir='ltr'><strong>respicit,</strong></span> <span class='ocrx_word' id='word_1_490' title='bbox 3361 2652 3497 2708; x_wconf 87' lang='lat' dir='ltr'><strong>quas</strong></span> <span class='ocrx_word' id='word_1_491' title='bbox 3555 2638 3614 2692; x_wconf 90' lang='lat' dir='ltr'><strong>in</strong></span> <span class='ocrx_word' id='word_1_492' title='bbox 3667 2638 3778 2708; x_wconf 81' lang='lat' dir='ltr'><strong>ipsa</strong></span> 
     </span>
    </p>
   </div>
   <div class='ocr_carea' id='block_1_73' title="bbox 2197 2727 3028 2797">
    <p class='ocr_par' dir='ltr' id='par_1_73' title="bbox 2197 2727 3028 2797">
     <span class='ocr_line' id='line_1_73' title="bbox 2197 2727 3028 2797; baseline 0.005 -17"><span class='ocrx_word' id='word_1_493' title='bbox 2197 2727 2305 2781; x_wconf 90' lang='lat' dir='ltr'><strong>vita</strong></span> <span class='ocrx_word' id='word_1_494' title='bbox 2327 2727 2649 2797; x_wconf 89' lang='lat' dir='ltr'><strong>parvissima</strong></span> <span class='ocrx_word' id='word_1_495' title='bbox 2672 2729 3028 2784; x_wconf 89' lang='lat' dir='ltr'><strong>sustinemus.</strong></span> 
     </span>
    </p>
   </div>
   <div class='ocr_carea' id='block_1_74' title="bbox 2267 2814 3778 2886">
    <p class='ocr_par' dir='ltr' id='par_1_74' title="bbox 2267 2814 3778 2886">
     <span class='ocr_line' id='line_1_74' title="bbox 2267 2814 3778 2886; baseline -0.001 -15"><span class='ocrx_word' id='word_1_496' title='bbox 2267 2815 2308 2871; x_wconf 88' lang='lat' dir='ltr'><strong><em>C</em></strong></span> <span class='ocrx_word' id='word_1_497' title='bbox 2333 2817 2548 2874; x_wconf 87' lang='lat' dir='ltr'><strong>Aranea</strong></span> <span class='ocrx_word' id='word_1_498' title='bbox 2569 2826 2647 2874; x_wconf 87' lang='lat' dir='ltr'><strong>est</strong></span> <span class='ocrx_word' id='word_1_499' title='bbox 2670 2817 2869 2871; x_wconf 91' lang='lat' dir='ltr'><strong>animal</strong></span> <span class='ocrx_word' id='word_1_500' title='bbox 2900 2817 3076 2872; x_wconf 89' lang='lat' dir='ltr'><strong>debile</strong></span> <span class='ocrx_word' id='word_1_501' title='bbox 3105 2831 3170 2874; x_wconf 88' lang='lat' dir='ltr'><strong>ac</strong></span> <span class='ocrx_word' id='word_1_502' title='bbox 3201 2817 3610 2882; x_wconf 89' lang='lat' dir='ltr'><strong>tenuissimum,</strong></span> <span class='ocrx_word' id='word_1_503' title='bbox 3641 2814 3778 2886; x_wconf 90' lang='lat' dir='ltr'><strong>quod</strong></span> 
     </span>
    </p>
   </div>
   <div class='ocr_carea' id='block_1_75' title="bbox 2197 2907 3774 2978">
    <p class='ocr_par' dir='ltr' id='par_1_75' title="bbox 2197 2907 3774 2978">
     <span class='ocr_line' id='line_1_75' title="bbox 2197 2907 3774 2978; baseline -0.001 -16"><span class='ocrx_word' id='word_1_504' title='bbox 2197 2908 2600 2963; x_wconf 89' lang='lat' dir='ltr'><strong>transeuntibus</strong></span> <span class='ocrx_word' id='word_1_505' title='bbox 2643 2908 2864 2973; x_wconf 87' lang='lat' dir='ltr'><strong>muscis,</strong></span> <span class='ocrx_word' id='word_1_506' title='bbox 2899 2909 2965 2964; x_wconf 91' lang='lat' dir='ltr'><strong>ad</strong></span> <span class='ocrx_word' id='word_1_507' title='bbox 2988 2923 3169 2963; x_wconf 88' lang='lat' dir='ltr'><strong>escam</strong></span> <span class='ocrx_word' id='word_1_508' title='bbox 3198 2908 3299 2963; x_wconf 89' lang='lat' dir='ltr'><strong>sibi</strong></span> <span class='ocrx_word' id='word_1_509' title='bbox 3345 2907 3774 2978; x_wconf 69' lang='lat' dir='ltr'><strong>pt‘mparandam,</strong></span> 
     </span>
    </p>
   </div>
   <div class='ocr_carea' id='block_1_76' title="bbox 2119 2996 3777 3068">
    <p class='ocr_par' dir='ltr' id='par_1_76' title="bbox 2119 2996 3777 3068">
     <span class='ocr_line' id='line_1_76' title="bbox 2119 2996 3777 3068; baseline -0.002 -17"><span class='ocrx_word' id='word_1_510' title='bbox 2119 3001 2164 3063; x_wconf 86' lang='lat' dir='ltr'><strong><em>C</em></strong></span> <span class='ocrx_word' id='word_1_511' title='bbox 2195 2998 2440 3068; x_wconf 63' lang='lat' dir='ltr'><strong>quaedam</strong></span> <span class='ocrx_word' id='word_1_512' title='bbox 2469 2999 2604 3052; x_wconf 85' lang='lat' dir='ltr'><strong>retia</strong></span> <span class='ocrx_word' id='word_1_513' title='bbox 2637 2997 2819 3052; x_wconf 90' lang='lat' dir='ltr'><strong>dolosa</strong></span> <span class='ocrx_word' id='word_1_514' title='bbox 2845 2999 3086 3052; x_wconf 78' lang='lat' dir='ltr'><strong>contexit</strong></span> <span class='ocrx_word' id='word_1_515' title='bbox 3128 3014 3141 3051; x_wconf 90' lang='lat'><strong>:</strong></span> <span class='ocrx_word' id='word_1_516' title='bbox 3178 2998 3256 3052; x_wconf 90' lang='lat' dir='ltr'><strong>sic</strong></span> <span class='ocrx_word' id='word_1_517' title='bbox 3280 2998 3404 3051; x_wconf 91' lang='lat' dir='ltr'><strong>anni</strong></span> <span class='ocrx_word' id='word_1_518' title='bbox 3449 3012 3663 3060; x_wconf 88' lang='lat' dir='ltr'><strong>eorum,</strong></span> <span class='ocrx_word' id='word_1_519' title='bbox 3689 2996 3777 3065; x_wconf 85' lang='lat' dir='ltr'><strong>qui</strong></span> 
     </span>
    </p>
   </div>
   <div class='ocr_carea' id='block_1_77' title="bbox 2192 3086 3774 3156">
    <p class='ocr_par' dir='ltr' id='par_1_77' title="bbox 2192 3086 3774 3156">
     <span class='ocr_line' id='line_1_77' title="bbox 2192 3086 3774 3156; baseline -0.003 -13"><span class='ocrx_word' id='word_1_520' title='bbox 2192 3087 2472 3144; x_wconf 87' lang='lat' dir='ltr'><strong>sceleratis</strong></span> <span class='ocrx_word' id='word_1_521' title='bbox 2513 3087 2768 3156; x_wconf 89' lang='lat' dir='ltr'><strong>operibus</strong></span> <span class='ocrx_word' id='word_1_522' title='bbox 2792 3086 2958 3141; x_wconf 86' lang='lat' dir='ltr'><strong>dediti</strong></span> <span class='ocrx_word' id='word_1_523' title='bbox 2984 3096 3129 3154; x_wconf 87' lang='lat' dir='ltr'><strong>sunt,</strong></span> <span class='ocrx_word' id='word_1_524' title='bbox 3163 3087 3413 3142; x_wconf 90' lang='lat' dir='ltr'><strong>inanibus</strong></span> <span class='ocrx_word' id='word_1_525' title='bbox 3451 3095 3506 3140; x_wconf 89' lang='lat' dir='ltr'><strong>et</strong></span> <span class='ocrx_word' id='word_1_526' title='bbox 3533 3086 3774 3140; x_wconf 85' lang='lat' dir='ltr'><strong>subdolis</strong></span> 
     </span>
    </p>
   </div>
   <div class='ocr_carea' id='block_1_78' title="bbox 2193 3178 3773 3249">
    <p class='ocr_par' dir='ltr' id='par_1_78' title="bbox 2193 3178 3773 3249">
     <span class='ocr_line' id='line_1_78' title="bbox 2193 3178 3773 3249; baseline -0.004 -14"><span class='ocrx_word' id='word_1_527' title='bbox 2193 3179 2681 3236; x_wconf 86' lang='lat' dir='ltr'><strong>machinationibus</strong></span> <span class='ocrx_word' id='word_1_528' title='bbox 2706 3190 3059 3249; x_wconf 75' lang='lat' dir='ltr'><strong>occupantur.</strong></span> <span class='ocrx_word' id='word_1_529' title='bbox 3091 3181 3306 3235; x_wconf 84' lang='lat' dir='ltr'><strong>Aranea</strong></span> <span class='ocrx_word' id='word_1_530' title='bbox 3335 3178 3506 3242; x_wconf 89' lang='lat' dir='ltr'><strong>dicta,</strong></span> <span class='ocrx_word' id='word_1_531' title='bbox 3531 3179 3678 3248; x_wconf 91' lang='lat' dir='ltr'><strong>quod</strong></span> <span class='ocrx_word' id='word_1_532' title='bbox 3706 3178 3773 3231; x_wconf 88' lang='lat' dir='ltr'><strong>sit</strong></span> 
     </span>
    </p>
   </div>
   <div class='ocr_carea' id='block_1_79' title="bbox 2193 3270 3776 3341">
    <p class='ocr_par' dir='ltr' id='par_1_79' title="bbox 2193 3270 3776 3341">
     <span class='ocr_line' id='line_1_79' title="bbox 2193 3270 3776 3341; baseline -0.003 -16"><span class='ocrx_word' id='word_1_533' title='bbox 2193 3270 2366 3336; x_wconf 87' lang='lat' dir='ltr'><strong>arida,</strong></span> <span class='ocrx_word' id='word_1_534' title='bbox 2420 3271 2694 3341; x_wconf 89' lang='lat' dir='ltr'><strong>nimisque</strong></span> <span class='ocrx_word' id='word_1_535' title='bbox 2728 3271 2962 3326; x_wconf 83' lang='lat' dir='ltr'><strong>subtilis.</strong></span> <span class='ocrx_word' id='word_1_536' title='bbox 3027 3271 3432 3326; x_wconf 79' lang='lat' dir='ltr'><strong>lrleditabuntur</strong></span> <span class='ocrx_word' id='word_1_537' title='bbox 3483 3285 3634 3333; x_wconf 86' lang='lat' dir='ltr'><strong>vero,</strong></span> <span class='ocrx_word' id='word_1_538' title='bbox 3671 3283 3776 3322; x_wconf 90' lang='lat' dir='ltr'><strong>non</strong></span> 
     </span>
    </p>
   </div>
   <div class='ocr_carea' id='block_1_80' title="bbox 2191 3359 3777 3434">
    <p class='ocr_par' dir='ltr' id='par_1_80' title="bbox 2191 3359 3777 3434">
     <span class='ocr_line' id='line_1_80' title="bbox 2191 3359 3777 3434; baseline -0.004 -16"><span class='ocrx_word' id='word_1_539' title='bbox 2191 3363 2560 3434; x_wconf 87' lang='lat' dir='ltr'><strong>operabuntur</strong></span> <span class='ocrx_word' id='word_1_540' title='bbox 2600 3364 2757 3429; x_wconf 81' lang='lat' dir='ltr'><strong>dixit,</strong></span> <span class='ocrx_word' id='word_1_541' title='bbox 2815 3363 3072 3433; x_wconf 86' lang='lat' dir='ltr'><strong>quoniam</strong></span> <span class='ocrx_word' id='word_1_542' title='bbox 3103 3363 3204 3418; x_wconf 91' lang='lat' dir='ltr'><strong>sub</strong></span> <span class='ocrx_word' id='word_1_543' title='bbox 3254 3360 3402 3415; x_wconf 92' lang='lat' dir='ltr'><strong>nullo</strong></span> <span class='ocrx_word' id='word_1_544' title='bbox 3431 3359 3616 3414; x_wconf 83' lang='lat' dir='ltr'><strong>fructu</strong></span> <span class='ocrx_word' id='word_1_545' title='bbox 3655 3372 3777 3428; x_wconf 85' lang='lat' dir='ltr'><strong>ope-</strong></span> 
     </span>
    </p>
   </div>
   <div class='ocr_carea' id='block_1_81' title="bbox 2201 3453 3330 3517">
    <p class='ocr_par' dir='ltr' id='par_1_81' title="bbox 2201 3453 3330 3517">
     <span class='ocr_line' id='line_1_81' title="bbox 2201 3453 3330 3517; baseline -0.001 -8"><span class='ocrx_word' id='word_1_546' title='bbox 2201 3471 2342 3517; x_wconf 87' lang='lat' dir='ltr'><strong>rum,</strong></span> <span class='ocrx_word' id='word_1_547' title='bbox 2370 3455 2467 3510; x_wconf 90' lang='lat' dir='ltr'><strong>sed</strong></span> <span class='ocrx_word' id='word_1_548' title='bbox 2499 3455 2646 3510; x_wconf 90' lang='lat' dir='ltr'><strong>inani</strong></span> <span class='ocrx_word' id='word_1_549' title='bbox 2679 3454 3030 3509; x_wconf 87' lang='lat' dir='ltr'><strong>meditatione</strong></span> <span class='ocrx_word' id='word_1_550' title='bbox 3056 3453 3330 3508; x_wconf 87' lang='lat' dir='ltr'><strong>vixerunt.</strong></span> 
     </span>
    </p>
   </div>
   <div class='ocr_carea' id='block_1_82' title="bbox 2195 3543 3536 3614">
    <p class='ocr_par' dir='ltr' id='par_1_82' title="bbox 2195 3543 3536 3614">
     <span class='ocr_line' id='line_1_82' title="bbox 2195 3543 3536 3614; baseline -0.002 -14"><span class='ocrx_word' id='word_1_551' title='bbox 2195 3547 2254 3601; x_wconf 81' lang='grc'><strong>11</strong></span> <span class='ocrx_word' id='word_1_552' title='bbox 2334 3545 2396 3601; x_wconf 90' lang='lat' dir='ltr'><strong>Si</strong></span> <span class='ocrx_word' id='word_1_553' title='bbox 2419 3555 2591 3600; x_wconf 86' lang='lat' dir='ltr'><strong>autem</strong></span> <span class='ocrx_word' id='word_1_554' title='bbox 2613 3548 2666 3599; x_wconf 90' lang='lat' dir='ltr'><strong>in</strong></span> <span class='ocrx_word' id='word_1_555' title='bbox 2681 3545 3031 3614; x_wconf 86' lang='lat' dir='ltr'><strong>potentatibus</strong></span> <span class='ocrx_word' id='word_1_556' title='bbox 3062 3545 3322 3613; x_wconf 84' lang='lat' dir='ltr'><strong>octoginta</strong></span> <span class='ocrx_word' id='word_1_557' title='bbox 3353 3543 3484 3597; x_wconf 87' lang='lat' dir='ltr'><strong><em>anni</em></strong></span> <span class='ocrx_word' id='word_1_558' title='bbox 3514 3558 3536 3597; x_wconf 92' lang='lat'><strong><em>:</em></strong></span> 
     </span>
    </p>
   </div>
   <div class='ocr_carea' id='block_1_83' title="bbox 2337 3632 3316 3704">
    <p class='ocr_par' dir='ltr' id='par_1_83' title="bbox 2337 3632 3316 3704">
     <span class='ocr_line' id='line_1_83' title="bbox 2337 3632 3316 3704; baseline -0.001 -16"><span class='ocrx_word' id='word_1_559' title='bbox 2337 3633 2407 3690; x_wconf 84' lang='lat' dir='ltr'><strong>Et</strong></span> <span class='ocrx_word' id='word_1_560' title='bbox 2437 3635 2661 3704; x_wconf 82' lang='lat' dir='ltr'><strong>amplius</strong></span> <span class='ocrx_word' id='word_1_561' title='bbox 2687 3649 2866 3687; x_wconf 87' lang='lat' dir='ltr'><strong>eorum</strong></span> <span class='ocrx_word' id='word_1_562' title='bbox 2893 3633 3047 3688; x_wconf 84' lang='lat' dir='ltr'><strong>labor</strong></span> <span class='ocrx_word' id='word_1_563' title='bbox 3068 3643 3116 3687; x_wconf 91' lang='lat' dir='ltr'><strong><em>et</em></strong></span> <span class='ocrx_word' id='word_1_564' title='bbox 3146 3632 3316 3687; x_wconf 77' lang='lat' dir='ltr'><strong>dolor.</strong></span> 
     </span>
    </p>
   </div>
   <div class='ocr_carea' id='block_1_84' title="bbox 2260 3725 3776 3791">
    <p class='ocr_par' dir='ltr' id='par_1_84' title="bbox 2260 3725 3776 3791">
     <span class='ocr_line' id='line_1_84' title="bbox 2260 3725 3776 3791; baseline -0.002 -9"><span class='ocrx_word' id='word_1_565' title='bbox 2260 3727 2305 3782; x_wconf 79' lang='lat' dir='ltr'><strong>il</strong></span> <span class='ocrx_word' id='word_1_566' title='bbox 2333 3727 2482 3783; x_wconf 90' lang='lat' dir='ltr'><strong>Licet</strong></span> <span class='ocrx_word' id='word_1_567' title='bbox 2503 3728 2607 3782; x_wconf 89' lang='lat' dir='ltr'><strong>hoc</strong></span> <span class='ocrx_word' id='word_1_568' title='bbox 2625 3725 2922 3782; x_wconf 91' lang='lat' dir='ltr'><strong>secundum</strong></span> <span class='ocrx_word' id='word_1_569' title='bbox 2947 3726 3255 3791; x_wconf 88' lang='lat' dir='ltr'><strong>historiam,</strong></span> <span class='ocrx_word' id='word_1_570' title='bbox 3283 3726 3350 3782; x_wconf 90' lang='lat' dir='ltr'><strong>de</strong></span> <span class='ocrx_word' id='word_1_571' title='bbox 3379 3726 3654 3781; x_wconf 88' lang='lat' dir='ltr'><strong>brevitate</strong></span> <span class='ocrx_word' id='word_1_572' title='bbox 3674 3725 3776 3780; x_wconf 89' lang='lat' dir='ltr'><strong>hu-</strong></span> 
     </span>
    </p>
   </div>
   <div class='ocr_carea' id='block_1_85' title="bbox 2193 3817 3773 3888">
    <p class='ocr_par' dir='ltr' id='par_1_85' title="bbox 2193 3817 3773 3888">
     <span class='ocr_line' id='line_1_85' title="bbox 2193 3817 3773 3888; baseline -0.003 -14"><span class='ocrx_word' id='word_1_573' title='bbox 2193 3834 2364 3874; x_wconf 70' lang='lat' dir='ltr'><strong>mana:</strong></span> <span class='ocrx_word' id='word_1_574' title='bbox 2407 3819 2556 3885; x_wconf 69' lang='lat' dir='ltr'><strong>vitae,</strong></span> <span class='ocrx_word' id='word_1_575' title='bbox 2587 3833 2691 3872; x_wconf 93' lang='lat' dir='ltr'><strong>non</strong></span> <span class='ocrx_word' id='word_1_576' title='bbox 2737 3818 3030 3888; x_wconf 82' lang='lat' dir='ltr'><strong>incongrue</strong></span> <span class='ocrx_word' id='word_1_577' title='bbox 3079 3817 3252 3886; x_wconf 89' lang='lat' dir='ltr'><strong>accipi</strong></span> <span class='ocrx_word' id='word_1_578' title='bbox 3297 3818 3495 3872; x_wconf 90' lang='lat' dir='ltr'><strong>debeat</strong></span> <span class='ocrx_word' id='word_1_579' title='bbox 3536 3835 3551 3871; x_wconf 93' lang='lat'><strong>:</strong></span> <span class='ocrx_word' id='word_1_580' title='bbox 3600 3829 3773 3871; x_wconf 85' lang='lat' dir='ltr'><strong>tamen</strong></span> 
     </span>
    </p>
   </div>
   <div class='ocr_carea' id='block_1_86' title="bbox 2193 3906 3774 3980">
    <p class='ocr_par' dir='ltr' id='par_1_86' title="bbox 2193 3906 3774 3980">
     <span class='ocr_line' id='line_1_86' title="bbox 2193 3906 3774 3980; baseline -0.002 -17"><span class='ocrx_word' id='word_1_581' title='bbox 2193 3919 2420 3980; x_wconf 89' lang='lat' dir='ltr'><strong>uterque</strong></span> <span class='ocrx_word' id='word_1_582' title='bbox 2464 3923 2722 3963; x_wconf 90' lang='lat' dir='ltr'><strong>numerus</strong></span> <span class='ocrx_word' id='word_1_583' title='bbox 2749 3923 2779 3960; x_wconf 92' lang='lat' dir='ltr'><strong>a</strong></span> <span class='ocrx_word' id='word_1_584' title='bbox 2823 3907 3056 3978; x_wconf 87' lang='lat' dir='ltr'><strong>spiritali</strong></span> <span class='ocrx_word' id='word_1_585' title='bbox 3087 3922 3244 3962; x_wconf 90' lang='lat' dir='ltr'><strong>sacro</strong></span> <span class='ocrx_word' id='word_1_586' title='bbox 3281 3923 3387 3962; x_wconf 91' lang='lat' dir='ltr'><strong>non</strong></span> <span class='ocrx_word' id='word_1_587' title='bbox 3415 3916 3596 3962; x_wconf 87' lang='lat' dir='ltr'><strong>vacat.</strong></span> <span class='ocrx_word' id='word_1_588' title='bbox 3643 3907 3689 3962; x_wconf 80' lang='grc' dir='ltr'>Η</span> <span class='ocrx_word' id='word_1_589' title='bbox 3733 3906 3774 3960; x_wconf 80' lang='lat' dir='ltr'>C</span> 
     </span>
    </p>
   </div>
   <div class='ocr_carea' id='block_1_87' title="bbox 2191 3999 3770 4072">
    <p class='ocr_par' dir='ltr' id='par_1_87' title="bbox 2191 3999 3770 4072">
     <span class='ocr_line' id='line_1_87' title="bbox 2191 3999 3770 4072; baseline -0.003 -16"><span class='ocrx_word' id='word_1_590' title='bbox 2191 4001 2633 4072; x_wconf 80' lang='lat' dir='ltr'><strong>Septuagesitnus</strong></span> <span class='ocrx_word' id='word_1_591' title='bbox 2658 4001 2889 4069; x_wconf 90' lang='lat' dir='ltr'><strong>denique</strong></span> <span class='ocrx_word' id='word_1_592' title='bbox 2921 4015 3178 4054; x_wconf 89' lang='lat' dir='ltr'><strong>numerus</strong></span> <span class='ocrx_word' id='word_1_593' title='bbox 3203 4000 3374 4070; x_wconf 82' lang='lat' dir='ltr'><strong>legem</strong></span> <span class='ocrx_word' id='word_1_594' title='bbox 3405 3999 3601 4071; x_wconf 80' lang='lat' dir='ltr'><strong>(Num.</strong></span> <span class='ocrx_word' id='word_1_595' title='bbox 3646 4015 3770 4061; x_wconf 72' lang='lat' dir='ltr'><strong>us,</strong></span> 
     </span>
    </p>
   </div>
   <div class='ocr_carea' id='block_1_88' title="bbox 2191 4090 3773 4162">
    <p class='ocr_par' dir='ltr' id='par_1_88' title="bbox 2191 4090 3773 4162">
     <span class='ocr_line' id='line_1_88' title="bbox 2191 4090 3773 4162; baseline -0.001 -17"><span class='ocrx_word' id='word_1_596' title='bbox 2191 4091 2354 4162; x_wconf 77' lang='lat' dir='ltr'><strong>uxx)</strong></span> <span class='ocrx_word' id='word_1_597' title='bbox 2417 4107 2432 4144; x_wconf 92' lang='lat'><strong>:</strong></span> <span class='ocrx_word' id='word_1_598' title='bbox 2490 4091 2899 4161; x_wconf 82' lang='lat' dir='ltr'><strong>Octuagesimus</strong></span> <span class='ocrx_word' id='word_1_599' title='bbox 2960 4091 3313 4162; x_wconf 81' lang='lat' dir='ltr'><strong>Evangeliutn</strong></span> <span class='ocrx_word' id='word_1_600' title='bbox 3373 4092 3663 4162; x_wconf 86' lang='lat' dir='ltr'><strong>signiﬁcat.</strong></span> <span class='ocrx_word' id='word_1_601' title='bbox 3733 4090 3773 4144; x_wconf 87' lang='lat' dir='ltr'>C</span> 
     </span>
    </p>
   </div>
   <div class='ocr_carea' id='block_1_89' title="bbox 2192 4182 3773 4254">
    <p class='ocr_par' dir='ltr' id='par_1_89' title="bbox 2192 4182 3773 4254">
     <span class='ocr_line' id='line_1_89' title="bbox 2192 4182 3773 4254; baseline -0.002 -17"><span class='ocrx_word' id='word_1_602' title='bbox 2192 4184 2449 4254; x_wconf 84' lang='lat' dir='ltr'><strong>Quisquis</strong></span> <span class='ocrx_word' id='word_1_603' title='bbox 2497 4185 2639 4239; x_wconf 87' lang='lat' dir='ltr'><strong>enim</strong></span> <span class='ocrx_word' id='word_1_604' title='bbox 2664 4183 2752 4238; x_wconf 91' lang='lat' dir='ltr'><strong>hic</strong></span> <span class='ocrx_word' id='word_1_605' title='bbox 2780 4182 2912 4251; x_wconf 81' lang='lat' dir='ltr'><strong>legis</strong></span> <span class='ocrx_word' id='word_1_606' title='bbox 2947 4193 3216 4252; x_wconf 72' lang='lat' dir='ltr'><strong>praecepta</strong></span> <span class='ocrx_word' id='word_1_607' title='bbox 3254 4191 3307 4237; x_wconf 89' lang='lat' dir='ltr'><strong>et</strong></span> <span class='ocrx_word' id='word_1_608' title='bbox 3337 4183 3664 4254; x_wconf 76' lang='lat' dir='ltr'><strong>evangelij</strong></span> <span class='ocrx_word' id='word_1_609' title='bbox 3692 4183 3773 4235; x_wconf 82' lang='lat' dir='ltr'><strong>in-</strong></span> 
     </span>
    </p>
   </div>
   <div class='ocr_carea' id='block_1_90' title="bbox 2193 4272 3772 4344">
    <p class='ocr_par' dir='ltr' id='par_1_90' title="bbox 2193 4272 3772 4344">
     <span class='ocr_line' id='line_1_90' title="bbox 2193 4272 3772 4344; baseline 0.001 -17"><span class='ocrx_word' id='word_1_610' title='bbox 2193 4274 2494 4328; x_wconf 88' lang='lat' dir='ltr'><strong>stitutionis</strong></span> <span class='ocrx_word' id='word_1_611' title='bbox 2539 4275 2754 4328; x_wconf 83' lang='lat' dir='ltr'><strong>excedit</strong></span> <span class='ocrx_word' id='word_1_612' title='bbox 2784 4289 2799 4327; x_wconf 92' lang='lat'><strong>:</strong></span> <span class='ocrx_word' id='word_1_613' title='bbox 2840 4272 3010 4328; x_wconf 90' lang='lat' dir='ltr'><strong>labori</strong></span> <span class='ocrx_word' id='word_1_614' title='bbox 3047 4273 3102 4328; x_wconf 92' lang='lat' dir='ltr'><strong>in</strong></span> <span class='ocrx_word' id='word_1_615' title='bbox 3136 4273 3412 4344; x_wconf 63' lang='lat' dir='ltr'><strong>praisenti,</strong></span> <span class='ocrx_word' id='word_1_616' title='bbox 3439 4285 3494 4328; x_wconf 87' lang='lat' dir='ltr'><strong>et</strong></span> <span class='ocrx_word' id='word_1_617' title='bbox 3524 4274 3693 4331; x_wconf 90' lang='lat' dir='ltr'><strong>dolori</strong></span> <span class='ocrx_word' id='word_1_618' title='bbox 3720 4275 3772 4328; x_wconf 90' lang='lat' dir='ltr'><strong>in</strong></span> 
     </span>
    </p>
   </div>
   <div class='ocr_carea' id='block_1_91' title="bbox 585 4335 2739 4434">
    <p class='ocr_par' dir='ltr' id='par_1_91' title="bbox 585 4335 2739 4434">
     <span class='ocr_line' id='line_1_91' title="bbox 585 4335 2739 4434; baseline 0.005 -43"><span class='ocrx_word' id='word_1_619' title='bbox 585 4335 626 4391; x_wconf 90' lang='lat' dir='ltr'><strong>C</strong></span> <span class='ocrx_word' id='word_1_620' title='bbox 662 4336 894 4391; x_wconf 87' lang='lat' dir='ltr'><strong>Pulchre</strong></span> <span class='ocrx_word' id='word_1_621' title='bbox 920 4345 1099 4394; x_wconf 90' lang='lat' dir='ltr'><strong>autem</strong></span> <span class='ocrx_word' id='word_1_622' title='bbox 1125 4339 1414 4395; x_wconf 89' lang='lat' dir='ltr'><strong>humanam</strong></span> <span class='ocrx_word' id='word_1_623' title='bbox 1444 4343 1606 4396; x_wconf 89' lang='lat' dir='ltr'><strong>vitam</strong></span> <span class='ocrx_word' id='word_1_624' title='bbox 1637 4345 1916 4399; x_wconf 89' lang='lat' dir='ltr'><strong>nocturnis</strong></span> <span class='ocrx_word' id='word_1_625' title='bbox 1943 4361 2088 4400; x_wconf 84' lang='lat' dir='ltr'><strong>com-</strong></span> <span class='ocrx_word' id='word_1_626' title='bbox 2118 4345 2170 4404; x_wconf 88' lang='lat' dir='ltr'><strong>D</strong></span> <span class='ocrx_word' id='word_1_627' title='bbox 2195 4364 2378 4419; x_wconf 71' lang='grc' dir='ltr'>[ιηηιιο</span> <span class='ocrx_word' id='word_1_628' title='bbox 2414 4365 2739 4434; x_wconf 48' lang='lat' dir='ltr'><strong>implicatur,</strong></span> 
     </span>
    </p>
   </div>
   <div class='ocr_carea' id='block_1_92' title="bbox 516 4426 2090 4498">
    <p class='ocr_par' dir='ltr' id='par_1_92' title="bbox 516 4426 2090 4498">
     <span class='ocr_line' id='line_1_92' title="bbox 516 4426 2090 4498; baseline 0.007 -17"><span class='ocrx_word' id='word_1_629' title='bbox 516 4429 727 4498; x_wconf 81' lang='lat' dir='ltr'><strong>paravit</strong></span> <span class='ocrx_word' id='word_1_630' title='bbox 775 4428 1017 4483; x_wconf 82' lang='lat' dir='ltr'><strong>excubiis</strong></span> <span class='ocrx_word' id='word_1_631' title='bbox 1069 4447 1082 4481; x_wconf 90' lang='lat'><strong>:</strong></span> <span class='ocrx_word' id='word_1_632' title='bbox 1140 4431 1229 4484; x_wconf 86' lang='lat' dir='ltr'><strong>ubi</strong></span> <span class='ocrx_word' id='word_1_633' title='bbox 1283 4439 1449 4486; x_wconf 87' lang='lat' dir='ltr'><strong>totum</strong></span> <span class='ocrx_word' id='word_1_634' title='bbox 1503 4434 1606 4488; x_wconf 89' lang='lat' dir='ltr'><strong>sub</strong></span> <span class='ocrx_word' id='word_1_635' title='bbox 1654 4426 1994 4492; x_wconf 22' lang='lat' dir='ltr'><strong>obscuritate.</strong></span> <span class='ocrx_word' id='word_1_636' title='bbox 2037 4447 2090 4493; x_wconf 92' lang='lat' dir='ltr'><strong>et</strong></span> 
     </span>
    </p>
   </div>
   <div class='ocr_carea' id='block_1_93' title="bbox 514 4520 2090 4590">
    <p class='ocr_par' dir='ltr' id='par_1_93' title="bbox 514 4520 2090 4590">
     <span class='ocr_line' id='line_1_93' title="bbox 514 4520 2090 4590; baseline 0.006 -17"><span class='ocrx_word' id='word_1_637' title='bbox 514 4520 871 4590; x_wconf 87' lang='lat' dir='ltr'><strong>trepidatione</strong></span> <span class='ocrx_word' id='word_1_638' title='bbox 897 4521 1105 4590; x_wconf 80' lang='lat' dir='ltr'><strong>geritur</strong></span> <span class='ocrx_word' id='word_1_639' title='bbox 1133 4562 1146 4584; x_wconf 93' lang='lat'><strong>,</strong></span> <span class='ocrx_word' id='word_1_640' title='bbox 1177 4523 1392 4590; x_wconf 90' lang='lat' dir='ltr'><strong>quando</strong></span> <span class='ocrx_word' id='word_1_641' title='bbox 1435 4539 1584 4579; x_wconf 90' lang='lat' dir='ltr'><strong>mens</strong></span> <span class='ocrx_word' id='word_1_642' title='bbox 1634 4525 1910 4581; x_wconf 89' lang='lat' dir='ltr'><strong>hominum</strong></span> <span class='ocrx_word' id='word_1_643' title='bbox 1946 4530 2090 4585; x_wconf 90' lang='lat' dir='ltr'><strong>vitiis</strong></span> 
     </span>
    </p>
   </div>
   <div class='ocr_carea' id='block_1_94' title="bbox 512 4608 2091 4680">
    <p class='ocr_par' dir='ltr' id='par_1_94' title="bbox 512 4608 2091 4680">
     <span class='ocr_line' id='line_1_94' title="bbox 512 4608 2091 4680; baseline 0.004 -15"><span class='ocrx_word' id='word_1_644' title='bbox 512 4608 819 4665; x_wconf 86' lang='lat' dir='ltr'><strong>carnalibus</strong></span> <span class='ocrx_word' id='word_1_645' title='bbox 845 4609 1176 4665; x_wconf 88' lang='lat' dir='ltr'><strong>circumdata</strong></span> <span class='ocrx_word' id='word_1_646' title='bbox 1225 4611 1486 4680; x_wconf 84' lang='lat' dir='ltr'><strong>pulsatur.</strong></span> <span class='ocrx_word' id='word_1_647' title='bbox 1529 4613 1784 4668; x_wconf 85' lang='lat' dir='ltr'><strong>Custodia</strong></span> <span class='ocrx_word' id='word_1_648' title='bbox 1827 4631 1954 4672; x_wconf 86' lang='lat' dir='ltr'><strong>vero</strong></span> <span class='ocrx_word' id='word_1_649' title='bbox 1994 4633 2091 4672; x_wconf 84' lang='lat' dir='ltr'><strong>no-</strong></span> 
     </span>
    </p>
   </div>
   <div class='ocr_carea' id='block_1_95' title="bbox 513 4700 2082 4770">
    <p class='ocr_par' dir='ltr' id='par_1_95' title="bbox 513 4700 2082 4770">
     <span class='ocr_line' id='line_1_95' title="bbox 513 4700 2082 4770; baseline 0.005 -15"><span class='ocrx_word' id='word_1_650' title='bbox 513 4713 706 4756; x_wconf 88' lang='lat' dir='ltr'><strong>cturna</strong></span> <span class='ocrx_word' id='word_1_651' title='bbox 739 4700 913 4755; x_wconf 88' lang='lat' dir='ltr'><strong>tribus</strong></span> <span class='ocrx_word' id='word_1_652' title='bbox 944 4701 1091 4756; x_wconf 85' lang='lat' dir='ltr'><strong>horis</strong></span> <span class='ocrx_word' id='word_1_653' title='bbox 1139 4701 1386 4770; x_wconf 79' lang='lat' dir='ltr'><strong>expletur</strong></span> <span class='ocrx_word' id='word_1_654' title='bbox 1409 4718 1423 4755; x_wconf 92' lang='lat'><strong>:</strong></span> <span class='ocrx_word' id='word_1_655' title='bbox 1449 4715 1687 4770; x_wconf 91' lang='lat' dir='ltr'><strong>quatuor</strong></span> <span class='ocrx_word' id='word_1_656' title='bbox 1715 4705 1859 4760; x_wconf 87' lang='lat' dir='ltr'><strong>enim</strong></span> <span class='ocrx_word' id='word_1_657' title='bbox 1901 4716 2082 4763; x_wconf 54' lang='lat' dir='ltr'><strong>custo-</strong></span> 
     </span>
    </p>
   </div>
   <div class='ocr_carea' id='block_1_96' title="bbox 508 4790 1164 4860">
    <p class='ocr_par' dir='ltr' id='par_1_96' title="bbox 508 4790 1164 4860">
     <span class='ocr_line' id='line_1_96' title="bbox 508 4790 1164 4860; baseline 0 -16"><span class='ocrx_word' id='word_1_658' title='bbox 508 4791 611 4845; x_wconf 71' lang='lat' dir='ltr'><strong>diu:</strong></span> <span class='ocrx_word' id='word_1_659' title='bbox 641 4799 851 4845; x_wconf 90' lang='lat' dir='ltr'><strong>noctem</strong></span> <span class='ocrx_word' id='word_1_660' title='bbox 876 4790 1164 4860; x_wconf 89' lang='lat' dir='ltr'><strong>complent.</strong></span> 
     </span>
    </p>
   </div>
   <div class='ocr_carea' id='block_1_97' title="bbox 461 4873 1535 4952">
    <p class='ocr_par' dir='ltr' id='par_1_97' title="bbox 461 4873 1535 4952">
     <span class='ocr_line' id='line_1_97' title="bbox 461 4873 1535 4952; baseline -0.004 -16"><span class='ocrx_word' id='word_1_661' title='bbox 461 4950 464 4952; x_wconf 12' lang='grc' dir='ltr'>γ</span> <span class='ocrx_word' id='word_1_662' title='bbox 511 4884 544 4936; x_wconf 80' lang='grc'>6</span> <span class='ocrx_word' id='word_1_663' title='bbox 617 4881 774 4935; x_wconf 82' lang='lat' dir='ltr'><strong>Mane</strong></span> <span class='ocrx_word' id='word_1_664' title='bbox 823 4881 956 4934; x_wconf 87' lang='lat' dir='ltr'><strong>sicut</strong></span> <span class='ocrx_word' id='word_1_665' title='bbox 987 4873 1169 4934; x_wconf 77' lang='lat' dir='ltr'><strong>herba</strong></span> <span class='ocrx_word' id='word_1_666' title='bbox 1244 4888 1474 4933; x_wconf 85' lang='lat' dir='ltr'><strong>transeat</strong></span> <span class='ocrx_word' id='word_1_667' title='bbox 1517 4895 1535 4932; x_wconf 96' lang='lat'><strong><em>:</em></strong></span> 
     </span>
    </p>
   </div>
   <div class='ocr_carea' id='block_1_98' title="bbox 719 4981 997 5026">
    <p class='ocr_par' dir='ltr' id='par_1_98' title="bbox 719 4981 997 5026">
     <span class='ocr_line' id='line_1_98' title="bbox 719 4981 997 5026; baseline 0 -1"><span class='ocrx_word' id='word_1_668' title='bbox 719 4981 950 5026; x_wconf 85' lang='lat' dir='ltr'><strong>transeat</strong></span> <span class='ocrx_word' id='word_1_669' title='bbox 977 4987 997 5025; x_wconf 69' lang='grc' dir='ltr'><strong><em>ἔ</em></strong></span> 
     </span>
    </p>
   </div>
   <div class='ocr_carea' id='block_1_99' title="bbox 661 5063 1697 5136">
    <p class='ocr_par' dir='ltr' id='par_1_99' title="bbox 661 5063 1697 5136">
     <span class='ocr_line' id='line_1_99' title="bbox 661 5063 1697 5136; baseline 0.002 -18"><span class='ocrx_word' id='word_1_670' title='bbox 661 5064 881 5136; x_wconf 80' lang='lat' dir='ltr'><strong>Vespere</strong></span> <span class='ocrx_word' id='word_1_671' title='bbox 909 5063 1141 5128; x_wconf 83' lang='lat' dir='ltr'><strong>decidat,</strong></span> <span class='ocrx_word' id='word_1_672' title='bbox 1163 5063 1370 5117; x_wconf 85' lang='lat' dir='ltr'><strong>induret</strong></span> <span class='ocrx_word' id='word_1_673' title='bbox 1400 5073 1446 5117; x_wconf 93' lang='lat' dir='ltr'><strong><em>et</em></strong></span> <span class='ocrx_word' id='word_1_674' title='bbox 1468 5075 1697 5120; x_wconf 76' lang='lat' dir='ltr'><strong>arescat.</strong></span> 
     </span>
    </p>
   </div>
   <div class='ocr_carea' id='block_1_100' title="bbox 578 5170 2083 5242">
    <p class='ocr_par' dir='ltr' id='par_1_100' title="bbox 578 5170 2083 5242">
     <span class='ocr_line' id='line_1_100' title="bbox 578 5170 2083 5242; baseline 0.007 -16"><span class='ocrx_word' id='word_1_675' title='bbox 578 5173 627 5226; x_wconf 80' lang='grc' dir='ltr'><strong><em>Η</em></strong></span> <span class='ocrx_word' id='word_1_676' title='bbox 663 5171 704 5227; x_wconf 87' lang='lat' dir='ltr'><strong>C</strong></span> <span class='ocrx_word' id='word_1_677' title='bbox 741 5173 898 5226; x_wconf 83' lang='lat' dir='ltr'><strong>Mane</strong></span> <span class='ocrx_word' id='word_1_678' title='bbox 929 5189 942 5226; x_wconf 91' lang='lat'><strong>:</strong></span> <span class='ocrx_word' id='word_1_679' title='bbox 983 5170 1210 5230; x_wconf 75' lang='lat' dir='ltr'><strong>infantia</strong></span> <span class='ocrx_word' id='word_1_680' title='bbox 1236 5178 1293 5226; x_wconf 89' lang='lat' dir='ltr'><strong>et</strong></span> <span class='ocrx_word' id='word_1_681' title='bbox 1317 5173 1548 5242; x_wconf 88' lang='lat' dir='ltr'><strong>pueritia</strong></span> <span class='ocrx_word' id='word_1_682' title='bbox 1577 5176 1691 5230; x_wconf 86' lang='lat' dir='ltr'><strong>sive</strong></span> <span class='ocrx_word' id='word_1_683' title='bbox 1723 5177 2083 5236; x_wconf 85' lang='lat' dir='ltr'><strong>adolescentia</strong></span> 
     </span>
    </p>
   </div>
   <div class='ocr_carea' id='block_1_101' title="bbox 512 5271 2083 5331">
    <p class='ocr_par' dir='ltr' id='par_1_101' title="bbox 512 5271 2083 5331">
     <span class='ocr_line' id='line_1_101' title="bbox 512 5271 2083 5331; baseline 0.007 -15"><span class='ocrx_word' id='word_1_684' title='bbox 512 5273 868 5331; x_wconf 84' lang='lat' dir='ltr'><strong>nuncupatur,</strong></span> <span class='ocrx_word' id='word_1_685' title='bbox 923 5277 1207 5331; x_wconf 87' lang='lat' dir='ltr'><strong>vesperum</strong></span> <span class='ocrx_word' id='word_1_686' title='bbox 1256 5277 1386 5318; x_wconf 84' lang='lat' dir='ltr'><strong>vero</strong></span> <span class='ocrx_word' id='word_1_687' title='bbox 1438 5275 1771 5323; x_wconf 82' lang='lat' dir='ltr'><strong>senectutem</strong></span> <span class='ocrx_word' id='word_1_688' title='bbox 1849 5271 2083 5327; x_wconf 87' lang='lat' dir='ltr'><strong>hominis</strong></span> 
     </span>
    </p>
   </div>
   <div class='ocr_carea' id='block_1_102' title="bbox 515 5353 2077 5412">
    <p class='ocr_par' dir='ltr' id='par_1_102' title="bbox 515 5353 2077 5412">
     <span class='ocr_line' id='line_1_102' title="bbox 515 5353 2077 5412; baseline 0.005 -8"><span class='ocrx_word' id='word_1_689' title='bbox 515 5353 756 5412; x_wconf 84' lang='lat' dir='ltr'><strong>appellat.</strong></span> <span class='ocrx_word' id='word_1_690' title='bbox 774 5353 816 5406; x_wconf 82' lang='grc' dir='ltr'>Η</span> <span class='ocrx_word' id='word_1_691' title='bbox 833 5353 984 5406; x_wconf 83' lang='lat' dir='ltr'><strong>Mane</strong></span> <span class='ocrx_word' id='word_1_692' title='bbox 999 5362 1241 5406; x_wconf 85' lang='lat' dir='ltr'><strong>nostrum</strong></span> <span class='ocrx_word' id='word_1_693' title='bbox 1284 5369 1392 5405; x_wconf 87' lang='lat' dir='ltr'><strong>non</strong></span> <span class='ocrx_word' id='word_1_694' title='bbox 1411 5363 1541 5412; x_wconf 88' lang='lat' dir='ltr'><strong>stat.</strong></span> <span class='ocrx_word' id='word_1_695' title='bbox 1559 5359 1652 5412; x_wconf 87' lang='lat' dir='ltr'><strong>sed</strong></span> <span class='ocrx_word' id='word_1_696' title='bbox 1671 5359 1882 5412; x_wconf 84' lang='lat' dir='ltr'><strong>transit.</strong></span> <span class='ocrx_word' id='word_1_697' title='bbox 1905 5361 1956 5412; x_wconf 91' lang='lat' dir='ltr'><strong>id</strong></span> <span class='ocrx_word' id='word_1_698' title='bbox 1975 5373 2077 5412; x_wconf 80' lang='lat' dir='ltr'><strong>est-</strong></span> 
     </span>
    </p>
   </div>
   <div class='ocr_carea' id='block_1_103' title="bbox 1595 4884 2089 4952">
    <p class='ocr_par' dir='ltr' id='par_1_103' title="bbox 1595 4884 2089 4952">
     <span class='ocr_line' id='line_1_103' title="bbox 1595 4884 2089 4952; baseline 0.01 -17"><span class='ocrx_word' id='word_1_699' title='bbox 1595 4897 1747 4936; x_wconf 90' lang='lat' dir='ltr'><strong>mane</strong></span> <span class='ocrx_word' id='word_1_700' title='bbox 1794 4884 1978 4952; x_wconf 75' lang='lat' dir='ltr'><strong>ﬂoreat</strong></span> <span class='ocrx_word' id='word_1_701' title='bbox 2040 4896 2089 4940; x_wconf 88' lang='lat' dir='ltr'><strong>et</strong></span> 
     </span>
    </p>
   </div>
   <div class='ocr_carea' id='block_1_104' title="bbox 2196 4454 3277 4526">
    <p class='ocr_par' dir='ltr' id='par_1_104' title="bbox 2196 4454 3277 4526">
     <span class='ocr_line' id='line_1_104' title="bbox 2196 4454 3277 4526; baseline 0.004 -18"><span class='ocrx_word' id='word_1_702' title='bbox 2196 4454 2262 4508; x_wconf 74' lang='grc'><strong>12</strong></span> <span class='ocrx_word' id='word_1_703' title='bbox 2336 4454 2596 4520; x_wconf 80' lang='lat' dir='ltr'><strong>Quoniam</strong></span> <span class='ocrx_word' id='word_1_704' title='bbox 2619 4458 2912 4526; x_wconf 83' lang='lat' dir='ltr'><strong>supervenit</strong></span> <span class='ocrx_word' id='word_1_705' title='bbox 2933 4457 3277 4512; x_wconf 83' lang='lat' dir='ltr'><strong>mansuetudo</strong></span> 
     </span>
    </p>
   </div>
   <div class='ocr_carea' id='block_1_105' title="bbox 2334 4545 2788 4616">
    <p class='ocr_par' dir='ltr' id='par_1_105' title="bbox 2334 4545 2788 4616">
     <span class='ocr_line' id='line_1_105' title="bbox 2334 4545 2788 4616; baseline 0.007 -18"><span class='ocrx_word' id='word_1_706' title='bbox 2334 4545 2402 4598; x_wconf 84' lang='lat' dir='ltr'><strong>Et</strong></span> <span class='ocrx_word' id='word_1_707' title='bbox 2427 4548 2788 4616; x_wconf 77' lang='lat' dir='ltr'><strong>corripiemur.</strong></span> 
     </span>
    </p>
   </div>
   <div class='ocr_carea' id='block_1_106' title="bbox 2262 4635 3771 4710">
    <p class='ocr_par' dir='ltr' id='par_1_106' title="bbox 2262 4635 3771 4710">
     <span class='ocr_line' id='line_1_106' title="bbox 2262 4635 3771 4710; baseline -0.004 -14"><span class='ocrx_word' id='word_1_708' title='bbox 2262 4641 2304 4696; x_wconf 79' lang='grc' dir='ltr'>Ο</span> <span class='ocrx_word' id='word_1_709' title='bbox 2344 4641 2670 4710; x_wconf 89' lang='lat' dir='ltr'><strong>Supervenit</strong></span> <span class='ocrx_word' id='word_1_710' title='bbox 2718 4647 2898 4694; x_wconf 89' lang='lat' dir='ltr'><strong>autem</strong></span> <span class='ocrx_word' id='word_1_711' title='bbox 2953 4635 3334 4704; x_wconf 85' lang='lat' dir='ltr'><strong>mansuetudo,</strong></span> <span class='ocrx_word' id='word_1_712' title='bbox 3396 4638 3450 4693; x_wconf 91' lang='lat' dir='ltr'><strong>id</strong></span> <span class='ocrx_word' id='word_1_713' title='bbox 3489 4647 3570 4694; x_wconf 89' lang='lat' dir='ltr'><strong>est</strong></span> <span class='ocrx_word' id='word_1_714' title='bbox 3613 4637 3771 4693; x_wconf 82' lang='lat' dir='ltr'><strong>Jesus</strong></span> 
     </span>
    </p>
   </div>
   <div class='ocr_carea' id='block_1_107' title="bbox 2192 4729 3770 4800">
    <p class='ocr_par' dir='ltr' id='par_1_107' title="bbox 2192 4729 3770 4800">
     <span class='ocr_line' id='line_1_107' title="bbox 2192 4729 3770 4800; baseline -0.004 -14"><span class='ocrx_word' id='word_1_715' title='bbox 2192 4729 2442 4786; x_wconf 83' lang='lat' dir='ltr'><strong>Christus</strong></span> <span class='ocrx_word' id='word_1_716' title='bbox 2472 4747 2485 4784; x_wconf 92' lang='lat'><strong>:</strong></span> <span class='ocrx_word' id='word_1_717' title='bbox 2519 4745 2723 4800; x_wconf 88' lang='lat' dir='ltr'><strong>nosque</strong></span> <span class='ocrx_word' id='word_1_718' title='bbox 2761 4729 2986 4800; x_wconf 84' lang='lat' dir='ltr'><strong>corripit</strong></span> <span class='ocrx_word' id='word_1_719' title='bbox 3009 4739 3064 4784; x_wconf 90' lang='lat' dir='ltr'><strong>et</strong></span> <span class='ocrx_word' id='word_1_720' title='bbox 3091 4729 3366 4795; x_wconf 86' lang='lat' dir='ltr'><strong>emendat,</strong></span> <span class='ocrx_word' id='word_1_721' title='bbox 3402 4729 3446 4784; x_wconf 89' lang='lat' dir='ltr'><strong>si</strong></span> <span class='ocrx_word' id='word_1_722' title='bbox 3482 4737 3770 4785; x_wconf 86' lang='lat' dir='ltr'><strong>testamen-</strong></span> 
     </span>
    </p>
   </div>
   <div class='ocr_carea' id='block_1_108' title="bbox 2194 4816 3173 4890">
    <p class='ocr_par' dir='ltr' id='par_1_108' title="bbox 2194 4816 3173 4890">
     <span class='ocr_line' id='line_1_108' title="bbox 2194 4816 3173 4890; baseline -0.001 -17"><span class='ocrx_word' id='word_1_723' title='bbox 2194 4831 2307 4874; x_wconf 89' lang='lat' dir='ltr'><strong>tum</strong></span> <span class='ocrx_word' id='word_1_724' title='bbox 2335 4820 2450 4890; x_wconf 86' lang='lat' dir='ltr'><strong>cjus</strong></span> <span class='ocrx_word' id='word_1_725' title='bbox 2478 4816 2700 4889; x_wconf 89' lang='lat' dir='ltr'><strong>implere</strong></span> <span class='ocrx_word' id='word_1_726' title='bbox 2723 4833 2828 4872; x_wconf 90' lang='lat' dir='ltr'><strong>non</strong></span> <span class='ocrx_word' id='word_1_727' title='bbox 2857 4818 3173 4887; x_wconf 80' lang='lat' dir='ltr'><strong>satagimus.</strong></span> 
     </span>
    </p>
   </div>
   <div class='ocr_carea' id='block_1_109' title="bbox 2193 4911 3272 4980">
    <p class='ocr_par' dir='ltr' id='par_1_109' title="bbox 2193 4911 3272 4980">
     <span class='ocr_line' id='line_1_109' title="bbox 2193 4911 3272 4980; baseline -0.002 -15"><span class='ocrx_word' id='word_1_728' title='bbox 2193 4913 2258 4966; x_wconf 72' lang='grc'><strong>13</strong></span> <span class='ocrx_word' id='word_1_729' title='bbox 2333 4912 2465 4977; x_wconf 78' lang='lat' dir='ltr'><strong>Quis</strong></span> <span class='ocrx_word' id='word_1_730' title='bbox 2497 4911 2636 4966; x_wconf 76' lang='lat' dir='ltr'><strong>mwit</strong></span> <span class='ocrx_word' id='word_1_731' title='bbox 2663 4920 2967 4980; x_wconf 81' lang='lat' dir='ltr'><strong>potestatem</strong></span> <span class='ocrx_word' id='word_1_732' title='bbox 3001 4911 3098 4964; x_wconf 79' lang='lat' dir='ltr'><strong>irte</strong></span> <span class='ocrx_word' id='word_1_733' title='bbox 3125 4921 3229 4963; x_wconf 77' lang='lat' dir='ltr'><strong><em>tute</em></strong></span> <span class='ocrx_word' id='word_1_734' title='bbox 3253 4926 3272 4964; x_wconf 92' lang='lat'><strong>:</strong></span> 
     </span>
    </p>
   </div>
   <div class='ocr_carea' id='block_1_110' title="bbox 2332 5000 3602 5073">
    <p class='ocr_par' dir='ltr' id='par_1_110' title="bbox 2332 5000 3602 5073">
     <span class='ocr_line' id='line_1_110' title="bbox 2332 5000 3602 5073; baseline -0.004 -16"><span class='ocrx_word' id='word_1_735' title='bbox 2332 5002 2401 5057; x_wconf 87' lang='lat' dir='ltr'><strong>Et</strong></span> <span class='ocrx_word' id='word_1_736' title='bbox 2435 5019 2545 5073; x_wconf 80' lang='lat' dir='ltr'><strong>pra:</strong></span> <span class='ocrx_word' id='word_1_737' title='bbox 2573 5002 2758 5055; x_wconf 88' lang='lat' dir='ltr'><strong>timore</strong></span> <span class='ocrx_word' id='word_1_738' title='bbox 2784 5011 2873 5054; x_wconf 88' lang='lat' dir='ltr'><strong><em>tuo</em></strong></span> <span class='ocrx_word' id='word_1_739' title='bbox 2897 5004 3031 5054; x_wconf 87' lang='lat' dir='ltr'><strong>iram</strong></span> <span class='ocrx_word' id='word_1_740' title='bbox 3058 5011 3202 5055; x_wconf 87' lang='lat' dir='ltr'><strong><em>tuam</em></strong></span> <span class='ocrx_word' id='word_1_741' title='bbox 3235 5000 3602 5055; x_wconf 73' lang='lat' dir='ltr'><strong>dinumerare!</strong></span> 
     </span>
    </p>
   </div>
   <div class='ocr_carea' id='block_1_111' title="bbox 2189 5088 3244 5157">
    <p class='ocr_par' dir='ltr' id='par_1_111' title="bbox 2189 5088 3244 5157">
     <span class='ocr_line' id='line_1_111' title="bbox 2189 5088 3244 5157; baseline -0.003 -13"><span class='ocrx_word' id='word_1_742' title='bbox 2189 5090 2256 5144; x_wconf 74' lang='grc' dir='ltr'>Η</span> <span class='ocrx_word' id='word_1_743' title='bbox 2329 5090 2610 5144; x_wconf 72' lang='lat' dir='ltr'><strong>Deateram</strong></span> <span class='ocrx_word' id='word_1_744' title='bbox 2640 5098 2783 5141; x_wconf 88' lang='lat' dir='ltr'><strong>tuam</strong></span> <span class='ocrx_word' id='word_1_745' title='bbox 2805 5088 2878 5140; x_wconf 85' lang='lat' dir='ltr'><strong>sic</strong></span> <span class='ocrx_word' id='word_1_746' title='bbox 2904 5099 3079 5142; x_wconf 85' lang='lat' dir='ltr'><strong>notam</strong></span> <span class='ocrx_word' id='word_1_747' title='bbox 3107 5088 3192 5157; x_wconf 76' lang='lat' dir='ltr'><strong>{ac</strong></span> <span class='ocrx_word' id='word_1_748' title='bbox 3224 5103 3244 5141; x_wconf 90' lang='lat'><strong><em>:</em></strong></span> 
     </span>
    </p>
   </div>
   <div class='ocr_carea' id='block_1_112' title="bbox 2227 5175 3226 5245">
    <p class='ocr_par' dir='ltr' id='par_1_112' title="bbox 2227 5175 3226 5245">
     <span class='ocr_line' id='line_1_112' title="bbox 2227 5175 3226 5245; baseline -0.003 -14"><span class='ocrx_word' id='word_1_749' title='bbox 2227 5204 2242 5209; x_wconf 58' lang='grc' dir='ltr'><strong>ι</strong></span> <span class='ocrx_word' id='word_1_750' title='bbox 2331 5178 2400 5231; x_wconf 86' lang='lat' dir='ltr'><strong>Et</strong></span> <span class='ocrx_word' id='word_1_751' title='bbox 2426 5177 2658 5229; x_wconf 84' lang='lat' dir='ltr'><strong>eruditas</strong></span> <span class='ocrx_word' id='word_1_752' title='bbox 2689 5175 2843 5228; x_wconf 80' lang='lat' dir='ltr'><strong>corde</strong></span> <span class='ocrx_word' id='word_1_753' title='bbox 2873 5176 2924 5227; x_wconf 80' lang='lat' dir='ltr'><strong>in</strong></span> <span class='ocrx_word' id='word_1_754' title='bbox 2942 5177 3226 5245; x_wconf 74' lang='lat' dir='ltr'><strong>sapientia.</strong></span> 
     </span>
    </p>
   </div>
   <div class='ocr_carea' id='block_1_113' title="bbox 2259 5264 3771 5333">
    <p class='ocr_par' dir='ltr' id='par_1_113' title="bbox 2259 5264 3771 5333">
     <span class='ocr_line' id='line_1_113' title="bbox 2259 5264 3771 5333; baseline -0.003 -11"><span class='ocrx_word' id='word_1_755' title='bbox 2259 5267 2300 5322; x_wconf 88' lang='lat' dir='ltr'><strong><em>C</em></strong></span> <span class='ocrx_word' id='word_1_756' title='bbox 2329 5265 2464 5320; x_wconf 85' lang='lat' dir='ltr'><strong>Nam</strong></span> <span class='ocrx_word' id='word_1_757' title='bbox 2488 5264 2627 5319; x_wconf 87' lang='lat' dir='ltr'><strong>sicut</strong></span> <span class='ocrx_word' id='word_1_758' title='bbox 2650 5265 2870 5333; x_wconf 71' lang='lat' dir='ltr'><strong>praemia</strong></span> <span class='ocrx_word' id='word_1_759' title='bbox 2920 5264 3013 5319; x_wconf 87' lang='lat' dir='ltr'><strong>Dei</strong></span> <span class='ocrx_word' id='word_1_760' title='bbox 3046 5265 3360 5333; x_wconf 88' lang='lat' dir='ltr'><strong>plenissime</strong></span> <span class='ocrx_word' id='word_1_761' title='bbox 3381 5273 3649 5332; x_wconf 86' lang='lat' dir='ltr'><strong>nequeunt</strong></span> <span class='ocrx_word' id='word_1_762' title='bbox 3688 5264 3771 5317; x_wconf 86' lang='lat' dir='ltr'><strong>in—</strong></span> 
     </span>
    </p>
   </div>
   <div class='ocr_carea' id='block_1_114' title="bbox 2148 5356 3772 5412">
    <p class='ocr_par' dir='ltr' id='par_1_114' title="bbox 2148 5356 3772 5412">
     <span class='ocr_line' id='line_1_114' title="bbox 2148 5356 3772 5412; baseline -0.001 -2"><span class='ocrx_word' id='word_1_763' title='bbox 2148 5395 2150 5397; x_wconf 44' lang='lat'><strong><em>»</em></strong></span> <span class='ocrx_word' id='word_1_764' title='bbox 2191 5359 2354 5412; x_wconf 78' lang='lat' dir='ltr'><strong>telliai</strong></span> <span class='ocrx_word' id='word_1_765' title='bbox 2384 5376 2396 5410; x_wconf 92' lang='lat'><strong>:</strong></span> <span class='ocrx_word' id='word_1_766' title='bbox 2429 5359 2503 5412; x_wconf 88' lang='lat' dir='ltr'><strong>ita</strong></span> <span class='ocrx_word' id='word_1_767' title='bbox 2553 5371 2652 5410; x_wconf 89' lang='lat' dir='ltr'><strong>nec</strong></span> <span class='ocrx_word' id='word_1_768' title='bbox 2703 5371 2954 5410; x_wconf 84' lang='lat' dir='ltr'><strong>mensura</strong></span> <span class='ocrx_word' id='word_1_769' title='bbox 2993 5357 3244 5412; x_wconf 82' lang='lat' dir='ltr'><strong>vindictae</strong></span> <span class='ocrx_word' id='word_1_770' title='bbox 3286 5356 3540 5412; x_wconf 66' lang='lat' dir='ltr'><strong>praevalet</strong></span> <span class='ocrx_word' id='word_1_771' title='bbox 3572 5368 3772 5412; x_wconf 69' lang='lat' dir='ltr'><strong>anare-</strong></span> 
     </span>
    </p>
   </div>
  </div>
