3986 5412
213 229 330 284 537

291 339 337 395 C
378 339 668 394 Dexter-am
719 337 863 392 enim
915 333 1069 400 dicit,
1121 333 1406 388 Dominum
1468 330 1805 384 Saivatorem
1833 332 1888 388 Α

215 439 455 502 petens:
483 439 544 484 ut
569 431 682 501 ipse
710 429 813 484 illis
832 436 992 483 nutus
1019 427 1132 489 ﬁat,
1176 440 1274 496 per
1292 436 1452 492 quem
1477 420 1662 476 omnia
1683 432 1810 489 prn-

217 520 408 577 futura
455 521 739 576 discimus.
777 519 845 574 Et
892 518 1159 581 eruditos,
1186 523 1324 579 etc.,
1351 513 1404 568 id
1440 519 1555 576 est,
1599 508 1811 566 intelle-

218 625 370 671 ctum
400 615 670 672 habentes
698 615 759 670 in
785 615 1070 670 Dominum
1110 612 1408 669 Christum.
1434 607 1694 665 Eruditus
1724 605 1814 661 di-

217 708 370 764 eitur
387 708 554 778 quasi
595 721 662 762 ex
685 707 833 762 omni
868 721 996 762 rure
1021 705 1254 762 elicitus.
1287 703 1407 774 Ipse
1431 701 1578 757 enim
1603 709 1688 756 est
1715 697 1812 753 Dei

219 799 404 855 virtus
435 806 492 854 et
546 799 809 869 sapientia
839 796 1041 862 Patris,
1082 809 1243 866 quem
1278 795 1368 850 hic
1412 791 1672 864 postulat,
1703 803 1812 844 non

224 889 513 960 corporeis
543 889 738 956 oculis,
767 888 861 944 sed
891 886 1102 943 erudito
1128 883 1294 942 corde
1323 894 1675 954 cognoscere.

222 1000 293 1056 l5
367 999 699 1064 Convertere,
732 1001 974 1064 Domine,
999 1014 1269 1069 usquequo
1296 1015 1315 1051 .'

372 1091 442 1145 Et
479 1092 821 1160 deprecabilis
846 1101 956 1145 esto
983 1105 1142 1160 super
1167 1105 1340 1144 servos
1368 1097 1504 1141 tuos.

296 1180 340 1238 C
367 1181 619 1236 Postulat
639 1182 909 1252 Propheta
948 1181 1256 1246 Dominum,
1288 1177 1632 1247 utjustitiam
1657 1189 1811 1229 suam

225 1272 408 1342 al-‘qua
441 1273 665 1327 lenitate
696 1275 978 1344 temperet,
1029 1261 1296 1342 quatenus
1324 1268 1539 1324 euorari
1582 1265 1750 1336 possit
1782 1279 1814 1318 a

225 1361 631 1431 peccatoribus,
663 1360 858 1431 quibus
893 1360 1038 1429 juste
1065 1349 1391 1414 noscebatur
1415 1358 1606 1411 iratus.
1639 1354 1683 1409 ll
1705 1351 1813 1410 Us-

225 1465 446 1522 quequo
478 1460 556 1515 tu,
593 1466 752 1520 quem
783 1451 1058 1523 propheta:
1079 1451 1336 1507 dixerunt
1363 1458 1673 1510 venturum,
1700 1455 1816 1500 tar-

227 1543 471 1608 daveris,
523 1542 784 1597 Domine?

229 1640 298 1696 16
373 1645 575 1716 Repleti
603 1660 784 1699 sumus
812 1659 964 1697 mane
990 1640 1351 1697 misericordia
1379 1649 1468 1693 tua
1492 1653 1512 1691 :

375 1733 443 1789 Et
495 1734 875 1790 exsultavimus
900 1743 946 1786 et
972 1731 1216 1785 delectati
1251 1745 1432 1784 stunus
1463 1728 1518 1780 in
1570 1722 1812 1778 omnibus

452 1824 636 1879 diebus
662 1825 877 1878 nostris.

304 1915 347 1971 C
374 1915 661 1986 Repletum
683 1929 744 1969 se
780 1913 914 1968 dicit
943 1927 973 1966 a
1004 1907 1381 1966 misericordia
1409 1920 1592 1971 mane,
1625 1904 1680 1959 id
1709 1911 1815 1967 est,

232 2010 416 2063 lucida
457 2006 918 2076 contemplatione
965 2004 1081 2059 Dei.
1138 2003 1405 2070 Quoniam
1461 1999 1543 2053 vir
1597 2005 1820 2052 sanctus

231 2098 450 2153 Domini
491 2097 824 2169 praevidebat
873 2095 1163 2149 adventum
1198 2106 1213 2146 :
1247 2105 1471 2146 necesse
1509 2088 1611 2143 fuit
1635 2095 1696 2142 ut
1725 2100 1820 2140 cor

229 2194 353 2263 ejus
381 2193 684 2249 exsultaret
737 2192 795 2246 in
817 2191 1000 2256 laude,
1040 2197 1096 2244 et
1150 2187 1516 2243 delectaretur
1566 2182 1820 2239 omnibus

229 2285 428 2339 diebus
454 2283 579 2338 vitae
605 2297 734 2338 suae.

232 2374 300 2427 17
375 2371 567 2425 ιωιαῑὶ
593 2387 774 2425 sumus
802 2386 896 2441 pro
921 2369 1101 2424 diebus
1128 2367 1316 2439 quibus
1354 2379 1448 2419 nos
1480 2361 1770 2419 Itumiliasti
1799 2373 1818 2412 :

375 2463 547 2517 Annis
588 2463 776 2532 quibus
806 2461 1027 2516 vidimus
1055 2458 1218 2513 mala.

302 2553 346 2609 C
368 2551 570 2606 Narrat
597 2550 874 2622 Propheta
905 2565 966 2605 se
1006 2565 1129 2604 esse
1156 2547 1335 2604 laetum
1361 2546 1415 2600 in
1455 2543 1562 2600 illis
1591 2540 1821 2598 tribula-

237 2644 498 2709 tionibus,
515 2657 614 2714 per
633 2657 771 2711 quas
795 2639 1188 2696 humiliandum
1218 2636 1475 2707 populum
1505 2633 1822 2690 salutariter

235 2735 528 2790 sentiebat.
576 2732 798 2786 Sciebat
848 2730 990 2786 enim
1022 2728 1270 2784 ﬁdelibus
1296 2727 1428 2780 viris
1459 2723 1672 2780 noxiam
1701 2734 1822 2776 esse

237 2825 546 2895 superbiam
583 2841 596 2877 :
629 2832 686 2878 et
729 2822 850 2877 ideo
891 2821 1105 2876 Iactatur
1145 2819 1201 2875 in
1235 2815 1678 2874 tribulationibus
1726 2826 1824 2867 uer

238 2930 372 2984 quas
391 2913 674 2969 humilitas
696 2911 1022 2968 custoditur.

242 3026 308 3081 18
383 3025 603 3096 Respice
636 3025 692 3078 in
730 3040 901 3078 servos
934 3033 1051 3078 tuos
1077 3032 1123 3076 et
1148 3023 1201 3077 in
1242 3037 1398 3076 onera
1428 3031 1518 3074 tua
1547 3034 1568 3074 :

382 3119 447 3174 Et
477 3120 650 3190 dirige
673 3119 813 3188 ﬁlios
833 3134 1032 3172 eorum.

306 3212 348 3269 C
374 3212 678 3267 Considera
720 3211 826 3276 hic,
854 3211 1050 3280 quibus
1073 3210 1255 3264 verbis
1293 3208 1554 3278 pietatem
1587 3206 1711 3262 boni
1733 3205 1824 3275 ju-

238 3304 372 3358 dicis
419 3301 674 3358 invitavit
701 3317 715 3356 :
746 3311 806 3355 ut
834 3301 1008 3371 primo
1032 3300 1270 3356 diceret:
1302 3299 1528 3368 Respice
1560 3299 1612 3352 in
1640 3312 1826 3352 servos

239 3401 380 3457 tuos,
408 3390 612 3446 deinde
634 3390 689 3445 in
714 3406 880 3461 opera
913 3400 1001 3444 tua
1027 3407 1041 3444 :
1071 3398 1338 3459 quatenus
1377 3398 1432 3444 et
1458 3387 1504 3443 si
1530 3387 1689 3442 factis
1716 3387 1828 3442 suis

237 3483 449 3536 veniam
507 3495 618 3536 non
673 3489 1016 3536 mererentur
1073 3479 1341 3549 accipere,
1379 3493 1499 3532 eam
1540 3492 1636 3548 per
1662 3489 1827 3547 opera

236 3573 520 3628 Creatoris
561 3573 964 3643 -impetrarent.
1025 3571 1178 3638 Quod
1235 3578 1614 3641 argumentum
1685 3571 1827 3640 apud

239 3662 484 3718 rhetores
509 3662 717 3717 dicitur
747 3677 778 3716 a
804 3661 960 3716 laude
982 3660 1204 3729 judicis.

237 3754 300 3810 19
370 3753 441 3810 Et
471 3756 519 3810 si
549 3753 802 3824 splendor
851 3753 1062 3807 Domini
1113 3753 1209 3806 Dei
1229 3763 1396 3807 nostri
1437 3769 1594 3823 super
1625 3761 1830 3806 nonet

442 3861 611 3914 opera
650 3859 905 3896 manuum
947 3854 1245 3896 nostrarum
1294 3842 1460 3912 dirige
1496 3857 1654 3912 super
1689 3853 1829 3895 nos:

368 3940 440 4005 Ἀ(
474 3935 549 3990 Et
579 3951 712 4003 opus
746 3950 1000 3988 manuum
1029 3944 1325 3987 nostrarum
1365 3933 1528 4003 dirige
1563 3934 1580 4004 ζ
1616 3969 1632 3987 .

295 4028 336 4084 C
365 4025 648 4097 Splendor
679 4023 894 4079 Domini
924 4039 1086 4093 super
1134 4038 1234 4078 nos
1260 4031 1372 4086 est,
1404 4023 1620 4092 quando
1652 4021 1832 4077 crucis

229 4119 340 4189 ejus
381 4117 759 4189 impressione
809 4115 1156 4169 dccoramur.
1206 4113 1381 4183 Opera
1414 4124 1598 4168 nostra
1648 4112 1834 4182 dirigit

228 4229 387 4283 super
406 4227 512 4267 nos
538 4252 555 4278 ,
592 4209 818 4279 quando
846 4207 1012 4262 donat
1039 4206 1196 4261 nobis
1220 4206 1432 4260 veniam
1461 4213 1830 4273 peccatorum,

231 4316 284 4360 ut
325 4321 450 4361 cum
505 4302 786 4357 fuerimus
824 4300 1098 4369 perversi,
1153 4296 1446 4353 eﬂiciamur
1479 4297 1599 4367 ejus
1653 4311 1833 4351 corre-

230 4398 402 4452 ctione
465 4389 796 4450 rectissinii.
869 4390 913 4443 A
979 4386 1070 4444 Vel
1112 4403 1275 4458 opera
1309 4403 1562 4442 manuum
1620 4391 1910 4451 nostra-1)

233 4502 341 4540 rum
373 4487 703 4556 diriguntur
743 4493 911 4548 super
940 4491 1056 4541 nos,
1093 4478 1309 4546 quando
1344 4492 1407 4531 ea
1465 4491 1569 4532 non
1598 4493 1696 4549 pro
1723 4484 1834 4531 ter-

231 4593 473 4633 renarum
505 4589 708 4632 rerum
744 4569 1004 4624 mercede
1027 4567 1277 4622 facimus.
1310 4568 1378 4622 Et
1400 4583 1537 4637 opus
1576 4583 1836 4623 manuum

229 4686 559 4736 nostrarum,
597 4667 656 4723 id
696 4672 784 4720 est
823 4663 1148 4717 charitatem
1181 4679 1193 4713 :
1225 4662 1395 4732 dirige
1437 4675 1598 4731 super
1625 4677 1745 4728 nos,
1775 4669 1838 4715 ut

231 4765 396 4818 omnia
459 4777 642 4833 opera
691 4763 894 4811 nostra
949 4752 1062 4805 sint
1101 4767 1264 4804 unum
1314 4766 1448 4822 opus
1505 4752 1789 4806 charitatis
1819 4767 1837 4804 :

227 4857 333 4926 quia
382 4857 502 4926 ipsa
557 4859 652 4908 est
707 4847 843 4902 linis
898 4843 1148 4914 prmcepti
1199 4852 1255 4898 ct
1318 4843 1559 4898 omnium
1613 4857 1835 4916 operum

228 4957 521 5005 nostrorum
552 4943 608 5008 (Ι
647 4941 799 4996 Tim.
836 4935 904 5006 ι)-

630 5063 862 5112 ORATIO
903 5061 975 5100 nx
1011 5061 1157 5100 esse.
1198 5063 1423 5103 Lxxxrx.
1482 5105 1484 5108 ,

275 5176 494 5233 Luciﬁui
539 5170 761 5234 sideris
819 5167 1002 5224 sator.
1029 5161 1370 5231 omnipotens
1397 5163 1537 5218 Deus
1563 5205 1580 5232 ,
1613 5165 1706 5237 qui
1740 5177 1838 5235 no-

226 5275 540 5345 vatumundo
569 5273 805 5326 lucem,
834 5255 1030 5324 fugata
1046 5264 1222 5322 nocte,
1247 5257 1502 5314 restitues
1527 5273 1539 5309 :
1566 5259 1699 5313 satia
1716 5270 1838 5321 nos,

227 5341 526 5412 uumsnmns.
582 5353 949 5412 rentittenle
1005 5341 1372 5404 miscriCOrdi-a
1407 5357 1516 5410 tua,
1561 5359 1620 5402 ut
1653 5359 1842 5402 omnes

1444 213 1803 277 EXPOSITIO
1847 211 2291 272 PSALMORUM.

2466 320 2692 380 PSALM
2702 319 2788 378 US
2826 319 2937 376 XC.

2326 455 2684 496 ABGUIENTUI
2736 453 2883 493 Ρειι..
2922 450 3010 491 XC.

1981 559 2022 614 C
2068 553 2336 627 Propheta
2380 556 2625 627 praedicit
2693 566 2909 610 omnem
2962 548 3172 605 ﬁdelem
3241 546 3338 601 Dei
3399 545 3490 599 ad-

1903 647 2107 718 iutorio
2147 645 2476 703 circumdari
2515 662 2530 698 :
2582 643 2904 712 laudemque
2955 637 3156 696 Christi
3191 634 3495 693 denuntiat.

2269 732 2380 790 TT.
2421 748 2480 789 οξ-
2515 731 2654 786 Laus
2680 731 2872 786 cantici
2916 727 3086 783 David
3120 740 3140 779 :

1982 829 2023 885 C
2050 829 2192 884 Laus
2221 829 2418 884 cantici
2475 835 2560 883 est
2611 825 2790 880 divina
2847 822 3109 879 laudatio.
3142 819 3308 876 David
3344 819 3488 875 enirn

1912 918 2002 974 hic
2029 920 2202 989 ipsum
2236 919 2555 990 prophetam
2585 915 2738 982 dicit,
2779 914 2877 985 qui
2901 913 3130 984 primam
3157 919 3368 982 partem
3400 909 3498 962 liu-

1906 1011 1997 1083 jus
2039 1009 2230 1081 psalmi
2271 1007 2425 1065 suavi
2472 1002 2733 1062 relatione
2793 1003 3036 1059 dicturus
3087 1008 3191 1055 est.
3231 997 3298 1052 Et
3351 997 3497 1052 hunc

1913 1099 2174 1172 hymnum
2225 1097 2561 1154 daemonibus
2612 1096 2701 1167 pia
2730 1092 3058 1151 conﬁdentia
3085 1104 3299 1159 semper
3329 1101 3498 1158 Oppo-

1914 1191 2115 1253 nimus.
2146 1198 2205 1245 ut
2242 1205 2272 1245 a
2303 1188 2461 1245 nobis
2485 1187 2666 1258 potius
2696 1184 2822 1241 inde
2845 1185 3134 1239 vincantur
3153 1220 3170 1246 ,
3196 1179 3341 1234 unde
3365 1194 3500 1234 ron«

1914 1289 2000 1338 tra
2028 1283 2341 1339 Creatorem
2366 1281 2568 1352 aliquid
2591 1279 2778 1336 doloso
2811 1276 2994 1333 dicere
3023 1282 3389 1330 tentavertuit.

1918 1391 1946 1446 l
2066 1389 2170 1456 Qui
2193 1390 2391 1445 habitat
2415 1389 2467 1444 in
2499 1385 2766 1458 adjutorio
2797 1383 3049 1439 Altissimi
3077 1399 3097 1437 :

2060 1482 2127 1537 In
2155 1483 2470 1550 proiectione
2499 1480 2598 1535 Dei
2635 1493 2699 1535 σι-
2731 1477 2844 1534 caeli
2874 1478 2897 1550 ζ
2927 1475 3356 1532 commorabitur.

1987 1575 2029 1629 C
2050 1572 2151 1641 Qui
2186 1571 2416 1637 habitat,
2439 1569 2688 1626 habitare
2715 1570 2861 1624 enim
2886 1576 2970 1624 est
2994 1566 3366 1638 permanentis
3391 1580 3497 1621 non

1847 1683 1889 1743 Β
1918 1661 2267 1718 discedentis.
2307 1659 2410 1728 Qui
2462 1668 2669 1714 tantam
2702 1658 2867 1729 igitur
2905 1672 3080 1728 spem,
3123 1671 3230 1711 non
3279 1656 3332 1710 in
3372 1669 3504 1725 pro.-

1916 1751 2050 1822 priis
2078 1751 2289 1806 viribus
2336 1751 2508 1821 ponit,
2537 1750 2634 1804 sed
2681 1749 2734 1803 in
2773 1747 3040 1804 Altissimi
3071 1746 3350 1802 voluntate
3365 1761 3520 1811 con»

1917 1843 2112 1910 stituit,
2162 1842 2284 1898 talis
2335 1843 2418 1896 vir
2477 1839 2780 1911 protegitur
2829 1855 2862 1896 a
2909 1839 3138 1894 Domino
3186 1839 3334 1894 cceli.
3367 1838 3508 1894 Dicit

1917 1934 2084 2000 enim,
2124 1931 2217 2002 qui
2262 1931 2350 1987 hic
2375 1931 2606 1996 habitat,
2641 1929 2751 1986 illic
2778 1929 3226 1993 commorabitur,
3258 1928 3364 1983 hoc
3395 1938 3506 1994 est,

1919 2024 2012 2096 qui
2041 2025 2094 2080 in
2121 2024 2226 2079 isto
2246 2023 2443 2079 saeculo
2473 2023 2540 2079 ab
2569 2022 2684 2094 ipso
2712 2036 2820 2078 non
2847 2021 3101 2087 discedit,
3131 2019 3188 2075 in
3235 2018 3328 2076 illo
3361 2034 3506 2075 sem-

1919 2131 2017 2187 per
2056 2130 2342 2172 mansurus
2370 2124 2476 2170 est.
3111 2175 3114 2177 λ

1918 2206 1955 2261 2
2025 2205 2174 2262 Dicet
2203 2207 2428 2262 Domino
2465 2222 2486 2260 :
2525 2204 2806 2275 Susceptor
2844 2219 2988 2259 meus
3021 2217 3080 2258 σθ
3112 2219 3166 2258 es
3199 2211 3255 2257 tu
3284 2201 3310 2273 ζ
3337 2211 3385 2258 et
3426 2217 3508 2259 reb

2131 2299 2332 2369 fugiam
2365 2313 2554 2360 meum,
2591 2294 2732 2350 Deus
2753 2310 2898 2349 meus
2928 2307 2952 2349 :

2061 2388 2294 2460 Sperabo
2318 2388 2374 2442 in
2397 2401 2538 2442 eum.

1991 2478 2032 2537 C
2074 2479 2188 2536 [Ioc
2241 2477 2386 2535 dicet
2433 2476 2550 2543 ille,
2602 2475 2695 2549 qui
2751 2475 2853 2535 sibi
2905 2472 3080 2546 solum
3123 2473 3300 2531 credit
3351 2473 3514 2537 utile,

1922 2573 2065 2646 quod
2108 2573 2364 2644 dignatur
2405 2582 2638 2641 superna
2669 2567 2847 2640 pietas
2881 2577 3162 2638 praestare.
3197 2564 3334 2622 Cum
3378 2563 3515 2619 dicit

1922 2681 2075 2731 vero,
2105 2673 2394 2735 susceptor
2439 2677 2610 2727 meus,
2645 2670 2818 2718 totum
2855 2675 2912 2718 se
2947 2661 3238 2717 conﬁrmat
3278 2659 3334 2716 in
3392 2657 3508 2728 ejus

1923 2755 2186 2814 beneﬁcia
2217 2754 2530 2826 proiecisse.
2590 2753 2879 2823 Refugium
2931 2768 3054 2808 cum
3100 2751 3256 2818 dicit,
3300 2749 3508 2806 nullum

1926 2846 2028 2901 sibi
2059 2846 2202 2902 aliud
2228 2860 2350 2902 esse
2379 2844 2668 2916 profitetur
2693 2842 2986 2909 auxilium;
3024 2842 3118 2896 sed
3143 2841 3362 2912 quando
3401 2841 3505 2895 hu-

1921 2937 2012 3007 jus
2039 2935 2219 2993 saeculi
2245 2936 2661 3006 tempestatibus
2685 2934 2947 3005 quatitur,
2971 2932 3040 2988 ad
3072 2941 3285 3003 portum
3317 2925 3514 2986 divina:

1850 3033 1894 3095 C
1927 3025 2314 3083 misericordiae
2346 3040 2406 3081 se
2431 3025 2723 3092 confugere
2748 3023 2885 3079 velle
2905 3031 3160 3078 testatur.

1925 3120 1960 3174 5
2035 3119 2294 3187 Quoniam
2352 3119 2461 3188 ipse
2518 3116 2758 3172 liberabit
2818 3131 2900 3169 me
2963 3113 3028 3169 de
3075 3113 3262 3184 laqueo
3319 3128 3516 3166 venan-

2089 3196 2096 3204 ’
2141 3212 2272 3266 tium
2298 3227 2317 3265 .-

2072 3303 2141 3358 Ει
2170 3321 2201 3359 a
2225 3305 2377 3359 verba
2407 3321 2612 3375 aspero.
3238 3371 3240 3373 ν

1998 3395 2039 3450 C
2093 3395 2338 3466 Sperabo
2386 3393 2438 3449 in
2479 3409 2602 3449 eum
2643 3407 2911 3448 :causam
2959 3391 3092 3447 dicit
3136 3406 3234 3445 cur
3291 3391 3345 3444 in
3390 3402 3518 3443 eum

1928 3501 2151 3558 sperare
2180 3487 2373 3543 debeat
2402 3503 2417 3555 ;
2448 3487 2573 3558 quia
2620 3487 2735 3556 ipse
2760 3500 2860 3540 nos
2890 3484 2958 3538 ab
2993 3481 3361 3547 inimicorum,
3398 3481 3514 3534 sive

1927 3578 2307 3651 spiritualium,
2361 3578 2473 3632 sive
2526 3575 2850 3640 carnalium,
2891 3580 3070 3644 potest
3111 3571 3345 3626 liberare
3388 3582 3509 3624 ver-

1927 3670 2084 3726 sutiis
2136 3688 2149 3724 :
2197 3670 2288 3740 qui
2319 3668 2542 3740 laqueos
2590 3675 2797 3736 ponunt
2856 3667 2939 3734 (ut
2982 3663 3288 3732 venatores)
3319 3659 3518 3730 quibus

1929 3764 2139 3832 possint
2177 3761 2486 3831 ignorantes
2516 3759 2718 3814 dolosis
2754 3755 2966 3812 insidiis
3010 3753 3248 3809 irrelire.
3280 3751 3516 3806 Verbum

1932 3869 2186 3924 asperum
2208 3862 2312 3918 est,
2341 3866 2502 3908 omne
2523 3849 2750 3906 verbum
2800 3847 2946 3918 quod
2973 3855 3162 3902 contra
3193 3841 3407 3912 regulas
3433 3839 3522 3896 tli-

1931 3946 2084 4000 vinas
2106 3945 2307 4000 dictum
2336 3952 2440 3998 est.

1930 4060 1964 4114 ὁ
1986 4063 2051 4127 >ε<
2085 4057 2148 4112 In
2182 4054 2202 4124 ζ
2230 4059 2457 4125 scapulis
2493 4055 2602 4108 suis
2629 4049 2954 4107 obumbr’ubit
2985 4048 3076 4102 tibi
3102 4060 3121 4098 :

1936 4215 1942 4224 _
2073 4147 2141 4202 Et
2180 4149 2274 4202 sub
2299 4146 2481 4216 pennis
2517 4143 2631 4213 ejus
2667 4140 2922 4224 sperabis.

1939 4300 1942 4304 ,
2002 4241 2043 4296 C
2075 4239 2318 4310 Scapulae
2367 4237 2497 4293 Dei:
2529 4244 2656 4291 sunt
2679 4223 3027 4305 operationes
3050 4226 3402 4293 mirabilium,
3429 4241 3526 4296 per

1935 4350 2072 4404 quas
2124 4332 2270 4388 velut
2317 4329 2639 4402 quibusdam
2671 4328 2916 4386 humeris
2954 4326 3128 4381 virtus
3156 4323 3336 4380 divina
3369 4337 3525 4378 mou-

1935 4432 2160 4480 stratur.
2209 4421 2410 4477 Pennze
2461 4427 2587 4477 sunt
2621 4419 2824 4474 monita
2873 4415 3260 4486 prophetarum
3289 4426 3454 4480 :quae.
3482 4410 3526 4468 si

1937 4511 2272 4582 recipiantur
2316 4526 2457 4581 pura
2506 4518 2706 4575 mente,
2763 4503 2951 4563 ﬁdeles
3007 4503 3220 4557 animas
3257 4500 3325 4553 ad
3358 4497 3528 4558 eteius

1939 4620 2111 4674 usque
2137 4602 2466 4674 perducunt.
2498 4600 2567 4654 Et
2611 4603 2658 4656 si
2702 4611 2914 4672 quaeras
2944 4594 3076 4665 quid
3107 4594 3214 4649 ista
3243 4589 3536 4644 obumbra-

1943 4699 2016 4755 tio
2042 4704 2264 4767 praestet
2290 4713 2303 4750 :
2338 4697 2491 4764 dico,
2524 4702 2584 4747 ut
2605 4709 2706 4766 per
2728 4693 2872 4751 diem
2899 4685 2979 4743 sol
3002 4701 3115 4749 non
3137 4689 3262 4745 urat
3282 4687 3334 4733 te
3362 4693 3541 4745 neque

1941 4792 2068 4846 luna
2101 4806 2196 4860 per
2222 4798 2471 4851 noctem.

1943 4882 1978 4938 5
2089 4881 2258 4938 Scuta
2277 4880 2640 4946 circumdabit
2683 4893 2730 4940 ιε
2753 4874 2938 4933 veritas
2967 4868 3092 4936 ejus
3121 4884 3161 4922 :-

2095 4974 2218 5030 Non
2246 4975 2492 5043 timebis,
2518 4992 2550 5030 a
2580 4974 2766 5034 timore
2787 4972 3070 5022 nocturna.
3323 5032 3376 5043 Μ
3428 5031 3439 5042 .

2018 5065 2065 5120 Π
2112 5032 2470 5137 Οῑτειιωίιιιῖ
2485 5036 2600 5126 ’1105
2631 5067 2836 5126 veritas
2864 5059 3044 5115 scuto,
3103 5050 3157 5106 id
3184 5032 3565 5137 est,‘Cl‘1!t'isttts

1945 5173 2047 5217 sua
2080 5121 2473 5241 protection;
2508 5174 2575 5220 ne
2608 5149 2923 5241 ardentiblls
2964 5121 3568 5241 Sagiu‘s_di_‘_‘3°l;‘,.pf:

1946 5208 2047 5217 υ---
2081 5208 2407 5227 run"-..
2508 5208 2572 5220 ..ν
2609 5208 2794 5219 κων-ν
3039 5208 3063 5211 -
3391 5209 3403 5221 .

1946 5208 2777 5322 cutiamur..Nonciimcbimus
2798 5261 2826 5298 τι
2854 5237 3049 5292 “more
3087 5227 3367 5286 “ocwnw’
3390 5208 3574 5322 ιὰ

1949 5341 2225 5400 diabolum
2281 5306 2415 5412 Qui.
2459 5306 2690 5412 semper
2730 5347 2783 5400 in
2809 5323 3042 5412 tenebris
3095 5331 3178 5380 θδι
3213 5306 3580 5412 nt
