3986 5412
178 339 283 395 εει.

169 451 212 506 3
302 451 383 505 Ad
409 444 835 511 annuntiaan
859 447 1013 510 masc
1032 442 1447 514 misericordiam
1476 442 1619 523 tuam
1650 480 1668 517 :

304 540 371 595 Et
398 547 673 599 veritatem
701 554 845 599 tuam
873 562 965 616 per
987 558 1207 603 noctem.

220 630 276 686 ἵε
309 630 637 688 lirabiliter
652 635 763 689 vita
790 644 976 690 nostra
1005 637 1215 693 duobus
1238 639 1491 695 conclusa
1521 649 1607 696 est
1629 655 1743 698 ser-

170 722 426 780 monibus.
462 724 624 782 Mane
650 728 925 798 signiﬁcat
948 731 1203 801 gaudium
1236 751 1248 786 :
1285 741 1339 789 et
1376 742 1504 789 tunc
1528 736 1747 792 miseriJ

166 813 367 869 centies
391 814 567 884 ipsius
592 818 916 872 annuntiare
946 819 1224 875 debemus.
1267 820 1377 876 Nox
1404 824 1609 880 indicat
1636 827 1747 880 η’Ιὲ

165 904 355 958 stillam
390 922 404 957 :
432 898 505 959 et
530 906 784 961 similiter
811 915 938 963 tunc
970 909 1025 963 in
1052 910 1513 979 tribulationibus,
1542 916 1743 969 verita:

162 1003 267 1048 tem
314 993 487 1063 ipsius
534 997 883 1067 pnecipimur
929 1002 1276 1068 annuutiare,
1324 1005 1451 1073 quia
1489 1004 1638 1073 juste
1686 1013 1741 1062 et

162 1089 345 1144 merito
388 1090 651 1158 patimur.
698 1090 857 1148 Sicut
889 1094 1035 1148 enim
1092 1095 1148 1150 ln
1200 1099 1478 1168 prosperis
1527 1096 1743 1153 miseri—

161 1177 337 1232 cordia
365 1180 690 1244 ostenditur,
717 1197 821 1250 qua
842 1183 938 1236 dat
975 1185 1231 1254 indignis,
1278 1195 1336 1241 et
1367 1188 1523 1242 malis
1564 1187 1740 1243 bonus

158 1256 763 1326 eurisain'sdversis
793 1273 997 1328 veritas
1040 1282 1403 1343 monstratur,
1448 1294 1558 1348 qua
1602 1278 1739 1332 dixit

159 1368 464 1428 peccatores
490 1362 809 1432 puniendos.
1202 1374 1207 1381 ‘

159 1451 197 1504 3
278 1450 361 1527 in
386 1451 712 1507 decachordo
736 1453 989 1522 psalterio
1016 1472 1031 1508 :

180 1564 192 1575 ι
293 1540 419 1596 Cum
447 1543 652 1597 cantico
676 1545 731 1596 in
750 1545 975 1598 cithara.
1010 1574 1017 1577 -

228 1632 266 1686 C
304 1633 707 1707 Decacbordum
733 1633 1068 1703 psalterium,
1096 1638 1278 1693 decem
1306 1648 1576 1709 praecepta
1601 1638 1735 1710 legis

163 1731 302 1776 sunt.
321 1722 610 1777 (lautianm
638 1730 694 1778 et
731 1724 936 1779 cithara
962 1733 1046 1779 est
1073 1727 1328 1797 gaudium
1360 1730 1487 1785 boni
1512 1731 1696 1800 operis
1716 1770 1731 1795 ,

169 1810 225 1865 id
251 1820 329 1865 est
353 1811 821 1883 eleemosynarum
844 1812 1082 1882 jucunda
1110 1816 1338 1888 largitio.
1363 1818 1589 1874 Cithara
1613 1837 1741 1876 vero
1771 1812 1817 1871 Β

160 1907 355 1965 cantat,
380 1901 471 1970 qui
494 1915 661 1970 opera
690 1902 828 1956 bona
858 1903 1072 1971 perﬁcit
1122 1905 1244 1962 sine
1293 1908 1587 1976 asperitate
1637 1910 1732 1964 tri-

158 1988 330 2043 stitiae.

160 2079 191 2132 ι
298 2080 429 2145 Quia
449 2080 725 2138 delectasti
751 2102 851 2151 me,
879 2084 1119 2152 Domine,
1152 2088 1206 2143 in
1230 2088 1439 2159 {actura
1462 2099 1554 2145 tua
1586 2110 1602 2147 :

296 2168 358 2222 Et
387 2170 441 2224 in
470 2172 716 2241 operibus
746 2190 995 2228 manuum
1024 2184 1233 2230 tuarum
1262 2177 1554 2232 exsultabo.

220 2260 262 2315 C
300 2260 623 2318 Delectatam
673 2281 733 2320 se
764 2266 896 2321 dicit
924 2276 1098 2322 mater
1130 2267 1401 2335 Ecclesia,
1434 2270 1487 2323 in
1526 2269 1732 2325 factura

157 2352 356 2408 Domini
383 2373 397 2407 :
430 2354 689 2427 quoniam
722 2358 983 2428 quidquid
1011 2359 1136 2414 boni
1164 2361 1455 2431 acceperit,
1489 2376 1598 2416 non
1620 2363 1733 2418 suis

158 2442 375 2506 meritis.
403 2445 496 2499 sed
530 2460 632 2500 suo
660 2443 889 2501 Domino
928 2446 1237 2517 applicavit.
1278 2448 1344 2501 Et
1372 2449 1649 2504 exsultare
1673 2463 1733 2503 se

159 2531 229 2601 in!
249 2532 336 2588 Dei
369 2536 655 2605 operibus,
704 2552 811 2591 non
837 2552 968 2592 vero
1004 2538 1057 2592 in
1100 2552 1196 2593 sua
1225 2536 1485 2593 felicitate
1508 2579 1521 2604 ,
1552 2537 1645 2593 sed
1678 2538 1732 2592 in

158 2623 313 2691 ipsius
336 2626 608 2682 voluntate
635 2627 943 2697 proﬁtetur,
999 2638 1059 2683 ut
1089 2629 1165 2683 ait
1195 2629 1496 2700 Apostolus
1522 2647 1534 2681 :
1561 2628 1733 2699 Ipsius

160 2714 292 2767 enim
326 2715 639 2786 ﬁgmentum
664 2732 850 2772 sumus
881 2717 1097 2789 (Ephes.
1127 2718 1213 2789 ιι).

156 2803 186 2857 5
248 2804 258 2815 ’
287 2806 453 2871 Quam
485 2810 829 2879 magni/Beata
863 2821 982 2863 sunt
1022 2827 1178 2879 opera
1217 2820 1339 2875 tua,
1384 2810 1605 2865 Domine
1636 2813 1655 2864 !

283 2896 456 2952 Nimis
486 2898 770 2968 pro/unda:
790 2910 910 2954 sunt
938 2902 1276 2970 cogitationes
1300 2910 1425 2957 tua.
1508 2890 1515 2896 ”

216 2987 254 3044 C
290 2988 629 3060 Obstupescit
658 2990 927 3060 Propheta
951 2992 1320 3048 vehementius
1344 2994 1457 3062 ipsa
1487 3007 1648 3064 opera
1673 3004 1728 3050 et

159 3078 353 3134 Domini
397 3082 881 3151 magniﬁcentiam.
912 3083 1085 3138 Nimis
1114 3083 1392 3155 profundae
1424 3095 1549 3140 sunt
1569 3084 1726 3141 factae

160 3170 493 3240 cogitationes
523 3174 642 3244 ejus
673 3191 688 3228 :
714 3183 775 3229 ut
803 3174 943 3229 sicut
991 3172 1234 3230 diabolus
1273 3191 1371 3245 per
1414 3177 1719 3246 superbiam
1749 3160 1795 3223 Ο

159 3263 372 3330 corruit,
403 3264 477 3319 ita
526 3265 825 3320 humanum
875 3282 1043 3337 genus
1088 3265 1351 3322 beneflcio
1398 3268 1724 3323 humilitatis

157 3353 310 3419 possit
345 3354 570 3409 absolvi.
610 3350 743 3423 Quis
773 3355 874 3411 hoc
903 3365 957 3411 et
989 3356 1181 3412 similia
1202 3357 1551 3428 profundabit
1588 3359 1611 3412 ?

156 3439 186 3492 6
293 3440 385 3496 Vir
421 3443 671 3513 insipiens
702 3462 806 3498 non
831 3456 1103 3517 cognoscet
1134 3462 1151 3499 :

165 3594 175 3609 ι
283 3532 350 3588 Et
369 3536 565 3590 stultus
594 3554 700 3592 non
730 3537 979 3609 intelliget
1007 3539 1137 3593 ha’c.

212 3621 250 3677 ε
282 3624 382 3677 Est
408 3625 488 3678 vir
516 3625 780 3695 insipiens
809 3627 944 3694 .‘qui
971 3626 1175 3682 caelesti
1201 3628 1462 3698 sapientia
1494 3645 1723 3689 evacuae

161 3719 252 3776 tus,
274 3723 327 3768 et
356 3713 609 3769 humanis
631 3717 887 3772 versutiis
916 3717 1173 3787 probatur
1200 3733 1318 3773 esse
1340 3708 1719 3788 plenissimus:

158 3800 246 3856 iste
290 3819 397 3859 non
433 3804 715 3874 cognoscit
743 3820 910 3875 opera
942 3805 1069 3877 Deil;
1112 3806 1239 3876 quia
1292 3808 1507 3862 casualc
1532 3804 1539 3811 ⁷’
1554 3808 1724 3865 credit

159 3879 280 3961 quod
320 3894 548 3964 geritur.
605 3894 759 3948 Sicut
807 3894 1024 3965 quidam
1073 3896 1373 3966 philosophi
1410 3896 1662 3951 dixerunt
1698 3915 1710 3948 :

165 3979 348 4037 Stultus
383 3994 567 4039 autem
618 3983 803 4053 utique
870 3993 981 4051 est,
1052 3986 1143 4055 qui
1186 4001 1283 4040 nec
1332 3986 1507 4040 divina
1568 3999 1723 4040 reco-

162 4073 367 4145 gmscit,
400 4089 501 4130 nec
534 4074 681 4144 ipsos
712 4072 893 4128 saeculi
920 4084 1073 4129 actus
1099 4074 1366 4145 intelligit,
1401 4090 1536 4145 quos
1564 4073 1721 4143 vulgo

160 4156 327 4215 brutos
353 4166 659 4216 v‘ocamus.’

160 4245 187 4298 7
276 4250 404 4306 Cum
428 4254 599 4307 exorti
627 4253 825 4321 fuerint
854 4263 1146 4322 peccatores
1173 4253 1305 4306 sicut
1333 4252 1510 4321 fenum
1538 4271 1589 4308 :.

279 4338 345 4393 Et
378 4341 723 4410 apparuerint
750 4342 925 4394 omnes
955 4342 1045 4412 qui
1065 4352 1348 4411 operantur
1368 4343 1716 4412 iniquitatem.

216 4426 255 4481 (ἰ
284 4430 420 4485 Dicit
445 4431 589 4485 enim
621 4430 711 4484 hic
744 4428 939 4484 ﬂorere
968 4439 1280 4499 peccatores
1306 4429 1449 4486 sicut
1490 4431 1670 4488 fenum
1700 4453 1711 4486 :

1384 349 1745 410 EXPOSlTlO
1782 353 2230 418 PSALMORUH.

3312 374 3423 430 δι’

1769 469 1822 529 Α
1849 474 2072 527 randum
2101 482 2202 530 est.
2224 475 2365 543 Quid
2388 461 2540 534 enim
2559 462 2784 551 prodest
2802 481 2847 536 si
2873 491 2999 539 aute
3018 484 3166 540 diem
3196 501 3289 544 rex
3315 486 3419 549 fui,

1846 560 2006 616 hodie
2036 561 2089 617 in
2117 580 2337 620 carcere
2367 569 2604 625 morior:
2632 584 2794 627 omne
2816 573 3066 643 quodest
3084 579 3420 646 praeteritum

1843 658 1899 706 et
1926 652 2089 709 niuem
2122 647 2301 723 habet,
2335 652 2591 716 nihilost.
2764 698 2769 707 ι
3316 672 3322 677 ’

1844 734 1901 794 θ’
1952 770 1957 775 ·
1984 742 2331 808 aFQuoniam
2364 749 2382 817 ζ
2412 765 2529 803 ecce
2545 752 3420 827 inimicitui,‘Domine)(quouiam

1854 840 1889 869 π
1954 884 1961 891 ι
2054 850 2172 893 ecce
2195 838 2393 891 inimici
2425 842 2500 893 tui
2526 838 2809 909 peribuntz'
3012 858 3018 863 -
3083 864 3102 885 ο
3406 848 3442 923 ιδ

1984 921 2052 976 Et
2095 925 2458 997 dispergentur
2498 946 2676 986 omnes
2701 936 2791 1001 qui
2820 946 3135 1003 ,opsransur
3166 921 3441 1009 iniquam.“
3498 936 3501 939 ’

2052 1025 2174 1070 tem.
2404 1050 2417 1059 -
2812 1058 2819 1061 -

1914 1103 1955 1159 C
1979 1104 2185 1186 inimici
2218 1108 2316 1167 Dei
2341 1121 2467 1175 sunt
2490 1113 2795 1179 daemonum
2819 1117 3080 1183 cultores,
3107 1129 3164 1176 et
3187 1121 3423 1191 quicun-

1842 1211 1951 1266 que
1997 1202 2285 1270 praeceptis
2328 1201 2446 1273 ejus
2490 1206 2714 1267 obviare
2763 1217 3039 1278 satagunt.
3104 1211 3186 1267 Illi
3271 1214 3418 1269 enim

1842 1285 2242 1361 ὤεβθιέθηιυῐ.
2263 1294 2481 1362 quando
2507 1311 2547 1353 at
2563 1312 2729 1368 grege
2763 1297 2977 1355 Domini
3009 1299 3213 1357 fuerint
3241 1312 3423 1373 segre—

1724 1404 1739 1412 -
1841 1380 1973 1454 sali.
2632 1414 2633 1417 η

1842 1471 1911 1527 10
1981 1470 2049 1527 Et
2077 1462 2843 1543 exultabimrisicuttuuicornis
2868 1496 3032 1541 cornu
3062 1500 3234 1540 meum
3257 1498 3276 1536 :

1983 1566 2050 1621 Et
2073 1580 2309 1624 senectus
2337 1587 2451 1625 mea
2472 1572 2527 1627 in
2555 1574 2919 1631 misericordia
2946 1575 3112 1633 uberi.
3336 1628 3343 1635 .
3400 1626 3413 1636 ,

1910 1658 1952 1714 C
1972 1658 2070 1715 Hic
2096 1662 2240 1715 enim
2267 1662 2564 1739 unicornis,
2586 1664 2974 1721 exaltationem
3005 1667 3277 1738 signiﬁcat
3306 1669 3421 1723 uui-

1840 1748 1988 1805 tatis.
2032 1750 2123 1804 Illa
2170 1752 2317 1807 enim
2350 1753 2555 1821 unitas,
2586 1740 2859 1811 fortitudo
2908 1755 3152 1833 sublimis
3198 1767 3301 1824 est,
3327 1757 3420 1812 ubi

1844 1846 2153 1904 sanctorum
2185 1840 2355 1913 gloria
2387 1842 2609 1898 decorat
2636 1844 2956 1900 Ecclesiam.
2999 1846 3265 1906 Senectus
3288 1862 3421 1921 can-

1838 1926 2021 1984 didum
2082 1932 2247 2001 caput
2311 1934 2480 1989 habet
2512 1953 2525 1988 :
2556 1940 2678 2005 qua:
2720 1936 3018 1993 similitudo
3064 1942 3223 1995 datur
3269 1950 3420 2019 recte

1836 2021 2123 2089 Ecclesiae;
2154 2027 2411 2095 quoniam
2447 2029 2630 2085 omnia
2673 2030 2867 2085 merita
2915 2039 3266 2097 sanctorum,
3300 2042 3417 2091 tau:-

1835 2127 1997 2180 quam
2045 2114 2170 2169 cani
2217 2116 2411 2186 capitis
2461 2117 2752 2188 purissima
2782 2118 2901 2175 luce
2932 2120 3235 2192 fulgebunt,
3266 2120 3419 2192 cujus

1836 2214 2088 2261 senectus
2116 2205 2184 2259 ad
2211 2206 2379 2261 vitam
2415 2208 2565 2263 ducit
2593 2217 2931 2281 perpetuam.

1837 2291 1898 2346 Η
1979 2289 2046 2346 Et
2071 2294 2303 2365 despexit
2335 2297 2515 2352 oculus
2554 2314 2697 2352 meus
2723 2299 2958 2354 inimicos
2985 2318 3123 2356 meos
3150 2320 3170 2358 :

1949 2378 2050 2438 .Et
2082 2381 2468 2454 insurgentibus
2512 2386 2568 2441 in
2633 2401 2713 2438 me
2760 2385 3168 2457 malignantibus
3230 2390 3411 2446 audiet

1884 2530 1888 2535 ,
2046 2473 2193 2527 auris
2216 2491 2350 2528 mea.
2429 2534 2435 2542 _

1906 2558 1947 2616 C
1978 2561 2179 2617 Inimici
2212 2573 2356 2630 sunt,
2380 2562 2588 2619 scilicet
2612 2563 2887 2630 Ecclesiae,
2917 2567 3154 2636 operarii
3211 2566 3413 2637 iniqui-

1839 2651 1986 2718 tatis,
2020 2654 2157 2724 quos
2191 2663 2316 2709 tunc
2344 2652 2573 2724 despicit
2619 2653 2795 2723 Deus,
2823 2658 3040 2727 quando
3084 2657 3135 2713 in
3187 2659 3410 2713 sinistra

1834 2752 1990 2813 parte
2042 2753 2351 2816 segregatos
2398 2761 2457 2802 se
2508 2762 2629 2802 esse
2679 2754 3030 2818 cognoscunt.
3069 2747 3414 2825 lnsurgeutcs

1833 2843 1957 2890 sunt
2016 2830 2373 2908 malignantes
2426 2837 2656 2911 divites,
2707 2838 2838 2908 qui?
2878 2839 2966 2894 hic
3032 2840 3409 2911 paupertatem

1833 2922 2160 2994 despiciunt.
2203 2924 2313 2981 llos
2340 2926 2753 2983 audient‘aures
2791 2929 3072 2984 hominum
3121 2929 3359 2985 ﬁdelium
3395 2946 3425 2984 επ

1830 3013 2047 3082 quando
2067 3011 2251 3080 dicunt
2272 3056 2285 3083 ,
2310 3013 2446 3083 Quid
2471 3015 2624 3071 nobis
2653 3015 2865 3091 profuit:
2889 3017 3137 3088 superbia
3170 3020 3354 3075 nostra
3379 3021 3411 3072 ἲ·

1832 3100 1982 3173 (Sap.
2018 3103 2098 3173 v.)

1830 3213 1896 3287 12
1966 3214 2155 3270 Justus
2185 3227 2239 3270 ut
2267 3217 2442 3288 palma
2467 3220 2668 3303 ﬂorebit
2695 3236 2714 3273 :
2742 3206 2749 3211 ’

1970 3303 2035 3359 Ut
2063 3306 2451 3380 cedrus:Libani
2475 3309 2925 3381 multiplicabitur.
3204 3384 3209 3389 ι
3388 3362 3397 3393 ι

1897 3394 1939 3449 C
1996 3394 2181 3453 Justus
2224 3406 2372 3453 recte
2416 3409 2765 3468 comparatur
2812 3401 3032 3471 palmae,
3093 3402 3207 3457 haec
3256 3404 3407 3477 enim

1827 3500 1991 3557 super
2018 3487 2449 3565 terrashispida
2491 3496 2578 3543 est
2601 3502 2623 3541 .:
2664 3489 2758 3545 sed
2793 3490 2881 3546 ubi
2909 3490 2974 3546 ad
2999 3506 3236 3568 superna
3279 3507 3407 3564 pro-

1827 3574 2070 3651 cesserit,
2103 3575 2538 3631 dulcissimorum
2568 3575 2839 3632 fructuum
2871 3580 3138 3635 suavitate
3161 3582 3399 3651 comple-

1827 3647 1932 3719 tur.
1987 3665 2052 3719 Et
2094 3662 2238 3719 dicta
2284 3674 2367 3721 est
2412 3666 2588 3736 palma
2624 3685 2637 3720 :
2667 3668 2823 3738 quasi
2851 3669 2998 3738 pacis
3026 3647 3402 3726 alumnadSie

1825 3757 1934 3809 vita
1985 3756 2448 3825 justorumvduris
2501 3768 2584 3817 est
2637 3759 2690 3812 in
2744 3759 2845 3815 hoc
2884 3748 3084 3815 mundo
3123 3751 3400 3819 laboribus

1825 3847 2003 3918 plena,
2047 3849 2140 3904 sed
2168 3851 2221 3904 in
2247 3840 2494 3921 supernis
2522 3859 2606 3927 est
2643 3851 3027 3930 pulcherrima.
3060 3840 3271 3909 Cedrus
3332 3856 3395 3907 li-

1825 3952 1989 4008 gnum
2018 3936 2156 3993 bene
2193 3937 2368 4005 olens,
2400 3940 2468 3994 ad
2496 3942 2732 4010 pondera
2762 3942 3026 4012 portanda
3057 3941 3398 4011 aptissimum

1824 4037 1881 4090 et
1926 4028 2308 4096 fortissimum,
2332 4041 2390 4086 et
2428 4032 2656 4086 multum
2696 4033 2873 4102 palma
2918 4024 3115 4089 celsius
3145 4021 3398 4088 crescens

1826 4118 1991 4189 (quod
2008 4120 2244 4175 maxime
2280 4121 2332 4174 in
2348 4119 2557 4176 Libano
2587 4120 2783 4176 celsius
2813 4121 3102 4192 invenitur)
3122 4121 3299 4190 justos
3326 4112 3402 4179 si?-

1821 4209 2043 4279 gniﬁcat
2064 4209 2299 4287 repletos
2327 4209 2483 4265 bonis
2504 4209 2776 4293 operibus.

1824 4321 1892 4374 13
1964 4298 2205 4374 ῬΙαηιαιί
2231 4321 2285 4374 in
2311 4302 2466 4376 domo
2500 4304 2755 4377 Domini:
3040 4384 3047 4389 _

1966 4412 2032 4466 In
2056 4412 2205 4466 atriis
2231 4411 2416 4467 domus
2445 4411 2542 4479 Dei
2561 4415 2724 4468 nostri
2744 4414 3020 4483 ﬂorebunt.

161 4519 237 4571 sed
261 4521 309 4573 in
330 4518 639 4590 illojudicio
663 4536 760 4574 eos
786 4521 978 4575 asserit
1004 4522 1256 4577 celeriter
1281 4522 1526 4587 interire,
1555 4532 1609 4578 et
1644 4525 1714 4581 ibi

1892 4503 1932 4558 C
1977 4501 2264 4568 Plantatio,
2300 4502 2388 4557 hic
2430 4502 2835 4573 przedcstinatio
2868 4503 2974 4565 Dei
3029 4505 3342 4578 intelligitur
3377 4525 3389 4559 :

162 4621 263 4661 cum
283 4612 343 4667 ad
358 4612 622 4683 judicium
650 4612 918 4676 venerint,
945 4611 1197 4668 humanis
1218 4613 1594 4685 conspectibus
1619 4632 1714 4684 ap-

163 4700 399 4783 parebunt
427 4704 590 4759 corda
622 4718 809 4768 eorum
842 4701 982 4769 aliis,
1012 4720 1130 4775 qua:
1175 4705 1266 4760 hic
1302 4720 1565 4783 apparere
1609 4719 1715 4764 non

164 4776 439 4859 potuerunt.
1002 4802 1005 4803 ⁷

162 4880 189 4933 8
281 4885 341 4941 Ut
360 4878 612 4944 intereant
638 4886 703 4959 iri;
716 4886 968 4946 arculum
1001 4909 1059 4961 +
1095 4892 1279 4948 swculi
1308 4894 1324 4964 ξ
1360 4910 1378 4947 :

282 4976 353 5032 Tu
382 4991 557 5034 autem
590 4968 886 5037 Altissimus
915 4984 969 5036 in
996 4993 1264 5050 (uernum,
1296 4984 1533 5040 Domine.
1678 4972 1712 5021 ίέ

223 5063 257 5118 C
290 5066 541 5139 Sequitur
570 5087 730 5130 causa
759 5087 863 5129 cur
894 5087 1193 5144 appareant
1222 5096 1235 5131 :
1271 5092 1379 5133 non
1421 5079 1607 5149 utique
1642 5092 1711 5141 ad

167 5152 379 5226 gloriam,
414 5163 509 5217 sed
541 5173 598 5217 ut
623 5164 914 5219 intereant.
939 5164 1164 5222 Pulchre
1192 5169 1332 5224 enim
1358 5171 1596 5238 exposita
1626 5186 1710 5231 est

171 5260 301 5311 ptena
330 5256 695 5313 damnatorum
723 5277 738 5313 :
774 5275 883 5313 non
925 5260 1066 5315 enim
1100 5263 1176 5319 sic
1203 5271 1470 5333 pereunt,
1501 5275 1559 5320 ut
1587 5282 1707 5326 esse

168 5348 255 5382 tam
295 5344 536 5382 ιῖοεῖηαηί
608 5350 695 5382 carl
746 5352 800 5382 :n

873 5353 1122 5382 omns-luna
1174 5355 1354 5382 nmnl":
1426 5357 1610 5382 .l..(!..!-.
1634 5374 1673 5382 .-

1812 4590 1943 4658 quia
2000 4592 2103 4648 nisi
2156 4591 2371 4661 quisin-
2406 4592 2781 4665 sapiant-atus
2834 4591 3014 4660 fuerit,
3058 4607 3389 4653 crementum

1809 4684 2192 4743 felicissimum
2220 4699 2327 4741 non
2351 4684 2588 4747 habebit.
2623 4686 2842 4751 Atrium
2863 4686 3008 4752 enim
3028 4687 3237 4751 initium
3266 4688 3398 4742 dici.

1822 4754 2286 4835 tur‘mausionis:
2327 4774 2398 4840 iiii
2447 4772 2660 4842 ﬂorcbit
2704 4777 2921 4847 justus,
2948 4778 3168 4845 quando
3218 4775 3270 4844 in
3312 4776 3404 4839 illo

1818 4861 1978 4924 initio
2027 4864 2447 4928 resurrectionis
2494 4865 2680 4937 audita
2714 4866 2979 4933 felicitate
3008 4864 3295 4935 gaudebit,
3349 4866 3401 4934 id

1817 4964 1926 5020 est,
1959 4944 2176 5025 quando
2228 4955 2412 5023 dicere
2440 4956 2627 5033 audiet
2656 4977 2681 5021 :p
2706 4956 2919 5021 Venite,
2962 4946 3251 5023 lacncdicti,
3292 4963 3402 5021 etc.

1821 5054 1889 5122 η
1922 5096 1925 5101 -
1967 5068 2156 5123 Adhuc
2185 5069 2754 5142 multiplicabuntuniu
2783 5075 2992 5120 senecta
3008 5068 3188 5122 uberi:

1971 5155 2037 5209 Et
2062 5158 2189 5213 bene
2206 5162 2476 5230 ‘patientes
2504 5170 2656 5213 erunt
2688 5167 2741 5211 ut
2768 5156 3099 5210 annuntient.

1889 5269 1933 5325 Ο
1957 5267 2190 5327 Senecta
2212 5264 2496 5331 hominum
2528 5273 2681 5328 arida
2708 5277 2789 5324 est
2816 5287 2827 5321 :
2860 5265 3101 5321 Ecclesia
3124 5277 3253 5318 vero
3277 5271 3400 5314 tunc

2640 5377 2687 5382 ξ-
2748 5356 2951 5382 -..μ-ιᾸΛ
2990 5354 3055 5382 λιι
3104 5354 3261 5382 “anan
3307 5366 3399 5382 orn,

1883 5373 1996 5382 -4—n4.
2036 5375 2081 5382 ...Α
2099 5370 2221 5382 ρῖ-ΣΔ
