3986 5412
586 366 693 423 543

506 517 511 524 .
579 481 652 534 15
728 478 986 543 Quoniam
1010 483 1178 526 rectus
1198 469 1451 545 Dominus
1477 467 1614 521 Deus
1639 474 1812 520 noster
1841 478 1859 518 :

722 567 789 621 Et
816 582 918 638 non
958 560 1304 631 estiniquims
1331 560 1386 613 in
1421 573 1500 612 eo.

647 659 690 713 ϐ
716 657 980 724 Quoniam
1011 661 1190 708 rectus
1218 651 1481 707 Dominus
1505 665 1520 702 :
1553 647 1645 720 qui
1675 645 1850 704 servis
1874 644 1989 700 suis
2017 656 2145 713 pro-

575 749 742 803 missa
788 743 1098 812 complevit,
1123 750 1180 796 et
1225 755 1335 795 non
1383 740 1545 794 estin
1571 753 1638 793 eo
1663 737 2046 806 iniquitas:ut
2089 733 2147 788 in

574 839 678 892 hoc
726 834 925 889 munde
971 832 1312 904 permisisset
1354 827 1648 900 periclitari
1699 825 1979 895 martyrio,
2009 837 2146 894 quos

572 929 646 983 ibi
674 941 782 981 non
817 932 1131 982 coronasset
1160 923 1400 993 prmmio.

1056 1049 1255 1090 ORATIO
1281 1051 1351 1089 EX
1379 1049 1528 1089 PSAL.
1558 1048 1668 1089 XCI.

645 1127 949 1184 Exsultatio
999 1115 1198 1179 interna
1236 1114 1570 1188 sanctorum,
1633 1121 1795 1185 Deus,
1835 1119 1928 1189 qui
1969 1117 2146 1189 justas

571 1216 811 1271 diversis
833 1216 1102 1270 bonorum
1126 1212 1358 1268 refectos
1393 1210 1697 1281 impendiis,
1721 1208 1913 1264 ﬂorere
1940 1210 1992 1264 in
2027 1209 2145 1279 pal-

565 1302 782 1358 miferis
817 1303 970 1356 atriis
1000 1299 1517 1355 immarcessibiliter
1537 1296 1691 1364 facis,
1737 1311 2064 1367 quaesumus,
2087 1303 2148 1352 ut

573 1397 828 1452 remissis
871 1395 1101 1451 molibus
1139 1393 1454 1449 delictorum
1476 1433 1490 1457 ,
1515 1407 1702 1447 eorum
1734 1391 1889 1445 nobis
1916 1390 2146 1448 societa-

573 1499 683 1542 tem
732 1488 1021 1557 dignanter
1070 1486 1372 1556 impertias.
1414 1483 1532 1540 Per‘
1568 1482 1857 1540 Dominum
1900 1492 2146 1538 nostrum

574 1575 762 1632 Jesum
786 1576 1084 1642 Christum,
1107 1584 1213 1630 etc.
1261 1576 1264 1578 ⁷
1369 1576 1371 1578 ’

1093 1685 1412 1744 PSALMUS
1453 1685 1614 1743 XCll.

1009 1794 1038 1832 Δ
1051 1795 1374 1835 ιιυυυεκτυω
1401 1794 1546 1834 PSAL.
1575 1790 1711 1832 XC".

644 1887 687 1942 (Ξ
728 1887 874 1944 Laus
915 1887 1194 1954 Ecclesiae,
1225 1888 1292 1944 de
1339 1887 1714 1944 lncarnatione
1769 1892 1822 1940 et
1867 1885 1935 1940 de
1983 1897 2149 1954 regno

582 1978 785 2034 Christi
1187 2031 1190 2034 .
1401 2030 1404 2032 ν
1468 1978 1471 1981 ’
1677 2030 1679 2032 .

578 2069 688 2124 TT.
731 2084 793 2125 οε-
832 2069 974 2125 Laus
1009 2069 1200 2142 cantici
1223 2072 1320 2141 ipsi
1347 2071 1517 2125 David
1540 2071 1595 2124 in
1620 2070 1703 2122 die
1719 2077 1837 2122 ante
1861 2066 2148 2122 Sabbatum

646 2179 652 2181 ’λ
974 2159 1433 2231 ςιιίιηάοτιιηάαιιι
1459 2172 1530 2214 est
1556 2170 1696 2214 terra

646 2249 687 2305 C
733 2248 1015 2304 Canticum
1066 2247 1131 2302 ad
1165 2247 1376 2302 laudem
1399 2247 1636 2320 pertinet
1673 2244 1996 2300 divinitatis.
2043 2241 2149 2312 lpsi

574 2338 746 2394 David
782 2356 795 2391 :
827 2337 1046 2393 Christo
1104 2345 1337 2408 aptatur.
1389 2335 1447 2390 ln
1497 2335 1585 2392 die
1628 2345 1757 2390 ante
1803 2334 2098 2390 Sabbatun
2133 2350 2147 2386 :

576 2435 728 2483 sexta
755 2425 888 2481 feria
918 2433 1032 2489 est,
1073 2440 1192 2494 quae
1240 2425 1535 2480 Sabbatum
1565 2424 1840 2495 prmcedit.
1869 2422 2036 2477 Terra
2064 2421 2153 2476 hic

579 2519 856 2576 hominem
883 2518 1170 2592 signiﬁcat,
1198 2517 1287 2573 cui
1313 2517 1513 2572 dicitur
1545 2531 1558 2568 :
1597 2516 1766 2570 Terra
1787 2530 1848 2570 cs
1874 2523 1931 2570 et
1961 2516 2014 2569 in
2045 2523 2152 2569 ter-

578 2627 696 2665 ram
721 2607 835 2666 ibis
856 2608 1010 2680 (Gen.
1039 2609 1121 2679 nr)
1157 2625 1172 2664 :
1203 2624 1364 2682 quem
1408 2609 1549 2663 inter
1595 2607 1748 2662 initia
1769 2621 1950 2662 rerum
1973 2615 2130 2662 sexto

585 2703 812 2757 Creator
833 2702 1093 2756 condidit.
1353 2699 1357 2702 ’

582 2794 608 2845 1
729 2791 989 2846 Dominus
1012 2792 1264 2862 regnavit,
1293 2791 1528 2846 decorem
1557 2789 1772 2843 indutus
1796 2797 1870 2842 est
1906 2800 1927 2841 :

718 2882 948 2936 Indutias
994 2890 1071 2936 est
1114 2881 1366 2936 Dominus
1394 2880 1759 2950 fortitudinem
1783 2888 1832 2934 et
1873 2876 2151 2948 praecinxit

794 2989 868 3026 se.

653 3063 694 3120 C
715 3063 1074 3118 Considerans
1099 3062 1366 3131 Propheta
1381 3075 1500 3130 qua:
1520 3066 1742 3115 ventura
1764 3065 1936 3120 erant,
1960 3069 2151 3127 regna-

1523 356 1580 410 S.
1620 349 1965 409 ΒΜ]ΝοΜὸ
2004 348 2544 406 HERBIPOLENSIS
2583 346 2886 405 EPISCOPI
3709 340 3800 398 Su

2165 466 2216 524 Α
2241 461 2276 514 5
2382 461 2794 530 )(Elevaverunt
2825 462 3042 527 ﬂumina
3073 456 3263 524 ﬂuctus
3289 466 3411 509 suos
3441 451 3459 522 ζ
3494 469 3515 506 :

2387 550 2427 602 Α
2449 549 2654 602 vocibus
2683 564 2938 618 aquarum
2959 544 3265 599 multarum.

2313 639 2354 694 C
2401 639 2759 694 Elevaverunt
2805 636 3026 691 ﬁumina
3069 633 3283 700 ﬂuctus,
3334 635 3390 690 id
3431 643 3536 698 est,
3589 636 3803 704 apostoli

2244 741 2524 784 sermones
2570 727 2855 797 irriguos:
2924 727 3174 795 ipsosque
3230 724 3284 778 in
3336 723 3802 794 praedicationibus

2244 833 2470 874 erexere
2519 816 2898 875 sanctissimis.
2944 817 2989 868 A
3020 815 3244 869 vocibus
3278 828 3580 884 aquarum:
3628 823 3804 882 gentes

2246 907 2537 978 signiﬁcat,
2561 923 2682 977 quae
2701 905 2768 961 ad
2796 903 3119 961 catholicam
3149 903 3306 960 ﬁdem
3330 903 3500 959 Deum
3543 901 3802 959 laudando

2245 997 2606 1052 eonveniunt..

2246 1089 2280 1144 6
2383 1087 2657 1143 Mirabiles
2679 1087 2924 1142 elationes
2948 1087 3108 1141 maris
3129 1103 3152 1142 :

2386 1178 2647 1234 Mirabilis
2671 1181 2723 1233 in
2744 1179 2865 1233 altis
2880 1178 3153 1236 Dominus.

2316 1268 2358 1324 C
2411 1269 2683 1344 Elationes
2709 1268 2915 1333 maris:
2946 1267 3222 1336 sapientes
3243 1264 3468 1336 populos
3479 1263 3549 1319 ~-in
3578 1263 3809 1320 Ecclesia
3841 1305 3854 1315 .

2245 1361 2508 1416 catholica
2530 1359 2831 1429 signiﬁcat:
2861 1372 3088 1427 quorum
3113 1355 3384 1411 mirabiles
3402 1354 3666 1413 elationes
3690 1364 3810 1408 tunc

2247 1449 2419 1514 ﬁunt,
2467 1448 2683 1516 quando
2713 1447 2765 1500 in
2793 1444 3067 1499 mandatis.
3105 1443 3200 1497 Dei
3244 1442 3399 1497 ﬁrma
3427 1451 3608 1498 mente
3636 1442 3809 1498 cousi-

2247 1547 2415 1594 stunt.
2443 1534 2705 1591 Mirabilis
2729 1535 2783 1589 in
2812 1534 2934 1589 altis
2963 1533 3243 1588 Dominus.
3267 1531 3314 1586 Η
3364 1529 3590 1599 Quando
3618 1529 3814 1586 residet

2247 1626 2314 1680 ad
2337 1627 2611 1681 dexteram
2643 1623 2838 1679 Patris.

2245 1718 2278 1771 7
2394 1716 2710 1770 Testimonia
2747 1725 2839 1770 tua
2871 1713 3143 1769 credibilia
3173 1713 3314 1782 facta
3337 1722 3455 1766 sunt
3481 1711 3678 1770 nimis:

2395 1806 2619 1860 Domum
2642 1815 2786 1858 tuam
2817 1805 2956 1858 decet
2986 1802 3300 1867 sanctitudo,
3321 1801 3580 1870 Domine,
3615 1803 3671 1855 in
3709 1800 3816 1854 lou-

2467 1894 2757 1965 gitudinem
2781 1894 2984 1947 dierum

2322 1987 2363 2042 C
2419 1985 2749 2041 Testimonia
2777 1984 2919 2039 enim
2946 1984 3327 2053 prophetarum
3355 1979 3516 2035 nimis
3543 1978 3818 2035 credibilia

2251 2076 2395 2131 facta
2423 2083 2549 2130 sunt
2578 2093 2591 2128 :
2623 2075 2747 2143 quia
2775 2073 3149 2128 lncarnatione
3171 2071 3382 2128 Domini
3410 2070 3647 2125 revelata
3673 2077 3815 2132 sunt,

2252 2183 2372 2236 qua:
2414 2165 2469 2221 in
2511 2169 2683 2220 sacris,
2721 2164 2871 2219 libris
2900 2162 3482 2232 tenebanturpocculta.
3515 2159 3719 2213 Domus
3741 2164 3818 2211 est

2251 2259 2440 2327 utique
2464 2255 2785 2314 universalis
2831 2253 3091 2318 Ecclesia,
3129 2253 3272 2307 hanc
3301 2252 3458 2319 decet
3494 2247 3815 2311 sanctitudo,

2253 2350 2304 2405 id
2350 2358 2458 2413 est,
2514 2346 2727 2416 c0piosa
2781 2343 3085 2400 benedictio
3136 2341 3339 2397 Christi
3387 2339 3671 2401 adventus,
3720 2351 3820 2404 quo

2252 2442 2484 2496 adventu
2499 2454 2619 2494 eam
2634 2438 2712 2492 sic
2723 2443 2901 2500 ornat,
2918 2445 2975 2488 ut
2989 2449 3260 2503 nunquam
3280 2432 3510 2486 deserat.
3525 2427 3821 2498 Longitudo

2253 2531 2497 2586 dierum:
2542 2527 2898 2582 aeternitatem
2931 2523 3216 2594 signiﬁcat.
3239 2521 3394 2586 Nam,
3435 2521 3580 2575 sicut
3605 2517 3816 2587 quidam

2252 2620 2411 2684 dixit,
2463 2616 2759 2690 Longitudo
2805 2631 2911 2670 non
2959 2622 3083 2680 est,
3125 2615 3181 2668 in
3229 2627 3336 2683 qua
3377 2620 3460 2666 est
3501 2609 3704 2679 aliquid
3732 2623 3820 2663 ex-

2255 2719 2507 2766 tremum.

2729 2791 2926 2835 οιιΛτιο
2955 2791 3023 2830 EX
3049 2789 3195 2830 ιδεμ..
3229 2789 3356 2828 XCII.

2326 2891 2553 2947 Domine
2585 2891 2922 2960 omnipotens
2945 2929 2960 2954 ,
2994 2887 3085 2956 qui
3117 2899 3340 2956 paterna
3367 2883 3692 2954 prtecinctus
3719 2879 3819 2932 vir-

2254 2989 2370 3036 tute
2399 2980 2618 3046 cazlum,
2645 2992 2812 3044 mare,
2843 2987 3150 3045 terramque
3188 2974 3399 3037 locasti,
3454 2970 3651 3026 exaudi
3699 2984 3819 3038 snp-

2255 3073 2424 3144 plices
2457 3082 2599 3138 tuos,
2631 3082 2685 3128 et
2716 3071 2781 3126 da
2823 3068 3196 3139 credulitatem
3242 3066 3294 3121 in
3336 3063 3661 3120 testimoniis
3703 3061 3820 3122 tuis,

581 3166 761 3212 turum
787 3169 907 3211 esse
936 3154 1240 3215 Dominum.
1273 3169 1398 3209 cum
1427 3167 1620 3223 magna
1651 3149 2009 3206 exsultatione
2030 3158 2146 3202 cou-

2260 3166 2418 3220 indue
2455 3181 2557 3220 nos
2585 3162 2958 3217 fortitudinem
2984 3169 3038 3215 et
3068 3161 3316 3214 decorem
3355 3150 3818 3212 sanctiﬁcationis.

582 3245 843 3302 celebrat.
894 3246 1156 3301 Decorem
1203 3243 1398 3309 induit,
1449 3243 1662 3314 idest,
1697 3237 2150 3310 pulchritudinem

580 3351 693 3390 stne
765 3331 1066 3402 maiestatis
1126 3331 1362 3406 ostendit
1407 3347 1423 3384 :
1479 3328 1692 3399 quando
1739 3326 2152 3394 transﬁguratus

581 3434 667 3481 est
692 3425 745 3479 in
775 3434 957 3479 monte
986 3439 1167 3479 coram
1194 3422 1473 3492 discipulis
1501 3420 1712 3492 (Matth.
1747 3420 1905 3490 xvn).
1929 3419 2152 3473 lndutus

580 3525 666 3588 est
691 3514 948 3570 Dominus
969 3507 1384 3570 fortitudinem:
1406 3512 1531 3581 quia
1561 3512 1832 3566 diabolum
1862 3509 2148 3579 oppressit.

486 3593 490 3597 ’
583 3607 632 3663 ll
670 3608 736 3662 Et
759 3607 1042 3678 prmcinxit
1077 3621 1136 3661 se
1165 3623 1180 3661 :
1214 3622 1336 3660 cum
1378 3603 1720 3659 multitudine
1756 3601 1999 3673 angelica
2046 3600 2154 3656 cir-

590 3699 879 3752 cumdatus
905 3697 1165 3752 remeavit
1192 3695 1258 3749 ad
1283 3696 1497 3750 Patrem
1527 3694 1662 3763 (Act.
1693 3692 1754 3759 l).

579 3788 618 3840 2
724 3786 932 3840 Etenim
961 3784 1186 3853 ﬁrmavit
1209 3783 1382 3837 orbant
1410 3795 1471 3837 σι-
1511 3791 1663 3836 teme
1695 3782 1712 3850 ζ
1747 3797 1767 3837 :

726 3875 831 3942 Qui
861 3892 963 3931 non
995 3874 1414 3929 connnovebitur.

652 3967 694 4024 C
743 3968 1006 4022 Firmavit
1035 3967 1224 4021 orbem
1252 3975 1428 4030 terrm,
1461 3965 1512 4019 id
1535 3971 1637 4026 est,
1668 3962 1962 4017 Ecclesium
1988 3960 2068 4031 (ut
2099 3961 2153 4014 in

580 4062 914 4132 Evangelio:
948 4059 1029 4115 Tu
1057 4075 1116 4114 es
1145 4058 1334 4113 Petrus
1359 4067 1414 4112 et
1437 4071 1597 4125 super
1626 4057 1763 4110 hanc
1793 4065 1998 4125 petram
2022 4055 2154 4110 aedi-

583 4155 756 4210 ﬁcabo
778 4153 1074 4209 Ecclesium
1099 4167 1271 4206 meam
1306 4149 1521 4222 [Matth.
1556 4146 1691 4220 xv:])
1721 4162 1839 4217 qua:
1870 4162 1977 4202 non
2003 4161 2154 4200 com-

585 4248 886 4302 movebitur
914 4245 1196 4310 ullatenus,
1225 4242 1474 4314 quamvis
1503 4241 1873 4311 persecutione
1900 4238 2155 4309 frequen-

584 4347 670 4391 ter
698 4346 938 4391 vexetur.
1229 4367 1232 4371 -
2089 4327 2092 4370 Ῑ

585 4427 620 4481 5
728 4425 927 4480 Parata
965 4427 1110 4480 sedes
1146 4435 1234 4480 tua
1257 4441 1322 4479 ex
1357 4435 1521 4482 tunc:

727 4516 771 4568 A
800 4514 990 4569 sazculo
1014 4525 1070 4568 tu
1100 4533 1174 4570 es.

2256 3256 2359 3323 Qui
2385 3271 2505 3312 cum
2529 3253 2689 3308 Patre
2712 3261 2768 3307 et
2795 3250 2951 3314 Filio,
2979 3258 3066 3304 etc

2768 3359 3088 3417 PSALMUS
3122 3355 3298 3413 XCIII.

2673 3487 3031 3529 ADGUMENTUM
3069 3484 3216 3524 PSAL.
3245 3481 3400 3522 XCIII.

2325 3591 2366 3646 (Ζ
2412 3589 2598 3646 Oratio
2627 3587 2884 3651 ﬁdelium,
2909 3593 2967 3638 ut
2991 3599 3018 3636 a
3045 3577 3480 3653 persecutoribus
3505 3591 3519 3628 :
3546 3573 3642 3644 qui
3664 3572 3822 3627 Deum

2255 3685 2506 3756 ignorant
2532 3700 2544 3734 :
2583 3681 2899 3734 liberentur.

2435 3787 2500 3827 σιε-
2524 3769 2632 3824 ΤΤ.
2669 3767 2910 3824 Psalmus
2935 3763 3105 3819 David
3125 3768 3312 3832 quarta
3337 3756 3553 3812 Sabbati
3584 3755 3604 3826 ζ
3640 3793 3656 3808 .

2324 3861 2364 3916 C
2427 3859 2710 3915 Psalmus:
2775 3865 3020 3911 sanctam
3076 3851 3346 3921 signiﬁcat
3406 3844 3821 3917 Operationem,

2257 3959 2447 4021 quarta
2475 3949 2695 4004 Sabbati
2720 3961 2735 4001 :
2767 3944 2900 4000 feria
2923 3951 3113 4013 quarta
3139 3950 3242 4005 est,
3274 3940 3324 3992 in
3350 3953 3458 4008 quo
3486 3936 3575 3990 die
3604 3934 3823 3988 lumina-

2257 4041 2339 4094 ria
2389 4040 2442 4093 in
2492 4038 2894 4092 ﬁrmamentum
2945 4031 3067 4087 coeli
3103 4031 3244 4084 facta
3292 4035 3605 4082 narrantur.
3641 4022 3735 4077 Sic
3776 4021 3822 4073 in

2257 4129 2497 4185 Ecclesia
2526 4136 2653 4182 sunt
2696 4124 2905 4179 fundati
2939 4122 3138 4186 electi,
3182 4121 3249 4175 de
3293 4130 3523 4188 quorum
3572 4111 3824 4185 patientia

2256 4217 2497 4288 psalmus
2525 4217 2628 4270 iste
2657 4213 2946 4284 plurimum
2979 4219 3185 4265 narrat.

2260 4311 2283 4362 1
2398 4306 2539 4361 Deus
2567 4305 2845 4368 ultionum,
2869 4303 3125 4356 Dominus
3151 4318 3168 4357 :

2401 4396 2540 4450 Deus
2577 4393 2835 4447 uitionum
2865 4390 3021 4444 libere
3059 4391 3182 4460 egit.

2181 4501 2236 4560 ι)
2330 4489 2371 4545 C
2423 4489 2563 4542 Deus
2590 4485 2736 4540 enim
2783 4481 3026 4536 terribile
3075 4496 3270 4536 nomen
3314 4485 3434 4534 est:
3481 4479 3742 4547 quoniam
3769 4490 3826 4529 ex

657 4607 698 4662 ο
1093 4565 1279 4672 gues,
1312 4607 1366 4660 id
1385 4613 1502 4670 es"
1531 4619 1684 4660 mens
1713 4603 1950 4658 ﬁdelium
1974 4617 1990 4666 ς
2023 4601 2161 4656 sicut
2259 4581 2470 4640 Graeco,
2491 4575 2633 4646 quod
2655 4572 2928 4643 signiﬁcat
2953 4571 3220 4634 timorem,
3243 4567 3541 4672 descen‘dit.
3561 4565 3826 4672 Ultionum

585 4706 672 4755 est
716 4696 868 4770 (Isa.
924 4696 1091 4765 uri)
1133 4715 1149 4746 -.
1192 4696 1365 4765 Super
1431 4709 1589 4766 quem
1642 4692 1929 4763 requiescit
1992 4691 2163 4761 Spiri-

590 4804 677 4845 tus
726 4805 899 4855 meus,
953 4788 1055 4843 nisi
1092 4804 1252 4858 super
1281 4788 1536 4843 humilem
1567 4795 1621 4840 ct
1651 4792 1970 4839 trementem
1997 4782 2160 4836 verba

593 4896 717 4938 mea
747 4888 801 4936 et
842 4879 1224 4950 quietum‘iEx
1245 4866 1403 4945 tunc,
1449 4877 1503 4932 id
1541 4886 1644 4941 est,
1678 4877 1746 4929 ab
1788 4870 2127 4928 lncarnation

618 4967 794 4990 η.--ε-.ε
852 4969 871 4990 Ι
925 4969 1110 4990 -..---1-
1146 4986 1157 4990 -
1191 4968 1266 4990 ΔΑΕ

596 4969 794 4990 I‘L--9-a!
852 4969 871 4990 Ι
925 4969 1110 4990 -..---1-
1146 4986 1157 4990 -
1191 4969 1344 4990 ΔΑΕ.-.

1357 4983 1433 4990 -...
1469 4966 1605 4990 Ιιιιιαα
1633 4973 1891 4990 ΑΑΑΑΟΑ--ιλ
1926 4976 2153 4990 unm-anna

2260 4671 2518 4728 Dominus
2539 4675 2646 4730 est,
2671 4665 2760 4735 qui
2783 4663 3124 4733 iudicaturus
3153 4661 3257 4716 erit
3284 4657 3568 4721 mundum,
3599 4666 3658 4710 et
3684 4654 3827 4709 ultio-

2261 4752 2419 4819 nibns
2455 4760 2615 4832 iustis
2660 4755 2856 4828 ailliget
2881 4755 3204 4811 obstinatos.
3231 4751 3429 4805 Lihere
3472 4749 3610 4817 egit,
3642 4747 3695 4802 id
3728 4751 3824 4808 est,

2131 4888 2162 4926 ε
2258 4853 2406 4908 nullo
2434 4850 2760 4921 impediente
2786 4856 2957 4901 totum
2985 4844 3242 4900 mundum
3260 4839 3542 4911 judicabit.

2255 4963 2291 4990 ο
2409 4961 2652 4990 Πανάρα-..Α
2700 4958 2786 4990 Αιπὲ
2811 4956 3014 4990 ἱεηΙῖι-ηο
3046 4964 3231 4990 fors-nn)
3265 4951 3281 4965 ⁶
3321 4968 3335 4980 ο
