3986 5412
572 300 675 358 3ιῖ

564 422 641 478 d7
714 417 839 476 Nisi
864 420 988 490 quia
1019 418 1271 474 Dominus
1298 419 1503 490 adjuvit
1525 436 1604 474 me
1625 435 1646 474 :

714 509 1064 565 Paulominus
1086 510 1354 563 .habitavit
1379 510 1435 563 in
1461 509 1668 579 inferno
1690 511 1871 565 anima
1899 525 2032 563 mea.

564 628 573 637 ο
610 602 681 659 ~C
710 602 1014 658 Dicitenim
1044 620 1057 656 :
1086 601 1189 660 nisi
1229 603 1355 670 quia
1390 603 1682 667 Dominus,
1718 616 1824 656 vox
1846 600 2047 657 Christi
2088 598 2142 659 in

568 707 799 762 persona
840 692 1207 746 membrorum
1229 731 1243 755 ,
1278 706 1341 762 ac
1367 691 1413 745 si
1441 692 1587 746 dicat
1616 710 1630 745 :
1664 691 1722 745 In
1755 688 2143 747 illamvfoveam

568 783 817 851 protinus
846 780 1194 847 incidissem,
1224 781 1278 837 in
1310 796 1414 850 qua
1464 790 1776 851 peccatores
1819 781 2143 846 ccrtumﬁest

567 883 727 938 posse
754 869 1015 939 demergi.
1049 869 1401 924 Paulominus
1423 871 1800 935 habitaverat,
1833 868 1886 924 id
1915 856 2018 933 est,
2050 883 2142 921 va-

558 960 654 1017 .nis
712 961 1156 1030 persuasionibus
1199 962 1466 1031 potuisset
1521 961 1698 1032 decipi
1746 959 1928 1017 anima
1982 972 2140 1025 mea,

569 1051 671 1106 nisi
702 1052 991 1107 meruisset
1022 1069 1052 1106 a
1082 1054 1312 1108 Domino
1346 1053 1590 1109 liberari.

556 1141 635 1209 ~18
706 1140 766 1196 Si
790 1143 1024 1199 dicebam
1050 1160 1069 1198 :
1096 1143 1270 1197 Motus
1292 1155 1364 1199 est
1387 1162 1475 1214 pes
1498 1161 1642 1200 meus
1669 1158 1688 1195 :

556 1284 575 1312 ι
676 1308 677 1311 η
707 1232 1078 1288 Misericordia
1102 1245 1216 1302 tua,
1238 1235 1481 1301 Domine,
1509 1235 1793 1306 adjuvabat
1822 1251 1921 1291 me.

636 1308 677 1377 C
705 1322 803 1378 Hic
848 1324 1168 1379 beneﬁcium
1219 1324 1517 1380 celerrima:
1555 1324 1914 1380 confessionis
1959 1333 2142 1383 osten-

567 1411 734 1476 ditur,
756 1421 815 1485 ut
843 1427 965 1466 cum
989 1427 1047 1466 se
1068 1410 1231 1469 homo
1255 1412 1463 1484 lapsum
1485 1414 1538 1468 in
1565 1414 1801 1483 peccatis
1830 1414 2140 1482 conﬁtetur,

568 1502 771 1556 statim'
815 1512 1043 1557 munera
1114 1504 1294 1559 divina
1345 1505 1649 1560 dimittendi
1686 1514 1908 1575 peccata
1957 1505 2141 1561 subse~

566 1599 824 1657 qnuntnr.
854 1590 912 1645 Si
954 1592 1117 1662 igitur
1143 1593 1387 1648 dicebam
1416 1593 1634 1648 :‘Motus
1662 1603 1745 1649 est
1764 1608 1861 1663 pes
1883 1610 2057 1660 meus,
2090 1595 2142 1650 id

556 1670 649 1735 est
681 1683 895 1750 peccavi
921 1723 936 1749 ,
967 1697 1128 1752 quam
1159 1684 1344 1739 statim
1376 1685 1486 1739 dixi
1530 1700 1660 1739 vero
1686 1686 1880 1750 corde,
1924 1684 2138 1740 miseri-

552 1771 765 1873 cordia
783 1779 875 1873 tua
919 1773 1206 1841 adjuvabat
1250 1789 1356 1829 me.
1390 1775 1622 1830 Tantum
1651 1770 1803 1831 valet
1840 1777 2141 1832 accelerata
2173 1787 2217 1847 Β
2249 1770 2777 1873 ωξξῖθξιξλξέίξ

562 1861 864 1928 confessio,
900 1870 958 1917 ut
1005 1874 1132 1920 ante
1181 1867 1488 1920 remittatur
1517 1877 1795 1937 peccatum
1838 1883 2001 1937 quam
2042 1883 2139 1939 pu-

564 1951 769 2005 niatur.

556 2043 631 2098 ‘19
704 2043 1004 2101 Secundum
1020 2047 1402 2104 multitudinem
1416 2049 1656 2104 dolorum
1672 2066 1902 2105 meorum
1918 2052 1972 2106 in
1989 2052 2143 2109 corde

783 2156 894 2193 ιηεο
928 2154 946 2191 .'

612 2278 615 2279 ν
700 2229 1094 2288 Consolationes
1126 2244 1232 2289 ture
1261 2235 1657 2305 iwtiﬁcaoerunt
1692 2239 1925 2293 animam
1948 2256 2118 2294 meam

631 2317 676 2373 ii
707 2319 1013 2376 Secundum
1047 2324 1445 2380 multitudinem
1467 2367 1482 2394 ,
1514 2325 1566 2380 id
1588 2336 1697 2393 est,
1737 2337 1998 2396 quantum
2041 2327 2144 2382 fuit

560 2412 768 2479 pondus
796 2414 1148 2482 pmnitentiae,
1174 2424 1355 2473 tantus
1392 2416 1492 2471 fuit
1529 2433 1786 2473 numerus
1812 2419 2140 2475 consolatio-

560 2517 709 2555 num.
737 2501 873 2568 Quia
902 2506 1119 2573 quando
1164 2506 1248 2577 egi
1296 2507 1670 2576 paenitentiam
1707 2516 1763 2563 et
1789 2508 2020 2564 sustinui
2050 2510 2143 2563 tri-

552 2590 889 2647 bulationem
930 2594 983 2646 in
1021 2597 1275 2662 pra-senti
1311 2597 1440 2663 vita,
1482 2605 1612 2651 tunc
1645 2598 1912 2653 consolari
1945 2599 2142 2669 gaude-

559 2685 681 2735 bam
716 2681 769 2735 in
800 2680 975 2737 futura
1003 2723 1016 2745 ,
1046 2692 1101 2738 et
1151 2694 1354 2753 quanto
1396 2687 1568 2753 magis
1609 2686 1693 2755 egi
1722 2687 2094 2756 pmnitentiam
2122 2728 2137 2752 ,

561 2778 713 2824 tanto
743 2770 912 2841 magis
938 2772 1245 2827 consolatus
1269 2789 1327 2828 es
1356 2789 1462 2828 me.
1488 2774 1660 2829 Unam
1678 2774 1787 2829 fudi
1821 2774 2135 2844 lacn'mam',

558 2874 721 2913 unam
757 2861 930 2915 merui
967 2862 1426 2928 consolationem;
1471 2864 1657 2918 decem
1690 2863 1801 2918 fudi
1829 2864 2099 2934 lacrvmas
2123 2907 2137 2933 ,

552 2950 747 3025 decem
779 2954 951 3008 merui
990 2954 1405 3010 consolationes.
1437 2955 1581 3022 Quot
1612 2957 1846 3025 patimur
1871 2957 2094 3013 vulnera
2120 3002 2135 3028 ,

560 3048 639 3092 tot
665 3056 936 3095 meremur
958 3050 1013 3097 et
1038 3058 1290 3109 coronas,
1314 3053 1370 3099 et
1394 3045 1707 3115 magnitudo
1729 3046 2135 3103 tribulationum

559 3133 872 3202 magnitudo
897 3134 1240 3203 praemiorum
1265 3144 1368 3190 est.

554 3221 625 3277 20
699 3222 954 3296 Nunquid
975 3226 1206 3280 adhteret
1241 3228 1332 3281 tibi
1366 3229 1510 3283 sedes
1536 3229 1825 3300 iniquitatis
1847 3248 1866 3286 :

699 3314 801 3380 Qui
833 3317 982 3386 (iugis
1009 3317 1239 3373 laborem
1263 3320 1316 3372 in
1343 3322 1640 3391 prcecepto?

627 3407 668 3463 C
693 3407 992 3479 Nunquid?
1026 3413 1275 3482 negative
1314 3413 1598 3482 legendum
1661 3424 1765 3471 est.
1810 3414 1981 3471 Sedes
2035 3416 2138 3471 ini-

555 3498 778 3570 quitatis
810 3510 893 3556 est
923 3504 1107 3556 mundi
1149 3503 1308 3571 hujus
1336 3506 1657 3575 voluptuosa
1687 3508 1982 3576 possessio,
2016 3524 2136 3578 qua:

556 3592 782 3647 Domino
810 3593 1087 3649 adhaerere
1114 3610 1221 3649 non
1263 3605 1458 3665 potest.
1488 3599 1824 3667 Praeceptum
1866 3600 2009 3654 enim
2033 3600 2137 3654 Do-

550 3684 688 3737 mini
716 3684 914 3738 habet:
941 3684 1093 3739 Beati
1140 3687 1230 3755 qui
1272 3688 1457 3757 lugent
1486 3699 1541 3743 et
1587 3690 1676 3758 qui
1706 3690 2133 3758 persecutionem

551 3774 831 3844 patiuntur
879 3786 1099 3846 propter
1141 3778 1406 3846 justitiam
1436 3822 1450 3845 ,
1480 3783 1734 3850 quoniam
1783 3783 2008 3836 istorum
2053 3790 2139 3836 est

536 3860 777 3938 regnum
812 3868 1071 3923 ccelornm
1107 3871 1323 3941 (Matth.
1358 3871 1433 3943 v).
1466 3874 1534 3927 Et
1560 3883 1890 3943 praeceptum
1918 3874 2130 3928 Domini

553 3954 608 4027 in
646 3959 899 4025 prmsenti
927 3960 1122 4016 sa:cnlo
1152 3961 1392 4016 laborem
1423 3971 1478 4016 et
1502 3963 1741 4018 dolorem
1780 3965 1982 4029 habet,
2022 3979 2131 4019 non

535 4051 793 4131 (requiem
821 4067 921 4107 nec
949 4054 1220 4123 gaudium.
1260 4054 1395 4121 Quia
1429 4064 1578 4111 arcta
1602 4066 1656 4111 et
1682 4066 1909 4127 angusta
1943 4057 2029 4111 via
2051 4066 2136 4113 est

553 4142 832 4210 qnaidncit
856 4145 921 4196 ad
950 4146 1138 4200 vitam.
1167 4147 1397 4219 Fingere
1420 4149 1564 4203 enim
1588 4148 1857 4218 plasmare
1881 4150 2131 4214 dicimus,

558 4242 613 4285 et
651 4234 740 4301 qui
766 4236 1047 4300 mentitur,
1085 4237 1288 4307 aliquid
1333 4239 1433 4294 sibi
1460 4239 1729 4308 plasmare
1773 4241 2007 4294 videtur.
2035 4241 2133 4296 ilic

556 4329 733 4375 autA-m
760 4323 962 4393 ﬁngere
984 4326 1093 4380 Deo
1126 4329 1462 4394 attribuitur,
1494 4330 1582 4385 ille
1613 4329 1864 4386 formavit
1891 4331 2130 4386 laborem

555 4411 608 4462 in
642 4422 931 4480 praecepto.
964 4416 1003 4469 ll
1038 4415 1205 4471 Nemo
1240 4419 1383 4472 enim
1412 4421 1685 4476 dormiens
1712 4432 2026 4478 coronatur.

553 4498 616 4554 21
697 4500 990 4569 Captabunt
1020 4505 1074 4556 in
1107 4507 1334 4559 animant
1357 4509 1495 4576 justi
1525 4526 1543 4564 :

534 4586 539 4589 ’
696 4593 765 4646 Et
801 4596 1104 4664 sanguinem
1131 4597 1452 4652 innocentem
1479 4602 1912 4656 condemnabunt.

623 4682 664 4737 C
700 4682 1005 4752 Captabunt
1058 4686 1201 4739 enim
1241 4688 1592 4757 dixit,quasi
1646 4691 1884 4760 captiose
1932 4701 2131 4749 tracta-

553 4773 727 4839 bant,
770 4774 896 4843 quia
942 4790 1125 4830 veram
1172 4791 1388 4832 causam
1434 4779 1678 4835 criminis
1713 4783 1764 4835 in
1798 4784 2129 4855 martyribus

555 4872 933 4933 persecutores
973 4867 1215 4923 invenire
1269 4886 1374 4924 non
1425 4880 1672 4940 possunt.
1708 4873 1773 4927 Et
1812 4876 2130 4945 sanguinem

552 4956 893 5006 innocentem
921 4976 934 5006 :
965 4960 1031 5006 ml
1072 4961 1347 5006 Christum
1381 4962 1481 5006 Ιτηο
1522 4948 1693 5006 {minet
1726 4964 1916 5006 mra";
1997 4967 2121 5006 mnia

1520 307 1576 364 S.
1621 305 1972 364 BRUNONIS
2006 303 2553 362 HERBIPOLENSIS
2590 302 2922 375 EPISCO‘PI}

2170 420 2218 479 Α
2246 418 2370 469 tlata
2395 429 2501 470 εει.
2541 428 2676 483 uota
2702 430 2798 484 per
2828 430 2970 470 nanc
2994 416 3084 469 illa
3106 413 3389 497 beatitudo
3418 415 3684 470 coronahs
3704 425 3802 502 ιιειιἶ

3713 304 3803 360 358

2246 522 2350 562 ma:
2375 517 2727 578 praeparatur.
2763 508 2831 562 Et
2870 508 3016 565 Dens
3048 494 3202 564 meus
3246 508 3299 564 in
3351 506 3677 577 adiutorium
3703 494 3801 576 spei

2245 614 2401 655 meae:
2429 599 2693 677 Quoniam
2724 599 2813 654 hic
2857 599 3031 654 adhuc
3057 614 3210 669 spem
3239 599 3504 653 habemus
3527 638 3544 663 ,
3572 612 3678 651 non
3702 612 3799 653 rem

2244 698 2528 759 tenemus:
2561 690 2654 745 sed
2698 705 2847 761 spem
2904 690 2960 744 in
3007 689 3188 745 futuro
3240 688 3640 763 relinquintus,
3691 688 3800 757 quia

2235 779 2350 849 jam
2380 790 2623 838 nostrum
2651 781 2977 837 desiderium
3001 782 3367 852 possidemus.

2241 870 2312 925 25
2384 870 2454 936 Et
2490 870 2666 926 reddet
2686 870 2794 926 illis
2815 872 3142 942 iniquitatem
3162 871 3397 941 ipsorum
3425 887 3447 926 :

2384 958 2455 1013 Et
2482 961 2536 1014 in
2575 959 2783 1014 malitia
2820 976 2999 1015 eorum
3020 961 3280 1032 disperdet
3302 975 3427 1016 eos:

2457 1054 2524 1121 >κ
2562 1051 2838 1123 Disperdet
2864 1051 2981 1106 illos
3037 1069 3051 1106 :
3080 1051 3334 1107 Dominus
3363 1050 3509 1106 Deus
3532 1060 3717 1125 noster.

2313 1140 2356 1197 C
2382 1140 2447 1196 Et
2474 1141 2664 1196 reddet
2704 1140 2838 1205 illis,
2860 1140 2912 1194 id
2939 1150 3026 1196 est
3048 1140 3312 1199 retribuet
3340 1141 3498 1197 malis
3528 1141 3801 1197 secundum

2243 1238 2369 1284 vota
2397 1229 2652 1299 nequitiae
2674 1226 2810 1293 Suae,
2831 1236 2886 1282 et
2912 1237 3037 1283 nota
3060 1230 3204 1299 quod
3228 1230 3333 1285 hoc
3352 1244 3571 1294 nomen,
3597 1229 3801 1290 malitia.

2242 1330 2326 1375 est
2351 1335 2521 1390 capax
2564 1319 2805 1377 omnium
2834 1318 3123 1377 criminum
3151 1359 3166 1385 ,
3194 1320 3334 1375 sicut
3360 1320 3601 1375 Charitas
3630 1329 3707 1375 est
3726 1335 3800 1373 ca.

2240 1428 2346 1483 pax
2386 1411 2627 1466 omnium
2655 1410 2936 1467 virtutum.
2967 1409 3250 1481 Disperdet
3270 1424 3387 1476 eos,
3416 1410 3473 1465 id
3500 1419 3604 1475 est,
3648 1425 3679 1491 a
3719 1396 3802 1464 suo

2242 1515 2408 1572 regno
2434 1500 2642 1556 alienos
2664 1497 2886 1588 eﬂiciet.

2668 1624 2869 1667 ennio
2913 1625 2984 1666 sx
3039 1609 3189 1666 PSA!"
3240 1626 3393 1667 xctn.

2315 1721 2481 1776 Erudi
2514 1735 2634 1789 nos,
2660 1720 2911 1787 Domine,
2936 1722 3231 1777 secundum
3264 1719 3803 1790 benevolentiaslegis

2810 1811 2864 1865 in
2895 1811 3247 1866 tribulatione
3281 1810 3577 1882 refugium,
3606 1810 3695 1880 qui
3720 1811 3819 1868 hOs

2244 1902 2481 1958 minibus
2508 1902 2808 1972 prudenter
2836 1902 3080 1958 insinuas
3108 1902 3414 1968 scientiam,
3465 1916 3537 1957 ne
3589 1898 3802 1956 derelin.

2244 2003 2432 2065 quant.
2461 1994 2567 2051 Per
2596 1995 2878 2051 Dominum
2912 2006 3155 2052 nostrum
3177 1995 3363 2052 losum
3386 2035 3403 2061 ,
3435 2001 3545 2053 etc.

2748 2105 3071 2163 PSALMUS
3126 2107 3310 2164 XCIV.

2658 2235 3027 2276 ARGUIENTUI
3065 2237 3215 2277 PSAL.
3254 2237 3400 2277 XCIV.

2313 2328 2355 2388 C
2387 2330 2659 2402 Pr0pheta
2677 2331 2866 2387 incitat
2885 2332 3110 2402 pepulos
3135 2331 3203 2386 ad
3226 2331 3439 2386 laudem
3464 2330 3561 2388 Dei
3581 2328 3774 2385 venire.

2547 2419 2659 2476 TT.
2693 2420 2904 2475 +Laus
2933 2421 3124 2475 cantici
3158 2421 3258 2491 ipsi
3294 2420 3463 2474 David
3494 2421 3513 2489 ζ
3547 2436 3566 2473 :

2311 2509 2352 2565 C
2381 2510 2543 2578 Laus,
2592 2512 2745 2567 vocis
2801 2511 3072 2583 signiﬁcat
3091 2511 3490 2584 ;devotionem;
3522 2510 3799 2572 canticum,

2240 2600 2571 2656 hilaritatem
2599 2603 2820 2658 mentis.
2846 2602 2999 2669 Quod
3037 2612 3327 2672 utrumque
3374 2603 3431 2656 in
3477 2615 3644 2671 opere
3681 2596 3809 2671 psal-

2240 2694 2434 2748 modize
2464 2694 2624 2750 debet
2672 2710 2794 2750 esse
2844 2695 3127 2749 sociatum.
3163 2693 3270 2763 Ipsi
3302 2691 3476 2749 David
3497 2731 3514 2760 ,
3559 2690 3807 2761 signiﬁcat

2240 2782 2540 2850 Christum,
2577 2785 2664 2839 cui
2693 2784 2810 2839 laus
2837 2785 2942 2838 ista
2980 2792 3231 2839 cantatur
3595 2787 3602 2793 '

2240 2873 2266 2926 1
2390 2873 2589 2939 Venite,
2624 2875 2942 2930 exsultemus
2975 2875 3194 2930 Domino
3224 2913 3238 2927 .

2379 2960 2674 3018 Jubilemus
2705 2964 2812 3018 Deo
2847 2964 3073 3018 salutari
3100 2973 3302 3019 nostra.
3782 3004 3787 3009 ς

2308 3049 2349 3107 C
2375 3050 2564 3108 Venite
2611 3054 2757 3108 enim
2800 3054 2904 3109 illis
2959 3054 3159 3110 dicitur
3188 3055 3280 3125 qui
3310 3053 3466 3124 longe
3501 3052 3670 3123 positi
3692 3068 3805 3108 sen-

2164 3133 2209 3195 C
2245 3144 2474 3210 tiuntur,
2498 3146 2590 3215 qui
2618 3160 2677 3201 se
2706 3146 2933 3201 necdum
2963 3145 3084 3200 ﬁdei
3117 3145 3428 3218 integritate
3455 3145 3655 3216 populo
3684 3144 3806 3215 ﬁdeli

2236 3232 2552 3301 jututerunt.
2598 3235 2692 3289 Est
2718 3244 2898 3290 autem
2942 3234 3233 3289 exsultatio
3280 3235 3440 3304 huius
3474 3234 3808 3305 saeculi,qua:

2239 3334 2468 3394 occupat
2496 3327 2706 3381 animas
2738 3326 3002 3382 inﬁdeles.
3034 3326 3158 3381 Ideo
3196 3325 3404 3379 addidit
3448 3325 3562 3379 Deo
3586 3364 3599 3387 ,
3625 3326 3695 3379 de
3718 3335 3809 3393 quo

2240 3429 2367 3468 vera
2397 3424 2480 3469 est
2512 3416 2823 3471 exsultatio.
2870 3414 3112 3471 Jubilare
3155 3429 3279 3471 esse
3311 3429 3569 3484 magnum
3605 3411 3809 3467 modum

2241 3504 2462 3570 lmtitiae,
2493 3506 2579 3561 cui
2601 3521 2782 3561 sermo
2811 3521 2918 3561 non
2959 3505 3179 3569 suﬁicit,
3221 3519 3364 3573 saepe
3389 3503 3649 3558 diximus.

2240 3596 2274 3649 2
2387 3593 2823 3667 Prwoccupemus
2850 3597 3039 3666 faciem
3061 3595 3172 3665 ejus
3200 3594 3253 3649 in
3282 3593 3608 3665 confessione
3634 3605 3654 3644 .'

2382 3686 2446 3738 Et
2476 3687 2530 3740 in
2553 3686 2767 3755 psalmis
2785 3684 3068 3756 jubilemus
3088 3685 3159 3737 ei.
3208 3674 3213 3679 ’

2313 3776 2354 3830 C
2382 3759 2773 3846 Prmoccnpare
2796 3818 2810 3842 ,
2861 3785 2946 3830 cst
3002 3774 3205 3844 aliquid
3236 3760 3382 3828 ante
3428 3771 3631 3836 facere,
3665 3784 3806 3842 quam

2243 3865 2332 3919 ille
2380 3866 2548 3942 possit
2596 3864 2781 3921 videre
2832 3865 2927 3935 qui
2976 3864 3218 3919 creditur
3263 3863 3537 3918 advenire.
3584 3859 3805 3921 Faciem,

2243 3956 2373 4011 dicit
2404 3964 2749 4033 conspectum
2794 3955 2995 4011 Christi
3041 3955 3094 4009 in
3134 3954 3357 4024 judicio,
3382 3953 3436 4008 id
3457 3960 3540 4007 est
3579 3959 3640 4005 ut
3659 3947 3809 4033 conii-

2241 4056 2450 4102 teamur
2484 4046 2725 4102 facinora
2752 4054 2936 4101 nostra
2980 4054 3106 4100 ante
3140 4038 3447 4113 iudicialem
3475 4041 3594 4110 ejus
3620 4040 3804 4095 adven-

2240 4147 2374 4193 tum.
2405 4137 2704 4194 anilemus
2734 4140 2788 4192 in
2819 4137 3045 4207 psalmis
3074 4177 3089 4203 ,
3140 4134 3186 4188 H
3231 4134 3439 4191 scilicet
3485 4136 3537 4188 in
3570 4130 3809 4187 cordibus

2240 4231 2440 4285 nostris
2467 4230 2779 4300 psallentes,
2806 4228 2859 4283 id
2888 4238 2972 4284 est
3006 4228 3211 4299 gratias
3238 4234 3480 4295 agentes.

2236 4321 2271 4375 3
2379 4319 2640 4385 Quoniam
2672 4318 2814 4371 Deus
2842 4334 3059 4387 magnus
3095 4315 3349 4370 Dominus
3378 4326 3401 4367 :

2381 4408 2451 4462 Et
2475 4425 2564 4463 rex
2585 4424 2804 4477 magnus
2836 4424 2990 4478 super
3015 4423 3190 4461 omnes
3213 4406 3357 4459 deos.

2309 4498 2350 4554 C
2378 4497 2618 4553 Dicendo
2646 4498 2790 4552 enim
2819 4537 2832 4562 ,
2859 4496 3114 4566 quoniam
3161 4494 3303 4549 Deus
3328 4508 3560 4563 magnus
3587 4491 3807 4550 ostendit

2240 4590 2386 4644 illum
2432 4604 2552 4645 esse
2600 4588 2994 4659 potentiorem;
3048 4602 3274 4658 magnus
3322 4586 3522 4655 quippe
3572 4586 3663 4640 hic
3712 4597 3804 4639 non

2240 4682 2476 4746 dicitur,
2520 4680 2623 4734 nisi
2658 4679 2751 4749 qui
2802 4693 3026 4733 summa:
3068 4677 3355 4747 potestatis
3400 4692 3583 4730 arcem
3638 4685 3806 4730 tenere

2236 4781 2591 4829 monstratur.
2648 4771 2789 4826 Deos
2822 4771 2988 4826 etiam
3034 4771 3283 4826 homines
3324 4778 3544 4825 sanctos
3588 4766 3807 4839 appellat

2235 4878 2398 4935 emtor
2422 4878 2559 4934 quos
2584 4862 2845 4917 Dominus
2872 4876 2967 4917 rex
2986 4876 3216 4933 magnus
3242 4868 3349 4928 est,
3380 4860 3638 4931 quoniam
3672 4863 3806 4914 creat

2235 4957 2413 5006 omnia
2444 4965 2499 5006 et
2523 4956 2661 5006 regit
2686 4954 2960 5006 universa.
