3986 5412
140 258 234 341 ΗΒ

139 379 167 433 5
268 376 531 446 Quoniam
550 380 714 453 ipsius
732 393 810 440 est
834 360 978 443 mare
1002 397 1050 444 et
1070 390 1177 461 ipse
1205 392 1326 462 fecit
1344 397 1476 452 illud
1506 416 1529 455 :

264 467 331 523 Et
349 469 551 525 siccam
572 490 761 559 manus
783 477 901 547 ejus
935 477 1314 547 formaverunt.

118 637 125 645 _
193 580 233 636 C
258 580 405 639 Mare
428 583 704 655 signiﬁcat
740 598 951 659 gentes,
1001 609 1121 663 qua:
1150 596 1204 651 in
1236 598 1340 655 hoc
1377 602 1574 659 sarculo
1599 620 1693 659 va-

137 671 503 764 riis-vitiorum
530 674 753 764 natibus
791 692 1233 752 commoventur;
1270 689 1443 757 arida,
1469 694 1698 764 pepulus

137 760 292 815 ﬁdelis
450 802 484 833 ,η
514 763 696 829 fontes
743 769 863 827 ﬁdei
899 774 1076 830 adhuc
1112 778 1302 835 sitiens
1334 760 1510 852 :quos
1542 760 1698 842 dono

135 863 238 903 sine
284 851 680 913 misericordiae
724 860 952 929 fundare
990 864 1255 935 dignatus
1283 881 1367 926 est
1397 851 1691 933 Christus.

136 936 216 993 llis
245 942 495 1013 omnibus
516 943 853 1017 jungendum
877 961 962 1008 est
996 972 1009 1008 :
1036 956 1331 1026 jubilemus
1354 963 1427 1018 ei.

134 1026 163 1079 6
266 1027 465 1099 Venite,
506 1035 784 1094 adoremus
833 1053 881 1097 et
923 1046 1257 1113 procidamus

254 1117 344 1214 Et-
366 1120 632 1214 ploremus
666 1138 788 1213 ante
815 1129 1097 1189 Dominum
1130 1138 1222 1207 qui
1248 1138 1371 1207 fecit
1402 1157 1495 1197 uos
1522 1160 1543 1198 :
1569 1146 1692 1214 quia

324 1209 436 1297 ipse
454 1221 536 1297 est
565 1209 821 1272 Dominus
851 1219 991 1276 Deus
1017 1234 1213 1281 uoster.
1580 1209 1592 1214 -
1660 1243 1665 1249 '

191 1315 229 1371 C
265 1316 522 1414 Hortatur
547 1343 692 1383 nunc
715 1330 1084 1390 Christianum
1131 1340 1386 1410 populum
1416 1342 1688 1414 Propheta

134 1404 191 1494 ad
216 1409 645 1501 satisfactionem
674 1421 1029 1497 paenitentiae.
1084 1404 1419 1497 Adoromus.
1452 1404 1540 1491 id
1585 1445 1686 1501 est.

134 1498 354 1590 corporis
404 1499 694 1560 inﬂexione
755 1509 1123 1569 incurvcmus.
1183 1516 1574 1590 Proeidamus,
1612 1498 1690 1582 ut

132 1587 430 1679 ante‘ipsum
460 1607 561 1647 nos
598 1607 1028 1673 prosternamus,
1071 1615 1291 1679 totaque
1318 1587 1687 1675 membrorum

131 1671 365 1774 effusione
413 1671 717 1774 tendamur.
747 1689 889 1747 Ante
932 1693 1100 1749 Deum
1138 1671 1391 1767 plorare,
1438 1671 1523 1759 est
1565 1706 1684 1774 pios

130 1760 263 1819 ﬂetus
281 1766 571 1837 eﬂ'undcre,
619 1785 676 1831 et
720 1783 953 1848 pessima
993 1760 1441 1848 tacta-damnare.
1472 1760 1605 1850 Nam
1635 1798 1680 1853 si

130 1861 223 1908 tota
249 1859 419 1955 cordis
434 1864 678 1955 puritate
704 1869 1082 1943 deprecemur,
1105 1876 1261 1935 facile
1292 1897 1391 1937 nos
1411 1886 1505 1954 qui
1528 1885 1679 1955 fecit,

129 1956 171 1999 et
203 1949 381 2041 reﬁcit.
430 1953 501 2010 Et
545 1972 768 2017 causam
823 1964 1089 2035 triplicem
1135 1971 1297 2041 hujus
1347 1949 1681 2036 adorationis

128 2039 315 2109 subjicit
337 2086 353 2110 ,
382 2050 643 2118 quoniam
674 2052 787 2124 ipse
811 2055 943 2112 fecit
966 2075 1088 2129 nos,
1115 2039 1221 2118 etc.

129 2152 152 2204 'i
243 2155 308 2210 Et
334 2176 427 2213 nos
453 2162 682 2231 populus
708 2172 921 2234 pascua:
951 2172 1068 2242 ejus
1100 2189 1122 2226 :

242 2246 307 2301 Et
338 2266 456 2305 oves
486 2270 678 2311 manus
704 2257 842 2326 ejus.

183 2356 218 2411 C
260 2358 410 2454 Dicit
448 2366 598 2454 etaim
628 2369 758 2436 quid
806 2372 916 2428 sint
971 2374 1187 2444 ﬁdeles,
1213 2380 1398 2450 utique
1423 2397 1558 2438 oves
1583 2399 1679 2454 pa-

127 2460 249 2544 scua
268 2448 498 2507 Domini.
530 2455 668 2522 Quia
713 2463 932 2517 teternis
962 2462 1171 2522 deliciis
1208 2448 1351 2524 felici
1394 2480 1541 2526 sorte
1583 2448 1678 2533 sai

128 2543 317 2591 tutntur.
742 2560 754 2593 '.

128 2648 155 2701 8
240 2651 404 2709 Hodie
432 2657 478 2710 si
507 2650 683 2713 vocem
709 2662 823 2732 ejus
855 2666 1130 2722 audieritis
1161 2683 1183 2723 :

236 2741 405 2799 Nolite
435 2746 700 2804 obdurare
725 2754 889 2808 corda
912 2766 1104 2812 vestra.

176 2847 322 2946 (Illic
365 2856 547 2946 subdit
586 2875 750 2914 unam
786 2865 1155 2924 conditionem
1193 2874 1503 2929 necessario
1530 2892 1673 2946 prm-

124 2939 496 3036 requisitamad
523 2947 647 3013 hoc,
665 2958 725 3002 ut
743 2951 851 3006 sint
873 2954 1120 3014 homines
1138 2974 1267 3016 vere
1291 2977 1422 3017 oves
1447 2939 1672 3032 Christi,

123 3026 274 3083 dicens
295 3047 334 3123 -τ
381 3031 555 3089 Hodie
600 3038 645 3091 si
680 3054 866 3095 vocem
897 3041 1015 3111 ejus
1056 3047 1357 3105 audieritis.
1395 3049 1531 3107 Nam
1574 3026 1665 3123 qui

122 3128 274 3171 vocem
292 3118 505 3178 Domini
540 3142 648 3182 non
679 3131 850 3196 audit,
888 3148 994 3188 non
1024 3150 1156 3204 grex
1184 3139 1384 3196 dicitur
1410 3142 1549 3211 ejus,
1568 3118 1667 3200 nec

121 3219 163 3258 In
184 3213 382 3277 pascuis
411 3215 527 3284 ejus
563 3217 881 3278 collocatur.
922 3225 1095 3283 Hodie
1123 3244 1254 3286 vero
1298 3248 1396 3303 pro
1425 3235 1668 3304 quolibet

122 3308 320 3370 tempore
343 3308 579 3376 positum
606 3320 711 3377 est,
743 3315 887 3370 velut
904 3318 1147 3375 dicatur:
1172 3322 1502 3395 Quocunque
1522 3336 1665 3383 tetu-

120 3406 224 3540 pors
252 3397 330 3452 vel
350 3400 460 3467 die,
487 3402 609 3472 ejus
638 3419 825 3464 vocem
867 3411 1171 3479 audieritis,
1205 3416 1371 3472 nolite
1396 3419 1666 3476 obdurare

120 3498 196 3537 COl’
227 3502 253 3540 a
279 3500 480 3540 vestra-
862 3504 867 3511 ’

119 3498 253 3540 corda
279 3500 480 3546 vestra.
862 3504 867 3511 ’

122 3596 147 3651 9
234 3602 373 3659 Sicut
402 3609 457 3662 in
494 3611 793 3670 irritatione
820 3632 842 3670 :

227 3691 517 3753 Secundum
546 3702 684 3757 diem
714 3693 1016 3763 ten-talionis
1049 3711 1103 3764 in
1128 3711 1352 3767 deserto.

171 3802 203 3859 C
241 3805 480 3867 Tentatio
534 3817 678 3871 enim
730 3817 952 3876 Iudaica
1009 3834 1203 3880 contra
1239 3826 1459 3898 Moysen
1506 3833 1659 3901 gravi

119 3903 501 3959 murmuratione
521 3909 777 3972 surrexit,
803 3911 989 3967 dicens
1011 3930 1113 3970 nec
1139 3931 1320 3973 escam
1349 3920 1451 3974 sibi
1481 3920 1533 3975 in
1563 3921 1661 3977 de-

118 3995 233 4041 serto
253 3989 398 4083 dari,
441 4011 541 4052 nec
593 4012 790 4067 aquam
839 4004 1132 4071 potabilem
1178 4008 1358 4064 divina
1411 4010 1662 4083 largitate

120 4080 317 4171 concedi.
353 4082 695 4156 Quapropter
725 4091 879 4161 culpa
912 4105 1199 4163 parentum
1231 4099 1351 4156 istis
1375 4080 1658 4171 repetitur,

119 4175 163 4217 ut
183 4167 333 4228 debita
355 4176 591 4233 vindicta
626 4180 905 4239 timeatur.

121 4294 173 4348 10
230 4299 315 4357 Ubi
341 4315 669 4366 (curaverunt
706 4330 790 4369 me
817 4326 992 4385 patres
1019 4324 1175 4376 vestri
1207 4340 1227 4377 :

230 4393 573 4458 Probaverunt
602 4415 654 4459 et
685 4407 924 4463 viderunt
953 4428 1109 4479 opera
1141 4432 1275 4470 mea.

173 4506 206 4560 C
230 4507 337 4577 Ubi,
362 4515 634 4586 signiﬁcat
665 4519 719 4572 in
762 4520 998 4577 deserto.
1030 4524 1106 4579 lbi
1139 4529 1386 4597 apparuit
1418 4539 1658 4600 potestas

234 4609 426 4671 quando
479 4625 604 4665 esca
641 4611 789 4666 venit
816 4627 882 4667 ex
926 4629 1053 4669 aere
1080 4596 1344 4688 potusque
1370 4596 1433 4675 es
1466 4622 1659 4697 lapide.

122 4687 176 4743 lbi
207 4697 543 4762 probaverunt
601 4717 770 4773 opera
818 4721 937 4761 mea
971 4725 984 4759 :
1017 4711 1233 4777 quando
1266 4728 1464 4767 manna
1514 4687 1651 4784 pluit:

120 4784 447 4857 esurientibus,
487 4797 709 4863 quando
735 4798 1078 4853 coturnicum
1113 4803 1399 4859 multitudo
1426 4807 1577 4860 venit
1599 4816 1656 4861 et

274 4876 397 4948 lapis
424 4883 570 4939 dedit
599 4885 799 4956 (Exod.
830 4889 970 4961 xvr).
994 4890 1061 4943 Et
1085 4891 1360 4959 viderunt;
1393 4895 1497 4949 hoc
1523 4896 1654 4965 ipsis

121 4972 450 5037 Impropcrium
477 4975 692 5033 dicitur.
748 4979 890 5034 Nam
931 4982 1183 5037 viderunt
1217 4993 1273 5039 et
1321 4997 1500 5042 tamen
1543 5001 1649 5041 non

122 5064 429 5125 crediderunt.

122 5168 166 5222 Η
201 5176 533 5254 Quadraginta
557 5194 703 5248 armis
731 5194 974 5264 o/fensus
999 5191 1078 5260 fui
1106 5195 1429 5260 ατηεναιὶοηὶ
1454 5194 1533 5248 illi
1554 5210 1573 5249 :

230 5266 287 5321 Et
319 5272 422 5327 disi
447 5294 465 5329 :
496 5275 699 5351 Semper
722 5290 917 5339 errant
941 5283 1121 5335 corde-

174 5373 201 5412 Δ
223 5377 555 5412 θυοδ-..-μμ
590 5408 605 5412 ,
691 5397 703 5410 .

1326 277 1691 345 ΕΧιδοδιηο
1726 286 2178 349 ρελιωοιωω.

3262 294 3373 350 350

1724 408 1775 467 Δ
1803 406 1870 459 12
1940 405 2008 461 Et
2036 408 2125 461 ista
2148 424 2251 461 non
2271 417 2616 477 cognouerunt
2642 409 2747 463 vias
2778 423 2917 463 meas
2938 425 2957 463 :

2009 507 2065 550 ut
2086 496 2268 566 juravi
2284 498 2339 550 in
2358 497 2437 550 ira
2464 515 2596 552 mea.

1941 588 2003 645 Si
2029 587 2312 653 introibant
2341 588 2396 642 in
2428 590 2653 660 requiem
2679 606 2867 644 meam.
2958 658 2963 663 ι

1869 678 1911 733 C
1938 678 2005 733 Et
2027 678 2114 733 isti
2156 693 2261 732 non
2290 687 2657 749 c0gnoverunt
2683 680 2818 745 vias,
2850 680 2976 750 quia
3012 678 3369 751 quadraginta

1797 786 2059 827 annorum
2111 778 2350 841 tempore
2394 771 2658 826 beneﬁcia
2718 771 2811 827 Dei
2865 773 3008 829 scire
3059 772 3364 828 noluerunt.

1796 860 2013 917 Duobus
2040 861 2214 916 modis
2235 862 2422 931 jurare
2446 860 2643 915 dicitur
2658 858 2827 916 Deus:
2850 859 2999 929 jurat
3023 861 3264 933 placatus
3285 870 3369 915 at--

1795 968 1900 1022 que
1926 952 2106 1017 mitis;
2137 952 2229 1007 hic
2254 959 2433 1005 autem
2455 951 2642 1022 jurare
2664 951 2862 1005 dicitur
2886 952 3077 1016 iratus.
3107 952 3232 1021 quia
3253 950 3368 1005 vin-

1770 1047 1993 1113 ,dictam
2051 1045 2294 1101 noscitur
2319 1044 2657 1100 comminari.
2692 1044 2830 1112 Quid
2867 1045 3123 1099 estaliud
3176 1045 3230 1098 in
3284 1059 3368 1099 re-
3414 1044 3429 1054 ’

1792 1137 1971 1206 quiem
2003 1135 2094 1190 Dei
2123 1150 2227 1190 non
2266 1135 2507 1199 introire,
2547 1134 2649 1189 nisi
2678 1144 2930 1205 perpetua
2958 1144 3219 1191 tormenta
3243 1149 3368 1190 sus-

1792 1223 1990 1293 cipere.
2024 1222 2283 1294 Negative
2303 1223 2467 1294 igitur
2494 1222 2780 1294 legendum
2808 1232 2910 1290 est,
2949 1223 2993 1278 si
3048 1223 3364 1286 introibunt.

1792 1316 1846 1370 id
1873 1326 1954 1370 est
1983 1330 2089 1369 non
2121 1315 2443 1369 introibunt.
2972 1334 2979 1340 ο

2243 1441 2445 1480 ORATIO
2479 1441 2549 1480 EX
2589 1440 2736 1480 PSAL.
2770 1440 2910 1481 XCIV.

1860 1536 2107 1591 Salutare
2151 1534 2409 1590 eximium
2442 1516 2681 1590 omnium
2734 1535 3086 1605 populorum,
3119 1531 3367 1596 Domine,

1772 1622 1997 1694 respice
2024 1624 2288 1693 propitius
2343 1638 2505 1693 super
2535 1639 2665 1677 oves
2695 1624 2873 1694 gregis
2902 1622 2999 1688 tui,
3031 1621 3217 1690 eisque
3265 1619 3369 1673 im-

1789 1712 2029 1781 pertiens
2080 1711 2160 1767 sal
2232 1712 2573 1781 prudentize,
2630 1713 2972 1766 introducere
3023 1710 3238 1765 easdem
3281 1709 3365 1761 in-

1787 1804 1977 1859 noxias
2005 1804 2390 1874 sempiternam
2443 1805 2680 1874 digneris
2712 1804 2763 1858 in
2811 1803 3073 1873 requiem.
3104 1784 3218 1868 Qui
3240 1810 3363 1855 cum

1791 1892 1950 1948 Patre
1974 1903 2029 1948 et
2057 1892 2194 1948 Filio
2224 1903 2277 1949 et
2313 1892 2540 1963 Spiritu,
2569 1902 2675 1947 etc.

2304 2002 2625 2059 PSALMUS
2676 2002 2813 2059 xcv
2886 1976 2907 1989 “

2217 2109 2586 2149 ηςωιειιτωι
2616 2111 2763 2149 PSAL.
2804 2110 2926 2151 κον.

1846 2212 1889 2266 C
1916 2212 2061 2267 Laus
2085 2212 2320 2267 ﬁdelium
2341 2214 2408 2269 de
2432 2213 2633 2269 Christi
2654 2212 3026 2268 lncarnatione
3049 2221 3107 2267 ct
3129 2213 3195 2267 de
3220 2213 3363 2268 exab-

1780 2305 1983 2360 tatione
2020 2304 2296 2359 Ecclesiae.
2704 2346 2711 2355 .
3400 2314 3406 2318 '

1778 2415 1891 2470 TT.
1920 2429 1990 2473 τιθ-
2018 2416 2245 2483 Quando
2270 2416 2456 2469 domus
2484 2414 2857 2483 tediﬁcabatur'
2873 2422 2987 2479 post
3014 2411 3279 2482 capticitat
3332 2428 3337 2457 :

2212 2485 2470 2539 canticum
2501 2486 2621 2538 hinc
2655 2483 2818 2556 Dauid
2852 2484 2871 2552 ζ
2904 2520 2919 2535 .

1760 2552 1771 2563 κ
1844 2576 1891 2631 Η
1924 2574 1966 2632 C
1993 2574 2196 2631 Domus
2217 2576 2359 2630 enim
2411 2568 2521 2629 ista
2537 2581 2622 2629 est
2655 2552 2978 2650 universalis
3005 2568 3268 2634 Ecclesia,
3303 2567 3355 2621 in

1777 2684 1880 2739 qua
1936 2668 2191 2725 Christus
2239 2666 2525 2721 inhabitat.
2559 2665 2688 2732 Quae
2732 2666 3005 2720 destructa
3042 2661 3356 2720 aediﬁcatur,

1776 2759 1993 2829 quando
2018 2760 2199 2812 anima
2232 2765 2356 2826 post
2389 2756 2756 2824 captivitatem
2796 2751 3026 2822 peccati,
3057 2748 3122 2802 ad
3158 2744 3357 2800 intelli-

1754 2832 2012 2919 gentiam
2068 2848 2316 2902 veritatis
2367 2845 2598 2916 cmperit
2646 2844 2873 2898 Domino
2924 2846 3223 2910 praestante
3272 2850 3355 2914 re-

1774 2952 1988 3002 meare;
2014 2952 2116 2990 nec
2161 2934 2415 2991 mdiﬁcari
2448 2934 2692 2998 desinet,
2746 2932 2919 2986 donec
2949 2942 3119 2998 usque
3175 2925 3242 2979 ad
3287 2923 3354 2993 ﬁ-

1775 3042 1897 3080 nem
1940 3025 2119 3081 steculi
2173 3025 2678 3095 praedestinatorum
2736 3034 2994 3075 numerus
3043 3015 3346 3089 impleatur.

1695 3101 1739 3163 (ἶ
1772 3116 1815 3171 11
1848 3114 2038 3170 Totum
2072 3086 2267 3184 quippe
2312 3114 2630 3183 mysterium
2662 3110 2822 3179 hujus
2852 3108 3044 3178 psalmi
3090 3107 3143 3161 in
3199 3086 3354 3159 titulo

1769 3214 1882 3272 est;
1912 3212 2019 3260 tota
2050 3206 2173 3258 vitae
2209 3213 2407 3259 nostrae
2443 3210 2785 3258 sacramenta
2819 3210 2875 3255 et
2912 3197 3058 3253 salus
3108 3197 3161 3273 in
3199 3192 3352 3275 titulo

1754 3308 1913 3361 sunt.
2007 3338 2013 3345 ι

1768 3390 1794 3445 1
1905 3387 2124 3444 Caritate
2150 3388 2376 3443 Domino
2400 3386 2659 3441 canticum
2691 3399 2878 3438 novum
2901 3398 2921 3436 :

1907 3479 2127 3533 Cantate
2149 3478 2399 3542 Domino,
2425 3476 2594 3531 omnis
2619 3484 2780 3527 terra.
3322 3540 3329 3543 ν

1834 3570 1874 3624 C
1923 3568 2116 3624 Cantat
2143 3569 2289 3624 enim
2332 3568 2561 3622 Domino
2584 3565 2858 3620 canticum
2889 3576 3084 3617 novum
3122 3558 3234 3627 qui.
3263 3567 3351 3612 ve-

1768 3665 1882 3712 tere
1910 3658 2128 3711 homine
2159 3655 2422 3725 deposito,
2455 3670 2554 3725 per
2583 3654 2813 3723 gratiam
2863 3646 3203 3720 baptismatis
3234 3645 3348 3713 feli-

1764 3749 1900 3803 citer
1948 3748 2257 3803 innovatur.
2311 3746 2499 3801 Omnis
2535 3753 2699 3808 terra,
2729 3741 3049 3796 catholicam
3081 3735 3350 3808 signiﬁcat

1764 3840 2083 3903 Ecclesium,
2111 3856 2231 3909 qnze
2260 3854 2359 3909 per
2412 3845 2666 3892 cunctum
2715 3835 2901 3888 urbem
2952 3832 3194 3886 noscitur
3226 3841 3347 3882 esse

1762 3928 1976 3983 diﬁ‘usa.
2007 3927 2156 3982 Nova
2187 3928 2378 3981 domus
2408 3939 2603 3978 novum
2654 3931 2895 3976 meretur
2933 3918 3227 4001 canticum.
3258 3915 3379 3967 ln-'

1764 4031 1960 4076 novata
1991 4021 2172 4073 anima
2205 4020 2477 4071 canticum
2516 4004 2757 4070 innovet.

1761 4112 1796 4166 2
1903 4110 2127 4166 Cantate
2159 4109 2384 4162 Domino
2414 4118 2459 4160 et
2496 4105 2777 4159 benedicile
2808 4100 3004 4155 nomini
3034 4099 3147 4168 ejus
3181 4110 3198 4146 :

1901 4200 2221 4254 Annuntiale
2242 4197 2305 4249 de
2326 4197 2409 4249 die
2433 4197 2485 4248 in
2515 4196 2652 4246 diem
2676 4191 2906 4245 salutare
2927 4188 3060 4257 ejus.

1831 4290 1873 4346 C
1912 4289 2115 4343 Nomen
2147 4287 2292 4343 enim
2323 4284 2415 4340 Dei
2442 4283 2830 4343 bcnedieimus,
2861 4277 3075 4346 quando
3104 4282 3345 4330 nostrum

1762 4382 1997 4438 salutare
2031 4394 2127 4448 per
2156 4378 2338 4432 omnia
2363 4376 2709 4431 conﬁtemur.
2745 4372 2819 4425 De
2843 4370 2929 4424 die
2960 4369 3013 4422 in
3046 4369 3185 4423 diem
3209 4380 3347 4447 nun-

1682 4448 1735 4506 D
1772 4474 1961 4539 tiatur,
1991 4473 2208 4541 quando
2241 4471 2534 4523 adventum
2565 4465 2767 4521 Christi
2815 4471 2867 4517 ct
2897 4460 3174 4531 propheta:
3221 4469 3355 4525 pru-

1769 4564 2033 4618 miserant
2060 4602 2075 4625 ,
2124 4571 2180 4617 et
2228 4560 2574 4631 evangelista:
2616 4557 2831 4610 venisse
2861 4551 3223 4606 declararunt.
3266 4545 3346 4597 Ita

1744 4652 1970 4711 factum
2010 4665 2094 4710 est
2135 4663 2193 4709 ut
2239 4653 2345 4708 duo
2389 4651 2636 4707 cmlestes
2685 4648 2803 4702 dies
2833 4642 3187 4699 annuntiasse
3230 4637 3349 4706 ejus

1765 4748 1993 4818 gloriam
2018 4748 2457 4814 comprobentur,
2491 4741 2699 4797 scilicet
2742 4741 2907 4796 Vetus
2941 4735 3345 4818 Testamentum

1757 4816 1811 4893 et
1837 4839 2069 4897 Novum.
2102 4839 2147 4892 Η
2184 4838 2437 4894 Christus
2466 4833 2612 4888 enim
2642 4834 2697 4887 in
2726 4842 2953 4897 utroque
2982 4824 3143 4877 lucet.
3169 4816 3348 4873 Nolite

1755 4947 1879 4986 cum
1915 4939 2121 4991 tantum
2157 4930 2211 4984 in
2243 4927 2425 4983 Veteri
2452 4924 2729 4988 nuntiare,
2760 4938 2826 4976 ne
2855 4917 2973 4973 sitis
3001 4909 3175 4967 Judaei
3205 4926 3218 4960 :
3244 4918 3345 4959 nec

1750 5024 1933 5083 solum
1973 5021 2225 5088 in-Novo,
2268 5017 2487 5073 ne'sitis
2515 5013 2799 5070 Maniclnei
2825 5052 2840 5077 ,
2885 5006 2980 5062 sed
3022 5004 3077 5056 in
3117 5006 3345 5062 utroque

1650 5132 1655 5139 ·
1748 5115 1975 5175 laudate
2003 5131 2147 5171 eum.
2895 5188 2907 5200 .

1748 5208 1781 5261 5
1896 5208 2217 5269 Annuntiate
2244 5204 2380 5256 inter
2407 5208 2585 5270 gentes
2611 5197 2832 5268 gloriam
2857 5193 2970 5258 ejus
3000 5193 3019 5230 .·

1896 5300 1967 5354 1η
2000 5295 2238 5350 omnibus
2274 5289 2480 5360 papulis
2506 5285 2775 5340 mirabilia
2802 5281 2938 5349 ejus.

2140 5400 2163 5412 η
2191 5359 2332 5412 anim
2355 5377 2595 5412 cnlvmlnr
2618 5366 2950 5412 nstnliandlls
2985 5362 3129 5412 eral.
3160 5359 3212 5405 θί
3250 5363 3351 5412 per

1819 5386 1861 5412 [Ἴ
1906 5385 2133 5412 Π...-.ἶ.ιη
