  <div class='ocr_page' id='page_1' title='image "/cluster/home/n/w/nwhite01/storage/ocr_20150623/142/hvd.32044015471808/181.png"; bbox 0 0 3986 5412; ppageno 0'>
   <div class='ocr_carea' id='block_1_1' title="bbox 626 356 730 412">
    <p class='ocr_par' dir='ltr' id='par_1_1' title="bbox 626 356 730 412">
     <span class='ocr_line' id='line_1_1' title="bbox 626 356 730 412; baseline -0.01 0"><span class='ocrx_word' id='word_1_1' title='bbox 626 356 730 412; x_wconf 73' lang='grc'><strong>351</strong></span> 
     </span>
    </p>
   </div>
   <div class='ocr_carea' id='block_1_2' title="bbox 1587 357 2969 425">
    <p class='ocr_par' dir='ltr' id='par_1_2' title="bbox 1587 357 2969 425">
     <span class='ocr_line' id='line_1_2' title="bbox 1587 357 2969 425; baseline 0.006 -12"><span class='ocrx_word' id='word_1_2' title='bbox 1587 358 1644 413; x_wconf 90' lang='lat' dir='ltr'><strong>S.</strong></span> <span class='ocrx_word' id='word_1_3' title='bbox 1686 357 2037 415; x_wconf 81' lang='lat' dir='ltr'><strong>BRUNONIS</strong></span> <span class='ocrx_word' id='word_1_4' title='bbox 2077 359 2624 422; x_wconf 76' lang='lat' dir='ltr'><strong>llERBlPOLENSIS</strong></span> <span class='ocrx_word' id='word_1_5' title='bbox 2663 365 2969 425; x_wconf 84' lang='lat' dir='ltr'><strong>EPlSCOPl</strong></span> 
     </span>
    </p>
   </div>
   <div class='ocr_carea' id='block_1_3' title="bbox 3780 370 3883 427">
    <p class='ocr_par' dir='ltr' id='par_1_3' title="bbox 3780 370 3883 427">
     <span class='ocr_line' id='line_1_3' title="bbox 3780 370 3883 427; baseline -0.019 0"><span class='ocrx_word' id='word_1_6' title='bbox 3780 370 3883 427; x_wconf 65' lang='lat'><strong>35%</strong></span> 
     </span>
    </p>
   </div>
   <div class='ocr_carea' id='block_1_4' title="bbox 625 465 3707 546">
    <p class='ocr_par' dir='ltr' id='par_1_4' title="bbox 625 465 3707 546">
     <span class='ocr_line' id='line_1_4' title="bbox 625 465 3707 546; baseline 0.003 -22"><span class='ocrx_word' id='word_1_7' title='bbox 625 467 756 524; x_wconf 87' lang='lat' dir='ltr'><strong>dum</strong></span> <span class='ocrx_word' id='word_1_8' title='bbox 799 465 872 524; x_wconf 84' lang='lat' dir='ltr'><strong>sit</strong></span> <span class='ocrx_word' id='word_1_9' title='bbox 911 467 1229 535; x_wconf 89' lang='lat' dir='ltr'><strong>altissimus,</strong></span> <span class='ocrx_word' id='word_1_10' title='bbox 1274 466 1451 524; x_wconf 80' lang='lat' dir='ltr'><strong>factus</strong></span> <span class='ocrx_word' id='word_1_11' title='bbox 1491 478 1575 524; x_wconf 80' lang='lat' dir='ltr'><strong>est</strong></span> <span class='ocrx_word' id='word_1_12' title='bbox 1616 486 1717 543; x_wconf 85' lang='lat' dir='ltr'><strong>pro</strong></span> <span class='ocrx_word' id='word_1_13' title='bbox 1763 486 1921 532; x_wconf 73' lang='lat' dir='ltr'><strong>nonis</strong></span> <span class='ocrx_word' id='word_1_14' title='bbox 1973 472 2202 529; x_wconf 64' lang='lat' dir='ltr'><strong>humillt-</strong></span> <span class='ocrx_word' id='word_1_15' title='bbox 2221 482 2279 539; x_wconf 68' lang='grc' dir='ltr'><strong>Α</strong></span> <span class='ocrx_word' id='word_1_16' title='bbox 2340 478 2374 531; x_wconf 89' lang='lat'><strong>9</strong></span> <span class='ocrx_word' id='word_1_17' title='bbox 2445 474 2842 531; x_wconf 70' lang='lat' dir='ltr'><strong>commoveatur</strong></span> <span class='ocrx_word' id='word_1_18' title='bbox 2869 468 2905 531; x_wconf 75' lang='grc' dir='ltr'><em>ά</em></span> <span class='ocrx_word' id='word_1_19' title='bbox 2928 478 3207 546; x_wconf 75' lang='lat' dir='ltr'><strong>[acte‘eius</strong></span> <span class='ocrx_word' id='word_1_20' title='bbox 3241 479 3483 534; x_wconf 80' lang='lat' dir='ltr'><strong>uniuersa</strong></span> <span class='ocrx_word' id='word_1_21' title='bbox 3519 487 3707 543; x_wconf 83' lang='lat' dir='ltr'><strong>terra;</strong></span> 
     </span>
    </p>
   </div>
   <div class='ocr_carea' id='block_1_5' title="bbox 624 575 771 618">
    <p class='ocr_par' dir='ltr' id='par_1_5' title="bbox 624 575 771 618">
     <span class='ocr_line' id='line_1_5' title="bbox 624 575 771 618; baseline -0.014 0"><span class='ocrx_word' id='word_1_22' title='bbox 624 575 771 618; x_wconf 86' lang='lat' dir='ltr'><strong>mus.</strong></span> 
     </span>
    </p>
   </div>
   <div class='ocr_carea' id='block_1_6' title="bbox 621 671 2201 749">
    <p class='ocr_par' dir='ltr' id='par_1_6' title="bbox 621 671 2201 749">
     <span class='ocr_line' id='line_1_6' title="bbox 621 671 2201 749; baseline -0.003 -22"><span class='ocrx_word' id='word_1_23' title='bbox 621 671 659 727; x_wconf 76' lang='grc'><strong>4</strong></span> <span class='ocrx_word' id='word_1_24' title='bbox 716 746 719 749; x_wconf 18' lang='grc' dir='ltr'><em>Α</em></span> <span class='ocrx_word' id='word_1_25' title='bbox 768 672 1030 739; x_wconf 76' lang='lat' dir='ltr'><strong>Quoniam</strong></span> <span class='ocrx_word' id='word_1_26' title='bbox 1059 690 1279 746; x_wconf 78' lang='lat' dir='ltr'><strong>magnus</strong></span> <span class='ocrx_word' id='word_1_27' title='bbox 1306 673 1564 729; x_wconf 76' lang='lat' dir='ltr'><strong>Dominus</strong></span> <span class='ocrx_word' id='word_1_28' title='bbox 1596 683 1648 729; x_wconf 87' lang='lat' dir='ltr'><strong>et</strong></span> <span class='ocrx_word' id='word_1_29' title='bbox 1685 672 1970 729; x_wconf 84' lang='lat' dir='ltr'><strong>laudabilis</strong></span> <span class='ocrx_word' id='word_1_30' title='bbox 2015 672 2167 728; x_wconf 89' lang='lat' dir='ltr'><strong>nimis</strong></span> <span class='ocrx_word' id='word_1_31' title='bbox 2189 710 2201 723; x_wconf 94' lang='lat'><strong>.</strong></span> 
     </span>
    </p>
   </div>
   <div class='ocr_carea' id='block_1_7' title="bbox 624 764 1719 836">
    <p class='ocr_par' dir='ltr' id='par_1_7' title="bbox 624 764 1719 836">
     <span class='ocr_line' id='line_1_7' title="bbox 624 764 1719 836; baseline -0.001 -17"><span class='ocrx_word' id='word_1_32' title='bbox 624 764 628 769; x_wconf 72' lang='grc'><em>’</em></span> <span class='ocrx_word' id='word_1_33' title='bbox 773 764 1047 819; x_wconf 80' lang='lat' dir='ltr'><strong>Terribilis</strong></span> <span class='ocrx_word' id='word_1_34' title='bbox 1082 776 1159 820; x_wconf 80' lang='lat' dir='ltr'><strong>est</strong></span> <span class='ocrx_word' id='word_1_35' title='bbox 1186 781 1345 836; x_wconf 83' lang='lat' dir='ltr'><strong>super</strong></span> <span class='ocrx_word' id='word_1_36' title='bbox 1370 781 1547 820; x_wconf 84' lang='lat' dir='ltr'><strong>omnes</strong></span> <span class='ocrx_word' id='word_1_37' title='bbox 1572 765 1719 820; x_wconf 85' lang='lat' dir='ltr'><strong>deos.</strong></span> 
     </span>
    </p>
   </div>
   <div class='ocr_carea' id='block_1_8' title="bbox 699 871 2213 953">
    <p class='ocr_par' dir='ltr' id='par_1_8' title="bbox 699 871 2213 953">
     <span class='ocr_line' id='line_1_8' title="bbox 699 871 2213 953; baseline -0.003 -22"><span class='ocrx_word' id='word_1_38' title='bbox 699 874 741 931; x_wconf 91' lang='lat' dir='ltr'><strong>C</strong></span> <span class='ocrx_word' id='word_1_39' title='bbox 781 873 1029 947; x_wconf 73' lang='lat' dir='ltr'><strong>Magnus,</strong></span> <span class='ocrx_word' id='word_1_40' title='bbox 1077 874 1144 930; x_wconf 90' lang='lat' dir='ltr'><strong>ad</strong></span> <span class='ocrx_word' id='word_1_41' title='bbox 1180 874 1805 953; x_wconf 74' lang='lat' dir='ltr'><strong>potestatemper&#39;tinet,</strong></span> <span class='ocrx_word' id='word_1_42' title='bbox 1846 873 1970 943; x_wconf 84' lang='lat' dir='ltr'><strong>quia</strong></span> <span class='ocrx_word' id='word_1_43' title='bbox 2003 871 2213 928; x_wconf 86' lang='lat' dir='ltr'><strong>cunctis</strong></span> 
     </span>
    </p>
   </div>
   <div class='ocr_carea' id='block_1_9' title="bbox 622 956 2211 1037">
    <p class='ocr_par' dir='ltr' id='par_1_9' title="bbox 622 956 2211 1037">
     <span class='ocr_line' id='line_1_9' title="bbox 622 956 2211 1037; baseline -0.003 -16"><span class='ocrx_word' id='word_1_44' title='bbox 622 956 900 1037; x_wconf 84' lang='lat' dir='ltr'><strong>potentior</strong></span> <span class='ocrx_word' id='word_1_45' title='bbox 942 974 1073 1020; x_wconf 89' lang='lat' dir='ltr'><strong>est:</strong></span> <span class='ocrx_word' id='word_1_46' title='bbox 1110 964 1428 1028; x_wconf 76' lang='lat' dir='ltr'><strong>laudabilis.</strong></span> <span class='ocrx_word' id='word_1_47' title='bbox 1479 964 1546 1019; x_wconf 90' lang='lat' dir='ltr'><strong>ad</strong></span> <span class='ocrx_word' id='word_1_48' title='bbox 1596 964 1894 1035; x_wconf 86' lang='lat' dir='ltr'><strong>pietatem,</strong></span> <span class='ocrx_word' id='word_1_49' title='bbox 1942 963 2067 1032; x_wconf 91' lang='lat' dir='ltr'><strong>quia</strong></span> <span class='ocrx_word' id='word_1_50' title='bbox 2111 977 2211 1017; x_wconf 81' lang='lat' dir='ltr'><strong>nos</strong></span> 
     </span>
    </p>
   </div>
   <div class='ocr_carea' id='block_1_10' title="bbox 548 1055 2212 1127">
    <p class='ocr_par' dir='ltr' id='par_1_10' title="bbox 548 1055 2212 1127">
     <span class='ocr_line' id='line_1_10' title="bbox 548 1055 2212 1127; baseline -0.003 -12"><span class='ocrx_word' id='word_1_51' title='bbox 548 1103 565 1115; x_wconf 92' lang='lat'><strong>.</strong></span> <span class='ocrx_word' id='word_1_52' title='bbox 624 1056 884 1122; x_wconf 76' lang='lat' dir='ltr'><strong>redemit;</strong></span> <span class='ocrx_word' id='word_1_53' title='bbox 942 1056 1127 1124; x_wconf 86' lang='lat' dir='ltr'><strong>nimis,</strong></span> <span class='ocrx_word' id='word_1_54' title='bbox 1176 1057 1243 1112; x_wconf 88' lang='lat' dir='ltr'><strong>ad</strong></span> <span class='ocrx_word' id='word_1_55' title='bbox 1284 1066 1578 1127; x_wconf 89' lang='lat' dir='ltr'><strong>utrumque</strong></span> <span class='ocrx_word' id='word_1_56' title='bbox 1630 1056 1885 1127; x_wconf 88' lang='lat' dir='ltr'><strong>pertinet,</strong></span> <span class='ocrx_word' id='word_1_57' title='bbox 1937 1055 2061 1125; x_wconf 83' lang='lat' dir='ltr'><strong>quia</strong></span> <span class='ocrx_word' id='word_1_58' title='bbox 2111 1068 2212 1110; x_wconf 89' lang='lat' dir='ltr'><strong>nec</strong></span> 
     </span>
    </p>
   </div>
   <div class='ocr_carea' id='block_1_11' title="bbox 625 1145 2214 1218">
    <p class='ocr_par' dir='ltr' id='par_1_11' title="bbox 625 1145 2214 1218">
     <span class='ocr_line' id='line_1_11' title="bbox 625 1145 2214 1218; baseline -0.002 -16"><span class='ocrx_word' id='word_1_59' title='bbox 625 1157 887 1217; x_wconf 89' lang='lat' dir='ltr'><strong>quantum</strong></span> <span class='ocrx_word' id='word_1_60' title='bbox 937 1164 1197 1218; x_wconf 85' lang='lat' dir='ltr'><strong>magnus,</strong></span> <span class='ocrx_word' id='word_1_61' title='bbox 1241 1163 1342 1203; x_wconf 90' lang='lat' dir='ltr'><strong>nec</strong></span> <span class='ocrx_word' id='word_1_62' title='bbox 1384 1156 1648 1217; x_wconf 87' lang='lat' dir='ltr'><strong>quantum</strong></span> <span class='ocrx_word' id='word_1_63' title='bbox 1697 1145 1982 1201; x_wconf 75' lang='lat' dir='ltr'><strong>laudabilis</strong></span> <span class='ocrx_word' id='word_1_64' title='bbox 2013 1146 2086 1200; x_wconf 89' lang='lat' dir='ltr'><strong>sit</strong></span> <span class='ocrx_word' id='word_1_65' title='bbox 2115 1159 2214 1215; x_wconf 82' lang='lat' dir='ltr'><strong>po-</strong></span> 
     </span>
    </p>
   </div>
   <div class='ocr_carea' id='block_1_12' title="bbox 628 1234 2210 1309">
    <p class='ocr_par' dir='ltr' id='par_1_12' title="bbox 628 1234 2210 1309">
     <span class='ocr_line' id='line_1_12' title="bbox 628 1234 2210 1309; baseline -0.002 -16"><span class='ocrx_word' id='word_1_66' title='bbox 628 1247 735 1293; x_wconf 88' lang='lat' dir='ltr'><strong>test</strong></span> <span class='ocrx_word' id='word_1_67' title='bbox 765 1239 1048 1309; x_wconf 78' lang='lat' dir='ltr'><strong>explicari.</strong></span> <span class='ocrx_word' id='word_1_68' title='bbox 1082 1241 1219 1295; x_wconf 85' lang='lat' dir='ltr'><strong>Deos</strong></span> <span class='ocrx_word' id='word_1_69' title='bbox 1246 1239 1336 1294; x_wconf 86' lang='lat' dir='ltr'><strong>hic</strong></span> <span class='ocrx_word' id='word_1_70' title='bbox 1365 1238 1624 1294; x_wconf 84' lang='lat' dir='ltr'><strong>debemus</strong></span> <span class='ocrx_word' id='word_1_71' title='bbox 1653 1239 1932 1293; x_wconf 74' lang='lat' dir='ltr'><strong>advertere</strong></span> <span class='ocrx_word' id='word_1_72' title='bbox 1953 1250 2088 1308; x_wconf 87' lang='lat' dir='ltr'><strong>quos</strong></span> <span class='ocrx_word' id='word_1_73' title='bbox 2108 1234 2210 1292; x_wconf 85' lang='lat' dir='ltr'><strong>sibi</strong></span> 
     </span>
    </p>
   </div>
   <div class='ocr_carea' id='block_1_13' title="bbox 626 1329 1254 1401">
    <p class='ocr_par' dir='ltr' id='par_1_13' title="bbox 626 1329 1254 1401">
     <span class='ocr_line' id='line_1_13' title="bbox 626 1329 1254 1401; baseline 0.005 -20"><span class='ocrx_word' id='word_1_74' title='bbox 626 1329 903 1398; x_wconf 82' lang='lat' dir='ltr'><strong>gentilitas</strong></span> <span class='ocrx_word' id='word_1_75' title='bbox 932 1330 1254 1401; x_wconf 80' lang='lat' dir='ltr'><strong>composuit.</strong></span> 
     </span>
    </p>
   </div>
   <div class='ocr_carea' id='block_1_14' title="bbox 627 1428 1989 1514">
    <p class='ocr_par' dir='ltr' id='par_1_14' title="bbox 627 1428 1989 1514">
     <span class='ocr_line' id='line_1_14' title="bbox 627 1428 1989 1514; baseline 0 -17"><span class='ocrx_word' id='word_1_76' title='bbox 627 1442 663 1497; x_wconf 85' lang='lat'><strong>5</strong></span> <span class='ocrx_word' id='word_1_77' title='bbox 773 1444 1037 1509; x_wconf 81' lang='lat' dir='ltr'><strong>Quoniam</strong></span> <span class='ocrx_word' id='word_1_78' title='bbox 1080 1459 1258 1499; x_wconf 85' lang='lat' dir='ltr'><strong>omnes</strong></span> <span class='ocrx_word' id='word_1_79' title='bbox 1286 1443 1362 1496; x_wconf 88' lang='lat' dir='ltr'><strong>dii</strong></span> <span class='ocrx_word' id='word_1_80' title='bbox 1399 1445 1627 1514; x_wconf 81' lang='lat' dir='ltr'><strong>gentium</strong></span> <span class='ocrx_word' id='word_1_81' title='bbox 1670 1442 1928 1497; x_wconf 71' lang='lat' dir='ltr'><strong>dwmonia</strong></span> <span class='ocrx_word' id='word_1_82' title='bbox 1948 1428 1989 1497; x_wconf 54' lang='grc' dir='ltr'><strong>ξ’</strong></span> 
     </span>
    </p>
   </div>
   <div class='ocr_carea' id='block_1_15' title="bbox 769 1535 1600 1607">
    <p class='ocr_par' dir='ltr' id='par_1_15' title="bbox 769 1535 1600 1607">
     <span class='ocr_line' id='line_1_15' title="bbox 769 1535 1600 1607; baseline 0 -18"><span class='ocrx_word' id='word_1_83' title='bbox 769 1535 1026 1589; x_wconf 81' lang='lat' dir='ltr'><strong>Dominus</strong></span> <span class='ocrx_word' id='word_1_84' title='bbox 1050 1546 1225 1590; x_wconf 89' lang='lat' dir='ltr'><strong>autent</strong></span> <span class='ocrx_word' id='word_1_85' title='bbox 1261 1535 1413 1595; x_wconf 68' lang='lat' dir='ltr'><strong>caelos</strong></span> <span class='ocrx_word' id='word_1_86' title='bbox 1455 1535 1600 1607; x_wconf 82' lang='lat' dir='ltr'><strong>fecit.</strong></span> 
     </span>
    </p>
   </div>
   <div class='ocr_carea' id='block_1_16' title="bbox 619 1640 2209 1716">
    <p class='ocr_par' dir='ltr' id='par_1_16' title="bbox 619 1640 2209 1716">
     <span class='ocr_line' id='line_1_16' title="bbox 619 1640 2209 1716; baseline -0.001 -15"><span class='ocrx_word' id='word_1_87' title='bbox 619 1640 625 1645; x_wconf 79' lang='grc'><em>’</em></span> <span class='ocrx_word' id='word_1_88' title='bbox 703 1644 745 1701; x_wconf 86' lang='lat' dir='ltr'>C</span> <span class='ocrx_word' id='word_1_89' title='bbox 784 1645 1058 1701; x_wconf 84' lang='lat' dir='ltr'><strong>Daemonia</strong></span> <span class='ocrx_word' id='word_1_90' title='bbox 1084 1654 1211 1701; x_wconf 91' lang='lat' dir='ltr'><strong>sunt</strong></span> <span class='ocrx_word' id='word_1_91' title='bbox 1233 1645 1377 1702; x_wconf 88' lang='lat' dir='ltr'><strong>enim</strong></span> <span class='ocrx_word' id='word_1_92' title='bbox 1422 1658 1542 1716; x_wconf 77' lang='lat' dir='ltr'><strong>qua:</strong></span> <span class='ocrx_word' id='word_1_93' title='bbox 1586 1645 1715 1700; x_wconf 88' lang='lat' dir='ltr'><strong>nulli</strong></span> <span class='ocrx_word' id='word_1_94' title='bbox 1747 1653 2008 1716; x_wconf 72' lang='lat' dir='ltr'><strong>prtestant</strong></span> <span class='ocrx_word' id='word_1_95' title='bbox 2047 1647 2209 1713; x_wconf 85' lang='lat' dir='ltr'><strong>bona,</strong></span> 
     </span>
    </p>
   </div>
   <div class='ocr_carea' id='block_1_17' title="bbox 627 1726 2301 1806">
    <p class='ocr_par' dir='ltr' id='par_1_17' title="bbox 627 1726 2301 1806">
     <span class='ocr_line' id='line_1_17' title="bbox 627 1726 2301 1806; baseline 0.001 -16"><span class='ocrx_word' id='word_1_96' title='bbox 627 1734 724 1790; x_wconf 89' lang='lat' dir='ltr'><strong>sed</strong></span> <span class='ocrx_word' id='word_1_97' title='bbox 754 1737 808 1790; x_wconf 91' lang='lat' dir='ltr'><strong>in</strong></span> <span class='ocrx_word' id='word_1_98' title='bbox 838 1749 899 1791; x_wconf 89' lang='lat' dir='ltr'><strong>se</strong></span> <span class='ocrx_word' id='word_1_99' title='bbox 936 1735 1225 1792; x_wconf 77' lang='lat' dir='ltr'><strong>credentes</strong></span> <span class='ocrx_word' id='word_1_100' title='bbox 1270 1751 1487 1806; x_wconf 82' lang='lat' dir='ltr'><strong>semper</strong></span> <span class='ocrx_word' id='word_1_101' title='bbox 1526 1736 1820 1805; x_wconf 88' lang='lat' dir='ltr'><strong>decipiunt,</strong></span> <span class='ocrx_word' id='word_1_102' title='bbox 1851 1736 1980 1791; x_wconf 90' lang='lat' dir='ltr'><strong>dicti</strong></span> <span class='ocrx_word' id='word_1_103' title='bbox 2012 1736 2210 1792; x_wconf 83' lang='lat' dir='ltr'><strong>daemo-</strong></span> <span class='ocrx_word' id='word_1_104' title='bbox 2298 1726 2301 1737; x_wconf 77' lang='grc'><em>’</em></span> 
     </span>
    </p>
   </div>
   <div class='ocr_carea' id='block_1_18' title="bbox 628 1824 2289 1896">
    <p class='ocr_par' dir='ltr' id='par_1_18' title="bbox 628 1824 2289 1896">
     <span class='ocr_line' id='line_1_18' title="bbox 628 1824 2289 1896; baseline 0.005 -18"><span class='ocrx_word' id='word_1_105' title='bbox 628 1838 750 1886; x_wconf 87' lang='lat' dir='ltr'><strong>nes.</strong></span> <span class='ocrx_word' id='word_1_106' title='bbox 780 1824 937 1894; x_wconf 88' lang='lat' dir='ltr'><strong>quasi</strong></span> <span class='ocrx_word' id='word_1_107' title='bbox 983 1824 1240 1880; x_wconf 84' lang='lat' dir='ltr'><strong>scientes.</strong></span> <span class='ocrx_word' id='word_1_108' title='bbox 1273 1824 1379 1880; x_wconf 88' lang='lat' dir='ltr'><strong>Sed</strong></span> <span class='ocrx_word' id='word_1_109' title='bbox 1423 1826 1678 1896; x_wconf 89' lang='lat' dir='ltr'><strong>quoniam</strong></span> <span class='ocrx_word' id='word_1_110' title='bbox 1718 1826 1946 1881; x_wconf 87' lang='lat' dir='ltr'><strong>scientia</strong></span> <span class='ocrx_word' id='word_1_111' title='bbox 1987 1826 2075 1882; x_wconf 90' lang='lat' dir='ltr'><strong>illa</strong></span> <span class='ocrx_word' id='word_1_112' title='bbox 2107 1828 2211 1884; x_wconf 91' lang='lat' dir='ltr'><strong>dici</strong></span> <span class='ocrx_word' id='word_1_113' title='bbox 2244 1827 2289 1886; x_wconf 84' lang='grc' dir='ltr'><strong><em>Β</em></strong></span> 
     </span>
    </p>
   </div>
   <div class='ocr_carea' id='block_1_19' title="bbox 628 1914 2212 1984">
    <p class='ocr_par' dir='ltr' id='par_1_19' title="bbox 628 1914 2212 1984">
     <span class='ocr_line' id='line_1_19' title="bbox 628 1914 2212 1984; baseline 0.004 -18"><span class='ocrx_word' id='word_1_114' title='bbox 628 1928 735 1966; x_wconf 88' lang='lat' dir='ltr'><strong>non</strong></span> <span class='ocrx_word' id='word_1_115' title='bbox 767 1922 963 1982; x_wconf 83' lang='lat' dir='ltr'><strong>potest,</strong></span> <span class='ocrx_word' id='word_1_116' title='bbox 1008 1929 1128 1983; x_wconf 70' lang='lat' dir='ltr'><strong>qua:</strong></span> <span class='ocrx_word' id='word_1_117' title='bbox 1152 1914 1436 1969; x_wconf 78' lang='lat' dir='ltr'><strong>Creatoris</strong></span> <span class='ocrx_word' id='word_1_118' title='bbox 1463 1930 1571 1969; x_wconf 91' lang='lat' dir='ltr'><strong>non</strong></span> <span class='ocrx_word' id='word_1_119' title='bbox 1607 1915 1942 1971; x_wconf 91' lang='lat' dir='ltr'><strong>obseeundat</strong></span> <span class='ocrx_word' id='word_1_120' title='bbox 1966 1917 2212 1984; x_wconf 86' lang='lat' dir='ltr'><strong>arbitrio,</strong></span> 
     </span>
    </p>
   </div>
   <div class='ocr_carea' id='block_1_20' title="bbox 633 2001 2215 2077">
    <p class='ocr_par' dir='ltr' id='par_1_20' title="bbox 633 2001 2215 2077">
     <span class='ocr_line' id='line_1_20' title="bbox 633 2001 2215 2077; baseline 0.006 -23"><span class='ocrx_word' id='word_1_121' title='bbox 633 2017 731 2056; x_wconf 86' lang='lat' dir='ltr'><strong>eos</strong></span> <span class='ocrx_word' id='word_1_122' title='bbox 760 2001 833 2055; x_wconf 91' lang='lat' dir='ltr'><strong>ita</strong></span> <span class='ocrx_word' id='word_1_123' title='bbox 864 2003 1097 2059; x_wconf 85' lang='lat' dir='ltr'><strong>scientes</strong></span> <span class='ocrx_word' id='word_1_124' title='bbox 1123 2004 1386 2077; x_wconf 86' lang='lat' dir='ltr'><strong>debemus</strong></span> <span class='ocrx_word' id='word_1_125' title='bbox 1421 2007 1691 2075; x_wconf 84' lang='lat' dir='ltr'><strong>accipere,</strong></span> <span class='ocrx_word' id='word_1_126' title='bbox 1721 2007 1873 2076; x_wconf 89' lang='lat' dir='ltr'><strong>quasi</strong></span> <span class='ocrx_word' id='word_1_127' title='bbox 1911 2022 2020 2062; x_wconf 92' lang='lat' dir='ltr'><strong>non</strong></span> <span class='ocrx_word' id='word_1_128' title='bbox 2054 2008 2215 2064; x_wconf 89' lang='lat' dir='ltr'><strong>intel-</strong></span> 
     </span>
    </p>
   </div>
   <div class='ocr_carea' id='block_1_21' title="bbox 629 2088 2217 2164">
    <p class='ocr_par' dir='ltr' id='par_1_21' title="bbox 629 2088 2217 2164">
     <span class='ocr_line' id='line_1_21' title="bbox 629 2088 2217 2164; baseline 0.009 -23"><span class='ocrx_word' id='word_1_129' title='bbox 629 2088 878 2159; x_wconf 84' lang='lat' dir='ltr'><strong>ligentes,</strong></span> <span class='ocrx_word' id='word_1_130' title='bbox 911 2091 1053 2146; x_wconf 87' lang='lat' dir='ltr'><strong>sicut</strong></span> <span class='ocrx_word' id='word_1_131' title='bbox 1084 2102 1139 2146; x_wconf 90' lang='lat' dir='ltr'><strong>et</strong></span> <span class='ocrx_word' id='word_1_132' title='bbox 1161 2092 1450 2163; x_wconf 83' lang='lat' dir='ltr'><strong>Apostolus</strong></span> <span class='ocrx_word' id='word_1_133' title='bbox 1495 2095 1817 2164; x_wconf 84' lang='lat' dir='ltr'><strong>sapientiam</strong></span> <span class='ocrx_word' id='word_1_134' title='bbox 1863 2097 2048 2152; x_wconf 91' lang='lat' dir='ltr'><strong>mundi</strong></span> <span class='ocrx_word' id='word_1_135' title='bbox 2080 2098 2217 2155; x_wconf 89' lang='lat' dir='ltr'><strong>stul-</strong></span> 
     </span>
    </p>
   </div>
   <div class='ocr_carea' id='block_1_22' title="bbox 632 2181 2216 2261">
    <p class='ocr_par' dir='ltr' id='par_1_22' title="bbox 632 2181 2216 2261">
     <span class='ocr_line' id='line_1_22' title="bbox 632 2181 2216 2261; baseline 0.009 -28"><span class='ocrx_word' id='word_1_136' title='bbox 632 2181 804 2235; x_wconf 87' lang='lat' dir='ltr'><strong>titiam</strong></span> <span class='ocrx_word' id='word_1_137' title='bbox 858 2191 1014 2237; x_wconf 89' lang='lat' dir='ltr'><strong>voeat</strong></span> <span class='ocrx_word' id='word_1_138' title='bbox 1040 2183 1093 2253; x_wconf 76' lang='lat' dir='ltr'><strong>{I</strong></span> <span class='ocrx_word' id='word_1_139' title='bbox 1116 2183 1241 2238; x_wconf 86' lang='lat' dir='ltr'><strong>Cor.</strong></span> <span class='ocrx_word' id='word_1_140' title='bbox 1263 2184 1323 2257; x_wconf 89' lang='grc' dir='ltr'><strong>ι).</strong></span> <span class='ocrx_word' id='word_1_141' title='bbox 1343 2184 1483 2241; x_wconf 88' lang='lat' dir='ltr'><strong>Deus</strong></span> <span class='ocrx_word' id='word_1_142' title='bbox 1509 2187 1675 2243; x_wconf 60' lang='lat' dir='ltr'><strong>caelos</strong></span> <span class='ocrx_word' id='word_1_143' title='bbox 1701 2187 1851 2254; x_wconf 77' lang='lat' dir='ltr'><strong>fecit,</strong></span> <span class='ocrx_word' id='word_1_144' title='bbox 1879 2188 1932 2243; x_wconf 92' lang='lat' dir='ltr'><strong>id</strong></span> <span class='ocrx_word' id='word_1_145' title='bbox 1953 2200 2056 2253; x_wconf 90' lang='lat' dir='ltr'><strong>est,</strong></span> <span class='ocrx_word' id='word_1_146' title='bbox 2087 2207 2216 2261; x_wconf 88' lang='lat' dir='ltr'><strong>apo-</strong></span> 
     </span>
    </p>
   </div>
   <div class='ocr_carea' id='block_1_23' title="bbox 631 2272 2217 2351">
    <p class='ocr_par' dir='ltr' id='par_1_23' title="bbox 631 2272 2217 2351">
     <span class='ocr_line' id='line_1_23' title="bbox 631 2272 2217 2351; baseline 0.008 -24"><span class='ocrx_word' id='word_1_147' title='bbox 631 2272 798 2329; x_wconf 87' lang='lat' dir='ltr'><strong>stolos</strong></span> <span class='ocrx_word' id='word_1_148' title='bbox 823 2283 882 2330; x_wconf 88' lang='lat' dir='ltr'><strong>et</strong></span> <span class='ocrx_word' id='word_1_149' title='bbox 910 2284 1130 2332; x_wconf 88' lang='lat' dir='ltr'><strong>sanctos</strong></span> <span class='ocrx_word' id='word_1_150' title='bbox 1154 2280 1300 2334; x_wconf 88' lang='lat' dir='ltr'><strong>viros</strong></span> <span class='ocrx_word' id='word_1_151' title='bbox 1327 2279 1587 2346; x_wconf 85' lang='lat' dir='ltr'><strong>instituit,</strong></span> <span class='ocrx_word' id='word_1_152' title='bbox 1616 2281 1711 2351; x_wconf 87' lang='lat' dir='ltr'><strong>qui</strong></span> <span class='ocrx_word' id='word_1_153' title='bbox 1740 2281 2080 2340; x_wconf 74' lang='lat' dir='ltr'><strong>daemonibus</strong></span> <span class='ocrx_word' id='word_1_154' title='bbox 2118 2285 2217 2339; x_wconf 91' lang='lat' dir='ltr'><strong>im-</strong></span> 
     </span>
    </p>
   </div>
   <div class='ocr_carea' id='block_1_24' title="bbox 628 2377 1270 2433">
    <p class='ocr_par' dir='ltr' id='par_1_24' title="bbox 628 2377 1270 2433">
     <span class='ocr_line' id='line_1_24' title="bbox 628 2377 1270 2433; baseline 0.012 -17"><span class='ocrx_word' id='word_1_155' title='bbox 628 2378 823 2433; x_wconf 83' lang='lat' dir='ltr'><strong>perare</strong></span> <span class='ocrx_word' id='word_1_156' title='bbox 851 2377 1270 2425; x_wconf 83' lang='lat' dir='ltr'><strong>consueverunt.</strong></span> 
     </span>
    </p>
   </div>
   <div class='ocr_carea' id='block_1_25' title="bbox 629 2474 2177 2561">
    <p class='ocr_par' dir='ltr' id='par_1_25' title="bbox 629 2474 2177 2561">
     <span class='ocr_line' id='line_1_25' title="bbox 629 2474 2177 2561; baseline 0.011 -31"><span class='ocrx_word' id='word_1_157' title='bbox 629 2474 665 2530; x_wconf 83' lang='grc' dir='ltr'><strong>ϐ</strong></span> <span class='ocrx_word' id='word_1_158' title='bbox 769 2476 1041 2550; x_wconf 77' lang='lat' dir='ltr'><strong>Confessio</strong></span> <span class='ocrx_word' id='word_1_159' title='bbox 1070 2490 1120 2534; x_wconf 86' lang='lat' dir='ltr'><strong>et</strong></span> <span class='ocrx_word' id='word_1_160' title='bbox 1142 2481 1482 2552; x_wconf 78' lang='lat' dir='ltr'><strong>pulchritudo</strong></span> <span class='ocrx_word' id='word_1_161' title='bbox 1509 2486 1566 2541; x_wconf 86' lang='lat' dir='ltr'><strong>in</strong></span> <span class='ocrx_word' id='word_1_162' title='bbox 1596 2498 1872 2560; x_wconf 88' lang='lat' dir='ltr'><strong>conspectu</strong></span> <span class='ocrx_word' id='word_1_163' title='bbox 1896 2491 2055 2561; x_wconf 86' lang='lat' dir='ltr'><strong>ejus:</strong></span> <span class='ocrx_word' id='word_1_164' title='bbox 2086 2532 2091 2535; x_wconf 60' lang='grc'>‹</span> <span class='ocrx_word' id='word_1_165' title='bbox 2167 2528 2177 2537; x_wconf 69' lang='grc' dir='ltr'><strong><em>υ</em></strong></span> 
     </span>
    </p>
   </div>
   <div class='ocr_carea' id='block_1_26' title="bbox 775 2567 2215 2651">
    <p class='ocr_par' dir='ltr' id='par_1_26' title="bbox 775 2567 2215 2651">
     <span class='ocr_line' id='line_1_26' title="bbox 775 2567 2215 2651; baseline 0.01 -29"><span class='ocrx_word' id='word_1_166' title='bbox 775 2567 1141 2626; x_wconf 85' lang='lat' dir='ltr'><strong>Sanctimonia</strong></span> <span class='ocrx_word' id='word_1_167' title='bbox 1185 2581 1234 2627; x_wconf 92' lang='lat' dir='ltr'><strong>et</strong></span> <span class='ocrx_word' id='word_1_168' title='bbox 1267 2575 1657 2645; x_wconf 76' lang='lat' dir='ltr'><strong>magnificentia</strong></span> <span class='ocrx_word' id='word_1_169' title='bbox 1696 2580 1751 2634; x_wconf 88' lang='lat' dir='ltr'><strong>in</strong></span> <span class='ocrx_word' id='word_1_170' title='bbox 1796 2581 2215 2651; x_wconf 76' lang='lat' dir='ltr'><strong>sanctiﬁcatione</strong></span> 
     </span>
    </p>
   </div>
   <div class='ocr_carea' id='block_1_27' title="bbox 841 2678 976 2730">
    <p class='ocr_par' dir='ltr' id='par_1_27' title="bbox 841 2678 976 2730">
     <span class='ocr_line' id='line_1_27' title="bbox 841 2678 976 2730; baseline 0 -16"><span class='ocrx_word' id='word_1_171' title='bbox 841 2678 976 2730; x_wconf 79' lang='lat' dir='ltr'><strong>ejus.</strong></span> 
     </span>
    </p>
   </div>
   <div class='ocr_carea' id='block_1_28' title="bbox 701 2746 2217 2834">
    <p class='ocr_par' dir='ltr' id='par_1_28' title="bbox 701 2746 2217 2834">
     <span class='ocr_line' id='line_1_28' title="bbox 701 2746 2217 2834; baseline 0.012 -32"><span class='ocrx_word' id='word_1_172' title='bbox 701 2746 744 2802; x_wconf 87' lang='lat' dir='ltr'><strong>C</strong></span> <span class='ocrx_word' id='word_1_173' title='bbox 780 2748 1190 2809; x_wconf 83' lang='lat' dir='ltr'><strong>Confessionem</strong></span> <span class='ocrx_word' id='word_1_174' title='bbox 1215 2754 1504 2826; x_wconf 84' lang='lat' dir='ltr'><strong>siquidem,</strong></span> <span class='ocrx_word' id='word_1_175' title='bbox 1535 2759 1675 2816; x_wconf 87' lang='lat' dir='ltr'><strong>bene</strong></span> <span class='ocrx_word' id='word_1_176' title='bbox 1699 2764 1949 2832; x_wconf 87' lang='lat' dir='ltr'><strong>sequitur</strong></span> <span class='ocrx_word' id='word_1_177' title='bbox 1976 2764 2217 2834; x_wconf 83' lang='lat' dir='ltr'><strong>pulchri-</strong></span> 
     </span>
    </p>
   </div>
   <div class='ocr_carea' id='block_1_29' title="bbox 632 2835 2219 2919">
    <p class='ocr_par' dir='ltr' id='par_1_29' title="bbox 632 2835 2219 2919">
     <span class='ocr_line' id='line_1_29' title="bbox 632 2835 2219 2919; baseline 0.014 -31"><span class='ocrx_word' id='word_1_178' title='bbox 632 2835 781 2890; x_wconf 85' lang='lat' dir='ltr'><strong>tudo.</strong></span> <span class='ocrx_word' id='word_1_179' title='bbox 826 2836 965 2904; x_wconf 85' lang='lat' dir='ltr'><strong>Quia</strong></span> <span class='ocrx_word' id='word_1_180' title='bbox 1022 2857 1181 2897; x_wconf 90' lang='lat' dir='ltr'><strong>nemo</strong></span> <span class='ocrx_word' id='word_1_181' title='bbox 1219 2854 1397 2914; x_wconf 81' lang='lat' dir='ltr'><strong>potest</strong></span> <span class='ocrx_word' id='word_1_182' title='bbox 1439 2863 1560 2903; x_wconf 90' lang='lat' dir='ltr'><strong>esse</strong></span> <span class='ocrx_word' id='word_1_183' title='bbox 1602 2850 1868 2919; x_wconf 89' lang='lat' dir='ltr'><strong>pulcher,</strong></span> <span class='ocrx_word' id='word_1_184' title='bbox 1917 2853 2022 2908; x_wconf 90' lang='lat' dir='ltr'><strong>nisi</strong></span> <span class='ocrx_word' id='word_1_185' title='bbox 2055 2853 2219 2911; x_wconf 71' lang='lat' dir='ltr'><strong>fuerit</strong></span> 
     </span>
    </p>
   </div>
   <div class='ocr_carea' id='block_1_30' title="bbox 630 2918 2218 3014">
    <p class='ocr_par' dir='ltr' id='par_1_30' title="bbox 630 2918 2218 3014">
     <span class='ocr_line' id='line_1_30' title="bbox 630 2918 2218 3014; baseline 0.013 -36"><span class='ocrx_word' id='word_1_186' title='bbox 630 2924 727 2979; x_wconf 85' lang='lat' dir='ltr'><strong>Dei</strong></span> <span class='ocrx_word' id='word_1_187' title='bbox 754 2925 1109 2986; x_wconf 80' lang='lat' dir='ltr'><strong>miseratione</strong></span> <span class='ocrx_word' id='word_1_188' title='bbox 1130 2918 1419 2990; x_wconf 72' lang='lat' dir='ltr'><strong>mundatus</strong></span> <span class='ocrx_word' id='word_1_189' title='bbox 1448 2952 1462 2989; x_wconf 89' lang='lat'><strong>:</strong></span> <span class='ocrx_word' id='word_1_190' title='bbox 1498 2935 1678 2993; x_wconf 82' lang='lat' dir='ltr'><strong>foedos</strong></span> <span class='ocrx_word' id='word_1_191' title='bbox 1704 2955 1804 2994; x_wconf 89' lang='lat' dir='ltr'><strong>nos</strong></span> <span class='ocrx_word' id='word_1_192' title='bbox 1846 2939 2054 2997; x_wconf 79' lang='lat' dir='ltr'><strong>faciunt</strong></span> <span class='ocrx_word' id='word_1_193' title='bbox 2093 2958 2218 3014; x_wconf 87' lang='lat' dir='ltr'><strong>pec-</strong></span> 
     </span>
    </p>
   </div>
   <div class='ocr_carea' id='block_1_31' title="bbox 618 3017 2216 3089">
    <p class='ocr_par' dir='ltr' id='par_1_31' title="bbox 618 3017 2216 3089">
     <span class='ocr_line' id='line_1_31' title="bbox 618 3017 2216 3089; baseline 0.012 -20"><span class='ocrx_word' id='word_1_194' title='bbox 618 3017 787 3082; x_wconf 82' lang='lat' dir='ltr'><strong>‘cata,</strong></span> <span class='ocrx_word' id='word_1_195' title='bbox 819 3019 913 3073; x_wconf 90' lang='lat' dir='ltr'><strong>sed</strong></span> <span class='ocrx_word' id='word_1_196' title='bbox 965 3020 1292 3089; x_wconf 65' lang='lat' dir='ltr'><strong>paenitentia</strong></span> <span class='ocrx_word' id='word_1_197' title='bbox 1329 3025 1509 3080; x_wconf 88' lang='lat' dir='ltr'><strong>reddit</strong></span> <span class='ocrx_word' id='word_1_198' title='bbox 1547 3026 1795 3083; x_wconf 84' lang='lat' dir='ltr'><strong>decoros.</strong></span> <span class='ocrx_word' id='word_1_199' title='bbox 1847 3029 2216 3089; x_wconf 88' lang='lat' dir='ltr'><strong>Sanctimonia</strong></span> 
     </span>
    </p>
   </div>
   <div class='ocr_carea' id='block_1_32' title="bbox 633 3106 2217 3178">
    <p class='ocr_par' dir='ltr' id='par_1_32' title="bbox 633 3106 2217 3178">
     <span class='ocr_line' id='line_1_32' title="bbox 633 3106 2217 3178; baseline 0.013 -22"><span class='ocrx_word' id='word_1_200' title='bbox 633 3113 690 3157; x_wconf 90' lang='lat' dir='ltr'><strong>et</strong></span> <span class='ocrx_word' id='word_1_201' title='bbox 719 3106 1141 3176; x_wconf 83' lang='lat' dir='ltr'><strong>magniﬁcentia,</strong></span> <span class='ocrx_word' id='word_1_202' title='bbox 1173 3112 1223 3165; x_wconf 82' lang='lat' dir='ltr'><strong>id</strong></span> <span class='ocrx_word' id='word_1_203' title='bbox 1258 3124 1340 3168; x_wconf 91' lang='lat' dir='ltr'><strong>est</strong></span> <span class='ocrx_word' id='word_1_204' title='bbox 1372 3115 1544 3171; x_wconf 89' lang='lat' dir='ltr'><strong>honor</strong></span> <span class='ocrx_word' id='word_1_205' title='bbox 1580 3126 1635 3172; x_wconf 89' lang='lat' dir='ltr'><strong>et</strong></span> <span class='ocrx_word' id='word_1_206' title='bbox 1666 3119 1962 3175; x_wconf 86' lang='lat' dir='ltr'><strong>beatitudo.</strong></span> <span class='ocrx_word' id='word_1_207' title='bbox 2008 3121 2064 3176; x_wconf 85' lang='lat' dir='ltr'><strong>In</strong></span> <span class='ocrx_word' id='word_1_208' title='bbox 2094 3139 2217 3178; x_wconf 85' lang='lat' dir='ltr'><strong>san-</strong></span> 
     </span>
    </p>
   </div>
   <div class='ocr_carea' id='block_1_33' title="bbox 2450 566 3828 640">
    <p class='ocr_par' dir='ltr' id='par_1_33' title="bbox 2450 566 3828 640">
     <span class='ocr_line' id='line_1_33' title="bbox 2450 566 3828 640; baseline 0.003 -19"><span class='ocrx_word' id='word_1_209' title='bbox 2450 566 2621 621; x_wconf 82' lang='lat' dir='ltr'><strong>Dieite</strong></span> <span class='ocrx_word' id='word_1_210' title='bbox 2646 568 2699 621; x_wconf 86' lang='lat' dir='ltr'><strong>in</strong></span> <span class='ocrx_word' id='word_1_211' title='bbox 2727 568 2963 638; x_wconf 79' lang='lat' dir='ltr'><strong>gentibus</strong></span> <span class='ocrx_word' id='word_1_212' title='bbox 2992 582 3054 624; x_wconf 83' lang='lat' dir='ltr'><strong>-t-</strong></span> <span class='ocrx_word' id='word_1_213' title='bbox 3078 569 3204 639; x_wconf 83' lang='lat' dir='ltr'><strong>quia</strong></span> <span class='ocrx_word' id='word_1_214' title='bbox 3234 568 3255 639; x_wconf 69' lang='grc' dir='ltr'>ξ</span> <span class='ocrx_word' id='word_1_215' title='bbox 3287 568 3544 624; x_wconf 86' lang='lat' dir='ltr'><strong>Dominus</strong></span> <span class='ocrx_word' id='word_1_216' title='bbox 3582 572 3828 640; x_wconf 73' lang='lat' dir='ltr'><strong>regnarit.</strong></span> 
     </span>
    </p>
   </div>
   <div class='ocr_carea' id='block_1_34' title="bbox 2378 676 3883 750">
    <p class='ocr_par' dir='ltr' id='par_1_34' title="bbox 2378 676 3883 750">
     <span class='ocr_line' id='line_1_34' title="bbox 2378 676 3883 750; baseline 0.002 -17"><span class='ocrx_word' id='word_1_217' title='bbox 2378 676 2421 733; x_wconf 76' lang='grc' dir='ltr'>ϐ</span> <span class='ocrx_word' id='word_1_218' title='bbox 2450 678 2609 734; x_wconf 86' lang='lat' dir='ltr'><strong>Tunc</strong></span> <span class='ocrx_word' id='word_1_219' title='bbox 2634 678 2777 733; x_wconf 68' lang='lat' dir='ltr'><strong>extim</strong></span> <span class='ocrx_word' id='word_1_220' title='bbox 2811 687 2959 733; x_wconf 86' lang='lat' dir='ltr'><strong>terra</strong></span> <span class='ocrx_word' id='word_1_221' title='bbox 3002 687 3394 746; x_wconf 89' lang='lat' dir='ltr'><strong>commovetur,</strong></span> <span class='ocrx_word' id='word_1_222' title='bbox 3438 678 3669 748; x_wconf 82' lang='lat' dir='ltr'><strong>quando</strong></span> <span class='ocrx_word' id='word_1_223' title='bbox 3705 694 3883 750; x_wconf 80' lang='lat' dir='ltr'><strong>pecca-</strong></span> 
     </span>
    </p>
   </div>
   <div class='ocr_carea' id='block_1_35' title="bbox 2312 767 3880 839">
    <p class='ocr_par' dir='ltr' id='par_1_35' title="bbox 2312 767 3880 839">
     <span class='ocr_line' id='line_1_35' title="bbox 2312 767 3880 839; baseline 0.002 -18"><span class='ocrx_word' id='word_1_224' title='bbox 2312 775 2431 832; x_wconf 85' lang='lat' dir='ltr'><strong>tor,</strong></span> <span class='ocrx_word' id='word_1_225' title='bbox 2487 767 2703 823; x_wconf 84' lang='lat' dir='ltr'><strong>terrena</strong></span> <span class='ocrx_word' id='word_1_226' title='bbox 2756 767 2891 823; x_wconf 85' lang='lat' dir='ltr'><strong>vitia</strong></span> <span class='ocrx_word' id='word_1_227' title='bbox 2921 767 3353 839; x_wconf 88' lang='lat' dir='ltr'><strong>derelinquens,</strong></span> <span class='ocrx_word' id='word_1_228' title='bbox 3405 767 3476 824; x_wconf 87' lang='lat' dir='ltr'><strong>ad</strong></span> <span class='ocrx_word' id='word_1_229' title='bbox 3516 768 3880 838; x_wconf 68' lang='lat' dir='ltr'><strong>paenitentiam</strong></span> 
     </span>
    </p>
   </div>
   <div class='ocr_carea' id='block_1_36' title="bbox 2309 854 3880 929">
    <p class='ocr_par' dir='ltr' id='par_1_36' title="bbox 2309 854 3880 929">
     <span class='ocr_line' id='line_1_36' title="bbox 2309 854 3880 929; baseline 0.004 -17"><span class='ocrx_word' id='word_1_230' title='bbox 2309 857 2474 915; x_wconf 73' lang='lat' dir='ltr'><strong>fuerit</strong></span> <span class='ocrx_word' id='word_1_231' title='bbox 2521 858 2752 914; x_wconf 82' lang='lat' dir='ltr'><strong>Domino</strong></span> <span class='ocrx_word' id='word_1_232' title='bbox 2794 860 3092 917; x_wconf 73' lang='lat' dir='ltr'><strong>udserante</strong></span> <span class='ocrx_word' id='word_1_233' title='bbox 3122 854 3438 929; x_wconf 87' lang='lat' dir='ltr'><strong>perductus.</strong></span> <span class='ocrx_word' id='word_1_234' title='bbox 3490 860 3754 917; x_wconf 86' lang='lat' dir='ltr'><strong>Dominus</strong></span> <span class='ocrx_word' id='word_1_235' title='bbox 3800 878 3880 918; x_wconf 82' lang='lat' dir='ltr'><strong>re-</strong></span> 
     </span>
    </p>
   </div>
   <div class='ocr_carea' id='block_1_37' title="bbox 2310 948 3883 1021">
    <p class='ocr_par' dir='ltr' id='par_1_37' title="bbox 2310 948 3883 1021">
     <span class='ocr_line' id='line_1_37' title="bbox 2310 948 3883 1021; baseline 0.005 -19"><span class='ocrx_word' id='word_1_236' title='bbox 2310 948 2495 1020; x_wconf 87' lang='lat' dir='ltr'><strong>gnavit</strong></span> <span class='ocrx_word' id='word_1_237' title='bbox 2522 962 2620 1019; x_wconf 90' lang='lat' dir='ltr'><strong>per</strong></span> <span class='ocrx_word' id='word_1_238' title='bbox 2652 958 2910 1020; x_wconf 83' lang='lat' dir='ltr'><strong>tropaeum</strong></span> <span class='ocrx_word' id='word_1_239' title='bbox 2941 949 3120 1005; x_wconf 83' lang='lat' dir='ltr'><strong>erucis</strong></span> <span class='ocrx_word' id='word_1_240' title='bbox 3145 950 3438 1021; x_wconf 84' lang='lat' dir='ltr'><strong>in&#39;genere</strong></span> <span class='ocrx_word' id='word_1_241' title='bbox 3453 951 3717 1008; x_wconf 86' lang='lat' dir='ltr'><strong>humano.</strong></span> <span class='ocrx_word' id='word_1_242' title='bbox 3745 951 3883 1009; x_wconf 75' lang='lat' dir='ltr'><strong>[inde</strong></span> 
     </span>
    </p>
   </div>
   <div class='ocr_carea' id='block_1_38' title="bbox 2310 1034 3882 1112">
    <p class='ocr_par' dir='ltr' id='par_1_38' title="bbox 2310 1034 3882 1112">
     <span class='ocr_line' id='line_1_38' title="bbox 2310 1034 3882 1112; baseline 0.002 -18"><span class='ocrx_word' id='word_1_243' title='bbox 2310 1049 2367 1094; x_wconf 90' lang='lat' dir='ltr'><strong>et</strong></span> <span class='ocrx_word' id='word_1_244' title='bbox 2402 1037 2645 1095; x_wconf 80' lang='lat' dir='ltr'><strong>Romana</strong></span> <span class='ocrx_word' id='word_1_245' title='bbox 2671 1034 2973 1106; x_wconf 82' lang='lat' dir='ltr'><strong>translatio,</strong></span> <span class='ocrx_word' id='word_1_246' title='bbox 3019 1054 3088 1095; x_wconf 79' lang='lat' dir='ltr'><strong>ex</strong></span> <span class='ocrx_word' id='word_1_247' title='bbox 3117 1040 3459 1111; x_wconf 77' lang='lat' dir='ltr'><strong>septuaginta</strong></span> <span class='ocrx_word' id='word_1_248' title='bbox 3500 1040 3882 1112; x_wconf 67' lang='lat' dir='ltr'><strong>[interpretibus</strong></span> 
     </span>
    </p>
   </div>
   <div class='ocr_carea' id='block_1_39' title="bbox 2310 1126 3879 1203">
    <p class='ocr_par' dir='ltr' id='par_1_39' title="bbox 2310 1126 3879 1203">
     <span class='ocr_line' id='line_1_39' title="bbox 2310 1126 3879 1203; baseline 0.003 -22"><span class='ocrx_word' id='word_1_249' title='bbox 2310 1126 2452 1184; x_wconf 73' lang='lat' dir='ltr'><strong>facta</strong></span> <span class='ocrx_word' id='word_1_250' title='bbox 2481 1129 2644 1185; x_wconf 84' lang='lat' dir='ltr'><strong>habet</strong></span> <span class='ocrx_word' id='word_1_251' title='bbox 2671 1148 2685 1185; x_wconf 87' lang='lat'><strong>:</strong></span> <span class='ocrx_word' id='word_1_252' title='bbox 2720 1128 2965 1203; x_wconf 78' lang='lat' dir='ltr'><strong>regnavit</strong></span> <span class='ocrx_word' id='word_1_253' title='bbox 2989 1145 3021 1184; x_wconf 92' lang='lat' dir='ltr'><strong>a</strong></span> <span class='ocrx_word' id='word_1_254' title='bbox 3058 1130 3223 1198; x_wconf 84' lang='lat' dir='ltr'><strong>ligno.</strong></span> <span class='ocrx_word' id='word_1_255' title='bbox 3255 1129 3381 1187; x_wconf 83' lang='lat' dir='ltr'><strong>Sive</strong></span> <span class='ocrx_word' id='word_1_256' title='bbox 3410 1132 3683 1203; x_wconf 75' lang='lat' dir='ltr'><strong>regnavit,</strong></span> <span class='ocrx_word' id='word_1_257' title='bbox 3707 1131 3758 1186; x_wconf 88' lang='lat' dir='ltr'><strong>id</strong></span> <span class='ocrx_word' id='word_1_258' title='bbox 3782 1141 3879 1197; x_wconf 85' lang='lat' dir='ltr'><strong>est,</strong></span> 
     </span>
    </p>
   </div>
   <div class='ocr_carea' id='block_1_40' title="bbox 2311 1219 3878 1292">
    <p class='ocr_par' dir='ltr' id='par_1_40' title="bbox 2311 1219 3878 1292">
     <span class='ocr_line' id='line_1_40' title="bbox 2311 1219 3878 1292; baseline 0.002 -19"><span class='ocrx_word' id='word_1_259' title='bbox 2311 1219 2563 1289; x_wconf 81' lang='lat' dir='ltr'><strong>apparuit</strong></span> <span class='ocrx_word' id='word_1_260' title='bbox 2593 1219 2648 1273; x_wconf 88' lang='lat' dir='ltr'><strong>in</strong></span> <span class='ocrx_word' id='word_1_261' title='bbox 2694 1233 2860 1275; x_wconf 89' lang='lat' dir='ltr'><strong>carne</strong></span> <span class='ocrx_word' id='word_1_262' title='bbox 2890 1228 3219 1292; x_wconf 70' lang='lat' dir='ltr'><strong>regnaturum</strong></span> <span class='ocrx_word' id='word_1_263' title='bbox 3246 1221 3340 1291; x_wconf 89' lang='lat' dir='ltr'><strong>qui</strong></span> <span class='ocrx_word' id='word_1_264' title='bbox 3358 1235 3587 1292; x_wconf 82' lang='lat' dir='ltr'><strong>semper</strong></span> <span class='ocrx_word' id='word_1_265' title='bbox 3630 1223 3878 1291; x_wconf 77' lang='lat' dir='ltr'><strong>regnavit.</strong></span> 
     </span>
    </p>
   </div>
   <div class='ocr_carea' id='block_1_41' title="bbox 2312 1308 3880 1384">
    <p class='ocr_par' dir='ltr' id='par_1_41' title="bbox 2312 1308 3880 1384">
     <span class='ocr_line' id='line_1_41' title="bbox 2312 1308 3880 1384; baseline 0.001 -19"><span class='ocrx_word' id='word_1_266' title='bbox 2312 1309 2361 1365; x_wconf 83' lang='lat' dir='ltr'><strong>ll</strong></span> <span class='ocrx_word' id='word_1_267' title='bbox 2383 1308 2502 1378; x_wconf 85' lang='lat' dir='ltr'><strong>Vel,</strong></span> <span class='ocrx_word' id='word_1_268' title='bbox 2529 1311 2781 1381; x_wconf 76' lang='lat' dir='ltr'><strong>regnavit</strong></span> <span class='ocrx_word' id='word_1_269' title='bbox 2803 1310 2860 1367; x_wconf 86' lang='lat' dir='ltr'><strong>in</strong></span> <span class='ocrx_word' id='word_1_270' title='bbox 2886 1312 3169 1368; x_wconf 80' lang='lat' dir='ltr'><strong>animabus</strong></span> <span class='ocrx_word' id='word_1_271' title='bbox 3197 1311 3485 1369; x_wconf 89' lang='lat' dir='ltr'><strong>commotis</strong></span> <span class='ocrx_word' id='word_1_272' title='bbox 3513 1324 3614 1384; x_wconf 89' lang='lat' dir='ltr'><strong>per</strong></span> <span class='ocrx_word' id='word_1_273' title='bbox 3634 1311 3880 1383; x_wconf 77' lang='lat' dir='ltr'><strong>pumilea-</strong></span> 
     </span>
    </p>
   </div>
   <div class='ocr_carea' id='block_1_42' title="bbox 2312 1402 2468 1458">
    <p class='ocr_par' dir='ltr' id='par_1_42' title="bbox 2312 1402 2468 1458">
     <span class='ocr_line' id='line_1_42' title="bbox 2312 1402 2468 1458; baseline 0.006 -1"><span class='ocrx_word' id='word_1_274' title='bbox 2312 1402 2468 1458; x_wconf 87' lang='lat' dir='ltr'><strong>tiam.</strong></span> 
     </span>
    </p>
   </div>
   <div class='ocr_carea' id='block_1_43' title="bbox 2292 1500 3881 1592">
    <p class='ocr_par' dir='ltr' id='par_1_43' title="bbox 2292 1500 3881 1592">
     <span class='ocr_line' id='line_1_43' title="bbox 2292 1500 3881 1592; baseline 0.005 -23"><span class='ocrx_word' id='word_1_275' title='bbox 2292 1513 2383 1570; x_wconf 42' lang='lat'><strong>.10</strong></span> <span class='ocrx_word' id='word_1_276' title='bbox 2452 1514 2662 1571; x_wconf 83' lang='lat' dir='ltr'><strong>Etenim</strong></span> <span class='ocrx_word' id='word_1_277' title='bbox 2691 1519 2919 1574; x_wconf 72' lang='lat' dir='ltr'><strong>correxit</strong></span> <span class='ocrx_word' id='word_1_278' title='bbox 2946 1519 3121 1576; x_wconf 81' lang='lat' dir='ltr'><strong>orbem</strong></span> <span class='ocrx_word' id='word_1_279' title='bbox 3165 1529 3321 1577; x_wconf 72' lang='lat' dir='ltr'><strong>terra!</strong></span> <span class='ocrx_word' id='word_1_280' title='bbox 3359 1519 3452 1592; x_wconf 84' lang='lat' dir='ltr'><strong>qui</strong></span> <span class='ocrx_word' id='word_1_281' title='bbox 3477 1536 3583 1577; x_wconf 88' lang='lat' dir='ltr'><strong>non</strong></span> <span class='ocrx_word' id='word_1_282' title='bbox 3604 1500 3881 1577; x_wconf 73' lang='lat' dir='ltr'><strong>commoss-</strong></span> 
     </span>
    </p>
   </div>
   <div class='ocr_carea' id='block_1_44' title="bbox 2527 1608 2711 1662">
    <p class='ocr_par' dir='ltr' id='par_1_44' title="bbox 2527 1608 2711 1662">
     <span class='ocr_line' id='line_1_44' title="bbox 2527 1608 2711 1662; baseline -0.005 -1"><span class='ocrx_word' id='word_1_283' title='bbox 2527 1608 2711 1662; x_wconf 71' lang='lat' dir='ltr'><strong>buur:</strong></span> 
     </span>
    </p>
   </div>
   <div class='ocr_carea' id='block_1_45' title="bbox 2455 1693 3363 1771">
    <p class='ocr_par' dir='ltr' id='par_1_45' title="bbox 2455 1693 3363 1771">
     <span class='ocr_line' id='line_1_45' title="bbox 2455 1693 3363 1771; baseline 0.009 -23"><span class='ocrx_word' id='word_1_284' title='bbox 2455 1693 2730 1750; x_wconf 76' lang='lat' dir='ltr'><strong>Judicabit</strong></span> <span class='ocrx_word' id='word_1_285' title='bbox 2764 1697 2983 1767; x_wconf 74' lang='lat' dir='ltr'><strong>populos</strong></span> <span class='ocrx_word' id='word_1_286' title='bbox 3010 1699 3065 1753; x_wconf 90' lang='lat' dir='ltr'><strong>in</strong></span> <span class='ocrx_word' id='word_1_287' title='bbox 3094 1702 3363 1771; x_wconf 72' lang='lat' dir='ltr'><strong>azquitate.</strong></span> 
     </span>
    </p>
   </div>
   <div class='ocr_carea' id='block_1_46' title="bbox 2387 1789 3883 1868">
    <p class='ocr_par' dir='ltr' id='par_1_46' title="bbox 2387 1789 3883 1868">
     <span class='ocr_line' id='line_1_46' title="bbox 2387 1789 3883 1868; baseline 0.005 -24"><span class='ocrx_word' id='word_1_288' title='bbox 2387 1789 2428 1845; x_wconf 88' lang='lat' dir='ltr'>C</span> <span class='ocrx_word' id='word_1_289' title='bbox 2467 1790 2618 1846; x_wconf 90' lang='lat' dir='ltr'><strong>Tunc</strong></span> <span class='ocrx_word' id='word_1_290' title='bbox 2643 1794 2882 1847; x_wconf 76' lang='lat' dir='ltr'><strong>correxit</strong></span> <span class='ocrx_word' id='word_1_291' title='bbox 2906 1790 3118 1860; x_wconf 89' lang='lat' dir='ltr'><strong>orbem,</strong></span> <span class='ocrx_word' id='word_1_292' title='bbox 3142 1797 3358 1865; x_wconf 87' lang='lat' dir='ltr'><strong>quando</strong></span> <span class='ocrx_word' id='word_1_293' title='bbox 3387 1809 3488 1867; x_wconf 88' lang='lat' dir='ltr'><strong>per</strong></span> <span class='ocrx_word' id='word_1_294' title='bbox 3508 1794 3749 1868; x_wconf 86' lang='lat' dir='ltr'><strong>regulam</strong></span> <span class='ocrx_word' id='word_1_295' title='bbox 3776 1797 3883 1852; x_wconf 81' lang='lat' dir='ltr'><strong>ﬁdei</strong></span> 
     </span>
    </p>
   </div>
   <div class='ocr_carea' id='block_1_47' title="bbox 2318 1874 3883 1954">
    <p class='ocr_par' dir='ltr' id='par_1_47' title="bbox 2318 1874 3883 1954">
     <span class='ocr_line' id='line_1_47' title="bbox 2318 1874 3883 1954; baseline 0.005 -19"><span class='ocrx_word' id='word_1_296' title='bbox 2318 1894 2647 1951; x_wconf 80' lang='lat' dir='ltr'><strong>paganorum</strong></span> <span class='ocrx_word' id='word_1_297' title='bbox 2674 1885 2837 1939; x_wconf 87' lang='lat' dir='ltr'><strong>corda</strong></span> <span class='ocrx_word' id='word_1_298' title='bbox 2871 1874 3161 1940; x_wconf 81' lang='lat' dir='ltr'><strong>convertit.</strong></span> <span class='ocrx_word' id='word_1_299' title='bbox 3195 1887 3316 1954; x_wconf 84' lang='lat' dir='ltr'><strong>Qui,</strong></span> <span class='ocrx_word' id='word_1_300' title='bbox 3349 1888 3558 1944; x_wconf 89' lang='lat' dir='ltr'><strong>scilicet</strong></span> <span class='ocrx_word' id='word_1_301' title='bbox 3601 1888 3768 1954; x_wconf 89' lang='lat' dir='ltr'><strong>orbis,</strong></span> <span class='ocrx_word' id='word_1_302' title='bbox 3789 1904 3883 1944; x_wconf 83' lang='lat' dir='ltr'><strong>non</strong></span> 
     </span>
    </p>
   </div>
   <div class='ocr_carea' id='block_1_48' title="bbox 2298 1961 3880 2051">
    <p class='ocr_par' dir='ltr' id='par_1_48' title="bbox 2298 1961 3880 2051">
     <span class='ocr_line' id='line_1_48' title="bbox 2298 1961 3880 2051; baseline 0.003 -24"><span class='ocrx_word' id='word_1_303' title='bbox 2298 1961 2762 2041; x_wconf 74' lang='lat' dir='ltr'><strong>commovebitur,</strong></span> <span class='ocrx_word' id='word_1_304' title='bbox 2791 1978 2917 2046; x_wconf 83' lang='lat' dir='ltr'><strong>quia</strong></span> <span class='ocrx_word' id='word_1_305' title='bbox 2940 1977 2993 2031; x_wconf 90' lang='lat' dir='ltr'><strong>in</strong></span> <span class='ocrx_word' id='word_1_306' title='bbox 3025 1976 3296 2034; x_wconf 85' lang='lat' dir='ltr'><strong>soliditate</strong></span> <span class='ocrx_word' id='word_1_307' title='bbox 3312 1992 3455 2033; x_wconf 70' lang='lat' dir='ltr'><strong>verae</strong></span> <span class='ocrx_word' id='word_1_308' title='bbox 3477 1979 3605 2034; x_wconf 83' lang='lat' dir='ltr'><strong>ﬁdei</strong></span> <span class='ocrx_word' id='word_1_309' title='bbox 3622 1980 3880 2051; x_wconf 84' lang='lat' dir='ltr'><strong>consistit.</strong></span> 
     </span>
    </p>
   </div>
   <div class='ocr_carea' id='block_1_49' title="bbox 2298 2052 3885 2143">
    <p class='ocr_par' dir='ltr' id='par_1_49' title="bbox 2298 2052 3885 2143">
     <span class='ocr_line' id='line_1_49' title="bbox 2298 2052 3885 2143; baseline 0.003 -23"><span class='ocrx_word' id='word_1_310' title='bbox 2298 2052 2571 2135; x_wconf 76' lang='lat' dir='ltr'><strong>Populos,</strong></span> <span class='ocrx_word' id='word_1_311' title='bbox 2600 2068 2690 2121; x_wconf 91' lang='lat' dir='ltr'><strong>hic</strong></span> <span class='ocrx_word' id='word_1_312' title='bbox 2716 2067 2900 2123; x_wconf 87' lang='lat' dir='ltr'><strong>ﬁdeles</strong></span> <span class='ocrx_word' id='word_1_313' title='bbox 2926 2069 3172 2141; x_wconf 86' lang='lat' dir='ltr'><strong>homines</strong></span> <span class='ocrx_word' id='word_1_314' title='bbox 3202 2070 3318 2124; x_wconf 91' lang='lat' dir='ltr'><strong>vult</strong></span> <span class='ocrx_word' id='word_1_315' title='bbox 3346 2071 3595 2143; x_wconf 77' lang='lat' dir='ltr'><strong>intelligi,</strong></span> <span class='ocrx_word' id='word_1_316' title='bbox 3626 2073 3718 2142; x_wconf 88' lang='lat' dir='ltr'><strong>qui</strong></span> <span class='ocrx_word' id='word_1_317' title='bbox 3758 2071 3885 2141; x_wconf 83' lang='lat' dir='ltr'><strong>judi-</strong></span> 
     </span>
    </p>
   </div>
   <div class='ocr_carea' id='block_1_50' title="bbox 2316 2150 3885 2230">
    <p class='ocr_par' dir='ltr' id='par_1_50' title="bbox 2316 2150 3885 2230">
     <span class='ocr_line' id='line_1_50' title="bbox 2316 2150 3885 2230; baseline 0.004 -21"><span class='ocrx_word' id='word_1_318' title='bbox 2316 2156 2475 2210; x_wconf 89' lang='lat' dir='ltr'><strong>candi</strong></span> <span class='ocrx_word' id='word_1_319' title='bbox 2499 2166 2625 2211; x_wconf 90' lang='lat' dir='ltr'><strong>sunt</strong></span> <span class='ocrx_word' id='word_1_320' title='bbox 2651 2159 2765 2213; x_wconf 91' lang='lat' dir='ltr'><strong>sub-</strong></span> <span class='ocrx_word' id='word_1_321' title='bbox 2784 2150 3175 2228; x_wconf 86' lang='lat' dir='ltr'><strong>tranquillitate</strong></span> <span class='ocrx_word' id='word_1_322' title='bbox 3202 2175 3453 2230; x_wconf 61' lang='lat' dir='ltr'><strong>supernae</strong></span> <span class='ocrx_word' id='word_1_323' title='bbox 3487 2162 3885 2230; x_wconf 65' lang='lat' dir='ltr'><strong>misericordia,</strong></span> 
     </span>
    </p>
   </div>
   <div class='ocr_carea' id='block_1_51' title="bbox 2315 2248 3879 2323">
    <p class='ocr_par' dir='ltr' id='par_1_51' title="bbox 2315 2248 3879 2323">
     <span class='ocr_line' id='line_1_51' title="bbox 2315 2248 3879 2323; baseline 0.005 -23"><span class='ocrx_word' id='word_1_324' title='bbox 2315 2248 2534 2317; x_wconf 88' lang='lat' dir='ltr'><strong>quando</strong></span> <span class='ocrx_word' id='word_1_325' title='bbox 2583 2250 2665 2304; x_wconf 90' lang='lat' dir='ltr'><strong>eis</strong></span> <span class='ocrx_word' id='word_1_326' title='bbox 2713 2250 2933 2320; x_wconf 70' lang='lat' dir='ltr'><strong>praemia</strong></span> <span class='ocrx_word' id='word_1_327' title='bbox 2969 2249 3234 2321; x_wconf 76' lang='lat' dir='ltr'><strong>promissa</strong></span> <span class='ocrx_word' id='word_1_328' title='bbox 3285 2253 3541 2308; x_wconf 85' lang='lat' dir='ltr'><strong>restituit.</strong></span> <span class='ocrx_word' id='word_1_329' title='bbox 3573 2253 3642 2308; x_wconf 86' lang='lat' dir='ltr'><strong>Et</strong></span> <span class='ocrx_word' id='word_1_330' title='bbox 3668 2254 3879 2323; x_wconf 62' lang='lat' dir='ltr'><strong>aequitas</strong></span> 
     </span>
    </p>
   </div>
   <div class='ocr_carea' id='block_1_52' title="bbox 2315 2340 3884 2416">
    <p class='ocr_par' dir='ltr' id='par_1_52' title="bbox 2315 2340 3884 2416">
     <span class='ocr_line' id='line_1_52' title="bbox 2315 2340 3884 2416; baseline 0.003 -23"><span class='ocrx_word' id='word_1_331' title='bbox 2315 2340 2551 2411; x_wconf 88' lang='lat' dir='ltr'><strong>pertinet</strong></span> <span class='ocrx_word' id='word_1_332' title='bbox 2590 2341 2657 2395; x_wconf 89' lang='lat' dir='ltr'><strong>ad</strong></span> <span class='ocrx_word' id='word_1_333' title='bbox 2687 2341 2894 2409; x_wconf 88' lang='lat' dir='ltr'><strong>beatos,</strong></span> <span class='ocrx_word' id='word_1_334' title='bbox 2926 2342 3004 2397; x_wconf 88' lang='lat' dir='ltr'><strong>ira</strong></span> <span class='ocrx_word' id='word_1_335' title='bbox 3040 2342 3109 2397; x_wconf 86' lang='lat' dir='ltr'><strong>ad</strong></span> <span class='ocrx_word' id='word_1_336' title='bbox 3136 2356 3329 2413; x_wconf 68' lang='lat' dir='ltr'><strong>pinnas</strong></span> <span class='ocrx_word' id='word_1_337' title='bbox 3368 2352 3661 2416; x_wconf 86' lang='lat' dir='ltr'><strong>perpetuas</strong></span> <span class='ocrx_word' id='word_1_338' title='bbox 3705 2343 3884 2414; x_wconf 84' lang='lat' dir='ltr'><strong>impio-</strong></span> 
     </span>
    </p>
   </div>
   <div class='ocr_carea' id='block_1_53' title="bbox 2316 2445 3131 2486">
    <p class='ocr_par' dir='ltr' id='par_1_53' title="bbox 2316 2445 3131 2486">
     <span class='ocr_line' id='line_1_53' title="bbox 2316 2445 3131 2486; baseline 0.005 -1"><span class='ocrx_word' id='word_1_339' title='bbox 2316 2445 2459 2486; x_wconf 87' lang='lat' dir='ltr'><strong>rum.</strong></span> <span class='ocrx_word' id='word_1_340' title='bbox 2614 2476 2617 2481; x_wconf 65' lang='lat'><strong>.</strong></span> <span class='ocrx_word' id='word_1_341' title='bbox 3068 2462 3071 2469; x_wconf 83' lang='lat'>&#39;</span> <span class='ocrx_word' id='word_1_342' title='bbox 3128 2452 3131 2455; x_wconf 41' lang='grc' dir='ltr'><strong><em>λ</em></strong></span> 
     </span>
    </p>
   </div>
   <div class='ocr_carea' id='block_1_54' title="bbox 2295 2521 3882 2584">
    <p class='ocr_par' dir='ltr' id='par_1_54' title="bbox 2295 2521 3882 2584">
     <span class='ocr_line' id='line_1_54' title="bbox 2295 2521 3882 2584; baseline 0.001 -5"><span class='ocrx_word' id='word_1_343' title='bbox 2295 2521 2382 2582; x_wconf 80' lang='grc'><strong>,11</strong></span> <span class='ocrx_word' id='word_1_344' title='bbox 2457 2521 2727 2579; x_wconf 61' lang='lat' dir='ltr'><strong>laetentur</strong></span> <span class='ocrx_word' id='word_1_345' title='bbox 2774 2525 2887 2580; x_wconf 71' lang='lat' dir='ltr'><strong>caeli</strong></span> <span class='ocrx_word' id='word_1_346' title='bbox 2929 2534 2980 2580; x_wconf 88' lang='lat' dir='ltr'><strong>et</strong></span> <span class='ocrx_word' id='word_1_347' title='bbox 3020 2527 3242 2584; x_wconf 70' lang='lat' dir='ltr'><strong>exsultet</strong></span> <span class='ocrx_word' id='word_1_348' title='bbox 3282 2536 3423 2582; x_wconf 87' lang='lat' dir='ltr'><strong>terra</strong></span> <span class='ocrx_word' id='word_1_349' title='bbox 3454 2540 3473 2579; x_wconf 92' lang='lat'><strong><em>:</em></strong></span> <span class='ocrx_word' id='word_1_350' title='bbox 3515 2535 3882 2582; x_wconf 70' lang='lat' dir='ltr'><strong>commoveatur</strong></span> 
     </span>
    </p>
   </div>
   <div class='ocr_carea' id='block_1_55' title="bbox 2528 2615 3233 2689">
    <p class='ocr_par' dir='ltr' id='par_1_55' title="bbox 2528 2615 3233 2689">
     <span class='ocr_line' id='line_1_55' title="bbox 2528 2615 3233 2689; baseline 0.01 -22"><span class='ocrx_word' id='word_1_351' title='bbox 2528 2631 2672 2668; x_wconf 86' lang='lat' dir='ltr'><strong>mare</strong></span> <span class='ocrx_word' id='word_1_352' title='bbox 2695 2624 2742 2668; x_wconf 90' lang='lat' dir='ltr'><strong>et</strong></span> <span class='ocrx_word' id='word_1_353' title='bbox 2770 2615 3038 2686; x_wconf 83' lang='lat' dir='ltr'><strong>plenitudo</strong></span> <span class='ocrx_word' id='word_1_354' title='bbox 3066 2619 3183 2689; x_wconf 88' lang='lat' dir='ltr'><strong>ejus</strong></span> <span class='ocrx_word' id='word_1_355' title='bbox 3211 2634 3233 2674; x_wconf 89' lang='lat'><strong><em>:</em></strong></span> 
     </span>
    </p>
   </div>
   <div class='ocr_carea' id='block_1_56' title="bbox 2461 2701 3742 2780">
    <p class='ocr_par' dir='ltr' id='par_1_56' title="bbox 2461 2701 3742 2780">
     <span class='ocr_line' id='line_1_56' title="bbox 2461 2701 3742 2780; baseline 0.005 -23"><span class='ocrx_word' id='word_1_356' title='bbox 2461 2701 2773 2759; x_wconf 82' lang='lat' dir='ltr'><strong>Gaudebunt</strong></span> <span class='ocrx_word' id='word_1_357' title='bbox 2794 2708 2967 2778; x_wconf 78' lang='lat' dir='ltr'><strong>campi</strong></span> <span class='ocrx_word' id='word_1_358' title='bbox 2989 2717 3038 2762; x_wconf 87' lang='lat' dir='ltr'><strong>et</strong></span> <span class='ocrx_word' id='word_1_359' title='bbox 3063 2709 3240 2764; x_wconf 87' lang='lat' dir='ltr'><strong>omnia</strong></span> <span class='ocrx_word' id='word_1_360' title='bbox 3263 2725 3381 2780; x_wconf 74' lang='lat' dir='ltr'><strong>quae</strong></span> <span class='ocrx_word' id='word_1_361' title='bbox 3403 2710 3458 2764; x_wconf 89' lang='lat' dir='ltr'><strong>in</strong></span> <span class='ocrx_word' id='word_1_362' title='bbox 3485 2710 3562 2764; x_wconf 90' lang='lat' dir='ltr'><strong>eis</strong></span> <span class='ocrx_word' id='word_1_363' title='bbox 3597 2716 3742 2764; x_wconf 83' lang='lat' dir='ltr'><strong>sunt.</strong></span> 
     </span>
    </p>
   </div>
   <div class='ocr_carea' id='block_1_57' title="bbox 2387 2816 3879 2895">
    <p class='ocr_par' dir='ltr' id='par_1_57' title="bbox 2387 2816 3879 2895">
     <span class='ocr_line' id='line_1_57' title="bbox 2387 2816 3879 2895; baseline 0.002 -21"><span class='ocrx_word' id='word_1_364' title='bbox 2387 2816 2429 2874; x_wconf 89' lang='lat' dir='ltr'><strong>C</strong></span> <span class='ocrx_word' id='word_1_365' title='bbox 2477 2816 2635 2885; x_wconf 71' lang='lat' dir='ltr'><strong>lei,</strong></span> <span class='ocrx_word' id='word_1_366' title='bbox 2691 2820 2988 2889; x_wconf 83' lang='lat' dir='ltr'><strong>apostolos,</strong></span> <span class='ocrx_word' id='word_1_367' title='bbox 3016 2823 3325 2895; x_wconf 83' lang='lat' dir='ltr'><strong>prophetas</strong></span> <span class='ocrx_word' id='word_1_368' title='bbox 3376 2831 3435 2879; x_wconf 90' lang='lat' dir='ltr'><strong>et</strong></span> <span class='ocrx_word' id='word_1_369' title='bbox 3478 2822 3879 2894; x_wconf 69' lang='lat' dir='ltr'><strong>pradicatores;</strong></span> 
     </span>
    </p>
   </div>
   <div class='ocr_carea' id='block_1_58' title="bbox 2319 2908 3881 2979">
    <p class='ocr_par' dir='ltr' id='par_1_58' title="bbox 2319 2908 3881 2979">
     <span class='ocr_line' id='line_1_58' title="bbox 2319 2908 3881 2979; baseline 0.001 -18"><span class='ocrx_word' id='word_1_370' title='bbox 2319 2915 2487 2972; x_wconf 89' lang='lat' dir='ltr'><strong>terra,</strong></span> <span class='ocrx_word' id='word_1_371' title='bbox 2524 2908 2797 2963; x_wconf 87' lang='lat' dir='ltr'><strong>auditores</strong></span> <span class='ocrx_word' id='word_1_372' title='bbox 2834 2922 3164 2976; x_wconf 83' lang='lat' dir='ltr'><strong>conversos;</strong></span> <span class='ocrx_word' id='word_1_373' title='bbox 3210 2925 3382 2978; x_wconf 88' lang='lat' dir='ltr'><strong>mare,</strong></span> <span class='ocrx_word' id='word_1_374' title='bbox 3424 2911 3688 2967; x_wconf 85' lang='lat' dir='ltr'><strong>mundum</strong></span> <span class='ocrx_word' id='word_1_375' title='bbox 3735 2910 3881 2979; x_wconf 83' lang='lat' dir='ltr'><strong>signi-</strong></span> 
     </span>
    </p>
   </div>
   <div class='ocr_carea' id='block_1_59' title="bbox 2300 2983 3882 3071">
    <p class='ocr_par' dir='ltr' id='par_1_59' title="bbox 2300 2983 3882 3071">
     <span class='ocr_line' id='line_1_59' title="bbox 2300 2983 3882 3071; baseline -0.001 -19"><span class='ocrx_word' id='word_1_376' title='bbox 2300 2983 2466 3054; x_wconf 74' lang='lat' dir='ltr'><strong>ﬁcat.</strong></span> <span class='ocrx_word' id='word_1_377' title='bbox 2510 2998 2742 3067; x_wconf 86' lang='lat' dir='ltr'><strong>Campos</strong></span> <span class='ocrx_word' id='word_1_378' title='bbox 2769 3014 2898 3053; x_wconf 89' lang='lat' dir='ltr'><strong>vero</strong></span> <span class='ocrx_word' id='word_1_379' title='bbox 2940 2984 3089 3057; x_wconf 87' lang='lat' dir='ltr'><strong>viros</strong></span> <span class='ocrx_word' id='word_1_380' title='bbox 3118 3000 3270 3066; x_wconf 88' lang='lat' dir='ltr'><strong>dicit,</strong></span> <span class='ocrx_word' id='word_1_381' title='bbox 3302 3016 3412 3056; x_wconf 88' lang='lat' dir='ltr'><strong>non</strong></span> <span class='ocrx_word' id='word_1_382' title='bbox 3455 3000 3713 3071; x_wconf 85' lang='lat' dir='ltr'><strong>superbia</strong></span> <span class='ocrx_word' id='word_1_383' title='bbox 3740 2999 3882 3055; x_wconf 85' lang='lat' dir='ltr'><strong>tumi-</strong></span> 
     </span>
    </p>
   </div>
   <div class='ocr_carea' id='block_1_60' title="bbox 2319 3076 3879 3167">
    <p class='ocr_par' dir='ltr' id='par_1_60' title="bbox 2319 3076 3879 3167">
     <span class='ocr_line' id='line_1_60' title="bbox 2319 3076 3879 3167; baseline -0.001 -23"><span class='ocrx_word' id='word_1_384' title='bbox 2319 3089 2436 3155; x_wconf 86' lang='lat' dir='ltr'><strong>dos,</strong></span> <span class='ocrx_word' id='word_1_385' title='bbox 2469 3105 2578 3145; x_wconf 91' lang='lat' dir='ltr'><strong>non</strong></span> <span class='ocrx_word' id='word_1_386' title='bbox 2604 3076 2827 3160; x_wconf 84' lang='lat' dir='ltr'><strong>asperos</strong></span> <span class='ocrx_word' id='word_1_387' title='bbox 2853 3090 3152 3167; x_wconf 84' lang='lat' dir='ltr'><strong>iracundia,</strong></span> <span class='ocrx_word' id='word_1_388' title='bbox 3183 3091 3279 3147; x_wconf 88' lang='lat' dir='ltr'><strong>sed</strong></span> <span class='ocrx_word' id='word_1_389' title='bbox 3308 3100 3623 3147; x_wconf 86' lang='lat' dir='ltr'><strong>mansuetos</strong></span> <span class='ocrx_word' id='word_1_390' title='bbox 3651 3091 3879 3146; x_wconf 50' lang='lat' dir='ltr'><strong>lenitate.</strong></span> 
     </span>
    </p>
   </div>
   <div class='ocr_carea' id='block_1_61' title="bbox 637 3172 3881 3278">
    <p class='ocr_par' dir='ltr' id='par_1_61' title="bbox 637 3172 3881 3278">
     <span class='ocr_line' id='line_1_61' title="bbox 637 3172 3881 3278; baseline 0.004 -31"><span class='ocrx_word' id='word_1_391' title='bbox 637 3172 991 3265; x_wconf 76' lang='lat' dir='ltr'><strong>ctiﬁcatione,</strong></span> <span class='ocrx_word' id='word_1_392' title='bbox 1041 3199 1094 3254; x_wconf 91' lang='lat' dir='ltr'><strong>id</strong></span> <span class='ocrx_word' id='word_1_393' title='bbox 1120 3172 1204 3256; x_wconf 85' lang='lat' dir='ltr'><strong>est</strong></span> <span class='ocrx_word' id='word_1_394' title='bbox 1231 3201 1283 3256; x_wconf 90' lang='lat' dir='ltr'><strong>in</strong></span> <span class='ocrx_word' id='word_1_395' title='bbox 1314 3201 1402 3258; x_wconf 83' lang='lat' dir='ltr'><strong>illa</strong></span> <span class='ocrx_word' id='word_1_396' title='bbox 1432 3221 1564 3261; x_wconf 84' lang='lat' dir='ltr'><strong>voce</strong></span> <span class='ocrx_word' id='word_1_397' title='bbox 1592 3172 2218 3278; x_wconf 42' lang='lat' dir='ltr'><strong>Classicauia&#39;ii.</strong></span> <span class='ocrx_word' id='word_1_398' title='bbox 2245 3172 2290 3234; x_wconf 72' lang='lat' dir='ltr'><strong><em>C</em></strong></span> <span class='ocrx_word' id='word_1_399' title='bbox 2322 3195 2450 3278; x_wconf 58' lang='grc' dir='ltr'><strong>(ἔνθ,</strong></span> <span class='ocrx_word' id='word_1_400' title='bbox 2475 3181 2850 3278; x_wconf 44' lang='lat' dir='ltr'><strong>“WE-tim“:</strong></span> <span class='ocrx_word' id='word_1_401' title='bbox 2897 3182 2987 3278; x_wconf 66' lang='grc' dir='ltr'><strong>(ιιξί</strong></span> <span class='ocrx_word' id='word_1_402' title='bbox 3032 3183 3300 3278; x_wconf 58' lang='grc' dir='ltr'><strong>ϐθξιάθιξιν</strong></span> <span class='ocrx_word' id='word_1_403' title='bbox 3335 3183 3566 3278; x_wconf 42' lang='lat' dir='ltr'><strong>(mande</strong></span> <span class='ocrx_word' id='word_1_404' title='bbox 3610 3195 3881 3237; x_wconf 63' lang='grc' dir='ltr'><strong>οοιινθτελο</strong></span> 
     </span>
    </p>
   </div>
   <div class='ocr_carea' id='block_1_62' title="bbox 634 3287 2216 3373">
    <p class='ocr_par' dir='ltr' id='par_1_62' title="bbox 634 3287 2216 3373">
     <span class='ocr_line' id='line_1_62' title="bbox 634 3287 2216 3373; baseline 0.011 -33"><span class='ocrx_word' id='word_1_405' title='bbox 634 3287 864 3342; x_wconf 88' lang='lat' dir='ltr'><strong>nedicti.</strong></span> <span class='ocrx_word' id='word_1_406' title='bbox 921 3288 1019 3345; x_wconf 79' lang='lat' dir='ltr'><strong>Vel</strong></span> <span class='ocrx_word' id='word_1_407' title='bbox 1054 3292 1286 3361; x_wconf 88' lang='lat' dir='ltr'><strong>melius,</strong></span> <span class='ocrx_word' id='word_1_408' title='bbox 1340 3296 1386 3350; x_wconf 79' lang='grc' dir='ltr'><strong>Α</strong></span> <span class='ocrx_word' id='word_1_409' title='bbox 1426 3297 1480 3351; x_wconf 94' lang='lat' dir='ltr'><strong>in</strong></span> <span class='ocrx_word' id='word_1_410' title='bbox 1528 3300 1956 3356; x_wconf 82' lang='lat' dir='ltr'><strong>sanctiﬁcatione</strong></span> <span class='ocrx_word' id='word_1_411' title='bbox 2007 3305 2216 3373; x_wconf 66' lang='lat' dir='ltr'><strong>gratiae,</strong></span> 
     </span>
    </p>
   </div>
   <div class='ocr_carea' id='block_1_63' title="bbox 639 3384 2215 3466">
    <p class='ocr_par' dir='ltr' id='par_1_63' title="bbox 639 3384 2215 3466">
     <span class='ocr_line' id='line_1_63' title="bbox 639 3384 2215 3466; baseline 0.012 -33"><span class='ocrx_word' id='word_1_412' title='bbox 639 3395 747 3449; x_wconf 87' lang='lat' dir='ltr'><strong>qua</strong></span> <span class='ocrx_word' id='word_1_413' title='bbox 776 3384 1080 3440; x_wconf 87' lang='lat' dir='ltr'><strong>sanctiﬁcat</strong></span> <span class='ocrx_word' id='word_1_414' title='bbox 1107 3394 1163 3442; x_wconf 92' lang='lat' dir='ltr'><strong>et</strong></span> <span class='ocrx_word' id='word_1_415' title='bbox 1186 3386 1261 3442; x_wconf 91' lang='lat' dir='ltr'><strong>ita</strong></span> <span class='ocrx_word' id='word_1_416' title='bbox 1294 3389 1606 3458; x_wconf 75' lang='lat' dir='ltr'><strong>magniﬁcat</strong></span> <span class='ocrx_word' id='word_1_417' title='bbox 1632 3408 1751 3466; x_wconf 84' lang='lat' dir='ltr'><strong>nos.</strong></span> <span class='ocrx_word' id='word_1_418' title='bbox 1781 3394 1898 3450; x_wconf 77' lang='lat' dir='ltr'><strong>Noli</strong></span> <span class='ocrx_word' id='word_1_419' title='bbox 1941 3404 2068 3451; x_wconf 90' lang='lat' dir='ltr'><strong>ante</strong></span> <span class='ocrx_word' id='word_1_420' title='bbox 2102 3413 2215 3451; x_wconf 90' lang='lat' dir='ltr'><strong>ma-</strong></span> 
     </span>
    </p>
   </div>
   <div class='ocr_carea' id='block_1_64' title="bbox 635 3471 2219 3557">
    <p class='ocr_par' dir='ltr' id='par_1_64' title="bbox 635 3471 2219 3557">
     <span class='ocr_line' id='line_1_64' title="bbox 635 3471 2219 3557; baseline 0.011 -32"><span class='ocrx_word' id='word_1_421' title='bbox 635 3471 880 3542; x_wconf 85' lang='lat' dir='ltr'><strong>gniﬁcari</strong></span> <span class='ocrx_word' id='word_1_422' title='bbox 910 3491 1072 3545; x_wconf 89' lang='lat' dir='ltr'><strong>quam</strong></span> <span class='ocrx_word' id='word_1_423' title='bbox 1097 3478 1424 3535; x_wconf 88' lang='lat' dir='ltr'><strong>sanetiﬁcari</strong></span> <span class='ocrx_word' id='word_1_424' title='bbox 1453 3481 1602 3552; x_wconf 91' lang='lat' dir='ltr'><strong>(quia</strong></span> <span class='ocrx_word' id='word_1_425' title='bbox 1627 3485 1755 3539; x_wconf 88' lang='lat' dir='ltr'><strong>illud</strong></span> <span class='ocrx_word' id='word_1_426' title='bbox 1780 3494 1863 3541; x_wconf 90' lang='lat' dir='ltr'><strong>est</strong></span> <span class='ocrx_word' id='word_1_427' title='bbox 1888 3486 2094 3557; x_wconf 88' lang='lat' dir='ltr'><strong>ruere),</strong></span> <span class='ocrx_word' id='word_1_428' title='bbox 2122 3489 2219 3544; x_wconf 89' lang='lat' dir='ltr'><strong>sed</strong></span> 
     </span>
    </p>
   </div>
   <div class='ocr_carea' id='block_1_65' title="bbox 635 3564 2220 3649">
    <p class='ocr_par' dir='ltr' id='par_1_65' title="bbox 635 3564 2220 3649">
     <span class='ocr_line' id='line_1_65' title="bbox 635 3564 2220 3649; baseline 0.013 -35"><span class='ocrx_word' id='word_1_429' title='bbox 635 3569 762 3617; x_wconf 90' lang='lat' dir='ltr'><strong>ante</strong></span> <span class='ocrx_word' id='word_1_430' title='bbox 792 3565 1158 3635; x_wconf 86' lang='lat' dir='ltr'><strong>sanctiﬁcare,</strong></span> <span class='ocrx_word' id='word_1_431' title='bbox 1205 3579 1261 3624; x_wconf 90' lang='lat' dir='ltr'><strong>et</strong></span> <span class='ocrx_word' id='word_1_432' title='bbox 1305 3572 1378 3625; x_wconf 89' lang='lat' dir='ltr'><strong>ita</strong></span> <span class='ocrx_word' id='word_1_433' title='bbox 1419 3588 1450 3627; x_wconf 90' lang='lat' dir='ltr'><strong>a</strong></span> <span class='ocrx_word' id='word_1_434' title='bbox 1486 3574 1596 3629; x_wconf 90' lang='lat' dir='ltr'><strong>Deo</strong></span> <span class='ocrx_word' id='word_1_435' title='bbox 1622 3590 1729 3630; x_wconf 89' lang='lat' dir='ltr'><strong>non</strong></span> <span class='ocrx_word' id='word_1_436' title='bbox 1760 3592 1790 3631; x_wconf 90' lang='lat' dir='ltr'><strong>a</strong></span> <span class='ocrx_word' id='word_1_437' title='bbox 1826 3586 1878 3633; x_wconf 93' lang='lat' dir='ltr'><strong>te</strong></span> <span class='ocrx_word' id='word_1_438' title='bbox 1907 3564 2220 3649; x_wconf 83' lang='lat' dir='ltr'><strong>magniﬁca-</strong></span> 
     </span>
    </p>
   </div>
   <div class='ocr_carea' id='block_1_66' title="bbox 632 3649 1701 3708">
    <p class='ocr_par' dir='ltr' id='par_1_66' title="bbox 632 3649 1701 3708">
     <span class='ocr_line' id='line_1_66' title="bbox 632 3649 1701 3708; baseline 0.006 -3"><span class='ocrx_word' id='word_1_439' title='bbox 632 3649 803 3708; x_wconf 87' lang='lat' dir='ltr'><strong>heris.</strong></span> <span class='ocrx_word' id='word_1_440' title='bbox 1069 3673 1072 3677; x_wconf 69' lang='grc'><strong>’</strong></span> <span class='ocrx_word' id='word_1_441' title='bbox 1698 3654 1701 3655; x_wconf 59' lang='grc'><strong><em>⁷</em></strong></span> 
     </span>
    </p>
   </div>
   <div class='ocr_carea' id='block_1_67' title="bbox 639 3757 2217 3851">
    <p class='ocr_par' dir='ltr' id='par_1_67' title="bbox 639 3757 2217 3851">
     <span class='ocr_line' id='line_1_67' title="bbox 639 3757 2217 3851; baseline 0.016 -37"><span class='ocrx_word' id='word_1_442' title='bbox 639 3757 702 3847; x_wconf 25' lang='grc'><strong>7,</strong></span> <span class='ocrx_word' id='word_1_443' title='bbox 780 3765 976 3836; x_wconf 75' lang='lat' dir='ltr'><strong>A/ferte</strong></span> <span class='ocrx_word' id='word_1_444' title='bbox 1002 3769 1229 3827; x_wconf 90' lang='lat' dir='ltr'><strong>Domino</strong></span> <span class='ocrx_word' id='word_1_445' title='bbox 1255 3777 1441 3844; x_wconf 79' lang='lat' dir='ltr'><strong>patria:</strong></span> <span class='ocrx_word' id='word_1_446' title='bbox 1472 3780 1728 3849; x_wconf 88' lang='lat' dir='ltr'><strong>gentium,</strong></span> <span class='ocrx_word' id='word_1_447' title='bbox 1757 3782 1942 3851; x_wconf 75' lang='lat' dir='ltr'><strong>a/ferte</strong></span> <span class='ocrx_word' id='word_1_448' title='bbox 1991 3783 2217 3841; x_wconf 88' lang='lat' dir='ltr'><strong>Domino</strong></span> 
     </span>
    </p>
   </div>
   <div class='ocr_carea' id='block_1_68' title="bbox 846 3854 2009 3924">
    <p class='ocr_par' dir='ltr' id='par_1_68' title="bbox 846 3854 2009 3924">
     <span class='ocr_line' id='line_1_68' title="bbox 846 3854 2009 3924; baseline 0.025 -16"><span class='ocrx_word' id='word_1_449' title='bbox 846 3855 1068 3924; x_wconf 81' lang='lat' dir='ltr'><strong>gloriam</strong></span> <span class='ocrx_word' id='word_1_450' title='bbox 1091 3872 1138 3915; x_wconf 91' lang='lat' dir='ltr'><strong>et</strong></span> <span class='ocrx_word' id='word_1_451' title='bbox 1168 3854 1460 3923; x_wconf 82' lang='lat' dir='ltr'><strong>honorem:</strong></span> <span class='ocrx_word' id='word_1_452' title='bbox 2006 3864 2009 3869; x_wconf 10' lang='lat' dir='ltr'><strong>i</strong></span> 
     </span>
    </p>
   </div>
   <div class='ocr_carea' id='block_1_69' title="bbox 778 3945 1856 4033">
    <p class='ocr_par' dir='ltr' id='par_1_69' title="bbox 778 3945 1856 4033">
     <span class='ocr_line' id='line_1_69' title="bbox 778 3945 1856 4033; baseline 0.019 -35"><span class='ocrx_word' id='word_1_453' title='bbox 778 3945 1229 4031; x_wconf 75' lang='lat' dir='ltr'><strong>A/ferteDomino</strong></span> <span class='ocrx_word' id='word_1_454' title='bbox 1250 3955 1473 4027; x_wconf 85' lang='lat' dir='ltr'><strong>gloriam</strong></span> <span class='ocrx_word' id='word_1_455' title='bbox 1500 3962 1697 4016; x_wconf 88' lang='lat' dir='ltr'><strong>nomini</strong></span> <span class='ocrx_word' id='word_1_456' title='bbox 1720 3963 1856 4033; x_wconf 86' lang='lat' dir='ltr'><strong>ejus.</strong></span> 
     </span>
    </p>
   </div>
   <div class='ocr_carea' id='block_1_70' title="bbox 706 4034 2218 4124">
    <p class='ocr_par' dir='ltr' id='par_1_70' title="bbox 706 4034 2218 4124">
     <span class='ocr_line' id='line_1_70' title="bbox 706 4034 2218 4124; baseline 0.015 -35"><span class='ocrx_word' id='word_1_457' title='bbox 706 4034 747 4090; x_wconf 91' lang='lat' dir='ltr'><strong>C</strong></span> <span class='ocrx_word' id='word_1_458' title='bbox 783 4034 966 4093; x_wconf 86' lang='lat' dir='ltr'><strong>Patria</strong></span> <span class='ocrx_word' id='word_1_459' title='bbox 997 4041 1139 4097; x_wconf 83' lang='lat' dir='ltr'><strong>dicta</strong></span> <span class='ocrx_word' id='word_1_460' title='bbox 1169 4053 1273 4111; x_wconf 90' lang='lat' dir='ltr'><strong>est,</strong></span> <span class='ocrx_word' id='word_1_461' title='bbox 1315 4048 1471 4116; x_wconf 88' lang='lat' dir='ltr'><strong>quasi</strong></span> <span class='ocrx_word' id='word_1_462' title='bbox 1512 4052 1685 4119; x_wconf 89' lang='lat' dir='ltr'><strong>patris</strong></span> <span class='ocrx_word' id='word_1_463' title='bbox 1746 4052 1904 4107; x_wconf 89' lang='lat' dir='ltr'><strong>atria.</strong></span> <span class='ocrx_word' id='word_1_464' title='bbox 1938 4050 2218 4124; x_wconf 78' lang='lat' dir='ltr'><strong>Signiﬁcat</strong></span> 
     </span>
    </p>
   </div>
   <div class='ocr_carea' id='block_1_71' title="bbox 634 4124 2218 4211">
    <p class='ocr_par' dir='ltr' id='par_1_71' title="bbox 634 4124 2218 4211">
     <span class='ocr_line' id='line_1_71' title="bbox 634 4124 2218 4211; baseline 0.013 -32"><span class='ocrx_word' id='word_1_465' title='bbox 634 4124 779 4211; x_wconf 83' lang='lat' dir='ltr'><strong>enim</strong></span> <span class='ocrx_word' id='word_1_466' title='bbox 809 4129 983 4196; x_wconf 76' lang='lat' dir='ltr'><strong>patria</strong></span> <span class='ocrx_word' id='word_1_467' title='bbox 1018 4127 1255 4201; x_wconf 86' lang='lat' dir='ltr'><strong>gentium</strong></span> <span class='ocrx_word' id='word_1_468' title='bbox 1283 4151 1498 4192; x_wconf 91' lang='lat' dir='ltr'><strong>omnem</strong></span> <span class='ocrx_word' id='word_1_469' title='bbox 1525 4140 1933 4211; x_wconf 88' lang='lat' dir='ltr'><strong>generalitatem</strong></span> <span class='ocrx_word' id='word_1_470' title='bbox 1959 4143 2218 4198; x_wconf 82' lang='lat' dir='ltr'><strong>Christia-</strong></span> 
     </span>
    </p>
   </div>
   <div class='ocr_carea' id='block_1_72' title="bbox 637 4227 2218 4304">
    <p class='ocr_par' dir='ltr' id='par_1_72' title="bbox 637 4227 2218 4304">
     <span class='ocr_line' id='line_1_72' title="bbox 637 4227 2218 4304; baseline 0.013 -34"><span class='ocrx_word' id='word_1_471' title='bbox 637 4232 854 4285; x_wconf 87' lang='lat' dir='ltr'><strong>norum,</strong></span> <span class='ocrx_word' id='word_1_472' title='bbox 886 4239 1047 4291; x_wconf 88' lang='lat' dir='ltr'><strong>quam</strong></span> <span class='ocrx_word' id='word_1_473' title='bbox 1070 4227 1325 4285; x_wconf 89' lang='lat' dir='ltr'><strong>admonet</strong></span> <span class='ocrx_word' id='word_1_474' title='bbox 1352 4239 1414 4285; x_wconf 91' lang='lat' dir='ltr'><strong>ut</strong></span> <span class='ocrx_word' id='word_1_475' title='bbox 1439 4231 1668 4287; x_wconf 88' lang='lat' dir='ltr'><strong>Domino</strong></span> <span class='ocrx_word' id='word_1_476' title='bbox 1696 4234 1920 4304; x_wconf 76' lang='lat' dir='ltr'><strong>gloriam</strong></span> <span class='ocrx_word' id='word_1_477' title='bbox 1949 4234 2136 4290; x_wconf 84' lang='lat' dir='ltr'><strong>aﬁ‘erat</strong></span> <span class='ocrx_word' id='word_1_478' title='bbox 2163 4228 2218 4290; x_wconf 82' lang='lat' dir='ltr'><strong>et</strong></span> 
     </span>
    </p>
   </div>
   <div class='ocr_carea' id='block_1_73' title="bbox 635 4306 2214 4396">
    <p class='ocr_par' dir='ltr' id='par_1_73' title="bbox 635 4306 2214 4396">
     <span class='ocr_line' id='line_1_73' title="bbox 635 4306 2214 4396; baseline 0.014 -37"><span class='ocrx_word' id='word_1_479' title='bbox 635 4306 914 4366; x_wconf 88' lang='lat' dir='ltr'><strong>honorem.</strong></span> <span class='ocrx_word' id='word_1_480' title='bbox 945 4313 1191 4372; x_wconf 65' lang='lat' dir='ltr'><strong>Aﬁerunt</strong></span> <span class='ocrx_word' id='word_1_481' title='bbox 1216 4320 1402 4390; x_wconf 87' lang='lat' dir='ltr'><strong>utique</strong></span> <span class='ocrx_word' id='word_1_482' title='bbox 1434 4322 1660 4391; x_wconf 82' lang='lat' dir='ltr'><strong>gloriam</strong></span> <span class='ocrx_word' id='word_1_483' title='bbox 1697 4325 1899 4379; x_wconf 87' lang='lat' dir='ltr'><strong>nomini</strong></span> <span class='ocrx_word' id='word_1_484' title='bbox 1951 4324 2067 4395; x_wconf 84' lang='lat' dir='ltr'><strong>ejus</strong></span> <span class='ocrx_word' id='word_1_485' title='bbox 2123 4327 2214 4396; x_wconf 89' lang='lat' dir='ltr'><strong>qui</strong></span> 
     </span>
    </p>
   </div>
   <div class='ocr_carea' id='block_1_74' title="bbox 637 4399 2219 4473">
    <p class='ocr_par' dir='ltr' id='par_1_74' title="bbox 637 4399 2219 4473">
     <span class='ocr_line' id='line_1_74' title="bbox 637 4399 2219 4473; baseline 0.014 -24"><span class='ocrx_word' id='word_1_486' title='bbox 637 4399 814 4452; x_wconf 88' lang='lat' dir='ltr'><strong>studio</strong></span> <span class='ocrx_word' id='word_1_487' title='bbox 860 4401 1158 4461; x_wconf 83' lang='lat' dir='ltr'><strong>devotionis</strong></span> <span class='ocrx_word' id='word_1_488' title='bbox 1187 4416 1243 4462; x_wconf 89' lang='lat' dir='ltr'><strong>et</strong></span> <span class='ocrx_word' id='word_1_489' title='bbox 1288 4410 1444 4465; x_wconf 83' lang='lat' dir='ltr'><strong>bonae</strong></span> <span class='ocrx_word' id='word_1_490' title='bbox 1493 4413 1787 4469; x_wconf 88' lang='lat' dir='ltr'><strong>voluntatis</strong></span> <span class='ocrx_word' id='word_1_491' title='bbox 1816 4427 2219 4473; x_wconf 89' lang='lat' dir='ltr'><strong>commutantur</strong></span> 
     </span>
    </p>
   </div>
   <div class='ocr_carea' id='block_1_75' title="bbox 637 4485 2291 4579">
    <p class='ocr_par' dir='ltr' id='par_1_75' title="bbox 637 4485 2291 4579">
     <span class='ocr_line' id='line_1_75' title="bbox 637 4485 2291 4579; baseline 0.017 -41"><span class='ocrx_word' id='word_1_492' title='bbox 637 4485 692 4579; x_wconf 78' lang='lat' dir='ltr'><strong>in</strong></span> <span class='ocrx_word' id='word_1_493' title='bbox 723 4488 935 4556; x_wconf 85' lang='lat' dir='ltr'><strong>melius,</strong></span> <span class='ocrx_word' id='word_1_494' title='bbox 967 4503 1021 4547; x_wconf 91' lang='lat' dir='ltr'><strong>et</strong></span> <span class='ocrx_word' id='word_1_495' title='bbox 1051 4498 1567 4555; x_wconf 87' lang='lat' dir='ltr'><strong>consubstantialem</strong></span> <span class='ocrx_word' id='word_1_496' title='bbox 1596 4503 1916 4561; x_wconf 89' lang='lat' dir='ltr'><strong>Trinitatem</strong></span> <span class='ocrx_word' id='word_1_497' title='bbox 1959 4523 2059 4579; x_wconf 88' lang='lat' dir='ltr'><strong>per</strong></span> <span class='ocrx_word' id='word_1_498' title='bbox 2097 4525 2213 4564; x_wconf 85' lang='lat' dir='ltr'><strong>om-</strong></span> <span class='ocrx_word' id='word_1_499' title='bbox 2239 4519 2291 4577; x_wconf 75' lang='grc' dir='ltr'><strong>ι)</strong></span> 
     </span>
    </p>
   </div>
   <div class='ocr_carea' id='block_1_76' title="bbox 638 4573 2214 4664">
    <p class='ocr_par' dir='ltr' id='par_1_76' title="bbox 638 4573 2214 4664">
     <span class='ocr_line' id='line_1_76' title="bbox 638 4573 2214 4664; baseline 0.017 -37"><span class='ocrx_word' id='word_1_500' title='bbox 638 4573 729 4664; x_wconf 86' lang='lat' dir='ltr'><strong>nia</strong></span> <span class='ocrx_word' id='word_1_501' title='bbox 780 4578 1125 4636; x_wconf 87' lang='lat' dir='ltr'><strong>conﬁtentur.</strong></span> <span class='ocrx_word' id='word_1_502' title='bbox 1179 4585 1322 4641; x_wconf 89' lang='lat' dir='ltr'><strong>Laus</strong></span> <span class='ocrx_word' id='word_1_503' title='bbox 1351 4588 1496 4642; x_wconf 89' lang='lat' dir='ltr'><strong>enim</strong></span> <span class='ocrx_word' id='word_1_504' title='bbox 1540 4600 1597 4645; x_wconf 67' lang='lat' dir='ltr'><strong>et</strong></span> <span class='ocrx_word' id='word_1_505' title='bbox 1642 4594 1815 4648; x_wconf 90' lang='lat' dir='ltr'><strong>honor</strong></span> <span class='ocrx_word' id='word_1_506' title='bbox 1856 4605 1938 4650; x_wconf 87' lang='lat' dir='ltr'><strong>est</strong></span> <span class='ocrx_word' id='word_1_507' title='bbox 1959 4573 2214 4664; x_wconf 49' lang='lat' dir='ltr'><strong>homini,</strong></span> 
     </span>
    </p>
   </div>
   <div class='ocr_carea' id='block_1_77' title="bbox 636 4662 2217 4742">
    <p class='ocr_par' dir='ltr' id='par_1_77' title="bbox 636 4662 2217 4742">
     <span class='ocr_line' id='line_1_77' title="bbox 636 4662 2217 4742; baseline 0.015 -24"><span class='ocrx_word' id='word_1_508' title='bbox 636 4662 777 4719; x_wconf 85' lang='lat' dir='ltr'><strong>bona</strong></span> <span class='ocrx_word' id='word_1_509' title='bbox 805 4671 1145 4725; x_wconf 85' lang='lat' dir='ltr'><strong>conversatio</strong></span> <span class='ocrx_word' id='word_1_510' title='bbox 1175 4666 1351 4741; x_wconf 77' lang='lat' dir='ltr'><strong>servi,</strong></span> <span class='ocrx_word' id='word_1_511' title='bbox 1386 4678 1526 4733; x_wconf 87' lang='lat' dir='ltr'><strong>unde</strong></span> <span class='ocrx_word' id='word_1_512' title='bbox 1567 4678 1817 4736; x_wconf 77' lang='lat' dir='ltr'><strong>Salvator</strong></span> <span class='ocrx_word' id='word_1_513' title='bbox 1855 4685 1932 4739; x_wconf 87' lang='lat' dir='ltr'><strong>ait</strong></span> <span class='ocrx_word' id='word_1_514' title='bbox 1962 4703 1973 4738; x_wconf 94' lang='lat'><strong>:</strong></span> <span class='ocrx_word' id='word_1_515' title='bbox 2007 4686 2099 4741; x_wconf 84' lang='lat' dir='ltr'><strong>Sic</strong></span> <span class='ocrx_word' id='word_1_516' title='bbox 2137 4662 2217 4742; x_wconf 35' lang='lat' dir='ltr'><strong>lu;</strong></span> 
     </span>
    </p>
   </div>
   <div class='ocr_carea' id='block_1_78' title="bbox 636 4762 2213 4846">
    <p class='ocr_par' dir='ltr' id='par_1_78' title="bbox 636 4762 2213 4846">
     <span class='ocr_line' id='line_1_78' title="bbox 636 4762 2213 4846; baseline 0.015 -35"><span class='ocrx_word' id='word_1_517' title='bbox 636 4766 757 4812; x_wconf 80' lang='lat' dir='ltr'><strong>ceat</strong></span> <span class='ocrx_word' id='word_1_518' title='bbox 782 4762 1112 4830; x_wconf 84' lang='lat' dir='ltr'><strong>Operationis</strong></span> <span class='ocrx_word' id='word_1_519' title='bbox 1139 4764 1292 4819; x_wconf 79' lang='lat' dir='ltr'><strong>bona:</strong></span> <span class='ocrx_word' id='word_1_520' title='bbox 1324 4766 1415 4821; x_wconf 79' lang='lat' dir='ltr'><strong>lux</strong></span> <span class='ocrx_word' id='word_1_521' title='bbox 1454 4780 1636 4825; x_wconf 88' lang='lat' dir='ltr'><strong>vestra</strong></span> <span class='ocrx_word' id='word_1_522' title='bbox 1665 4788 1848 4828; x_wconf 87' lang='lat' dir='ltr'><strong>coram</strong></span> <span class='ocrx_word' id='word_1_523' title='bbox 1886 4770 2213 4846; x_wconf 84' lang='lat' dir='ltr'><strong>hominibus,</strong></span> 
     </span>
    </p>
   </div>
   <div class='ocr_carea' id='block_1_79' title="bbox 639 4849 2046 4943">
    <p class='ocr_par' dir='ltr' id='par_1_79' title="bbox 639 4849 2046 4943">
     <span class='ocr_line' id='line_1_79' title="bbox 639 4849 2046 4943; baseline 0.014 -42"><span class='ocrx_word' id='word_1_524' title='bbox 639 4858 697 4903; x_wconf 89' lang='lat' dir='ltr'><strong>ut</strong></span> <span class='ocrx_word' id='word_1_525' title='bbox 722 4849 1054 4919; x_wconf 87' lang='lat' dir='ltr'><strong>gloriﬁcetur</strong></span> <span class='ocrx_word' id='word_1_526' title='bbox 1081 4865 1234 4925; x_wconf 89' lang='lat' dir='ltr'><strong>pater</strong></span> <span class='ocrx_word' id='word_1_527' title='bbox 1260 4866 1442 4913; x_wconf 86' lang='lat' dir='ltr'><strong>vester</strong></span> <span class='ocrx_word' id='word_1_528' title='bbox 1466 4861 1519 4915; x_wconf 92' lang='lat' dir='ltr'><strong>in</strong></span> <span class='ocrx_word' id='word_1_529' title='bbox 1550 4862 1702 4919; x_wconf 86' lang='lat' dir='ltr'><strong>caelis</strong></span> <span class='ocrx_word' id='word_1_530' title='bbox 1730 4864 1945 4935; x_wconf 82' lang='lat' dir='ltr'><strong>(Matth.</strong></span> <span class='ocrx_word' id='word_1_531' title='bbox 1970 4870 2046 4943; x_wconf 77' lang='grc' dir='ltr'><strong>ν).</strong></span> 
     </span>
    </p>
   </div>
   <div class='ocr_carea' id='block_1_80' title="bbox 634 4958 1943 5047">
    <p class='ocr_par' dir='ltr' id='par_1_80' title="bbox 634 4958 1943 5047">
     <span class='ocr_line' id='line_1_80' title="bbox 634 4958 1943 5047; baseline 0.017 -37"><span class='ocrx_word' id='word_1_532' title='bbox 634 4959 667 5013; x_wconf 76' lang='grc'>8</span> <span class='ocrx_word' id='word_1_533' title='bbox 780 4958 966 5017; x_wconf 87' lang='lat' dir='ltr'><strong>Tollite</strong></span> <span class='ocrx_word' id='word_1_534' title='bbox 993 4963 1191 5020; x_wconf 79' lang='lat' dir='ltr'><strong>hostias</strong></span> <span class='ocrx_word' id='word_1_535' title='bbox 1220 4977 1268 5021; x_wconf 88' lang='lat' dir='ltr'><strong>et</strong></span> <span class='ocrx_word' id='word_1_536' title='bbox 1295 4968 1503 5025; x_wconf 86' lang='lat' dir='ltr'><strong>introite</strong></span> <span class='ocrx_word' id='word_1_537' title='bbox 1532 4973 1584 5026; x_wconf 85' lang='lat' dir='ltr'><strong>in</strong></span> <span class='ocrx_word' id='word_1_538' title='bbox 1615 4977 1753 5030; x_wconf 88' lang='lat' dir='ltr'><strong>atria</strong></span> <span class='ocrx_word' id='word_1_539' title='bbox 1791 4977 1943 5047; x_wconf 85' lang='lat' dir='ltr'><strong>ejus:</strong></span> 
     </span>
    </p>
   </div>
   <div class='ocr_carea' id='block_1_81' title="bbox 777 5051 1924 5137">
    <p class='ocr_par' dir='ltr' id='par_1_81' title="bbox 777 5051 1924 5137">
     <span class='ocr_line' id='line_1_81' title="bbox 777 5051 1924 5137; baseline 0.017 -34"><span class='ocrx_word' id='word_1_540' title='bbox 777 5051 1009 5109; x_wconf 78' lang='lat' dir='ltr'><strong>Adomte</strong></span> <span class='ocrx_word' id='word_1_541' title='bbox 1040 5057 1316 5114; x_wconf 83' lang='lat' dir='ltr'><strong>Dominum</strong></span> <span class='ocrx_word' id='word_1_542' title='bbox 1340 5061 1395 5115; x_wconf 87' lang='lat' dir='ltr'><strong>in</strong></span> <span class='ocrx_word' id='word_1_543' title='bbox 1424 5065 1560 5116; x_wconf 86' lang='lat' dir='ltr'><strong>atrio</strong></span> <span class='ocrx_word' id='word_1_544' title='bbox 1586 5078 1767 5121; x_wconf 83' lang='lat' dir='ltr'><strong>sancto</strong></span> <span class='ocrx_word' id='word_1_545' title='bbox 1790 5068 1924 5137; x_wconf 83' lang='lat' dir='ltr'><strong>ejus.</strong></span> 
     </span>
    </p>
   </div>
   <div class='ocr_carea' id='block_1_82' title="bbox 707 5161 2208 5250">
    <p class='ocr_par' dir='ltr' id='par_1_82' title="bbox 707 5161 2208 5250">
     <span class='ocr_line' id='line_1_82' title="bbox 707 5161 2208 5250; baseline 0.013 -33"><span class='ocrx_word' id='word_1_546' title='bbox 707 5161 746 5217; x_wconf 89' lang='lat' dir='ltr'>C</span> <span class='ocrx_word' id='word_1_547' title='bbox 784 5162 1018 5232; x_wconf 82' lang='lat' dir='ltr'><strong>Hostias,</strong></span> <span class='ocrx_word' id='word_1_548' title='bbox 1051 5168 1139 5223; x_wconf 91' lang='lat' dir='ltr'><strong>hic</strong></span> <span class='ocrx_word' id='word_1_549' title='bbox 1168 5171 1320 5235; x_wconf 87' lang='lat' dir='ltr'><strong>dicit,</strong></span> <span class='ocrx_word' id='word_1_550' title='bbox 1368 5176 1713 5232; x_wconf 52' lang='lat' dir='ltr'><strong>conscientia</strong></span> <span class='ocrx_word' id='word_1_551' title='bbox 1742 5195 1890 5250; x_wconf 71' lang='lat' dir='ltr'><strong>pura:</strong></span> <span class='ocrx_word' id='word_1_552' title='bbox 1931 5177 2208 5240; x_wconf 74' lang='lat' dir='ltr'><strong>libamina.</strong></span> 
     </span>
    </p>
   </div>
   <div class='ocr_carea' id='block_1_83' title="bbox 638 5252 2212 5326">
    <p class='ocr_par' dir='ltr' id='par_1_83' title="bbox 638 5252 2212 5326">
     <span class='ocr_line' id='line_1_83' title="bbox 638 5252 2212 5326; baseline 0.012 -19"><span class='ocrx_word' id='word_1_553' title='bbox 638 5252 789 5309; x_wconf 87' lang='lat' dir='ltr'><strong>Unde</strong></span> <span class='ocrx_word' id='word_1_554' title='bbox 820 5273 924 5312; x_wconf 91' lang='lat' dir='ltr'><strong>non</strong></span> <span class='ocrx_word' id='word_1_555' title='bbox 955 5263 1205 5326; x_wconf 83' lang='lat' dir='ltr'><strong>sanguis.</strong></span> <span class='ocrx_word' id='word_1_556' title='bbox 1253 5267 1349 5321; x_wconf 91' lang='lat' dir='ltr'><strong>scd</strong></span> <span class='ocrx_word' id='word_1_557' title='bbox 1390 5269 1491 5326; x_wconf 72' lang='lat' dir='ltr'><strong>nia:</strong></span> <span class='ocrx_word' id='word_1_558' title='bbox 1532 5271 1783 5326; x_wconf 52' lang='lat' dir='ltr'><strong>laetarum</strong></span> <span class='ocrx_word' id='word_1_559' title='bbox 1813 5284 2057 5326; x_wconf 87' lang='lat' dir='ltr'><strong>currunt.</strong></span> <span class='ocrx_word' id='word_1_560' title='bbox 2109 5276 2212 5326; x_wconf 88' lang='lat' dir='ltr'><strong>hoc</strong></span> 
     </span>
    </p>
   </div>
   <div class='ocr_carea' id='block_1_84' title="bbox 2321 3267 3881 3351">
    <p class='ocr_par' dir='ltr' id='par_1_84' title="bbox 2321 3267 3881 3351">
     <span class='ocr_line' id='line_1_84' title="bbox 2321 3267 3881 3351; baseline -0.002 -26"><span class='ocrx_word' id='word_1_561' title='bbox 2321 3270 2483 3326; x_wconf 86' lang='lat' dir='ltr'><strong>tionis</strong></span> <span class='ocrx_word' id='word_1_562' title='bbox 2518 3271 2657 3327; x_wconf 88' lang='lat' dir='ltr'><strong>dona</strong></span> <span class='ocrx_word' id='word_1_563' title='bbox 2693 3273 3048 3343; x_wconf 89' lang='lat' dir='ltr'><strong>susceperint.</strong></span> <span class='ocrx_word' id='word_1_564' title='bbox 3076 3272 3291 3351; x_wconf 73' lang='lat' dir='ltr'><strong>Omnia,</strong></span> <span class='ocrx_word' id='word_1_565' title='bbox 3330 3267 3746 3327; x_wconf 62' lang='lat' dir='ltr'><strong>universitatem</strong></span> <span class='ocrx_word' id='word_1_566' title='bbox 3769 3284 3881 3341; x_wconf 73' lang='lat' dir='ltr'><strong>ges-</strong></span> 
     </span>
    </p>
   </div>
   <div class='ocr_carea' id='block_1_85' title="bbox 2306 3363 2774 3441">
    <p class='ocr_par' dir='ltr' id='par_1_85' title="bbox 2306 3363 2774 3441">
     <span class='ocr_line' id='line_1_85' title="bbox 2306 3363 2774 3441; baseline -0.002 -23"><span class='ocrx_word' id='word_1_567' title='bbox 2306 3363 2453 3441; x_wconf 72' lang='lat' dir='ltr'><strong>tlum</strong></span> <span class='ocrx_word' id='word_1_568' title='bbox 2484 3363 2774 3436; x_wconf 86' lang='lat' dir='ltr'><strong>signiﬁcat.</strong></span> 
     </span>
    </p>
   </div>
   <div class='ocr_carea' id='block_1_86' title="bbox 2319 3470 3880 3547">
    <p class='ocr_par' dir='ltr' id='par_1_86' title="bbox 2319 3470 3880 3547">
     <span class='ocr_line' id='line_1_86' title="bbox 2319 3470 3880 3547; baseline -0.002 -21"><span class='ocrx_word' id='word_1_569' title='bbox 2319 3471 2387 3527; x_wconf 72' lang='grc'><strong>12</strong></span> <span class='ocrx_word' id='word_1_570' title='bbox 2463 3473 2606 3529; x_wconf 86' lang='lat' dir='ltr'><strong>Tunc</strong></span> <span class='ocrx_word' id='word_1_571' title='bbox 2635 3474 2969 3531; x_wconf 71' lang='lat' dir='ltr'><strong>exsultabunt</strong></span> <span class='ocrx_word' id='word_1_572' title='bbox 3004 3478 3180 3535; x_wconf 83' lang='lat' dir='ltr'><strong>omnia</strong></span> <span class='ocrx_word' id='word_1_573' title='bbox 3226 3475 3371 3547; x_wconf 81' lang='lat' dir='ltr'><strong>ligna</strong></span> <span class='ocrx_word' id='word_1_574' title='bbox 3412 3473 3671 3529; x_wconf 71' lang='lat' dir='ltr'><strong>siluarum</strong></span> <span class='ocrx_word' id='word_1_575' title='bbox 3708 3470 3880 3542; x_wconf 61' lang='lat' dir='ltr'><strong>a’fecie</strong></span> 
     </span>
    </p>
   </div>
   <div class='ocr_carea' id='block_1_87' title="bbox 2531 3563 3493 3636">
    <p class='ocr_par' dir='ltr' id='par_1_87' title="bbox 2531 3563 3493 3636">
     <span class='ocr_line' id='line_1_87' title="bbox 2531 3563 3493 3636; baseline 0.004 -19"><span class='ocrx_word' id='word_1_576' title='bbox 2531 3563 2745 3617; x_wconf 70' lang='lat' dir='ltr'><strong>Domini</strong></span> <span class='ocrx_word' id='word_1_577' title='bbox 2771 3566 2897 3636; x_wconf 78' lang='lat' dir='ltr'><strong>quia</strong></span> <span class='ocrx_word' id='word_1_578' title='bbox 2926 3566 3061 3619; x_wconf 85' lang='lat' dir='ltr'><strong>venit</strong></span> <span class='ocrx_word' id='word_1_579' title='bbox 3086 3577 3105 3616; x_wconf 90' lang='lat'><strong>.&#39;</strong></span> <span class='ocrx_word' id='word_1_580' title='bbox 3488 3617 3493 3621; x_wconf 89' lang='lat'><strong>.</strong></span> 
     </span>
    </p>
   </div>
   <div class='ocr_carea' id='block_1_88' title="bbox 2461 3653 3547 3726">
    <p class='ocr_par' dir='ltr' id='par_1_88' title="bbox 2461 3653 3547 3726">
     <span class='ocr_line' id='line_1_88' title="bbox 2461 3653 3547 3726; baseline 0.001 -19"><span class='ocrx_word' id='word_1_581' title='bbox 2461 3653 2819 3726; x_wconf 52' lang='lat' dir='ltr'><strong>)(Quoniam</strong></span> <span class='ocrx_word' id='word_1_582' title='bbox 2849 3656 2985 3709; x_wconf 85' lang='lat' dir='ltr'><strong>venit</strong></span> <span class='ocrx_word' id='word_1_583' title='bbox 3011 3671 3030 3709; x_wconf 88' lang='lat'><strong><em>:</em></strong></span> <span class='ocrx_word' id='word_1_584' title='bbox 3048 3654 3296 3724; x_wconf 85' lang='lat' dir='ltr'><strong>judicare</strong></span> <span class='ocrx_word' id='word_1_585' title='bbox 3326 3664 3547 3709; x_wconf 86' lang='lat' dir='ltr'><strong>terram.</strong></span> 
     </span>
    </p>
   </div>
   <div class='ocr_carea' id='block_1_89' title="bbox 2388 3744 3881 3811">
    <p class='ocr_par' dir='ltr' id='par_1_89' title="bbox 2388 3744 3881 3811">
     <span class='ocr_line' id='line_1_89' title="bbox 2388 3744 3881 3811; baseline -0.003 -12"><span class='ocrx_word' id='word_1_586' title='bbox 2388 3744 2429 3799; x_wconf 84' lang='lat' dir='ltr'><strong><em>C</em></strong></span> <span class='ocrx_word' id='word_1_587' title='bbox 2459 3744 2613 3798; x_wconf 88' lang='lat' dir='ltr'><strong>Tunc</strong></span> <span class='ocrx_word' id='word_1_588' title='bbox 2658 3745 3023 3811; x_wconf 84' lang='lat' dir='ltr'><strong>exsultabunt,</strong></span> <span class='ocrx_word' id='word_1_589' title='bbox 3075 3745 3128 3800; x_wconf 90' lang='lat' dir='ltr'><strong>id</strong></span> <span class='ocrx_word' id='word_1_590' title='bbox 3160 3754 3243 3801; x_wconf 88' lang='lat' dir='ltr'><strong>est</strong></span> <span class='ocrx_word' id='word_1_591' title='bbox 3283 3745 3339 3799; x_wconf 90' lang='lat' dir='ltr'><strong>in</strong></span> <span class='ocrx_word' id='word_1_592' title='bbox 3384 3746 3633 3801; x_wconf 87' lang='lat' dir='ltr'><strong>secundo</strong></span> <span class='ocrx_word' id='word_1_593' title='bbox 3672 3745 3881 3800; x_wconf 83' lang='lat' dir='ltr'><strong>adventu</strong></span> 
     </span>
    </p>
   </div>
   <div class='ocr_carea' id='block_1_90' title="bbox 2317 3834 3879 3906">
    <p class='ocr_par' dir='ltr' id='par_1_90' title="bbox 2317 3834 3879 3906">
     <span class='ocr_line' id='line_1_90' title="bbox 2317 3834 3879 3906; baseline -0.004 -15"><span class='ocrx_word' id='word_1_594' title='bbox 2317 3835 2537 3899; x_wconf 88' lang='lat' dir='ltr'><strong>Christi,</strong></span> <span class='ocrx_word' id='word_1_595' title='bbox 2580 3838 2795 3905; x_wconf 87' lang='lat' dir='ltr'><strong>quando</strong></span> <span class='ocrx_word' id='word_1_596' title='bbox 2834 3837 3177 3906; x_wconf 73' lang='lat' dir='ltr'><strong>judicaturus</strong></span> <span class='ocrx_word' id='word_1_597' title='bbox 3219 3846 3306 3892; x_wconf 89' lang='lat' dir='ltr'><strong>est</strong></span> <span class='ocrx_word' id='word_1_598' title='bbox 3349 3837 3638 3903; x_wconf 84' lang='lat' dir='ltr'><strong>mundum,</strong></span> <span class='ocrx_word' id='word_1_599' title='bbox 3671 3834 3879 3892; x_wconf 74' lang='lat' dir='ltr'><strong>exsulta-</strong></span> 
     </span>
    </p>
   </div>
   <div class='ocr_carea' id='block_1_91' title="bbox 2310 3908 3880 3998">
    <p class='ocr_par' dir='ltr' id='par_1_91' title="bbox 2310 3908 3880 3998">
     <span class='ocr_line' id='line_1_91' title="bbox 2310 3908 3880 3998; baseline -0.003 -20"><span class='ocrx_word' id='word_1_600' title='bbox 2310 3908 2453 3978; x_wconf 15' lang='lat' dir='ltr'><strong>Abunt</strong></span> <span class='ocrx_word' id='word_1_601' title='bbox 2477 3924 2658 3978; x_wconf 84' lang='lat' dir='ltr'><strong>omnia</strong></span> <span class='ocrx_word' id='word_1_602' title='bbox 2688 3924 2828 3995; x_wconf 84' lang='lat' dir='ltr'><strong>ligna</strong></span> <span class='ocrx_word' id='word_1_603' title='bbox 2855 3922 3135 3991; x_wconf 75' lang='lat' dir='ltr'><strong>silvarum,</strong></span> <span class='ocrx_word' id='word_1_604' title='bbox 3163 3925 3229 3979; x_wconf 86' lang='lat' dir='ltr'><strong>id‘</strong></span> <span class='ocrx_word' id='word_1_605' title='bbox 3254 3933 3337 3980; x_wconf 91' lang='lat' dir='ltr'><strong>est</strong></span> <span class='ocrx_word' id='word_1_606' title='bbox 3364 3935 3579 3995; x_wconf 87' lang='lat' dir='ltr'><strong>gentes,</strong></span> <span class='ocrx_word' id='word_1_607' title='bbox 3611 3941 3733 3998; x_wconf 72' lang='lat' dir='ltr'><strong>qua:</strong></span> <span class='ocrx_word' id='word_1_608' title='bbox 3750 3923 3880 3994; x_wconf 87' lang='lat' dir='ltr'><strong>prius</strong></span> 
     </span>
    </p>
   </div>
   <div class='ocr_carea' id='block_1_92' title="bbox 2318 4003 3876 4083">
    <p class='ocr_par' dir='ltr' id='par_1_92' title="bbox 2318 4003 3876 4083">
     <span class='ocr_line' id='line_1_92' title="bbox 2318 4003 3876 4083; baseline -0.004 -14"><span class='ocrx_word' id='word_1_609' title='bbox 2318 4004 2972 4081; x_wconf 76' lang='lat' dir='ltr'><strong>iuerantsteriles,velut</strong></span> <span class='ocrx_word' id='word_1_610' title='bbox 3018 4014 3162 4083; x_wconf 86' lang='lat' dir='ltr'><strong>ligna</strong></span> <span class='ocrx_word' id='word_1_611' title='bbox 3205 4003 3490 4079; x_wconf 73' lang='lat' dir='ltr'><strong>Silvarum,</strong></span> <span class='ocrx_word' id='word_1_612' title='bbox 3525 4014 3595 4069; x_wconf 90' lang='lat' dir='ltr'><strong>ad</strong></span> <span class='ocrx_word' id='word_1_613' title='bbox 3636 4013 3876 4069; x_wconf 80' lang='lat' dir='ltr'><strong>culturam</strong></span> 
     </span>
    </p>
   </div>
   <div class='ocr_carea' id='block_1_93' title="bbox 2318 4086 3880 4181">
    <p class='ocr_par' dir='ltr' id='par_1_93' title="bbox 2318 4086 3880 4181">
     <span class='ocr_line' id='line_1_93' title="bbox 2318 4086 3880 4181; baseline -0.004 -23"><span class='ocrx_word' id='word_1_614' title='bbox 2318 4086 2652 4159; x_wconf 63' lang='lat' dir='ltr'><strong>fructiferam</strong></span> <span class='ocrx_word' id='word_1_615' title='bbox 2683 4102 2811 4181; x_wconf 80' lang='lat' dir='ltr'><strong>tunc</strong></span> <span class='ocrx_word' id='word_1_616' title='bbox 2838 4104 3132 4173; x_wconf 76' lang='lat' dir='ltr'><strong>perductae,</strong></span> <span class='ocrx_word' id='word_1_617' title='bbox 3159 4110 3288 4157; x_wconf 88' lang='lat' dir='ltr'><strong>ante</strong></span> <span class='ocrx_word' id='word_1_618' title='bbox 3315 4102 3513 4158; x_wconf 78' lang='lat' dir='ltr'><strong>faciem</strong></span> <span class='ocrx_word' id='word_1_619' title='bbox 3547 4102 3760 4158; x_wconf 85' lang='lat' dir='ltr'><strong>Domini</strong></span> <span class='ocrx_word' id='word_1_620' title='bbox 3785 4113 3880 4154; x_wconf 84' lang='lat' dir='ltr'><strong>ma-</strong></span> 
     </span>
    </p>
   </div>
   <div class='ocr_carea' id='block_1_94' title="bbox 2305 4188 3872 4266">
    <p class='ocr_par' dir='ltr' id='par_1_94' title="bbox 2305 4188 3872 4266">
     <span class='ocr_line' id='line_1_94' title="bbox 2305 4188 3872 4266; baseline -0.003 -19"><span class='ocrx_word' id='word_1_621' title='bbox 2305 4210 2424 4264; x_wconf 73' lang='lat' dir='ltr'><strong>gno</strong></span> <span class='ocrx_word' id='word_1_622' title='bbox 2444 4188 2450 4193; x_wconf 63' lang='grc'><em>”</em></span> <span class='ocrx_word' id='word_1_623' title='bbox 2470 4188 2672 4266; x_wconf 83' lang='lat' dir='ltr'><strong>gaudio</strong></span> <span class='ocrx_word' id='word_1_624' title='bbox 2697 4203 2826 4248; x_wconf 80' lang='lat' dir='ltr'><strong>sunt</strong></span> <span class='ocrx_word' id='word_1_625' title='bbox 2859 4194 3133 4249; x_wconf 73' lang='lat' dir='ltr'><strong>lzntaturze.</strong></span> <span class='ocrx_word' id='word_1_626' title='bbox 3165 4192 3431 4259; x_wconf 81' lang='lat' dir='ltr'><strong>Quoniam</strong></span> <span class='ocrx_word' id='word_1_627' title='bbox 3451 4194 3634 4249; x_wconf 90' lang='lat' dir='ltr'><strong>venit:</strong></span> <span class='ocrx_word' id='word_1_628' title='bbox 3665 4210 3758 4265; x_wconf 90' lang='lat' dir='ltr'><strong>per</strong></span> <span class='ocrx_word' id='word_1_629' title='bbox 3786 4192 3872 4247; x_wconf 86' lang='lat' dir='ltr'><strong>hoc</strong></span> 
     </span>
    </p>
   </div>
   <div class='ocr_carea' id='block_1_95' title="bbox 2318 4283 3876 4355">
    <p class='ocr_par' dir='ltr' id='par_1_95' title="bbox 2318 4283 3876 4355">
     <span class='ocr_line' id='line_1_95' title="bbox 2318 4283 3876 4355; baseline -0.004 -15"><span class='ocrx_word' id='word_1_630' title='bbox 2318 4284 2471 4340; x_wconf 84' lang='lat' dir='ltr'><strong>illum</strong></span> <span class='ocrx_word' id='word_1_631' title='bbox 2502 4299 2600 4339; x_wconf 90' lang='lat' dir='ltr'><strong>nos</strong></span> <span class='ocrx_word' id='word_1_632' title='bbox 2626 4285 2917 4339; x_wconf 88' lang='lat' dir='ltr'><strong>adventum</strong></span> <span class='ocrx_word' id='word_1_633' title='bbox 2950 4292 3159 4337; x_wconf 88' lang='lat' dir='ltr'><strong>tantum</strong></span> <span class='ocrx_word' id='word_1_634' title='bbox 3195 4284 3366 4339; x_wconf 89' lang='lat' dir='ltr'><strong>voluit</strong></span> <span class='ocrx_word' id='word_1_635' title='bbox 3391 4283 3722 4355; x_wconf 89' lang='lat' dir='ltr'><strong>intelligere,</strong></span> <span class='ocrx_word' id='word_1_636' title='bbox 3739 4293 3876 4351; x_wconf 85' lang='lat' dir='ltr'><strong>quem</strong></span> 
     </span>
    </p>
   </div>
   <div class='ocr_carea' id='block_1_96' title="bbox 2318 4373 3879 4445">
    <p class='ocr_par' dir='ltr' id='par_1_96' title="bbox 2318 4373 3879 4445">
     <span class='ocr_line' id='line_1_96' title="bbox 2318 4373 3879 4445; baseline -0.004 -16"><span class='ocrx_word' id='word_1_637' title='bbox 2318 4376 2495 4431; x_wconf 89' lang='lat' dir='ltr'><strong>adhuc</strong></span> <span class='ocrx_word' id='word_1_638' title='bbox 2524 4375 2798 4431; x_wconf 90' lang='lat' dir='ltr'><strong>noscimur</strong></span> <span class='ocrx_word' id='word_1_639' title='bbox 2824 4384 3159 4445; x_wconf 77' lang='lat' dir='ltr'><strong>exspectare.</strong></span> <span class='ocrx_word' id='word_1_640' title='bbox 3191 4374 3236 4429; x_wconf 84' lang='grc' dir='ltr'><strong>Η</strong></span> <span class='ocrx_word' id='word_1_641' title='bbox 3270 4374 3397 4429; x_wconf 89' lang='lat' dir='ltr'><strong>Ideo</strong></span> <span class='ocrx_word' id='word_1_642' title='bbox 3426 4384 3580 4430; x_wconf 85' lang='lat' dir='ltr'><strong>certe</strong></span> <span class='ocrx_word' id='word_1_643' title='bbox 3607 4375 3716 4430; x_wconf 86' lang='lat' dir='ltr'><strong>ista</strong></span> <span class='ocrx_word' id='word_1_644' title='bbox 3755 4373 3879 4443; x_wconf 79' lang='lat' dir='ltr'><strong>ligna</strong></span> 
     </span>
    </p>
   </div>
   <div class='ocr_carea' id='block_1_97' title="bbox 2320 4451 3873 4539">
    <p class='ocr_par' dir='ltr' id='par_1_97' title="bbox 2320 4451 3873 4539">
     <span class='ocr_line' id='line_1_97' title="bbox 2320 4451 3873 4539; baseline 0 -20"><span class='ocrx_word' id='word_1_645' title='bbox 2320 4451 2661 4536; x_wconf 80' lang='lat' dir='ltr'><strong>gaudebunt,</strong></span> <span class='ocrx_word' id='word_1_646' title='bbox 2713 4464 2995 4539; x_wconf 77' lang='lat' dir='ltr'><strong>quianon</strong></span> <span class='ocrx_word' id='word_1_647' title='bbox 3047 4475 3174 4535; x_wconf 83' lang='lat' dir='ltr'><strong>sunt</strong></span> <span class='ocrx_word' id='word_1_648' title='bbox 3218 4463 3453 4519; x_wconf 81' lang='lat' dir='ltr'><strong>obnoxia</strong></span> <span class='ocrx_word' id='word_1_649' title='bbox 3506 4459 3873 4519; x_wconf 83' lang='lat' dir='ltr'><strong>combustioni;</strong></span> 
     </span>
    </p>
   </div>
   <div class='ocr_carea' id='block_1_98' title="bbox 2316 4548 3878 4625">
    <p class='ocr_par' dir='ltr' id='par_1_98' title="bbox 2316 4548 3878 4625">
     <span class='ocr_line' id='line_1_98' title="bbox 2316 4548 3878 4625; baseline -0.001 -16"><span class='ocrx_word' id='word_1_650' title='bbox 2316 4565 2632 4625; x_wconf 79' lang='lat' dir='ltr'><strong>peccatores</strong></span> <span class='ocrx_word' id='word_1_651' title='bbox 2661 4556 2806 4609; x_wconf 88' lang='lat' dir='ltr'><strong>enim</strong></span> <span class='ocrx_word' id='word_1_652' title='bbox 2852 4548 3042 4609; x_wconf 85' lang='lat' dir='ltr'><strong>subdet</strong></span> <span class='ocrx_word' id='word_1_653' title='bbox 3074 4554 3283 4623; x_wconf 66' lang='lat' dir='ltr'><strong>poenis;</strong></span> <span class='ocrx_word' id='word_1_654' title='bbox 3318 4552 3500 4622; x_wconf 84' lang='lat' dir='ltr'><strong>justas</strong></span> <span class='ocrx_word' id='word_1_655' title='bbox 3541 4552 3783 4624; x_wconf 71' lang='lat' dir='ltr'><strong>praemiis</strong></span> <span class='ocrx_word' id='word_1_656' title='bbox 3808 4565 3878 4607; x_wconf 76' lang='lat' dir='ltr'><strong>re-</strong></span> 
     </span>
    </p>
   </div>
   <div class='ocr_carea' id='block_1_99' title="bbox 2313 4632 3191 4725">
    <p class='ocr_par' dir='ltr' id='par_1_99' title="bbox 2313 4632 3191 4725">
     <span class='ocr_line' id='line_1_99' title="bbox 2313 4632 3191 4725; baseline 0 -25"><span class='ocrx_word' id='word_1_657' title='bbox 2313 4640 2624 4725; x_wconf 72' lang='lat' dir='ltr'><strong>tnunerabit</strong></span> <span class='ocrx_word' id='word_1_658' title='bbox 2664 4646 2901 4700; x_wconf 65' lang='lat' dir='ltr'><strong>aeternis.</strong></span> <span class='ocrx_word' id='word_1_659' title='bbox 3186 4632 3191 4637; x_wconf 61' lang='grc'><strong>’</strong></span> 
     </span>
    </p>
   </div>
   <div class='ocr_carea' id='block_1_100' title="bbox 2304 4755 3499 4833">
    <p class='ocr_par' dir='ltr' id='par_1_100' title="bbox 2304 4755 3499 4833">
     <span class='ocr_line' id='line_1_100' title="bbox 2304 4755 3499 4833; baseline 0.001 -17"><span class='ocrx_word' id='word_1_660' title='bbox 2304 4758 2381 4816; x_wconf 75' lang='grc'><strong>’15</strong></span> <span class='ocrx_word' id='word_1_661' title='bbox 2430 4755 2721 4833; x_wconf 70' lang='grc' dir='ltr'><strong>’.Ιαιιιίξσαὺὶι</strong></span> <span class='ocrx_word' id='word_1_662' title='bbox 2744 4762 2917 4816; x_wconf 83' lang='lat' dir='ltr'><strong>orbem</strong></span> <span class='ocrx_word' id='word_1_663' title='bbox 2940 4772 3092 4830; x_wconf 80' lang='lat' dir='ltr'><strong>terra:</strong></span> <span class='ocrx_word' id='word_1_664' title='bbox 3120 4763 3173 4818; x_wconf 88' lang='lat' dir='ltr'><strong>in</strong></span> <span class='ocrx_word' id='word_1_665' title='bbox 3201 4762 3449 4832; x_wconf 71' lang='lat' dir='ltr'><strong>aquitate</strong></span> <span class='ocrx_word' id='word_1_666' title='bbox 3479 4778 3499 4817; x_wconf 71' lang='grc' dir='ltr'><strong><em>ε</em></strong></span> 
     </span>
    </p>
   </div>
   <div class='ocr_carea' id='block_1_101' title="bbox 2432 4842 3251 4930">
    <p class='ocr_par' dir='ltr' id='par_1_101' title="bbox 2432 4842 3251 4930">
     <span class='ocr_line' id='line_1_101' title="bbox 2432 4842 3251 4930; baseline 0.005 -27"><span class='ocrx_word' id='word_1_667' title='bbox 2558 4853 2777 4923; x_wconf 76' lang='lat' dir='ltr'><strong>papulas</strong></span> <span class='ocrx_word' id='word_1_668' title='bbox 2807 4854 2861 4908; x_wconf 91' lang='lat' dir='ltr'><strong>in</strong></span> <span class='ocrx_word' id='word_1_669' title='bbox 2882 4856 3101 4923; x_wconf 65' lang='lat' dir='ltr'><strong>ueritate</strong></span> <span class='ocrx_word' id='word_1_670' title='bbox 3131 4872 3251 4910; x_wconf 86' lang='lat' dir='ltr'><strong>sua.</strong></span> 
     </span>
    </p>
   </div>
   <div class='ocr_carea' id='block_1_102' title="bbox 2385 4956 3877 5036">
    <p class='ocr_par' dir='ltr' id='par_1_102' title="bbox 2385 4956 3877 5036">
     <span class='ocr_line' id='line_1_102' title="bbox 2385 4956 3877 5036; baseline -0.001 -24"><span class='ocrx_word' id='word_1_671' title='bbox 2385 4956 2572 5036; x_wconf 76' lang='lat' dir='ltr'><strong>Primo</strong></span> <span class='ocrx_word' id='word_1_672' title='bbox 2603 4960 2755 5016; x_wconf 84' lang='lat' dir='ltr'><strong>venit</strong></span> <span class='ocrx_word' id='word_1_673' title='bbox 2779 4968 2839 5015; x_wconf 90' lang='lat' dir='ltr'><strong>ut</strong></span> <span class='ocrx_word' id='word_1_674' title='bbox 2874 4959 3181 5030; x_wconf 84' lang='lat' dir='ltr'><strong>judicetur,‘</strong></span> <span class='ocrx_word' id='word_1_675' title='bbox 3202 4971 3388 5034; x_wconf 89' lang='lat' dir='ltr'><strong>postea</strong></span> <span class='ocrx_word' id='word_1_676' title='bbox 3433 4964 3695 5020; x_wconf 71' lang='lat' dir='ltr'><strong>ventante</strong></span> <span class='ocrx_word' id='word_1_677' title='bbox 3726 4966 3801 5015; x_wconf 78' lang='lat' dir='ltr'><strong>est</strong></span> <span class='ocrx_word' id='word_1_678' title='bbox 3829 4964 3877 5009; x_wconf 82' lang='lat' dir='ltr'><strong>ut</strong></span> 
     </span>
    </p>
   </div>
   <div class='ocr_carea' id='block_1_103' title="bbox 2309 5048 3475 5118">
    <p class='ocr_par' dir='ltr' id='par_1_103' title="bbox 2309 5048 3475 5118">
     <span class='ocr_line' id='line_1_103' title="bbox 2309 5048 3475 5118; baseline 0.005 -15"><span class='ocrx_word' id='word_1_679' title='bbox 2309 5048 2535 5118; x_wconf 74' lang='lat' dir='ltr'><strong>judiect.</strong></span> <span class='ocrx_word' id='word_1_680' title='bbox 2940 5057 2944 5063; x_wconf 82' lang='grc'><em>’</em></span> <span class='ocrx_word' id='word_1_681' title='bbox 3470 5076 3475 5079; x_wconf 59' lang='grc' dir='ltr'><em>ι</em></span> 
     </span>
    </p>
   </div>
   <div class='ocr_carea' id='block_1_104' title="bbox 2774 5181 3435 5222">
    <p class='ocr_par' dir='ltr' id='par_1_104' title="bbox 2774 5181 3435 5222">
     <span class='ocr_line' id='line_1_104' title="bbox 2774 5181 3435 5222; baseline -0.002 -1"><span class='ocrx_word' id='word_1_682' title='bbox 2774 5181 2972 5222; x_wconf 70' lang='lat' dir='ltr'><strong>ORATIO</strong></span> <span class='ocrx_word' id='word_1_683' title='bbox 3009 5183 3078 5221; x_wconf 71' lang='grc' dir='ltr'><strong>ΕΙ</strong></span> <span class='ocrx_word' id='word_1_684' title='bbox 3118 5182 3264 5222; x_wconf 68' lang='grc' dir='ltr'><strong>ιιεΑι.</strong></span> <span class='ocrx_word' id='word_1_685' title='bbox 3305 5182 3435 5221; x_wconf 72' lang='lat' dir='ltr'><strong>XCV.</strong></span> 
     </span>
    </p>
   </div>
   <div class='ocr_carea' id='block_1_105' title="bbox 2383 5267 3875 5326">
    <p class='ocr_par' dir='ltr' id='par_1_105' title="bbox 2383 5267 3875 5326">
     <span class='ocr_line' id='line_1_105' title="bbox 2383 5267 3875 5326; baseline -0.001 0"><span class='ocrx_word' id='word_1_686' title='bbox 2383 5268 2581 5326; x_wconf 69' lang='lat' dir='ltr'><strong>Factbr</strong></span> <span class='ocrx_word' id='word_1_687' title='bbox 2611 5267 2731 5326; x_wconf 62' lang='lat' dir='ltr'><strong>caeli</strong></span> <span class='ocrx_word' id='word_1_688' title='bbox 2773 5288 2829 5326; x_wconf 70' lang='lat' dir='ltr'><strong>et</strong></span> <span class='ocrx_word' id='word_1_689' title='bbox 2868 5268 3045 5326; x_wconf 64' lang='lat' dir='ltr'><strong>terrm-</strong></span> <span class='ocrx_word' id='word_1_690' title='bbox 3093 5290 3306 5326; x_wconf 69' lang='lat' dir='ltr'><strong>rrentnr</strong></span> <span class='ocrx_word' id='word_1_691' title='bbox 3337 5281 3482 5326; x_wconf 62' lang='lat' dir='ltr'><strong>Dens</strong></span> <span class='ocrx_word' id='word_1_692' title='bbox 3521 5294 3680 5326; x_wconf 70' lang='lat' dir='ltr'><strong>autem</strong></span> <span class='ocrx_word' id='word_1_693' title='bbox 3716 5270 3875 5326; x_wconf 71' lang='lat' dir='ltr'><strong>omnis</strong></span> 
     </span>
    </p>
   </div>
  </div>
