3986 5412
165 299 274 357 353

694 407 1011 466 PSALMUS
1052 409 1229 467 XCVI.

585 538 950 580 ARGUIENTUI
991 541 1136 580 PSAL.
1176 542 1322 582 XCVI.

231 632 274 688 c
304 631 576 704 Propaeta
621 636 688 690 de
732 636 908 706 primo
939 623 1141 692 Christi
1186 641 1416 693 adventu
1469 642 1617 706 dicit,
1656 646 1749 699 ait-

159 738 393 776 monens
432 723 624 779 ﬁdeles
662 725 717 780 in
750 741 816 780 eo
860 727 1027 781 lauari
1051 767 1065 794 ,
1108 737 1163 781 et
1207 730 1490 800 increpans
1523 748 1618 789 eos
1655 736 1746 804 qui

161 814 306 867 idola
335 825 689 871 venerantur.
1105 835 1108 838 ‘

158 904 270 958 TT.
325 903 576 963 Psalmus
608 923 672 964 +
711 910 810 964 insi
838 910 1008 992 David
1053 926 1070 963 :
1105 915 1315 981 quando
1344 924 1484 969 terra
1522 917 1636 985 ejus
1664 933 1745 970 re-

661 995 668 1000 ’
815 991 996 1034 stituta
1025 993 1118 1034 εει.

227 1063 270 1118 C
302 1064 473 1120 Terra
503 1065 696 1131 David,
737 1082 866 1123 caro
913 1069 1118 1124 Christi
1144 1079 1248 1136 est,
1291 1088 1408 1140 quae
1438 1082 1559 1142 post
1587 1089 1747 1144 sopo-

157 1168 273 1207 rem
322 1156 518 1210 mortis
564 1155 679 1226 lege
708 1159 979 1211 communi
1014 1170 1314 1215 restaurata
1345 1172 1428 1218 est
1471 1165 1526 1218 in
1572 1165 1742 1235 gloria

157 1262 390 1302 mttnere
427 1249 689 1319 singulari
734 1247 1171 1307 resurrectionis.
1215 1254 1310 1309 Vel
1355 1265 1525 1320 certe,
1571 1266 1738 1322 terra,

156 1348 242 1391 est
273 1338 534 1402 Ecclesia,
562 1341 614 1396 id
635 1350 716 1396 est
755 1357 951 1413 corpus
970 1344 1174 1400 Christi
1201 1342 1514 1418 mysticum,
1541 1366 1740 1415 omnes,

155 1429 355 1482 scilicet
380 1430 583 1496 ﬁdeles.

158 1539 184 1592 ι
310 1540 574 1596 Dominus
609 1547 856 1614 regnarit,
881 1548 1100 1601 exsultet
1132 1558 1270 1602 terra
1294 1567 1312 1604 .'

304 1631 579 1687 Latenlur
600 1637 786 1688 insuer
809 1638 1008 1692 multae.
1108 1643 1112 1646 ’

228 1721 271 1777 C
299 1722 562 1780 Dominus
590 1729 849 1797 regnavit,
879 1730 1000 1798 quis
1031 1746 1158 1801 ergo
1188 1733 1326 1785 alter
1352 1732 1607 1788 colendus
1632 1743 1732 1798 est,

159 1813 266 1866 nisi
300 1813 390 1868 ille
435 1816 526 1884 qui
571 1817 720 1872 solus
758 1821 1102 1888 cognoscitur
1139 1823 1451 1898 imperare?
1494 1824 1740 1881 Exsultet

158 1910 328 1969 terra,
363 1903 416 1959 id
455 1915 538 1960 est
576 1921 748 1976 genus
793 1909 1110 1975 humanum,
1154 1913 1205 1965 in
1253 1928 1349 1967 sua
1374 1917 1734 1983 reparatione.

155 1991 438 2048 laetentur
462 1996 671 2060 insulze,
702 1998 752 2051 id
778 2007 861 2053 est
887 2001 1130 2055 ecclesia:
1150 2003 1414 2071 gentium.
1444 2004 1582 2058 Dicit
1610 2020 1740 2062 vero

156 2081 340 2136 multa:
374 2098 477 2138 non
507 2099 720 2150 omnes,
752 2097 973 2157 prepter
1002 2089 1286 2145 haereticos
1311 2092 1630 2162 pravitates.

154 2185 192 2239 2
311 2188 490 2242 Nubes
518 2199 566 2244 et
589 2191 756 2260 caligo
781 2193 834 2246 in
860 2193 1080 2248 circuitu
1112 2196 1225 2264 ejus
1255 2207 1274 2245 .'

296 2276 518 2332 Iustitia
547 2290 595 2333 et
615 2281 880 2349 judicium
907 2287 1159 2338 correctio
1183 2287 1321 2340 sedis
1359 2289 1496 2357 ejus.

223 2365 267 2421 C
292 2367 350 2421 ln
381 2368 484 2423 hoc
525 2384 708 2434 versu,
732 2371 909 2440 qualis
937 2372 1008 2426 sit
1046 2373 1304 2430 Dominus
1333 2378 1511 2447 impiis
1541 2379 1624 2435 vel
1652 2396 1733 2436 re-

151 2453 362 2524 ligiosis
402 2467 672 2512 narratur.
706 2459 998 2518 Nubilosus
1023 2471 1077 2516 et
1119 2465 1447 2534 caliginosus
1473 2478 1556 2522 est
1588 2469 1733 2525 inde-

149 2544 316 2609 votis,
349 2545 474 2598 dum
513 2547 798 2604 tenebrosa
829 2553 991 2606 corda
1036 2553 1192 2608 nulla
1215 2555 1462 2611 claritate
1493 2553 1733 2628 resplen-

149 2635 298 2688 dcnt.
329 2634 546 2691 Justitia
585 2654 714 2693 vero
743 2649 798 2695 et
823 2641 1106 2709 judicium,
1135 2644 1218 2698 his
1247 2647 1336 2714 qui
1370 2647 1423 2700 in
1455 2663 1577 2701 eum
1608 2665 1734 2703 cre-

150 2724 306 2789 dunt,
340 2733 394 2779 et
420 2729 577 2782 sedes
615 2729 733 2798 ejus
757 2729 891 2784 ellici
934 2744 1276 2800 meruerunt;
1318 2735 1408 2812 qui
1442 2736 1578 2791 bene
1609 2755 1730 2793 cor-

147 2812 321 2866 rectio
358 2824 642 2880 vocantur,
689 2817 816 2886 quia
857 2821 1124 2889 pravitate
1165 2825 1335 2890 exuti,
1382 2837 1435 2878 et
1480 2827 1633 2893 recti,
1678 2836 1729 2883 et

148 2899 246 2954 Dei
277 2902 434 2958 sedes
463 2903 588 2959 lacti
622 2916 770 2960 sunt.

157 2989 232 3062 5]
301 2991 451 3062 Ignis
476 3006 597 3050 ante
623 2998 794 3065 ipsum
821 3002 1075 3068 prtrcedet
1099 3019 1118 3055 :

289 3077 360 3134 Et
389 3082 736 3150 inﬂammabit
762 3087 816 3139 in
845 3089 1067 3142 circuitu
1089 3091 1327 3145 inimicos
1355 3093 1488 3162 ejus.
1752 3116 1799 3178 ε

213 3169 259 3226 C
284 3171 424 3226 Ante
450 3175 743 3229 adventum
772 3175 985 3233 Domini
1023 3180 1162 3249 ignis
1186 3183 1479 3250 praecessit,
1507 3185 1724 3252 quando

147 3275 179 3313 ι
208 3263 595 3331 prmdieatione
625 3265 1009 3335 prophetarum
1053 3262 1217 3325 corda
1270 3272 1565 3327 infidelium
1611 3273 1721 3330 fre-

148 3363 424 3419 muerunt,
455 3354 531 3409 ita
559 3366 640 3422 ut,
671 3358 865 3412 ardore
895 3361 1185 3415 iracundiae
1205 3363 1471 3426 succensi,
1496 3365 1561 3418 de
1588 3380 1754 3433 pra:-'

146 3443 445 3502 dieantium
488 3461 622 3501 nece
667 3457 980 3504 tractarent.
1012 3451 1079 3505 Et
1109 3452 1480 3517 inllammabit,
1514 3455 1723 3510 scilicet

148 3531 341 3602 impios
367 3534 628 3589 adversus
649 3536 869 3591 electos.
894 3539 952 3592 In
976 3539 1227 3603 circuitu,
1255 3541 1380 3609 quia
1408 3542 1532 3595 dum
1561 3544 1719 3612 pauci

144 3636 329 3678 essent
352 3625 532 3690 electi,
570 3636 691 3680 erat
729 3628 1164 3685 adversariorum
1192 3632 1534 3687 circumdatis
1564 3633 1722 3688 innu-

144 3714 420 3769 merabilis
448 3715 760 3774 multitudo.

145 3823 179 3878 ι
290 3826 600 3881 Alluxerunt
627 3827 846 3899 fulgura
876 3831 989 3900 ejus
1020 3832 1132 3886 orbi
1162 3841 1314 3888 terra:
1337 3847 1356 3886 :

294 3914 432 3969 Vidit
462 3926 512 3970 et
543 3929 802 3973 commota
825 3933 897 3975 est
925 3933 1085 3977 terra.

210 4005 253 4058 C
283 4005 604 4062 Alluxerunt
653 4008 865 4078 fulgura
907 4011 1042 4080 ejus,
1093 4013 1143 4066 id
1186 4025 1267 4068 est
1309 4016 1717 4085 prcedicationes

143 4094 524 4164 prophetarum
553 4098 635 4150 vel
669 4100 934 4155 miracula
963 4113 1293 4157 sanctorum.
1327 4104 1605 4160 Commota
1636 4116 1718 4162 est

146 4193 308 4250 terra,
336 4187 440 4242 hoc
468 4198 552 4243 est
581 4193 783 4246 terreni
814 4197 1087 4262 perterriti
1119 4197 1169 4249 in
1201 4198 1438 4251 novitate
1463 4200 1716 4267 prmdiea-

147 4276 320 4340 tionis,
369 4288 428 4333 ut
479 4297 540 4336 se
590 4283 951 4354 intelligerent
1001 4288 1142 4342 idola
1191 4290 1465 4344 insensata
1512 4291 1712 4358 colere,

145 4365 263 4421 dum
291 4369 554 4426 haberent
579 4374 910 4431 adorabilem
939 4394 1207 4433 summum
1234 4382 1565 4437 Creatorem.
1711 4386 1715 4390 ’

151 4471 182 4527 5
293 4476 500 4533 Montes
527 4483 656 4537 sicut
685 4501 806 4539 cera
835 4488 1102 4556 ﬂuxerunt
1129 4508 1159 4543 a
1190 4492 1325 4559 facie
1353 4492 1610 4547 Domini:

278 4567 350 4635 Χ
378 4569 423 4620 Α
459 4571 594 4638 [acie
619 4571 833 4627 Domini
867 4579 883 4646 ζ
916 4579 1084 4632 omnis
1107 4589 1266 4632 terra.
1299 4561 1305 4570 I
1373 4569 1377 4573 ’
1413 4587 1416 4589 “
1517 4567 1520 4570 ’

206 4653 249 4708 C
275 4655 487 4713 Montes
512 4658 800 4728 ﬂuxerunt,
826 4665 926 4720 hoc
951 4675 1052 4731 est,
1079 4677 1322 4736 potentes
1349 4665 1506 4738 hujus
1536 4673 1716 4727 seculi

146 4745 359 4812 cognito
389 4746 614 4806 Domino
644 4753 910 4808 humiliati
943 4765 1087 4810 sunt.
1127 4756 1317 4812 Omnis
1352 4769 1515 4824 terra,
1550 4761 1602 4814 id
1636 4771 1719 4816 est

145 4843 444 4914 potestates
475 4841 672 4907 saeculi,
700 4845 895 4914 pagani
936 4860 1030 4900 seu
1075 4847 1332 4912 hmretici,
1363 4851 1476 4920 qui,
1517 4849 1585 4902 ab
1619 4853 1708 4906 er-

146 4939 263 4980 rore
306 4929 484 4982 vocati
531 4946 561 4984 a
609 4933 858 4999 Domino,
909 4936 1231 4993 damnantes
1278 4941 1710 5010 superstitiosum

147 5024 327 5069 votum
371 5031 559 5085 suum,
607 5026 774 5095 magis
830 5025 1072 5080 divinum
1109 5028 1314 5097 eligunt
1371 5028 1556 5085 subire
1599 5045 1712 5085 ser-

147 5103 356 5160 vitium.

176 5196 207 5249 ϐ
277 5200 724 5262 Annuntiaverunt
759 5207 876 5262 caeli
900 5207 1165 5276 justitiam
1195 5210 1350 5279 ejus:

277 5288 353 5342 Et
379 5292 605 5350 viderunt
633 5317 806 5357 omnes
831 5300 1018 5369 populi
1044 5301 1260 5370 gloriam
1291 5306 1430 5375 ejus.

205 5379 244 5412 r
273 5379 413 5412 Γωιῖ
464 5391 670 5412 ...λιμὴν
707 5410 734 5412 ..
776 5395 787 5412 ι
815 5392 1101 5412 ____.___|2-_._
1153 5410 1162 5412 _
1412 5406 1472 5412 .__

464 5399 670 5412 ΠᾎΛΑΙΑΙῚ
707 5410 734 5412 __

1387 307 1747 364 EXPOSlTlO
1783 308 2226 367 PSALMORUM.
2787 380 2794 385 _

1773 421 1820 498 Α
1850 419 2005 472 solet.
2041 421 2166 485 Vel,
2213 435 2269 477 ut
2297 425 2512 492 quidam
2556 427 2760 494 volunt,
2810 429 3058 487 viderunt
3086 433 3333 505 gloriam,
3367 439 3422 494 id

1744 4454 1795 4512 D

3316 315 3422 374 δελ

1854 520 1934 564 est
1965 510 2235 567 Christum
2266 517 2355 583 qui
2383 528 2466 571 est
2493 518 2660 588 gloria
2681 520 2876 577 Patr's.

1853 599 1884 652 7
2000 599 2403 670 Confundantur
2429 624 2602 661 omnes
2629 613 2717 678 qui
2753 614 2977 666 adorant
3007 616 3267 685 sculptilia
3292 635 3312 674 :

1991 688 2094 754 Qui
2117 690 2413 758 gloriantur
2441 696 2495 748 in
2525 698 2820 752 simulacris
2848 703 2978 756 suis.

1918 780 1958 834 C
1989 781 2238 852 Increpat
2269 791 2355 841 hic
2400 789 2634 844 cultores
2665 792 2948 848 idolorum.
2989 795 3190 851 ldolum
3219 799 3420 857 dictum

1848 880 1953 934 est,
1985 876 2125 941 quod
2150 878 2322 945 ipsum
2351 879 2420 932 sit
2450 879 2652 945 dolum,
2686 883 2736 935 id
2765 894 2845 937 est
2872 885 3146 942 hominum
3185 889 3423 946 falsitate

1848 978 2137 1031 repertum.
2182 967 2565 1032 Simulacrum,
2606 987 2633 1024 a
2663 974 2993 1029 simulatione
3016 995 3168 1032 sacra
3199 996 3420 1050 compo-

1846 1053 2027 1116 situm,
2053 1070 2116 1108 eo
2146 1057 2284 1124 quod
2317 1056 2420 1112 illis
2443 1060 2596 1113 detur
2621 1061 2792 1114 honor
2819 1062 3044 1119 alienus.
3072 1067 3161 1122 Sic
3190 1079 3419 1138 utraque

1847 1144 2096 1214 fugienda
2149 1148 2385 1216 ipsorum
2423 1151 2705 1205 nominum
2754 1154 3201 1223 interpretatione
3242 1160 3422 1214 decla-

1844 1245 2053 1289 rantur.

1843 1325 1876 1380 8
1984 1327 2214 1382 Adorate
2247 1347 2382 1395 eum,
2418 1348 2593 1386 omnes
2623 1335 2792 1405 angeli
2819 1335 2933 1404 ejus
2957 1352 2976 1389 :

1987 1419 2200 1472 Audiuit
2226 1430 2273 1473 et
2304 1421 2480 1474 (relata
2503 1433 2575 1476 est
2606 1423 2758 1478 Sion.

1911 1507 1952 1562 C
1987 1507 2167 1564 Bonus
2215 1512 2357 1565 enim
2399 1514 2624 1581 angelus
2671 1516 2855 1570 adoret
2898 1516 3090 1580 Deum,
3133 1518 3224 1586 qui
3268 1527 3414 1574 recto

1843 1600 2006 1655 corde
2046 1617 2201 1655 suum
2232 1606 2510 1674 cognoscit
2537 1616 2838 1672 auctorem,
2873 1607 3054 1665 nee'se
3082 1610 3149 1664 ab
3180 1611 3416 1665 homini-

1841 1690 1944 1744 bus
1970 1693 2183 1748 adorari
2215 1696 2509 1763 permittit;
2538 1701 2630 1752 sed
2662 1699 2836 1753 malus
2863 1702 3084 1770 angelus
3113 1715 3171 1754 se
3199 1701 3416 1754 adorari

1769 1765 1812 1824 Β
1840 1782 2038 1852 satagit
2085 1784 2268 1854 (Apoc.
2307 1787 2441 1854 XIX).
2494 1789 2712 1843 Audivit
2749 1791 2900 1857 Sion,
2938 1765 3009 1846 vid
3038 1802 3140 1858 est,
3177 1792 3418 1846 Ecclesia

1833 1871 2102 1926 catholica
2133 1889 2270 1942 puro
2298 1875 2679 1944 cordejadicia
2709 1880 2916 1933 Domini
2943 1882 3273 1951 percepit.et
3298 1883 3418 1937 ideo

1841 1968 2017 2013 .zetata
2047 1969 2144 2014 est.
2173 1961 2310 2016 Nam
2346 1965 2435 2032 qui
2469 1969 2688 2021 verbum
2722 1969 2813 2023 Dei
2848 1969 3068 2024 subdola
3112 1980 3291 2023 mente
3317 1986 3414 2022 au-

1840 2047 1936 2110 dit,
1976 2049 2099 2116 quia
2139 2061 2323 2104 contra
2364 2054 2697 2109 voluntatem
2735 2073 2886 2112 suam
2933 2059 3075 2128 quod
3111 2075 3218 2114 non
3247 2059 3418 2114 credit

1839 2135 2007 2198 audit,
2042 2137 2209 2192 tristis
2238 2140 2477 2194 abscedit
2507 2142 2718 2212 (Matth.
2750 2147 2849 2215 tv).

1839 2223 1872 2278 9
1981 2225 2047 2278 Et
2083 2227 2471 2285 cxsultaverunt
2498 2233 2626 2300 ﬁlim
2649 2234 2806 2288 Iuda:
2826 2275 2840 2289 .

1979 2311 2203 2383 Propter
2217 2317 2427 2384 judicia
2455 2318 2568 2382 tua,
2601 2319 2842 2376 Domine.

1911 2401 1951 2456 C
1990 2402 2143 2458 Filia:
2187 2403 2337 2460 Iuda:
2373 2408 2681 2475 signiﬁcant
2720 2411 3006 2480 religiosas
3037 2422 3249 2469 mentes
3287 2431 3414 2486 pro-

1836 2490 2102 2562 batasque
2145 2509 2438 2562 personas;
2481 2515 2600 2567 quae
2649 2501 2768 2554 ideo
2798 2503 2919 2556 lilia:
2963 2502 3114 2558 ludas
3135 2505 3408 2570 dicuntur,

1833 2583 2084 2650 quoniam
2110 2584 2327 2640 Christo
2353 2588 2597 2644 confiteri
2629 2598 2684 2644 et
2717 2593 2937 2647 credere
2980 2595 3286 2649 maluerunt
3317 2598 3410 2666 qui

1832 2685 1900 2724 ex
1942 2671 2078 2725 .luda
2126 2673 2422 2729 descendit.
2474 2677 2702 2747 Propter
2742 2679 2977 2746 judicia,
3025 2683 3233 2738 scilicet
3282 2686 3409 2753 quia

1835 2762 2111 2816 tristitiam
2144 2778 2426 2818 servorum
2464 2775 2679 2822 tuorum
2725 2772 2996 2826 convertis
3043 2773 3095 2826 in
3133 2775 3407 2842 gaudium,

1832 2861 1886 2906 et
1916 2856 2210 2921 superbum
2255 2857 2334 2911 eis
2377 2858 2648 2913 diabolum
2678 2861 2899 2917 virtutis
2945 2863 3252 2920 humilitate
3286 2880 3410 2935 pro-

1831 2945 2050 2998 sternis.
2650 2983 2652 2988 ι
3202 3030 3206 3032 Π

1832 3035 1899 3089 10
1954 3036 2236 3102 Quoniam
2280 3049 2337 3094 tu
2380 3041 2642 3097 Dominus
2692 3043 2978 3100 altissimus
3017 3063 3174 3116 super
3204 3064 3406 3102 onmem

2038 3140 2232 3184 terram
2253 3145 2273 3182 ἔ

1973 3217 2145 3274 Nimis
2174 3222 2437 3276 exaltatus
2466 3240 2518 3276 es
2548 3241 2704 3293 super
2732 3241 2908 3280 omnes
2938 3227 3082 3280 deos.

1895 3310 1936 3365 C
1969 3311 2136 3366 Terra
2182 3315 2289 3380 hic,
2339 3324 2684 3382 peccatores;
2734 3317 2882 3381 deos,
2927 3317 3104 3385 justos
3155 3319 3403 3372 homines

1824 3400 2082 3456 debemus
2119 3405 2420 3458 advertere.
2467 3405 2572 3459 Per
2615 3406 2730 3460 hare
2768 3407 2913 3460 enim
2961 3409 3086 3472 duo,
3137 3407 3407 3477 signiﬁcat

1822 3491 2098 3547 Christum
2126 3503 2179 3548 et
2214 3495 2444 3550 terrenis
2473 3496 2740 3551 creaturis
2782 3503 2837 3550 et
2876 3497 3187 3551 caelestibus
3237 3497 3403 3564 impe-

1823 3599 1966 3638 rare.

1823 3676 1881 3729 Η
1964 3674 2067 3740 Qui
2093 3675 2312 3744 diligitis
2341 3676 2643 3743 Dominum,
2675 3680 2816 3733 adite
2840 3677 3036 3732 malum
3058 3691 3078 3728 :

1963 3765 2200 3821 Custodit
2218 3766 2540 3824 +Dominus
2574 3770 2590 3838 ζ
2622 3770 2826 3823 animas
2846 3779 3400 3823 sanctorumsuorum:

2038 3860 2100 3912 de
2127 3875 2285 3913 manu
2315 3871 2641 3928 peccatorum
2673 3861 2911 3915 liberabit
2937 3878 3044 3915 eos.
3399 3857 3403 3867 ’

1883 3943 1930 4003 ’(1
1957 3948 2054 4003 llic
2079 3949 2249 4004 honos
2277 3950 2566 4018 alloquitur
2593 3942 2647 4005 et
2676 3951 2878 4013 fideles,
2897 3957 2968 4004 'ut
2995 3967 3024 4004 a
3053 3950 3254 4004 malitia
3285 3951 3395 4004 dia-

1822 4038 1930 4093 boli
1965 4049 2337 4109 segregentar.
2367 4041 2486 4110 Ipse
2517 4041 2662 4097 enim
2686 4040 2810 4108 jure
2851 4042 3050 4096 dicitur
3076 4041 3264 4104 malus,
3297 4053 3395 4108 per

1820 4145 1980 4198 quem
2018 4133 2166 4185 venit
2201 4145 2361 4186 omne
2403 4133 2624 4186 malum.
2657 4133 2722 4186 Et
2750 4149 2817 4188 ne
2846 4135 2967 4201 quis
3011 4133 3281 4187 diabolum
3329 4132 3398 4185 ti-

1819 4223 2043 4277 muisset
2086 4222 2383 4286 offendere,
2413 4224 2696 4290 sequitur:
2727 4224 2963 4278 custodit
2995 4224 3256 4278 Dominus
3284 4224 3398 4277 ani-

1818 4327 1936 4368 mas
1961 4324 2289 4369 sanctorum.
2319 4314 2535 4369 Liberat
2559 4316 2723 4369 etiam
2751 4319 2963 4371 animas
2991 4317 3058 4371 de
3083 4333 3244 4371 manu
3269 4332 3396 4387 pec-

1821 4413 2088 4469 catorum,
2123 4404 2338 4473 quando
2363 4421 2453 4460 eas
2481 4421 2585 4460 non
2623 4406 2750 4461 sinit
2780 4407 2955 4475 aliqua
2981 4409 3246 4475 pravitate
3270 4408 3404 4462 sub-‘

1825 4495 1983 4548 verti.
2013 4494 2089 4550 Ne
2112 4511 2242 4551 vero
2262 4497 2549 4551 Dominum
2573 4512 2801 4566 corpora
2827 4506 3136 4551 sanctorum
3165 4513 3195 4551 a
3222 4499 3396 4567 poenis

1822 4587 2096 4676 custodire
2114 4587 2442 4657 intelligeres
2470 4587 2581 4659 (qui
2604 4590 2804 4656 passim
2831 4589 2998 4643 tradit
3017 4590 3082 4643 ad
3107 4602 3314 4658 poenas,
3339 4597 3398 4678 ut

1821 4663 2148 4750 martyribus
2170 4682 2354 4734 reddat
2372 4681 2643 4749 coronas),
2668 4681 2824 4745 dixit,
2843 4680 3050 4734 animas
3062 4669 3395 4734 sanctorum.

1823 4768 1889 4822 12
1961 4767 2080 4823 Lua:
2102 4782 2215 4825 orta
2241 4779 2314 4824 est
2338 4773 2487 4840 justo
2519 4787 2536 4824 :
3397 4765 3400 4768 ’

1964 4858 2029 4911 Et
2061 4861 2211 4913 rectis
2237 4861 2392 4913 corde
2418 4860 2623 4914 lwtitia.

1888 4947 1930 5003 C
1958 4946 2112 5002 Justo
2133 4949 2264 5004 dicit
2291 4958 2467 5003 ortam
2495 4963 2615 5002 esse
2641 4949 2842 5013 lucem,
2877 4947 2929 5000 id
2955 4953 3039 4998 est
3067 4941 3399 4999 verissimam

1821 5038 2003 5103 ﬁdem,
2032 5048 2092 5092 ut
2114 5040 2449 5095 illuminatus
2479 5039 2604 5094 talia
2635 5041 2830 5100 credat
2855 5053 2973 5108 qure
3002 5050 3130 5125 eum
3158 5032 3222 5125 ad
3249 5026 3406 5125 ςςξιο·

1819 5145 1938 5184 rum
1971 5144 2138 5198 regna
2182 5129 2508 5197 perducant.
2552 5127 2753 5187 Rectis
2787 5130 2948 5183 corde
2988 5123 3165 5177 oritur
3193 5116 3403 5175 lzetitia;

1815 5220 2032 5290 quando
2059 5221 2169 5274 Deo
2197 5228 2497 5288 prmstante
2533 5217 2676 5277 talia
2712 5227 2903 5292 gerunt
2939 5226 3060 5283 quin
3091 5209 3190 5265 sibi
3227 5200 3402 5273 ιποῖιι-

1815 5319 1936 5362 tura
1965 5315 2315 5381 cognoscunt.

1822 5400 1881 5412 ι-
1967 5397 1990 5412 ν
2058 5409 2065 5412 .
2165 5400 2175 5410 ι
2221 5398 2232 5407 ο
2291 5396 2301 5406 ³
2381 5400 2412 5412 ,ι
2474 5400 2484 5412 ο
2560 5396 2598 5412 ἢ
