3986 5412
577 242 683 321 333

1503 200 1575 317 s7
1604 242 1948 316 numerus
1986 244 2526 315 HERBIPOLENSIS
2559 244 2859 316 EPISCOPI

3715 249 3833 307 558

577 384 768 439 laetari.
793 380 1131 437 Conﬁtentur
1150 360 1282 449 justi
1322 354 1634 430 memoriam
1670 376 1977 431 sanctitatis
2002 375 2136 442 ejus,
2168 379 2223 437 Α
2316 374 2357 429 C
2387 375 2636 437 Juhilate,
2662 352 2885 435 dictum,
2912 351 2998 426 est
3022 352 3144 425 cum
3176 352 3369 440 magna
3399 365 3745 423 delectatione
3770 368 3832 421 in

576 474 790 543 quando
819 474 871 526 in
904 472 994 526 illo
1035 485 1201 540 regno
1227 476 1488 539 perpetuo
1528 466 1731 522 fuerint
1764 466 2037 530 collocati,
2066 481 2151 520 rc-

2252 461 2505 532 gaudium
2534 460 2683 515 vocis
2702 459 2970 529 prosilire.
3006 458 3194 517 Omnis
3222 466 3367 512 terra
3388 488 3407 521 .
3436 456 3678 526 designat
3699 455 3829 509 uni-

573 565 856 619 cordantes
890 563 956 617 de
999 570 1204 632 quanta
1238 559 1390 615 clade
1421 558 1580 629 hujus
1625 558 1808 613 seaculi
1849 558 1959 613 Deo
1996 558 2137 611 mise

2250 563 2462 615 versam
2500 547 2817 603 Ecclesiam.
2868 546 3121 612 Cantare,
3164 554 3250 600 est
3293 544 3471 600 otIicio
3497 544 3609 600 oris
3645 544 3829 598 laudes

573 662 728 707 rante
752 661 880 706 sunt
903 650 1188 707 subtracti.

1023 757 1218 797 ORATIO
1252 757 1322 795 EI
1360 756 1511 795 PSAL.
1553 756 1699 795 XCVI.

639 855 834 909 Custos
862 854 1165 908 animarum
1191 865 1521 918 sanctarum,
1550 858 1714 917 Deus,
1746 853 1898 919 cujus
1922 866 2146 921 regnum

567 955 652 999 est
701 961 829 1013 pars
878 944 1115 1014 perfecta
1164 942 1470 1011 justorum,
1530 942 1768 997 concede
1832 941 2147 1011 prophetias

567 1035 1011 1106 evangelicasque
1089 1035 1497 1091 coruscationes
1560 1033 1870 1104 pectoribus
1946 1030 2193 1103 nostris.
2248 1040 2253 1044 ‘

569 1125 766 1187 inseri,
817 1134 871 1179 et
910 1125 955 1178 si
997 1125 1125 1194 quid
1167 1132 1251 1178 est
1312 1123 1587 1177 obtectum
1639 1121 1905 1175 velamine
1944 1120 2145 1189 prisco,

567 1212 771 1283 Spiritu
821 1223 1021 1276 sancto
1060 1215 1333 1267 revelante
1383 1212 1670 1282 pandatur.
1717 1212 1821 1266 Per
1859 1212 2146 1266 Dominum

565 1312 813 1357 nostrum
842 1302 1024 1357 Iesum
1051 1301 1326 1357 Christum
1363 1302 1583 1365 Filium,
1612 1309 1719 1355 etc.

1073 1411 1391 1466 PSALMUS
1430 1410 1651 1466 XCVII.»

980 1516 1341 1557 ARGUMENTUI
1380 1516 1527 1554 PSAL.
1568 1515 1733 1554 XCVII.

634 1612 677 1668 C
706 1612 977 1683 Propheta
1006 1621 1317 1668 commonet
1341 1610 1597 1681 populum
1627 1609 1994 1665 Christianum
2021 1624 2146 1664 can-

2249 654 2581 711 personare;
2614 639 2904 705 exsultare,
2933 653 3053 693 cum
3083 651 3277 707 magno
3303 649 3489 690 amore
3516 633 3679 689 animi
3700 644 3827 693 vcta

2250 730 2529 785 declarare
2565 746 2580 796 ;
2629 729 2894 799 psallere,
2944 716 3101 785 bouis
3139 727 3392 797 cperibus
3434 725 3532 782 Dei
3576 724 3828 780 mandata

2248 819 2537 891 complere.

2249 911 2281 963 7
2392 910 2610 965 Psallite
2652 908 2875 963 Domino
2917 909 2975 963 in
3023 907 3264 973 cithara,
3316 918 3378 958 -t-
3403 905 3459 958 in
3500 902 3697 957 citltara
3726 903 3745 971 ζ
3779 910 3828 953 et

2501 1019 2620 1057 race
2657 1001 2845 1071 psalmi
2868 1014 2887 1052 :
3728 1014 3731 1015 '

2387 1092 2453 1146 In
2474 1093 2611 1147 tubis
2636 1106 2701 1146 -t—
2723 1090 3003 1145 ductilibus
3034 1088 3052 1156 ζ
3084 1098 3131 1143 et
3166 1104 3288 1142 voce
3316 1086 3455 1142 tuba:
3476 1101 3695 1139 corneae.

2319 1182 2366 1239 Ii
2401 1182 2587 1238 Psallit
2608 1181 2835 1237 Domino
2867 1181 2920 1235 in
2940 1181 3151 1236 cithara
3178 1179 3268 1247 qui
3295 1177 3549 1233 omnibus
3569 1174 3825 1230 membris

2247 1285 2309 1331 se
2335 1282 2542 1328 castum
2569 1269 2861 1339 praebuerit
2886 1284 2901 1334 ;
2938 1283 3044 1322 non
3086 1275 3264 1338 potest
3290 1274 3470 1320 autem
3499 1277 3622 1318 esse
3663 1276 3825 1317 sonus

2247 1364 2469 1419 cithara:
2490 1361 2779 1433 perfectus,
2821 1360 2866 1415 si
2893 1374 3000 1414 una
3027 1360 3229 1414 chorda
3260 1356 3493 1412 defuerit
3518 1372 3535 1422 δ
3563 1355 3643 1410 sic
3663 1354 3825 1406 etiam

2247 1456 2428 1519 homo,
2457 1455 2503 1510 si
2528 1469 2637 1509 uno
2657 1452 2871 1511 crimini
2902 1450 3118 1520 capitali
3149 1448 3468 1518 subjacebit,
3504 1461 3612 1500 non
3638 1443 3821 1513 psallit

2247 1545 2477 1599 Domino
2502 1544 2557 1597 in
2586 1544 2822 1609 cithara,
2866 1541 2991 1611 quia
3021 1555 3127 1594 una
3155 1538 3360 1593 chorda
3386 1539 3558 1598 deest,
3607 1547 3703 1587 nec
3745 1538 3825 1585 est

2245 1632 2519 1703 perfectus
2551 1633 2775 1688 citharae
2809 1645 2993 1686 sonus.
3041 1629 3083 1683 C
3124 1628 3239 1682 Vox
3285 1624 3478 1695 psalmi
3512 1637 3725 1694 quoque
3756 1623 3822 1675 ad

568 1702 661 1792 “ei
689 1703 814 1757 ¹¹⁰γί
856 1703 1217 1759 exsultatione
1256 1701 1450 1769 lmlari'
1493 1700 1710 1770 quando
1748 1699 2013 1755 mirabilis
2056 1705 2141 1755 θδί
2170 1724 2215 1784 Β
2242 1699 2604 1779 laudationem
2634 1723 2869 1779 divinam
2897 1720 3149 1792 pertinet.
3176 1717 3340 1772 Tuba:
3369 1716 3621 1780 ductiles,
3652 1714 3817 1782 signi-

560 1791 763 1847 Christi
792 1807 1082 1848 concessus
1110 1792 1398 1845 adventus.

910 1882 1017 1935 TT.
1048 1878 1292 1934 I’salmus
1317 1894 1377 1935 αι-
1411 1881 1509 1950 ipsi
1532 1880 1702 1935 David
1764 1895 1782 1934 :

561 1972 587 2027 Ι
700 1971 921 2027 Cantale
951 1971 1174 2024 Domino
1200 1971 1458 2024 canticum
1490 1985 1677 2023 novum
1700 1982 1719 2020 :

701 2061 839 2126 Quia
869 2058 1129 2113 mirabilia
1160 2060 1301 2130 fecit.

627 2149 669 2205 C
695 2148 877 2204 Novus
919 2150 1062 2204 enim
1109 2151 1270 2203 homo
1309 2157 1530 2204 cantare
1560 2148 1719 2203 debet
1747 2146 2013 2202 canticum
2041 2156 2138 2200 no-‘

555 2252 705 2303 vum,
739 2253 842 2292 non
890 2237 980 2291 ille
1026 2246 1291 2303 vetustus,
1343 2238 1434 2306 qui
1478 2236 1707 2291 necdum
1751 2236 1880 2291 Adae
1917 2247 2136 2305 peccata

556 2326 830 2395 deponens
855 2327 907 2380 in
936 2327 1016 2381 eis
1042 2336 1372 2394 perseverat.
1419 2327 1621 2382 Novum
1649 2328 1919 2382 canticum
1944 2338 2030 2383 est
2071 2327 2136 2381 d°

557 2417 768 2473 Domini
807 2419 1186 2474 lncarnatione
1226 2433 1452 2473 narrare
1498 2419 1580 2473 vel
1626 2427 1867 2473 cantare.
1908 2417 2115 2472 Novum

556 2506 681 2575 quia
724 2522 999 2576 nunquam
1033 2506 1235 2575 aliquid
1268 2506 1442 2560 simile
1485 2505 1714 2560 mundus
1741 2505 1961 2559 audivit.
1988 2503 2142 2559 Fecit

554 2597 845 2663 mirabilia,
873 2597 1091 2665 quando
1124 2596 1283 2651 caecis
1312 2596 1514 2662 lumen,
1541 2595 1747 2652 claudis
1775 2610 2021 2666 gressum
2047 2594 2140 2648 do-

556 2688 726 2742 navit.

553 2776 609 2829 2»
697 2776 929 2832 Salravit
950 2777 1048 2831 sibi
1069 2778 1283 2833 dextera
1305 2779 1420 2847 ejus
1435 2792 1454 2830 :

699 2866 765 2919 Et
799 2869 1067 2923 brachium
1092 2880 1331 2923 sanctum
1366 2871 1501 2939 ejus.

625 2953 674 3008 Η
709 2955 959 3013 Christus
998 2958 1167 3023 enim,
1218 2958 1443 3014 dextera
1483 2967 1538 3014 et
1584 2959 1867 3014 brachium
1917 2961 2135 3018 dicitur.

554 3040 788 3100 Dextera
815 3061 919 3116 pro
959 3048 1176 3111 virtute,
1208 3049 1488 3103 brachium
1518 3066 1614 3120 pro
1641 3052 1837 3106 robore
1872 3052 1962 3107 hic
1988 3053 2139 3123 poni-
2164 3070 2211 3132 ε

556 3144 666 3192 tur.
714 3138 831 3208 Ipse
854 3140 1083 3195 salvavit
1110 3141 1386 3196 hominem
1414 3142 1637 3197 dextera
1663 3157 1760 3197 sua
1798 3144 1857 3198 in
1885 3144 2132 3210 salutem,

558 3226 652 3294 qui
685 3241 784 3281 suo
826 3227 959 3284 vitio
985 3229 1241 3298 perierat.
1269 3229 1310 3285 C
1349 3229 1477 3285 Sive
1523 3233 1872 3301 semetipsum
1911 3234 2139 3289 salvavit

554 3316 645 3385 qui
676 3314 829 3381 dixit,
875 3315 1203 3374 Potestatem
1233 3320 1407 3375 habeo
1433 3322 1666 3388 ponendi
1696 3323 1933 3378 animam
1962 3336 2139 3399 meam
2214 3311 2217 3315 ’

554 3410 612 3457 et
633 3404 827 3461 iterum
852 3408 1100 3462 sumendi
1129 3422 1249 3463 eam
1279 3408 1461 3479 (Joan.
1495 3410 1570 3479 ι).

553 3491 588 3545 5
696 3493 893 3549 Notum
922 3496 1041 3565 fecit
1069 3497 1324 3552 Dominus
1346 3498 1580 3554 salutare
1602 3517 1755 3554 suum

694 3580 763 3635 In
796 3593 1069 3651 conspectu
1113 3586 1341 3653 gentium
1371 3585 1613 3640 reuelauit
1642 3587 1911 3656 justitiam
1938 3606 2112 3645 suam.

566 3706 577 3733 ε
609 3670 669 3724 Β
704 3671 905 3726 Notum
935 3673 1063 3728 fecit
1088 3675 1348 3732 Dominus
1372 3677 1628 3744 salutare,
1659 3681 1714 3735 id
1742 3689 1827 3735 est
1853 3682 2137 3737 Dominum

558 3759 918 3828 Salvatorem,
948 3764 1040 3832 qui
1067 3765 1323 3820 salutaris
1368 3778 1515 3823 recte
1543 3770 1762 3836 dicitur,
1810 3773 1935 3841 quia
1964 3775 2139 3829 omnis

554 3851 744 3907 salutis
771 3862 856 3908 est
881 3863 1089 3911 auctor.
1118 3855 1188 3909 Et
1208 3856 1471 3912 revelavit
1491 3858 1779 3928 justitiam,
1805 3862 1858 3916 id
1877 3872 1960 3918 est
1982 3862 2141 3919 Chri-

554 3950 723 4009 stum,
771 3944 864 4014 qui
905 3946 1055 4013 prius
1083 3946 1185 4001 sub
1230 3946 1465 4017 quodam
1507 3949 1770 4005 velamine
1816 3954 2138 4021 praedicatus

480 4052 485 4059 ·
556 4034 794 4091 fuerata
840 4039 1135 4107 prophetis.
1186 4040 1303 4106 Quo
1333 4043 1596 4098 subducto
1627 4045 1682 4099 in
1713 4045 1830 4115 ejus
1882 4049 2135 4114 adventu,

554 4123 671 4194 ipsa
702 4125 869 4182 facies
902 4127 1149 4184 veritatis
1189 4132 1458 4201 apparuit.
1490 4131 1536 4186 Η
1575 4132 1667 4188 Vel
1692 4133 1960 4203 justitiam
1991 4139 2135 4205 vitae,

560 4228 683 4282 qua:
706 4214 1083 4272 incredulitate
1114 4219 1393 4275 hominum
1424 4222 1523 4276 fuit
1543 4223 1852 4279 obscurata.

554 4298 589 4351 4
698 4300 1012 4357 Recordatus
1032 4316 1104 4358 est
1134 4308 1503 4364 misericordia:
1530 4328 1640 4365 sua:
1662 4329 1681 4366 :

698 4387 765 4441 Et
798 4392 1024 4446 veritatis
1042 4410 1152 4448 sua:
1179 4397 1357 4450 domui
1390 4397 1580 4454 Israel.

570 4522 579 4527 -
626 4477 673 4531 ll
711 4474 1046 4536 Rccordatus
1075 4494 1158 4538 est
1189 4486 1596 4556 misericordia,
1621 4492 1673 4547 in
1698 4496 2138 4562 populo,scilicct

556 4570 818 4639 gentium.
853 4570 922 4625 Et
954 4574 1197 4630 veritatis
1223 4591 1356 4643 suae,
1406 4582 1584 4648 quoad
1625 4586 1878 4653 populum
1918 4586 2135 4645 Iudaeo-

559 4676 697 4751 rum,
728 4663 936 4719 scilicet
959 4678 1123 4734 opere
1171 4670 1445 4749 compleas
1474 4675 1616 4741 quod
1655 4678 1981 4745 patriarchis
2011 4698 2137 4751 pro-

556 4749 801 4807 miserat.

554 4837 589 4891 ὅ
702 4839 955 4898 Viderunt
984 4860 1160 4901 omnes
1181 4847 1389 4902 termini
1415 4859 1567 4905 terra:
1588 4869 1608 4905 .·

697 4927 943 4987 Salutare
964 4933 1064 4989 Dei
1085 4937 1271 4992 nostri.

624 5040 666 5096 C
706 5043 967 5100 Viderunt
1008 5062 1229 5115 omnes,
1279 5051 1333 5107 id
1361 5062 1445 5108 est
1488 5066 1670 5112 mente
1713 5072 2129 5130 conspexerunt,

553 5138 695 5205 quod
717 5155 813 5209 per
832 5148 1001 5197 totum
1028 5144 1284 5200 mundum
1313 5157 1529 5205 constat
1550 5150 1815 5207 effectum.
1845 5154 1975 5220 Qua:
1996 5156 2132 5213 visio

553 5242 660 5282 non
711 5230 814 5286 nisi
863 5233 930 5287 ad
968 5234 1127 5291 fidem
1171 5245 1255 5290 est
1300 5237 1601 5306 referenda,
1654 5252 1712 5297 ut
1761 5245 1916 5300 nobis
1963 5248 2131 5315 possit

554 5319 752 5366 veritas
781 5333 1026 5366 nnnelnrn
1076 5326 1359 5366 rnrhnr-nm
1385 5346 1397 5359 -
1440 5345 1538 5366 nm-
1568 5333 1723 5366 ηιιοη.
1771 5339 1911 5366 ηυξ...
1945 5332 2126 5366 mum...

2238 1804 2403 1873 ticant
2432 1817 2649 1883 ﬁdeles,
2698 1815 2792 1885 qui
2839 1813 3069 1869 diversis
3110 1809 3451 1882 passionibus
3497 1806 3662 1871 tnnsi,
3708 1802 3819 1857 Deo

2132 1934 2137 1940 ’
2236 1908 2518 1981 largiente,
2546 1906 2745 1961 clarius
2776 1910 3094 1960 sonuerunt.
3126 1900 3241 1955 Vox
3290 1899 3430 1952 tubae
3471 1910 3702 1959 cor-neat,
3743 1903 3822 1947 est

2236 2000 2343 2053 fixa
2387 1998 2672 2055 tolerantia
2699 1996 2994 2066 patientiae,
3024 2010 3144 2064 qua:
3170 2001 3228 2048 ut
3265 2005 3433 2047 conm
3481 1992 3817 2057 perseverat.

2235 2088 2270 2143 8
2373 2086 2606 2140 Jubilate
2655 2087 2715 2151 in
2754 2094 3028 2155 conspectu
3081 2083 3215 2153 regis
3260 2078 3474 2133 Domini
3513 2090 3532 2128 :
3564 2083 3820 2128 moveatur

2448 2197 2593 2247 mare
2622 2191 2670 2234 et
2696 2179 2964 2250 plenitudo
2996 2178 3110 2249 ejus
3132 2189 3151 2227 :

2248 2342 2255 2349 υ
2379 2272 2533 2327 Orbis
2569 2285 2627 2326 -t~
2656 2281 2912 2325 terrarum
2934 2281 2981 2323 et
3003 2271 3093 2341 qui
3121 2268 3361 2322 habitant
3384 2267 3440 2320 in
3463 2278 3566 2320 eo:

2307 2362 2349 2418 C
2385 2361 2887 2432 Dixitjubilandum
2916 2375 3055 2425 esse,
3100 2374 3243 2413 nunc
3285 2357 3525 2412 ostendit
3558 2354 3671 2420 ubi,
3694 2352 3810 2423 quia

2239 2462 2363 2509 ante
2410 2468 2613 2523 regem.
2662 2450 3046 2505 Commovetur
3099 2464 3269 2515 mare,
3301 2450 3521 2517 quando
3552 2446 3607 2500 in
3648 2444 3816 2498 futuro

2234 2542 2437 2613 judicio
2467 2541 2752 2611 impiorum
2776 2550 2994 2608 pectora
3027 2555 3057 2593 a
3085 2538 3464 2594 recordatione
3505 2536 3813 2591 delictorum

2239 2643 2667 2689 commoventur.
2692 2633 2758 2688 Et
2778 2633 3056 2702 plenitudo
3078 2632 3215 2703 ejus,
3242 2632 3433 2685 merito
3454 2629 3678 2693 dicitur,
3699 2627 3809 2695 quia

2240 2725 2409 2781 tuulta
2438 2736 2661 2795 peccata
2710 2728 3117 2781 commiserunt.
3154 2723 3314 2781 Orbis
3344 2731 3615 2779 terrarum
3647 2734 3816 2775 move-

2238 2817 2406 2882 bitur,
2440 2818 2655 2888 quando
2682 2819 2735 2871 in
2762 2833 2955 2873 novam
2987 2816 3180 2871 faciem
3209 2816 3408 2881 veniet,
3434 2824 3491 2868 ut
3516 2812 3813 2882 praedictum

2239 2919 2323 2962 est
2345 2922 2359 2960 :
2382 2908 2486 2962 erit
2514 2908 2708 2962 oculum
2741 2923 2937 2963 novum
2964 2916 3019 2962 et
3048 2905 3189 2960 terra
3220 2921 3375 2959 nova.
3403 2903 3488 2976 (II
3527 2901 3676 2959 Petr.
3717 2903 3812 2981 uti.

2240 2997 2308 3051 Et
2333 2998 2423 3068 qui
2447 2998 2715 3075 habitant,
2733 2998 2787 3052 id
2817 3008 2902 3053 est
2926 2997 3170 3052 homines
3195 2997 3246 3050 in
3275 3011 3360 3052 eo.

2245 3110 2279 3164 9
2363 3108 2616 3164 Flumina
2629 3109 2878 3181 plaudcnt
2893 3125 3055 3164 manu
3067 3107 3224 3163 simul
3239 3123 3256 3163 ε
3279 3119 3478 3165 montes
3492 3109 3811 3167 exsultabant

2455 3217 2487 3252 a
2517 3209 2793 3265 conspectu
2812 3199 3026 3253 Domini
3050 3215 3070 3253 :

2383 3288 2643 3352 Quoniam
2673 3290 2805 3342 venit
2818 3289 3065 3358 judicare
3085 3299 3298 3343 terram.

2311 3378 2354 3432 C
2390 3377 2678 3433 Flumina:
2719 3388 2940 3434 sanctos
2983 3379 3129 3434 viros
3177 3379 3490 3450 signiﬁcat,
3542 3379 3643 3450 qui
3684 3380 3810 3436 haus

2275 3485 2405 3538 pera
2445 3469 2650 3524 caalesti
2688 3469 2936 3529 ubertate
2975 3479 3351 3528 manavean
3394 3470 3607 3538 Simul,
3646 3473 3699 3527 id
3737 3478 3810 3526 est

2241 3574 2364 3618 cum
2409 3558 2637 3615 Domino
2680 3559 2991 3625 Salvatore,
3028 3561 3112 3614 cui
3158 3562 3414 3630 pnedicta
3460 3577 3629 3631 opera
3674 3564 3809 3619 exhi-

2242 3646 2497 3700 buerunt.
2531 3645 2574 3699 ll
2612 3646 2853 3713 Montes,
2891 3649 3136 3718 apostoli.
3172 3648 3213 3704 C
3249 3649 3351 3715 Qui
3390 3650 3736 3706 exsultabant
3762 3651 3806 3704 ia

2241 3744 2531 3802 conspectu
2570 3736 2813 3817 Domini,
2860 3738 2915 3816 in
2941 3739 3271 3808 judicatione
3300 3740 3481 3795 futura
3508 3781 3525 3806 ,
3570 3743 3805 3815 quoniam

2240 3824 2408 3889 venit,
2442 3824 2644 3879 scilicet
2669 3826 2915 3895 judicare
2938 3838 3278 3896 peccatores,
3312 3830 3404 3900 qui
3436 3840 3659 3887 terrena
3683 3849 3805 3887 sent-

2239 3930 2336 3983 per
2359 3915 2485 3968 \itia
2512 3917 2898 3985 concupiscunt
2917 3957 2931 3981 ,
2962 3929 3018 3972 et
3045 3919 3164 3972 ideo
3197 3928 3336 3972 terra
3365 3929 3515 3974 recte
3545 3923 3799 3977 dicuntur.

2241 4004 2307 4059 I0
2378 4004 2643 4059 Judicabit
2680 4006 2854 4061 orbem
2889 4022 2948 4062 -ε-
2984 4017 3242 4062 terrarum
3275 4009 3291 4077 ξ
3324 4008 3381 4061 in
3402 4010 3646 4078 justitia.

2381 4093 2448 4149 Et
2477 4096 2691 4167 populos
2719 4097 2774 4150 in
2802 4100 3066 4167 (equitate.

2308 4184 2349 4239 C
2375 4184 2464 4240 Isti
2493 4186 2592 4240 sub
2615 4184 2821 4255 justitia
2843 4186 3124 4256 judicandi
3159 4199 3300 4255 sunt,
3331 4191 3424 4261 thi
3453 4192 3604 4247 nulla
3636 4192 3802 4247 remis—

2239 4266 2389 4329 Sionc
2420 4273 2793 4329 liberabuntur
2820 4292 2850 4329 a
2887 4292 2983 4331 sua
3014 4279 3329 4347 pertinacia.
3367 4279 3447 4334 Illi
3480 4296 3609 4338 vero
3640 4279 3799 4352 p0puli

2162 4405 2214 4465 Β
2240 4363 2293 4416 in
2330 4363 2587 4434 :equitate
2607 4366 2882 4434 judicandi
2916 4377 3060 4434 sunt,
3092 4369 3344 4437 quoniam
3386 4371 3458 4425 ibi
3486 4374 3706 4440 przmnia
3731 4387 3799 4425 re-

2240 4455 2481 4524 cipiunt,
2515 4457 2606 4525 qui
2644 4457 2732 4512 hic
2761 4468 2986 4528 propter
3019 4474 3214 4516 nomen
3252 4462 3465 4518 Domini
3499 4463 3797 4533 gravissima

2238 4542 2475 4612 pericula
2510 4545 2866 4614 pertulerunt.
3670 4570 3673 4571 ν

2677 4671 2874 4711 ORATIO
2907 4672 2977 4711 EI
3014 4673 3160 4714 PSAL.
3202 4673 3366 4714 XCVII.
3788 4720 3791 4727 Ι

2247 4814 2253 4816 ν
2310 4742 2561 4809 immitte,
2578 4745 2819 4812 Domine,
2850 4749 3087 4804 salutare
3118 4760 3266 4804 tuum
3291 4749 3563 4807 mentibus
3596 4750 3796 4810 nostris.

2240 4837 2329 4907 qui
2374 4837 2618 4891 rcvelasti
2644 4840 2910 4911 justitiam
2956 4852 3099 4897 tuam
3133 4843 3380 4913 gentibus
3413 4844 3715 4910 universis,
3750 4849 3796 4895 ut

2239 4928 2328 4996 qui
2368 4929 2636 4997 quondam
2674 4931 2906 5001 judicari
2941 4934 3136 4989 venisti
3173 4951 3274 5005 pro
3311 4935 3538 5004 perditis
3554 4976 3579 5005 ,ν
3616 4931 3797 4989 misen-

2236 5020 2473 5074 eordiam
2495 5062 2508 5085 ,
2548 5037 2667 5076 cmn
2709 5023 3023 5089 adveneris,
3054 5041 3151 5094 pro
3186 5028 3380 5096 quibus
3411 5026 3691 5095 judicatus
3719 5042 3792 5087 cs.

2235 5106 2500 5180 largiaris.
2528 5112 2628 5178 Qui
2658 5127 2780 5168 eum
2806 5111 2969 5168 Patre
2992 5125 3046 5168 et
3077 5114 3233 5181 Filio,
3259 5125 3365 5171 etc.

2724 5222 3045 5283 PSALMUS
3092 5226 3318 5283 XCVIII.

2635 5329 2996 5366 ARGUMENTUII
3034 5331 3180 5366 PSAL.
3220 5330 3405 5366 XCVIII.
