3986 5412
580 275 686 330 359

1497 271 1553 326 S.
1597 270 1948 328 BRUNONIS
1989 271 2530 331 HEBBIPOLENSIS
2568 275 2874 336 EPISCOPI

3727 287 3813 344 360

579 362 930 422 sacerdotalis
954 360 1158 417 ordinis
1183 368 1234 414 te
1269 360 1486 414 crutode
1513 375 1809 420 servemus.
1843 362 1948 416 Per
1976 363 2154 418 Domi-
2183 374 2230 430 Α
2258 367 2373 421 sive
2417 368 2468 420 in
2500 372 2901 438 generationem
2935 381 2990 428 et
3037 377 3466 444 generationem.
3497 377 3565 433 Et
3590 378 3730 434 istud
3754 384 3816 436 si-

579 473 710 514 num
735 465 977 513 nostrum
999 455 1186 510 desum
1213 454 1513 518 Christum,
1545 464 1651 510 etc.

1086 547 1409 602 PSALMUS
1447 547 1636 602 XCIX.

1002 654 1363 694 ARGUIIENTUI
1399 653 1548 693 PSAL.
1581 653 1727 692 XCII.
1992 697 1994 699 ἱ

648 733 690 789 C
750 731 1016 788 Admonet
1067 731 1336 802 Propheta
1398 731 1806 785 universitatem
1871 730 2157 786 Dominum

573 821 892 878 exsultando
921 821 1160 875 laudare.

791 911 900 965 TT.
933 909 1181 964 Psalmus
1210 925 1274 966 -t--
1303 910 1473 964 David
1507 912 1560 964 in
1583 911 1910 980 confessione
1941 909 1962 982 ζ
1993 950 2009 965 .

641 1005 684 1060 C
706 1003 984 1060 Confessio
1005 1004 1148 1057 enim
1171 1003 1329 1073 quasi
1349 1002 1826 1067 confaciodicitur,
1849 1005 1961 1059 sive
1980 1017 2152 1074 ptem-

571 1095 738 1150 tentia
766 1095 880 1149 sive
923 1094 1042 1149 laus
1069 1094 1362 1148 multorum
1397 1108 1493 1148 ore
1537 1094 1831 1148 celebrata.
1862 1095 1992 1161 Qua:
2031 1095 2151 1150 ideo

517 1239 520 1244 _
570 1185 650 1238 sic
679 1184 898 1250 dicitur,
928 1192 986 1237 ut
1017 1183 1083 1237 ad
1112 1182 1376 1252 plurimos
1401 1183 1676 1251 pertinere
1705 1185 1864 1237 modo
1889 1191 2153 1239 monstre-

570 1282 680 1328 tur.
709 1274 822 1328 Con
844 1274 988 1328 enim
1019 1272 1177 1326 simul
1201 1272 1508 1341 signiﬁcare
1531 1280 1719 1327 notum
1742 1282 1846 1327 est.

568 1365 595 1418 1
707 1365 940 1419 Jubilate
967 1364 1096 1428 Deo,
1125 1364 1290 1417 omnis
1319 1373 1458 1416 terra
1481 1377 1500 1414 :

707 1456 909 1511 Seruite
929 1456 1156 1510 Domino
1188 1457 1243 1508 in
1282 1455 1487 1509 lwtitia.
1554 1491 1560 1510 .-

636 1545 679 1602 C
706 1545 963 1600 Jubilatio
1000 1555 1084 1600 est
1126 1546 1270 1600 enim
1307 1561 1501 1614 magno
1529 1547 1726 1601 mentis
1759 1548 1956 1615 gaudio
1995 1563 2147 1604 com-

564 1621 790 1702 moveri,
811 1653 916 1692 non
934 1647 1110 1692 tamen
1138 1637 1191 1690 in
1215 1637 1500 1692 articulata
1519 1639 1681 1692 verba
1695 1654 2066 1708 prorumpere,
2090 1648 2146 1694 et

2259 456 2480 536 gniﬁcat
2506 447 2758 514 smculum
2794 463 2939 531 quod
2983 479 3128 519 nunc
3179 467 3391 536 agitur,
3435 476 3491 522 et
3519 467 3648 522 illud
3689 472 3814 538 quod

2257 548 2528 602 credimus
2554 564 2674 604 esse
2703 560 3010 617 venturum,
3041 554 3092 608 id
3121 564 3221 618 est,
3251 557 3507 612 smculum
3541 558 3596 613 in
3643 560 3814 614 beato-

2255 650 2373 688 rum
2401 637 2615 704 gaudio.
2660 638 2759 692 Hic
2785 641 2927 695 enim
2954 629 3166 697 veritas.
3190 645 3279 698 Dei
3314 645 3569 714 impletur
3587 685 3601 712 ,
3631 656 3688 701 et
3706 663 3814 718 pro.

2256 725 2418 779 missa
2445 727 2561 798 ejus
2592 728 2644 782 in
2671 730 2847 799 patria
2878 733 3105 788 veritate
3131 735 3492 804 complentur.

2698 859 2897 898 ORATIO
2935 860 3002 900 EI
3042 863 3189 900 ΡςΑι..
3230 862 3374 903 XCIX.

2321 928 2619 986 Jubilamus
2644 932 2759 998 tibi,
2785 935 3008 989 Domine
3034 945 3257 1003 materne,
3287 940 3338 992 in
3367 939 3552 994 laetitia
3575 951 3631 996 et
3653 941 3816 998 exsul-

2254 1017 2480 1081 tatione,
2506 1032 2808 1086 poscentes,
2860 1032 2918 1077 ut
2959 1025 3084 1077 dum
3111 1034 3279 1093 porta:
3306 1038 3587 1096 pectorum
3617 1041 3814 1087 nostro-

2252 1121 2371 1160 rum
2414 1107 2467 1160 in
2511 1110 2615 1164 tuis
2640 1109 2890 1167 laudibus
2921 1125 3256 1181 reserantur,
3288 1131 3498 1187 semper
3519 1120 3587 1173 ad
3617 1122 3814 1176 miseri-

2251 1199 2492 1253 cordiam
2557 1201 2950 1272 veritatemque
3006 1207 3336 1274 pandantur.
3384 1208 3488 1264 Per
3541 1211 3815 1268 Dominum

2249 1297 2494 1344 nostrum
2521 1288 2708 1346 Jesum
2736 1291 3034 1360 Christum,
3067 1305 3174 1350 etc.

2811 1403 3133 1462 PSALMUS
3169 1407 3232 1463 C.

2647 1568 2656 1579 ,
2713 1530 3076 1572 Αιιοωιεητωι
3109 1529 3255 1575 rssL.
3286 1537 3338 1575 c.

2313 1625 2354 1682 C
2385 1626 2626 1683 Ecclesia
2678 1629 2769 1684 Dei
2797 1671 2810 1694 ,
2836 1632 3102 1702 judicium
3151 1642 3207 1688 et
3255 1634 3684 1692 misericordiam
3729 1640 3817 1694 de-

564 1732 664 1787 sub
686 1730 1023 1799 jucunditate
1046 1730 1273 1784 Domino
1297 1728 1572 1783 famulari.
1609 1730 1798 1785 Omnis
1829 1742 2010 1795 terra,
2033 1746 2139 1785 non
2174 1727 2218 1786 Β
2247 1727 2451 1781 eam“,
2505 1735 2670 1789 εοίιιιθ
2721 1738 2827 1776 "0“
2872 1739 2993 1777 Clu“
3040 1725 3241 1795 iniquis
3279 1726 3374 1781 53d
3416 1741 3541 1781 cum
3579 1729 3814 1784 “deum”

564 1823 631 1876 ad
662 1821 908 1875 tellurem
956 1819 1298 1873 referendum
1329 1827 1446 1882 est,
1485 1819 1579 1872 sed
1609 1819 1899 1889 allegorice
1940 1820 2007 1873 ad
2043 1820 2141 1874 ho-

561 1913 738 1966 mines
765 1920 980 1967 constat
1025 1910 1274 1980 intelligi.
1315 1910 1421 1964 lsta
1467 1910 1653 1964 laetitia
1683 1911 1869 1980 utique
1899 1912 2142 1966 Charitas

563 2010 670 2066 est,
696 2003 761 2055 de
789 2016 894 2069 qua
940 2000 1232 2070 Apostolus
1261 2000 1336 2052 ait
1375 2017 1388 2051 :
1438 1999 1553 2052 Non
1587 1998 1840 2062 inﬂatur,
1884 2016 1990 2054 non
2032 2001 2143 2070 agit

559 2106 846 2162 perperam
891 2089 953 2160 (Ι
1003 2090 1126 2144 Cor.
1164 2090 1332 2158 xm);
1375 2104 1480 2142 non
1536 2089 1681 2142 enim
1732 2100 2140 2144 murmurantes

560 2181 789 2236 Domino
814 2180 1022 2236 servire
1065 2180 1346 2246 debemus,
1376 2181 1502 2249 quia
1545 2182 1625 2235 sic
1672 2180 1840 2235 Deum
1876 2195 1984 2235 non
2019 2180 2139 2235 dili-

558 2269 753 2339 gimus.
1116 2288 1118 2292 '

555 2359 590 2412 2
698 2359 922 2415 Introite
953 2362 1009 2416 in
1044 2372 1318 2432 conspectu
1341 2361 1498 2432 ejus:

696 2453 763 2506 In
784 2453 1148 2508 exsultatione.

623 2544 670 2598 ll
700 2545 940 2610 lutroite,
972 2547 1148 2611 idest,
1183 2561 1288 2600 non
1309 2545 1448 2614 jocis
1474 2545 1722 2615 turpibus
1753 2544 2134 2609 dissolvimini,

553 2633 648 2687 sed
675 2633 856 2687 omnia
883 2649 1003 2702 qua:
1025 2633 1200 2687 facitis
1222 2634 1274 2686 in
1299 2633 1526 2703 gloriam
1556 2635 1648 2688 Dei
1676 2635 1857 2692 facite.
1881 2635 1938 2688 In
1957 2634 2137 2688 exsul-

555 2723 754 2776 tatione
775 2761 790 2786 ,
821 2721 862 2776 C
901 2723 1003 2776 hoc
1032 2731 1116 2778 est
1139 2761 1154 2786 ,
1205 2733 1264 2776 ut
1291 2723 1487 2792 gaudia
1520 2733 1646 2778 tunc
1669 2725 1893 2777 sumatis
1917 2723 2137 2781 humili-

555 2810 680 2864 tatis
702 2849 718 2874 ,
751 2811 968 2878 quando
1006 2811 1254 2880 superbis
1284 2811 1536 2865 omnibus
1567 2814 1827 2880 probatur
1860 2827 1982 2867 esse
2029 2821 2137 2866 ter-

555 2899 746 2953 ribilis.

552 2989 588 3042 3
695 2991 887 3048 Scitote
909 2995 1154 3064 quoniam
1180 2993 1436 3048 Dominus
1462 2996 1569 3063 ipse
1592 3003 1666 3050 est
1692 2994 1832 3050 Deus
1853 3010 1874 3049 :

695 3081 815 3150 Ipse
839 3082 956 3150 fecit
983 3099 1074 3136 nos
1099 3093 1147 3137 et
1178 3100 1280 3137 non
1308 3084 1407 3152 ipsi
1439 3100 1551 3138 nos.

621 3168 664 3224 C
692 3168 913 3235 Scitote,
960 3171 1062 3225 hoc
1089 3180 1173 3226 est
1200 3171 1480 3242 intelligite
1499 3214 1512 3238 ,
1541 3189 1576 3228 o
1608 3173 1812 3239 Judaei,
1841 3176 1984 3244 quod
2029 3176 2131 3232 iste

551 3259 830 3325 Dominus,
857 3276 1016 3329 quem
1057 3261 1251 3315 Filium
1277 3263 1372 3317 Dei
1404 3264 1626 3318 minime
1651 3264 1979 3329 credidistis,
2017 3267 2131 3334 ipse

551 3356 635 3403 est
663 3347 823 3414 Deus,
847 3351 938 3418 qui
973 3350 1100 3406 fecit
1125 3351 1322 3406 emlum
1345 3361 1395 3407 et
1423 3361 1642 3418 terram,
1673 3355 1764 3425 qui
1795 3371 1892 3410 nos
1917 3373 2130 3427 quoque

539 3438 619 3492 ad
652 3453 803 3493 suam
835 3441 1125 3511 imaginem
1153 3442 1458 3512 plasmavit.
1495 3443 1541 3498 ll
1573 3444 1640 3498 Et
1668 3462 1775 3500 non
1807 3448 1983 3503 solum
2005 3464 2131 3503 cor-

549 3529 831 3598 poraliter,
858 3531 952 3586 sed
983 3533 1035 3585 in
1058 3528 1258 3588 novum
1291 3534 1566 3589 hominem
1597 3539 1898 3603 recreavit;
1945 3548 2000 3592 et
2027 3540 2130 3594 hoc

552 3635 660 3674 non
688 3632 876 3677 nostro
901 3625 1116 3690 merito,
1145 3626 1237 3679 sed
1268 3641 1366 3682 suo
1391 3627 1554 3682 dono.
1671 3637 1673 3640 ’
1841 3702 1843 3704 η

550 3705 586 3759 4
692 3705 928 3778 Populus
957 3712 1071 3781 ejus
1093 3722 1138 3766 et
1163 3729 1277 3766 oves
1298 3731 1508 3784 pascua:
1548 3716 1663 3785 ejus
1701 3717 1911 3772 introite
1948 3728 2128 3787 portas

676 3821 678 3823 ·
761 3801 874 3871 ejus
899 3803 953 3856 in
977 3804 1316 3872 confessione.
1388 3849 1392 3854 .
1513 3811 1540 3838 π

690 3894 842 3946 Atria
863 3893 978 3964 ejus
1000 3907 1019 3945 :
1045 3889 1098 3948 in
1121 3896 1325 3964 hymnis
1355 3898 1678 3966 confitemini
1706 3901 1807 3954 illi.

621 3982 667 4036 Η
698 3981 853 4036 Venit
879 3985 945 4037 ad
975 3985 1226 4054 populum
1278 3986 1488 4040 ﬁdelem
1511 4028 1526 4053 ,
1557 4005 1656 4058 per
1693 3992 2126 4060 comparationes

548 4071 942 4143 pulcherrimas
985 4075 1275 4128 ostendens
1319 4077 1448 4144 quid
1479 4078 1607 4132 sint.
1636 4077 1796 4146 Oves,
1845 4083 1969 4148 quia
2002 4091 2126 4136 sunt

550 4155 820 4232 simplices
846 4203 860 4227 ,
895 4171 951 4217 et
983 4164 1096 4233 ipse
1132 4179 1316 4219 earum
1345 4175 1531 4234 pastor
1571 4178 1653 4224 est
1696 4186 1874 4225 verus.
1907 4172 2125 4227 Pascuze

549 4251 665 4319 ejus
688 4291 702 4313 ,
753 4253 804 4306 id
833 4262 950 4317 est,
981 4255 1286 4310 divinarum
1337 4248 1740 4327 Scripturarum
1773 4261 1944 4316 dulcis
1989 4263 2134 4331 epu-J

549 4340 697 4394 latio.
722 4340 894 4396 Porta:
914 4342 1144 4410 Domini,
1173 4354 1298 4401 sunt
1321 4348 1540 4402 humilis
1562 4351 1898 4419 paenitentia,
1923 4353 2125 4420 baptis-

551 4445 697 4484 mum
731 4446 968 4499 sacrum,
998 4442 1051 4488 et
1076 4436 1314 4490 eharitas
1341 4445 1397 4491 et
1427 4438 1532 4491 alia
1564 4440 1699 4493 bona
1731 4455 1894 4509 opera
1917 4450 1973 4494 et
2000 4456 2125 4494 sau-

549 4530 657 4578 cta.
701 4521 853 4574 Atria
897 4522 1034 4590 ejus,
1067 4532 1125 4576 ut
1149 4524 1236 4578 hic
1268 4525 1559 4580 subaudias
1591 4528 1816 4593 intrate,
1854 4529 2124 4599 signiﬁcat

550 4611 840 4681 prophetas
868 4619 924 4664 et
958 4613 1335 4680 evangelistas.
1369 4622 1425 4668 et
1465 4616 1773 4686 quicunque
1804 4630 1951 4673 recte
1981 4635 2122 4688 prae-

548 4704 881 4758 dicaverunt.
915 4701 1063 4756 Dicta
1087 4703 1228 4756 enim
1258 4703 1490 4772 illorum,
1522 4706 1731 4763 Domini
1761 4719 1974 4764 constat
2001 4724 2121 4765 esse

547 4794 684 4848 atria
715 4811 730 4847 :
759 4794 884 4863 quia
909 4807 1008 4864 per
1043 4793 1163 4848 illos
1191 4803 1244 4848 et
1276 4794 1362 4849 illa
1392 4799 1458 4850 ad
1498 4812 1618 4852 eum
1652 4800 1789 4864 itur,
1823 4810 1877 4855 et
1906 4801 2044 4870 ipse,
2075 4803 2119 4856 si

544 4886 738 4942 devota
771 4893 948 4939 mente
975 4886 1328 4955 perquiritur,
1362 4888 1414 4943 in
1442 4890 1522 4944 eis
1547 4891 1831 4947 invenitur.

577 4973 612 5028 5
684 4973 919 5027 Laudate
942 4991 1126 5028 nomen
1141 4978 1253 5044 ejus
1266 4979 1511 5047 quoniam
1533 4982 1706 5032 suavis
1740 4991 1814 5034 est
1832 4981 2119 5036 Dominus:

685 5061 755 5117 In
777 5071 1027 5118 ceternum
1054 5065 1414 5118 misericordia
1439 5068 1552 5134 ejus
1582 5082 1600 5118 :
1627 5077 1674 5119 et
1704 5083 1866 5141 usque
1896 5068 1951 5122 in
1970 5087 2122 5138 gene-

755 5154 1009 5207 rationem
1036 5163 1084 5207 et
1115 5157 1500 5224 generationem
1535 5155 1720 5208 veritas
1747 5158 1879 5225 ejus.

2240 1802 2834 1881 hahitareicongaudet.

2661 1903 2772 1957 TT.
2817 1903 3060 1960 Psalmus
3087 1907 3188 1976 ipsi
3212 1908 3406 1966 David.

2310 1986 2351 2043 Ο
2376 1989 2478 2057 Ipsi
2511 1990 2678 2045 David
2712 1994 2799 2046 ubi
2829 1997 3066 2064 ponitur,
3095 2005 3268 2052 totum
3299 1998 3504 2054 Christi
3534 1999 3812 2056 virtutibus

2241 2082 2564 2149 applicatur,
2609 2091 2669 2136 ut
2696 2085 2826 2138 nihil
2862 2087 2927 2140 de
2972 2087 3078 2142 isto
3109 2097 3327 2144 terreno
3357 2104 3483 2160 rege
3532 2091 3808 2160 intelligas,

2238 2172 2331 2225 sed
2359 2174 2539 2227 omnia
2566 2174 2632 2228 de
2662 2176 2754 2230 illo
2781 2177 2982 2232 caelesti
3010 2179 3179 2235 fuisse
3205 2181 3349 2236 dicta
3373 2196 3693 2254 cognoscas.

2237 2261 2264 2314 1
2377 2263 2797 2320 Misericordiam
2822 2277 2870 2322 et
2898 2268 3156 2332 iudicium

2374 2352 2608 2407 Cantabo
2633 2356 2724 2408 tibi
2742 2397 2757 2422 ,
2789 2356 3028 2412 Domine.

2237 2441 2273 2495 2
2385 2441 2623 2498 Psallam
2646 2456 2693 2499 et
2721 2447 3007 2518 intelligam
3034 2449 3087 2503 in
3115 2450 3195 2504 via
3218 2451 3561 2506 immaculata
3586 2467 3607 2506 :

2366 2532 2607 2598 'Quanrlo
2633 2537 2798 2590 venies
2824 2539 2892 2591 ad
2917 2555 3043 2593 me.‘
3097 2576 3100 2580 λ

2306 2621 2346 2676 t‘.
2373 2623 2603 2677 Audiant
2649 2627 2834 2696 utique
2866 2629 3272 2684 misericordem
3308 2631 3596 2686 Dominum
3627 2646 3812 2703 pecca-

2237 2719 2401 2774 tores.
2435 2713 2528 2782 qui
2575 2715 2866 2786 desperant
2909 2718 2976 2774 de
3006 2719 3218 2785 salute;
3252 2721 3559 2792 intelligant
3603 2724 3811 2794 superbi

2229 2799 2484 2868 judiccm,
2513 2806 2604 2873 qui
2627 2806 2826 2875 malum
2854 2823 3007 2862 suum
3029 2825 3135 2865 non
3159 2812 3427 2875 mstimant
3449 2827 3572 2868 esse
3590 2815 3812 2883 punien-

2236 2892 2362 2944 dum
2384 2908 2397 2955 ;
2419 2893 2469 2946 in
2499 2895 2581 2949 his
2602 2897 2745 2952 enim
2774 2898 2980 2953 duobus
2997 2902 3334 2956 sermonibus
3358 2912 3412 2956 et
3433 2913 3628 2958 cuncta
3652 2919 3808 2973 opera

2233 2983 2327 3036 Dei
2357 2993 2410 3038 et
2437 2986 2603 3040 totius
2634 2989 2888 3044 Ecclesiae
2917 2992 3206 3047 aediﬁcatio
3237 2995 3502 3064 probatur
3537 3010 3661 3050 esse
3687 3011 3806 3049 uar-

2156 3066 2202 3127 C
2236 3083 2370 3128 rata.
2418 3076 2612 3132 Omnia
2645 3082 2788 3134 enim
2838 3082 2929 3136 Dei
2980 3099 3145 3153 Opera
3182 3096 3308 3139 sunt
3353 3087 3728 3142 misericordia
3757 3095 3810 3142 et

2226 3164 2520 3233 judicium,
2553 3169 2605 3222 id
2646 3179 2747 3233 est,
2773 3172 2972 3227 veritas
2997 3213 3012 3237 ,
3045 3173 3099 3226 in
3147 3173 3345 3242 quibus
3375 3176 3586 3231 duobus
3627 3191 3809 3246 onlnes

2230 3255 2456 3312 virtutes
2479 3251 3026 3328 comprehenduntur.
3057 3263 3102 3316 ll
3130 3255 3397 3319 Admonet
3429 3265 3724 3340 Propheta,
3753 3277 3809 3321 ut
3899 3255 3916 3268 ’

2231 3348 2479 3417 quisquis
2526 3352 2670 3418 quod
2717 3352 2899 3420 psallit
2947 3354 3245 3425 intelligat,
3294 3365 3348 3410 et
3397 3372 3596 3413 sensus
3644 3359 3806 3426 ipsius

2229 3440 2492 3505 psalmum
2528 3445 2922 3512 contempletur
2944 3485 2959 3509 ,
3004 3455 3057 3500 et
3089 3463 3192 3502 non
3223 3457 3448 3519 vagetur
3483 3465 3642 3504 mens
3669 3449 3808 3506 foras

2232 3536 2288 3579 ut
2331 3542 2426 3582 ore
2469 3531 2684 3598 quidem
2716 3533 2964 3587 videatur
2992 3536 3256 3604 psallere,
3286 3553 3438 3594 mens
3479 3547 3662 3594 autem
3692 3540 3808 3595 sine

2231 3615 2406 3670 fructu
2438 3618 2525 3672 sit.
2554 3619 2611 3672 in
2642 3621 2725 3674 via
2762 3621 3132 3688 immaculata,
3176 3626 3216 3681 C
3245 3627 3368 3695 quia
3409 3628 3664 3684 Christus
3705 3645 3807 3685 non

2229 3704 2415 3760 habuit
2441 3718 2678 3788 peccata,
2706 3711 2795 3779 qui
2824 3711 2964 3764 hunc
2994 3707 3248 3782 mundum
3273 3715 3640 3771 immaculatis
3662 3733 3807 3788 gres-

2227 3795 2376 3850 sibus
2421 3784 2746 3866 ambulavit,
2801 3810 2857 3856 et
2900 3803 3021 3858 ideo
3053 3805 3170 3860 ait:
3210 3806 3325 3876 Ego
3364 3807 3418 3861 in
3461 3809 3568 3863 hoc
3611 3784 3807 3864 mundo

2226 3889 2344 3942 sine
2385 3891 2594 3945 macula
2625 3893 2932 3958 ambulabo,
2970 3904 3028 3948 ut
3068 3897 3250 3951 veniat
3277 3898 3343 3952 ad
3371 3913 3457 3952 me
3491 3900 3807 3954 immacula-

2228 3986 2360 4031 tum.
2407 3979 2451 4032 ll
2477 3981 2702 4046 Quando
2731 3985 2933 4049 venies,
2969 3986 3034 4040 de
3062 3989 3294 4042 secundo
3317 3986 3434 4055 ejus
3458 3987 3697 4045 adventu
3724 3991 3805 4044 di-

2225 4066 2318 4129 cit,
2349 4071 2575 4150 quando
2597 4080 2873 4128 revertens
2903 4075 3160 4132 Dominus
3179 4116 3194 4144 ,
3221 4076 3361 4133 facta
3397 4079 3682 4134 hominum
3715 4095 3806 4135 ex-

2223 4155 2407 4222 quirit.
2487 4163 2492 4169 '

2224 4245 2257 4298 '5
2369 4246 2810 4328 Perambulabam
2833 4254 2886 4307 in
2915 4255 3210 4312 innocentia
3237 4260 3410 4314 cordis
3439 4262 3543 4316 mei
3568 4277 3588 4315 :

2370 4337 2434 4391 In
2457 4343 2624 4394 medio
2657 4345 2842 4398 domus
2868 4362 3015 4399 mete.

2297 4423 2342 4477 ll
2377 4425 2521 4480 Nihil
2551 4429 2628 4484 sic
2652 4431 2865 4499 placere
2905 4433 3012 4490 Deo
3041 4445 3097 4489 ut
3124 4437 3526 4506 simplicitatem
3552 4447 3608 4494 et
3652 4441 3806 4498 inno-

2226 4516 2480 4570 centiam.
2511 4517 2553 4573 C
2582 4519 2721 4576 Hinc
2761 4522 2920 4577 datur
2949 4525 3192 4595 intelligi,
3223 4528 3365 4596 quod
3405 4537 3630 4598 propter
3673 4533 3804 4584 sim-

2224 4603 2518 4673 plicitatem
2557 4611 2942 4679 gratissimam,
2971 4615 3025 4670 in
3055 4617 3234 4684 specie
3275 4617 3538 4674 columbae
3570 4619 3804 4690 Spiritus

2224 4705 2442 4752 sanctus
2464 4702 2710 4769 apparuit
2734 4721 2747 4756 :
2771 4713 2825 4757 et
2849 4715 3066 4773 propter
3085 4710 3580 4775 mansuetudinem,
3606 4727 3804 4782 agnum

2223 4799 2280 4840 se
2309 4789 2487 4842 vocari
2516 4789 2684 4846 Filius
2709 4792 2799 4846 Dei
2822 4793 3002 4862 elegit,
3027 4810 3123 4862 per
3145 4798 3248 4851 hoc
3277 4799 3461 4866 utique
3486 4798 3804 4870 designans,

2222 4887 2479 4935 aeternam
2511 4885 2832 4952 sapientiam
2862 4886 3110 4942 habitare
3141 4888 3193 4942 in
3229 4891 3544 4957 pectoribus
3570 4893 3802 4962 placidis

2223 4980 2277 5025 et
2303 4974 2617 5031 humilibus.

2220 5063 2254 5118 4
2364 5065 2419 5119 Ν
2422 5084 2488 5122 on
2503 5070 2849 5138 proponebam
2870 5081 2988 5126 ante
3015 5073 3189 5127 oculos
3209 5077 3350 5128 'meos
3373 5091 3479 5128 rem
3507 5075 3763 5145 injustam
3791 5119 3806 5135 .

2364 5156 2638 5212 Facientes
2659 5160 3113 5229 prtevaricatianes
3144 5162 3300 5215 odiui.
