3986 5412
151 361 245 422 3ῑί

149 571 373 626 tionibus
396 573 690 628 intuemur.
718 574 1198 634 Pravaricationes
1219 581 1366 636 udivi
1385 615 1401 636 .
1429 583 1555 651 quia
1578 600 1717 654 prte-

152 666 498 720 varicationes
531 667 806 724 hominum
848 669 1052 742 jugiter
1097 673 1259 726 habui
1307 673 1556 742 odiosas,
1592 691 1718 730 nam

144 757 382 825 quamvis
415 768 545 812 ante
589 758 782 815 faciem
811 772 1050 816 nostram
1086 765 1306 819 veniant
1330 806 1345 831 ,
1387 777 1566 821 tamen
1612 783 1716 822 non

144 857 268 919 sunt
293 851 344 903 in
374 860 670 920 conspectu
703 855 904 907 mentis
929 864 1151 910 nostrae.

223 961 261 1018 C
295 961 396 1016 Cor
421 980 650 1033 pravum
693 966 837 1020 enim
881 969 1159 1025 adhaerere
1206 987 1313 1026 non
1371 981 1582 1043 potest,
1614 974 1720 1030 nisi

143 1052 322 1121 ligatis
351 1053 570 1110 funibus
591 1068 962 1125 peccatorum.
987 1061 1360 1119 Declinantem
1379 1081 1408 1119 a
1433 1083 1539 1132 me,
1560 1068 1610 1121 id
1638 1078 1722 1122 est

143 1145 467 1210 inaretieum,
498 1147 590 1214 qui
623 1149 800 1216 pravis
829 1149 1088 1206 doctrinis
1117 1167 1146 1205 a
1174 1155 1438 1209 catholica
1471 1156 1577 1212 fide
1608 1164 1715 1212 dis-

140 1236 336 1298 sentit,
375 1251 479 1288 non
530 1239 922 1303 cognoscebam
959 1257 971 1292 :
1020 1255 1142 1295 cum
1177 1257 1237 1297 se
1282 1245 1444 1298 etiam
1474 1245 1717 1316 baptiza-

141 1333 249 1375 tum
275 1333 511 1389 asserat,
553 1340 659 1378 non
689 1335 868 1381 tamen
899 1327 951 1381 in
988 1343 1054 1382 eo
1079 1332 1395 1399 agnoscitur
1423 1334 1602 1388 divina
1635 1335 1717 1388 di-

137 1410 324 1475 lectio,
357 1415 445 1481 qui
477 1413 828 1483 blasphemus
863 1415 1124 1484 probatur
1168 1434 1198 1473 a
1248 1421 1496 1477 Domino.
1539 1422 1585 1476 ll
1628 1422 1720 1477 Vel

134 1503 438 1573 quicunque
482 1503 661 1559 malus
715 1502 1060 1563 Christianus
1098 1523 1198 1578 per
1239 1511 1533 1583 malignum
1577 1514 1721 1569 acci-

137 1592 300 1660 pitur.

131 1710 169 1761 ὃ
238 1708 602 1767 Detralientem
632 1725 829 1770 secreto
854 1718 1094 1786 proximo
1119 1734 1214 1773 suo
1246 1731 1267 1772 :

276 1803 426 1858 Hunc
454 1807 824 1876 persequebar.

128 2029 446 2083 catholicum
475 2029 661 2098 aliqua
690 2031 1034 2087 oblocutione
1064 2034 1357 2098 dilacerat,
1405 2049 1505 2089 nec
1549 2035 1712 2090 audet

130 2120 300 2188 palam
342 2122 710 2187 contendere,
747 2125 839 2193 qui
869 2139 931 2179 se
967 2127 1118 2179 novit
1163 2126 1556 2184 irrationabilia
1593 2130 1713 2183 vin-

132 2212 324 2266 dicare.
352 2213 461 2267 llos
491 2213 629 2267 dicit
657 2218 1094 2286 persequendos,
1131 2228 1189 2272 ut
1211 2220 1277 2273 ad
1312 2221 1488 2275 studia
1518 2222 1718 2277 verita-

129 2301 203 2356 tis
243 2304 597 2358 concitentur.
641 2305 686 2360 ll
725 2305 821 2362 Vel
863 2309 931 2365 de
980 2310 1224 2379 quolibet
1267 2312 1590 2369 detraltente
1627 2315 1713 2369 in-

132 2395 328 2466 ieilige.

128 2506 162 2560 ’1
233 2507 456 2579 Superbo
484 2511 637 2566 oculo
673 2523 721 2568 et
752 2515 1042 2572 insatiabili
1072 2520 1226 2574 corde
1254 2539 1271 2575 :

265 2600 389 2653 Cum
420 2603 520 2656 hoc
552 2621 658 2659 non
685 2606 922 2660 edebam.

195 2709 235 2767 C
273 2713 519 2784 Superbo
550 2717 710 2774 oculo
757 2728 864 2786 est,
893 2720 986 2791 qui
1035 2731 1118 2778 est
1162 2725 1515 2793 praetumidus
1546 2743 1716 2798 prava

132 2804 417 2862 voluntate.
431 2805 732 2865 Insatiabili
749 2813 912 2868 corde
928 2813 979 2883 (Ι
995 2813 1114 2869 Cor.
1134 2815 1188 2886 5)
1210 2833 1224 2871 :
1243 2817 1333 2886 qui
1350 2833 1453 2872 non
1470 2821 1670 2874 recedit
1685 2837 1716 2876 a

127 2893 492 2965 blasphemiis.
510 2899 632 2956 lllos
657 2901 710 2955 in
729 2909 935 2958 tantum
954 2905 1368 2970 dicitvitandos,
1395 2917 1452 2962 ut
1473 2927 1569 2965 nec
1593 2926 1715 2966 eum

127 2985 250 3054 ipsis
273 2989 572 3045 debeamus
618 2992 756 3048 inire
786 2995 1114 3061 convivium,
1145 3012 1213 3051 ne
1242 3013 1402 3054 aures
1447 3001 1716 3057 Christia-

130 3094 310 3133 norum
338 3081 728 3138 abominandis
756 3085 1111 3155 inquinentur
1138 3090 1505 3146 sermonibus.

1259 366 1622 432 EXPOSETIO
1661 374 2105 438 PSALMORUM.

148 480 356 548 quidem
377 493 465 535 res
489 478 611 536 illas
632 481 814 539 videre
835 498 1119 555 negamur,
1143 501 1279 547 quas
1302 491 1463 543 nullis
1484 489 1718 546 delecta-
1745 500 1794 556 Α
1824 493 1890 547 i0
1963 495 2028 551 1η
2057 501 2316 554 matutino
2401 503 2772 572 interﬁciebam
2853 526 3028 566 omnes

1859 299 1894 310 υ.
1949 298 1951 301 .

3296 398 3404 458 388

3102 531 3402 585 peccatores

2033 599 2188 644 terra:
2214 605 2234 641 νέ

1963 678 2032 732 L't
2078 681 2430 750 disperderent
2478 688 2543 740 de
2589 690 2798 744 civitate
2824 690 3040 750 Domini
3071 716 3246 757 omnes
3277 722 3402 769 ope-

2034 783 2209 828 rantes
2241 775 2587 842 iniquitatem.

1891 861 1933 913 C
1973 862 2265 932 Postquam
2300 866 2436 920 dixit
2479 869 2741 927 malormn
2773 890 2830 929 se
2858 877 3060 949 fugisse
3087 891 3358 943 consortia
3385 933 3399 954 ,

1821 951 2044 1019 exponit
2067 968 2210 1008 nunc
2245 957 2696 1023 quemadmodum
2729 964 2794 1018 de
2825 971 3248 1033 penetrabilibus
3292 951 3406 1033 suis

1822 1043 2088 1111 expulerit
2119 1043 2261 1098 illam
2294 1057 2500 1115 partem
2528 1054 2902 1123 tyrannicam,
2945 1062 3151 1116 scilicet
3176 1081 3402 1134 pravam
3467 1067 3472 1072 ’

1821 1132 2128 1189 d:cmonum
2168 1140 2590 1207 suggestionem.
2623 1142 2678 1199 in
2710 1150 2989 1205 matutinis
3025 1172 3036 1206 :
3070 1155 3120 1211 in
3152 1132 3280 1227 ipsis
3331 1163 3408 1215 vi-

1823 1222 2020 1278 delicet
2049 1227 2240 1290 initiis,
2261 1243 2384 1284 cum
2412 1230 2567 1284 nobis
2596 1237 2968 1304 suggeStiones
2998 1222 3272 1302 diabolicae
3294 1266 3408 1305 cm-

1821 1314 2002 1380 perint
2051 1315 2194 1370 velut
2242 1317 2404 1373 dubia
2435 1323 2751 1390 crepuscula
2799 1342 3090 1398 apparere,
3122 1344 3250 1393 tunc
3273 1356 3406 1397 ora-

1824 1403 1971 1460 tione
1997 1406 2195 1461 debent
2236 1406 2391 1475 ejici,
2441 1425 2509 1464 ne
2555 1413 2813 1483 paulatim
2857 1421 3029 1476 noxiae
3058 1440 3404 1497 crescentes,

1823 1491 1966 1547 velut
1989 1495 2106 1551 dies
2122 1497 2561 1567 uebulosissima,
2583 1508 3063 1574 comprehendant.
3086 1491 3409 1577 Peccatores

1823 1593 1983 1640 terra:
2005 1597 2134 1640 sunt
2151 1589 2447 1659 daemones,
2471 1594 2564 1663 qui
2590 1596 2829 1666 sicjnste
2854 1600 3126 1672 dicuntur,
3150 1615 3408 1680 quoniam

1821 1688 2141 1746 peccatores
2181 1680 2407 1736 faciunt.
2458 1685 2746 1743 Civitatem
2796 1691 2888 1747 Dei
2925 1713 2937 1748 :
2979 1699 3213 1755 animam
3258 1705 3408 1774 piam

1824 1777 2012 1839 patres
2059 1785 2180 1827 esse
2224 1773 2514 1841 dixerunt,
2568 1781 2710 1835 unde
2759 1783 3004 1844 diabolus
3053 1773 3406 1865 disperditur,

1742 1853 1791 1913 B
1821 1877 1942 1918 cum
1969 1879 1999 1919 a
2028 1881 2126 1921 sua
2157 1867 2456 1926 intentione
2487 1887 2812 1932 removetur.

199 1937 242 1992 C
281 1937 521 1993 Detrahit
550 1939 844 1998 haereticus
888 1953 1137 2009 secreto,
1165 1945 1381 2015 quando
1428 1945 1709 2001 absentem
1759 1953 1768 1960 ’

2325 1979 2526 2020 ORATIO
2566 1984 2634 2022 EX
2671 1987 2817 2026 PSAL.
2859 1992 2908 2030 (Σ.

1879 2046 2444 2120 lncompreltensibilis
2472 2058 2703 2122 virtute,
2754 2062 2912 2131 Deus,
2939 2070 3028 2137 qni
3059 2073 3164 2126 tuis
3191 2075 3411 2133 famulis

1813 2140 2250 2199 miscricordiam
2284 2156 2447 2217 atque
2484 2147 2752 2217 judicium
2801 2157 3100 2218 clementer
3132 2165 3410 2234 insinuas,

1811 2235 2052 2289 concede
2097 2237 2252 2292 nobis
2303 2240 2490 2296 ﬁdeles
2528 2243 2866 2316 intelligere.
2921 2264 3236 2326 rectumque
3267 2262 3410 2316 viam

1813 2323 2061 2392 ingredi,
2103 2328 2186 2381 vel
2216 2346 2245 2382 a
2276 2332 2516 2388 vanitate
2553 2341 2902 2394 exsecrabilis
2944 2323 3211 2414 superbia:
3241 2351 3412 2409 decli—

1812 2429 1966 2472 nare.
1997 2416 2104 2473 Per
2136 2419 2423 2478 Dominum
2457 2436 2703 2483 nostrum
2734 2430 2915 2487 Jesum
2937 2476 2952 2501 ,
2983 2448 3090 2492 etc.

2383 2535 2704 2596 PSALMUS
2744 2541 2829 2598 Cl.

2267 2623 2632 2666 ARGUMENTUM
2675 2630 2822 2669 PSAL.
2881 2633 2952 2672 Cl.

1887 2691 1928 2749 C
1965 2694 2237 2764 Propheta
2283 2701 2415 2756 dicit
2447 2703 2512 2759 de
2542 2720 2773 2774 persona
2823 2709 3104 2778 cujuslibet
3159 2723 3414 2792 pauperis

1810 2783 1977 2851 justi,
2012 2798 2070 2842 ut
2102 2789 2366 2847 Dominus
2395 2793 2461 2847 ad
2493 2795 2607 2865 ejus
2637 2812 2826 2867 preces
2852 2805 3120 2860 attendat.

1822 2873 1930 2929 TT.
1984 2875 2182 2960 Oratio
2221 2884 2467 2960 pauperis
2521 2902 2639 2960 runt
2685 2891 2875 2944 anxius
2935 2892 3092 2960 fuerit
3134 2907 3182 2950 et
3234 2915 3413 2956 coram

2136 2950 2362 3006 Domino
2385 2955 2629 3023 effuderit
2651 2976 2853 3027 precem
2885 2950 3064 3018 suam.

1891 3035 1936 3092 Η
1956 3036 2168 3109 Pauper
2191 3051 2275 3096 est
2296 3042 2660 3113 Christianus,
2686 3066 2792 3106 non
2820 3052 2980 3124 hujus
3004 3059 3188 3113 mundi
3211 3076 3412 3118 carens

1822 3129 2050 3197 divitiis,
2083 3133 2178 3187 sed
2225 3136 2418 3203 spiritu
2454 3153 2679 3208 pauper.
2729 3142 2769 3197 C
2802 3143 2929 3200 Sive
2971 3149 3138 3204 etiam
3167 3166 3334 3222 egens
3357 3155 3412 3210 in

157 3216 190 3267 8
259 3214 416 3271 oculi
450 3217 553 3271 mei
581 3218 652 3272 ad
682 3219 865 3288 ﬁdele;
911 3231 1067 3276 term
1095 3233 1152 3276 ut
1180 3223 1399 3280 εεάεαηι
1427 3242 1630 3281 mecum
1659 3243 1680 3284 ε
1746 3213 1792 3275 C
1826 3219 1928 3274 hoc
1953 3222 2173 3288 saeculo,
2209 3226 2304 3280 sed
2347 3226 2588 3298 locuples
2613 3231 2666 3284 in
2704 3233 2834 3297 Deo,
2869 3237 3018 3293 vitiis
3043 3255 3265 3306 vacuus,
3299 3244 3414 3299 vir-

261 3308 558 3363 Ambulans
607 3311 663 3364 in
713 3314 797 3365 via
847 3312 1194 3369 immaculata
1246 3317 1332 3370 hic
1379 3318 1509 3372 mihi
1564 3321 1722 3376 mini-

337 3410 382 3452 ει
393 3400 565 3453 rabat.

195 3509 235 3564 C
257 3509 553 3566 Proﬁtetur
574 3526 632 3568 se
657 3529 797 3569 nunc
810 3526 993 3573 sancta
1017 3523 1361 3593 congregatio
1379 3541 1390 3578 :
1408 3523 1524 3579 illos
1541 3526 1720 3583 cordis

138 3603 319 3657 oculos
357 3604 570 3658 sociare
596 3621 720 3660 cum
765 3609 1002 3672 sanctis,
1039 3627 1175 3680 quos
1209 3615 1491 3670 avertebat
1536 3632 1565 3669 a
1601 3633 1719 3688 pes-

129 3693 302 3746 simis.
338 3691 552 3748 Fideles
580 3703 740 3750 terrte
783 3707 906 3751 sunt
933 3698 1268 3766 Christiani,
1300 3704 1390 3772 qui
1423 3720 1519 3773 per
1545 3714 1717 3762 totum

140 3787 398 3840 mundum
433 3787 715 3853 habitant,
747 3797 804 3842 et
839 3790 1025 3844 sedent
1056 3792 1216 3846 simul
1255 3795 1308 3847 in
1339 3795 1545 3850 unitate
1572 3795 1714 3852 ﬁdei.

128 3877 424 3932 Ambulans
453 3878 506 3932 in
533 3879 620 3933 via
640 3919 654 3945 ,
690 3879 809 3935 haec
836 3891 922 3935 est
955 3897 1082 3937 vera
1110 3893 1166 3939 et
1197 3886 1487 3942 manifesta
1520 3889 1720 3958 proba-

130 3971 199 4023 tio
229 3969 671 4024 Christianorum
692 4010 708 4035 ,
738 3980 794 4026 et
826 3972 877 4026 in
908 3989 1005 4027 sua
1033 3975 1140 4028 vita
1175 3975 1516 4044 clarescere,
1542 3989 1597 4034 et
1623 3981 1718 4034 bo-

127 4076 314 4115 norum
369 4062 742 4116 ministrorum
801 4067 1216 4121 conversatione
1258 4069 1529 4138 gaudere,
1576 4070 1717 4126 sicut

128 4165 284 4222 supra
330 4153 471 4207 dixit
499 4171 511 4206 :
545 4152 681 4208 Cum
713 4163 907 4210 sancto
938 4167 1162 4212 sanctus
1193 4160 1304 4213 eris
1350 4157 1524 4229 (Psal.
1557 4162 1713 4232 xvu).

127 4240 188 4295 Et
216 4244 463 4312 quamvis
489 4245 591 4298 hoc
617 4260 648 4297 a
697 4243 852 4299 laicis
899 4261 1007 4302 non
1052 4247 1123 4301 sit
1164 4260 1486 4319 exceptum,
1532 4260 1713 4306 tamen

128 4335 436 4402 specialiter
463 4332 728 4404 probatur
759 4337 1135 4392 sacerdotibus
1166 4339 1510 4410 impositura,
1545 4351 1604 4394 ut.
1635 4353 1713 4397 ta-

129 4421 200 4479 les
225 4425 502 4481 ministros
526 4427 805 4495 habeant,
861 4427 954 4498 qui
997 4429 1198 4485 divinis
1249 4429 1452 4500 regulis
1482 4447 1587 4488 non
1622 4449 1710 4490 re-

127 4526 387 4589 pugnent.

157 4626 190 4682 9
263 4627 388 4682 Non
414 4627 663 4685 habitabit
709 4631 768 4684 in
797 4629 970 4685 medio
1021 4631 1209 4687 donius
1255 4649 1420 4701 mete,
1465 4637 1553 4705 qui
1578 4637 1708 4707 facit

332 4722 623 4790 superbiam
660 4739 680 4778 :

265 4814 373 4882 Qui
418 4817 647 4885 loquitur
700 4821 888 4890 iniqua
935 4837 1038 4876 non
1085 4821 1277 4875 direxit
1331 4823 1387 4876 iu
1435 4835 1712 4894 conspectu

337 4908 608 4963 oculorum
634 4927 896 4966 meorum.

191 5039 237 5096 C
276 5038 450 5112 Negat
479 5044 618 5099 enim
647 5045 827 5103 fidelis
864 5047 1124 5116 populus,
1156 5062 1280 5105 cum
1315 5050 1568 5120 superbis
1616 5053 1720 5111 sibi

133 5129 298 5170 ’πῖαρ
343 5134 574 5170 αΙῖηιισιηι
606 5141 923 5170 nuntia-unm
1002 5137 1155 5170 Ιῖιιιιο
1199 5142 1574 5170 Ληκιιηρηῖηιιι..
1626 5163 1720 5170 -..-

1825 3311 2029 3370 tutibus
2055 3314 2266 3383 plenus.
2305 3317 2515 3374 Anxius
2541 3331 2644 3387 est,
2676 3324 2770 3392 qui
2813 3325 2865 3380 in
2896 3330 3046 3398 gravi
3093 3332 3408 3390 discrimine

1822 3405 2048 3473 positus,
2099 3406 2299 3464 nullam
2340 3420 2550 3482 partem
2594 3429 2758 3483 quam
2800 3421 2951 3488 sequi
2989 3422 3206 3488 debeat,
3259 3427 3412 3480 novit

1820 3493 2038 3564 eligere.
2087 3497 2285 3552 Coram
2327 3501 2593 3557 Domino:
2627 3504 2786 3560 talem
2828 3509 2942 3563 vult
2980 3513 3282 3568 orationem
3320 3515 3404 3568 in-

1822 3587 2008 3660 telligi,
2049 3605 2171 3660 qua:
2201 3593 2269 3647 de
2318 3595 2510 3649 animae
2548 3599 2788 3654 sacculis
2828 3611 2958 3656 ante
3000 3604 3166 3670 pedes
3207 3606 3408 3677 regios,

1775 3680 1782 3700 '
1821 3680 1973 3747 quasi
2012 3684 2160 3737 aurei
2194 3683 2393 3738 metalli
2421 3685 2578 3755 copia
2606 3688 2801 3742 decora
2829 3689 3105 3747 fundatur.

1822 3772 1848 3826 l
1926 3771 2149 3830 Domine
2175 3779 2368 3831 exaudi
2390 3781 2681 3834 orationem
2707 3800 2906 3839 meam:

1961 3863 2032 3918 Et
2063 3867 2264 3922 clamor
2293 3886 2439 3923 ineas
2463 3872 2531 3924 ad
2552 3881 2601 3926 te
2630 3876 2822 3930 veniat.

1887 3950 1930 4010 C
1956 3956 2155 4013 Vidcns
2181 3961 2441 4029 propheta
2473 3972 2599 4017 ante
2633 3965 2926 4022 adventum
2958 3969 3170 4026 Domini
3210 3973 3402 4027 Imma-

1817 4059 1918 4100 nos
1935 4061 2185 4103 crescere
2212 4064 2450 4119 errores,
2479 4067 2764 4120 personam
2791 4060 3046 4126 pauperis
3074 4063 3399 4118 convenien-

1816 4145 1902 4190 ter
1950 4139 2262 4206 assumpsit.
2307 4138 2490 4196 Primo
2547 4145 2692 4197 enim
2733 4147 2918 4216 posuit
2974 4149 3300 4212 orationem,
3350 4161 3406 4206 et

1816 4229 2014 4299 adjecit
2059 4231 2376 4299 clamorem,
2423 4243 2483 4287 ut
2526 4249 2884 4305 cognosceres
2935 4239 3174 4294 crevisse
3221 4242 3401 4298 studia

1814 4321 2244 4390 supplicationis,
2295 4324 2449 4394 cujus
2477 4326 2780 4384 orationem
2829 4327 2884 4382 in
2922 4329 3218 4386 clamorem
3273 4348 3404 4401 pro-

1816 4415 2025 4482 rupisse
2054 4417 2306 4472 sentires.

1813 4503 1848 4555 2
1923 4503 2046 4558 Non
2070 4517 2272 4560 avertas
2299 4507 2486 4577 faciem
2513 4519 2658 4566 tuam
2683 4530 2713 4566 α
2746 4526 2858 4566 me:

1958 4593 2026 4649 In
2051 4613 2364 4668 quacunque
2407 4602 2494 4656 die
2522 4603 2750 4658 tribulor
2776 4605 2978 4661 inclina
2998 4608 3069 4662 ad
3093 4625 3176 4664 me
3198 4623 3264 4668 -ιι-
3313 4628 3429 4666 au-

2035 4705 2142 4743 rem
2172 4701 2320 4745 utam
2369 4695 2388 4711 ⁶
3037 4697 3040 4700 ’

1888 4776 1930 4830 C
1959 4777 2237 4850 Supplicat
2258 4785 2441 4856 itaque
2463 4801 2672 4858 pauper
2700 4790 2822 4854 iste,
2847 4805 2915 4844 ne
2937 4805 2967 4844 a
2991 4801 3285 4859 conspectu
3310 4793 3411 4849 Dei

1822 4871 2082 4926 reddatur
2106 4875 2332 4930 alienus.
2366 4878 2422 4933 In
2455 4895 2783 4953 «maenaque
2813 4883 2922 4946 die,
2952 4884 3006 4938 id
3052 4895 3134 4940 est
3161 4899 3412 4954 quocun-

1821 4977 1929 5032 que
1962 4972 2205 5034 tcmpore
2233 4969 2530 5038 urgebatur
2576 4973 2896 5030 vulneribus
2923 4987 3297 5043 peccatorum,
3326 4976 3418 5029 vel

1827 5068 1948 5108 cum
1991 5072 2113 5112 eum
2173 5058 2509 5114 detestabilis
2557 5064 2842 5132 premebat
2889 5063 3170 5122 inimicus.
3216 5063 3423 5117 ln’elina

1830 5161 2011 5170 ἀλα-αα-..
