3986 5412
593 410 732 464 "365

594 529 764 585 'ot‘al,
789 525 847 572 ιιι
883 515 952 569 ab
990 513 1074 566 bis
1109 508 1288 565 divina
1334 501 1793 570 contemplatione
1829 497 2113 567 eripiatur.
2155 491 2198 545 C
2225 496 2273 552 Ἀ
2301 491 2334 544 9

599 611 691 664 .Et
709 609 821 679 jam
849 602 1205 660 conﬁdentius
1232 596 1385 667 petit.
1427 601 1486 647 ut
1513 591 1744 647 celerius
1786 595 2059 644 mereatur
2098 598 2197 636 au-

624 699 749 752 diri.
782 695 915 750 Nam
940 693 1031 763 qui
1054 690 1390 747 velocitatem
1424 684 1681 757 postulat,
1712 681 1778 738 de
1813 679 1930 749 ejus
1957 678 2209 733 clemen-

598 811 603 815 ’
624 792 696 844 tia
724 805 827 844 non
855 785 1065 843 difﬁdit.

600 902 655 958 με
727 900 865 968 Quia
894 899 1191 968 defecerunt
1218 894 1350 950 sicut
1380 894 1556 963 fumus
1582 889 1690 944 dies
1715 888 1856 943 mei:

765 990 833 1046 ΕΙ
861 1009 979 1046 οδδα
1004 1005 1119 1044 mea
1139 989 1272 1043 δίσιιι
1296 984 1542 1039 cremium
1562 988 1834 1035 aruerunt.

687 1085 729 1140 (Ξ
757 1082 950 1138 Merito
996 1093 1123 1151 ergo
1152 1077 1268 1132 dies
1295 1081 1661 1146 peccatorum,
1705 1069 1877 1141 globis
1926 1064 2192 1121 fumiferis

593 1183 1020 1246 comparantur.
1051 1171 1119 1226 Et
1144 1166 1378 1225 maxime
1404 1164 1469 1218 ad
1484 1161 1790 1232 superbiam
1817 1159 1997 1213 mundi
2022 1155 2190 1226 respi-

588 1270 711 1330 cit.
733 1281 871 1338 quae,
896 1270 1099 1334 quanto
1123 1258 1239 1330 plus
1269 1253 1544 1312 extollitur
1565 1259 1623 1307 ut
1647 1249 1843 1313 fumus,
1897 1254 2043 1301 tanto
2070 1259 2187 1299 am-

589 1331 1142 1427 .plius-evanescit.H
1186 1346 1361 1403 Ossa:
1409 1340 1682 1413 signiﬁcat
1728 1337 1892 1393 animi
1920 1331 2190 1390 fortitudi-

594 1423 760 1511 .iiem,
805 1445 849 1502 si
899 1456 1028 1514 ergo
1066 1437 1209 1510 quod
1247 1443 1332 1491 est
1372 1433 1430 1488 in
1484 1446 1571 1487 me
1615 1430 1778 1494 forte,
1824 1428 1927 1481 hoc
1968 1423 2111 1478 aruit
2136 1430 2191 1477 et

614 1539 893 1594 infirmum
925 1534 1127 1590 factum
1175 1538 1280 1595 est,
1316 1533 1519 1599 quanto
1559 1522 1731 1594 magis
1763 1535 1883 1590 qua:
1912 1532 2009 1588 per
2034 1525 2189 1570 natu-

617 1647 733 1685 ram
757 1626 970 1684 infirma
998 1630 1143 1689 sunt,
1177 1631 1236 1676 ut
1263 1616 1410 1676 caro.
1442 1615 1484 1673 C
1507 1614 1643 1669 Nam
1672 1613 1761 1684 qui
1784 1626 1842 1667 se
1865 1608 2105 1681 pavescit
2133 1607 2187 1660 in

601 1723 796 1778 .futuro
825 1714 1289 1787 arsurum,ipsius
1314 1708 1550 1767 incendii
1594 1703 1929 1779 pavorejam
1974 1700 2190 1773 frigitur

611 1813 765 1887 quasi
803 1812 856 1867 in
879 1809 1126 1865 frixorio.
2070 1802 2075 1805 '

606 1932 644 1987 5
715 1929 1006 1986 Percussus
1030 1941 1148 1981 sunt
1173 1931 1229 1978 ut
1259 1922 1436 1992 fenum
1462 1928 1510 1972 et
1533 1917 1672 1971 aruit
1693 1930 1786 1968 cor
1814 1922 2030 1967 meum:

754 2017 895 2085 Quia
932 2014 1122 2071 oblitus
1151 2027 1268 2067 sum
1292 2007 1561 2064 comedere
1588 2019 1775 2075 penem
1800 2015 1990 2055 meum.

577 2096 583 2107 ’
680 2112 720 2169 C
748 2111 894 2166 Bene
933 2120 1105 2180 genus
1138 2106 1435 2159 humanum
1477 2097 2004 2164 feno-comparatur,
2051 2088 2193 2159 quod

608 2215 666 2260 et
707 2201 997 2258 viriditatis
1040 2197 1206 2253 habet
1252 2192 1519 2256 lmtitiam,
1567 2196 1623 2243 et
1672 2198 1987 2257 percussum
2034 2180 2194 2235 facile

606 2294 775 2353 sentit
822 2290 1095 2360 iniuriam.
1120 2286 1213 2341 Sic
1254 2298 1375 2339 cum
1423 2281 1477 2336 in
1526 2278 1644 2350 lege
1688 2275 1785 2330 Dei
1822 2272 2191 2335 consistimus,

611 2385 872 2458 lanquam
892 2378 1283 2438 viridissimum
1310 2373 1492 2429 fenum
1521 2378 1871 2441 vegetamur:
1902 2379 2028 2421 mox
2050 2374 2193 2417 Nero

602 2489 667 2536 ut
691 2448 759 2532 ab
783 2475 899 2547 ejus
929 2469 1214 2544 praeceptis
1241 2464 1503 2521 fuerimus
1518 2459 1782 2518 diabolica
1812 2455 1953 2511 falce
1969 2448 2191 2516 succisi,

598 2566 792 2622 statim
809 2540 1140 2617 arescimus.
1185 2554 1377 2612 Reddit
1412 2564 1629 2623 quoque
1680 2561 1904 2604 causam
1949 2559 2048 2599 cur
2077 2540 2193 2610 ejus

596 2672 704 2712 cor
725 2653 888 2719 aruit,
922 2651 1047 2721 quia
1091 2663 1199 2703 non
1250 2642 1484 2699 comedit
1523 2634 2084 2711 pauem'spiritalem,
2137 2631 2192 2685 id

594 2755 690 2801 .cst
718 2743 1017 2806 Christum,
1047 2744 1270 2809 propter
1295 2741 1601 2804 peccatum.

576 2860 640 2927 ,6
706 2858 752 2912 Α
781 2871 896 2911 voce
922 2853 1144 2924 gemitus
1170 2849 1312 2904 mei:
1406 2909 1411 2914 ι

750 2946 982 3002 Adhaesit
1007 2960 1066 2998 os
1089 2957 1260 2997 meum
1281 2940 1428 2994 carni
1452 2954 1601 2993 meae.

673 3039 714 3096 C
756 3038 816 3095 lu
856 3036 958 3092 Illo
1003 3034 1150 3090 enim
1196 3030 1401 3103 gemitu
1447 3027 1785 3100 amigebatur
1824 3026 2188 3095 isteapauper,

576 3147 769 3205 η,ιιιιιιιιι
805 3126 993 3186 mundi
1022 3133 1291 3181 amatores
1318 3122 1496 3193 potius
1538 3119 1859 3184 irridebaut.
1892 3117 2014 3172 Ideo
2040 3115 2190 3169 addi-

586 3194 687 3280 rdit
731 3221 859 3287 mei,
917 3228 979 3276 ut
1020 3233 1093 3275 se
1133 3233 1164 3272 a
1193 3213 1481 3272 mundanis
1523 3211 1807 3267 desideriis
1859 3215 2190 3264 monstraret
2216 3194 2260 3256 C

594 3319 966 3373 abstractum.
1003 3312 1050 3369 ll
1094 3310 1313 3366 Discant
1344 3306 1669 3379 praenitentes
1712 3301 1984 3375 quomodo
2026 3306 2189 3369 agant

594 3405 1011 3478 paenitentiam,
1037 3403 1107 3459 ab
1146 3404 1252 3458 isto
1287 3411 1541 3471 paupere.
1584 3396 1815 3452 Videant
1839 3393 1968 3464 quid
2022 3391 2184 3457 dicat,

592 3497 857 3565 .adhtesit,
878 3504 996 3552 etc:
1019 3510 1082 3551 ac
1102 3493 1149 3549 si
1170 3491 1395 3547 dixisset
1412 3488 1551 3545 :lste
1574 3500 1800 3559 pauper,
1824 3486 1897 3539 ita
1917 3481 2185 3537 maccravi

572 3590 1006 3661 .memetipsum,
1037 3594 1096 3643 ut
1119 3585 1237 3642 sine
1261 3596 1427 3640 carne
1445 3595 1643 3636 essem.
1696 3578 1763 3632 Et
1793 3572 2187 3651 adhmsitcutis

592 3684 819 3740 ossibus
853 3681 1026 3736 meis:
1057 3690 1300 3741 carnem,
1330 3689 1429 3745 pro
1459 3671 1596 3743 pelle
1620 3669 1777 3724 dixit.

596 3795 634 3851 .7
722 3790 926 3849 Similis
964 3788 1135 3858 factus
1170 3801 1285 3841 sum
1307 3782 1543 3854 pelicano
1563 3779 1904 3836 solitudinis:

735 3880 945 3937 Factus
970 3894 1085 3933 sum
1105 3878 1241 3931 sicut
1262 3875 1564 3945 nycticorax
1593 3872 1647 3926 in
1678 3868 1962 3924 domicilio.

666 3974 720 4030 .C
743 3971 1026 4029 Pelicanus
1053 3970 1167 4024 avis
1206 3974 1291 4022 est
1324 3964 1579 4035 Egyptia
1636 3961 1827 4019 similis
1879 3959 2101 4015 ciconiis
2126 3958 2182 4012 in

598 4065 905 4139 granditate
941 4060 1219 4133 corporis,
1263 4074 1384 4130 qum
1428 4057 1786 4113 delectatione
1829 4051 2073 4109 solitaria
2123 4064 2183 4105 se

601 4157 933 4223 consolatur,
966 4164 1020 4213 ct
1066 4152 1298 4209 naturali
1339 4149 1513 4206 macie
1537 4162 1753 4218 semper
1791 4144 2041 4203 confecta
2075 4150 2178 4207 est,

579 4260 754 4303 tenso
778 4246 923 4302 enim
953 4244 1211 4301 intestino
1235 4256 1334 4312 per
1358 4239 1590 4304 viscera,
1627 4235 1887 4307 quidquid
1933 4230 2179 4289 escarum

601 4337 818 4409 accipit,
842 4338 961 4393 sine
994 4336 1171 4405 aliqua
1199 4332 1512 4388 dccoctione
1550 4328 1896 4385 transmittit:
1929 4334 1982 4380 et
2006 4323 2178 4395 signi-

600 4427 729 4483 ficat
782 4426 1058 4482 eremitas.
1129 4423 1491 4494 Nyclicorax,
1547 4421 1604 4475 id
1674 4428 1760 4475 est
1812 4416 2176 4477 noctic0rvus,

597 4532 763 4587 quem
800 4516 1016 4585 quidam
1072 4512 1362 4575 bubonem,
1413 4511 1633 4580 quidam
1663 4517 1916 4565 noctuam
1954 4513 2174 4568 vocant,

592 4620 721 4679 qua:
747 4603 943 4674 quaerit
973 4616 1128 4658 escas
1150 4601 1205 4655 in
1231 4609 1423 4655 nocte:
1452 4599 1525 4653 ita
1555 4605 1611 4653 et
1646 4596 1913 4666 paenitens
1950 4595 2056 4649 isto
2084 4608 2181 4647 no-

599 4703 793 4749 cturno
844 4702 1086 4761 tempore
1131 4704 1288 4745 escas
1339 4688 1535 4742 animae
1585 4688 1780 4755 quierit
1833 4684 2179 4748 modulanda,

578 4785 839 4840 retinens
863 4797 922 4839 se
950 4781 1227 4839 domicilio
1248 4794 1279 4834 ιι
1300 4779 1516 4850 publica
1539 4778 1748 4834 visione
1781 4788 2072 4834 remotum.

596 4879 630 4933 8
710 4873 975 4947 Vigilari;
1347 4908 1352 4913 -
1488 4882 1491 4885 '

743 4967 811 5016 Et
841 4968 1009 5016 factus
1029 4983 1147 5016 sum
1175 4966 1310 5016 sicut
1332 4972 1515 5016 nass‘er
1534 4961 1811 5016 solitarius
1826 4963 1881 5016 in
1917 4971 2069 5016 lecto.

1524 389 1606 445 "S.
1642 383 1996 444 ‘BRUNONIS
2014 368 2572 437 'llERDlPOLENSlS
2609 366 2916 463 Ei’lSCOPl

3748 345 3854 402 ξω

2410 485 2539 540 Tota
2572 485 2654 540 die
2681 478 3060 551 exprobrabant
3075 474 3213 529 mihi
3247 470 3442 526 inimici
3474 468 3618 522 mei‘:

2441 574 2504 629 Et
2543 574 2631 644 qui
2660 569 2946 625 laudabant
2976 581 3056 620 me
3083 568 3355 618 advenam
3376 574 3459 614 me
3474 556 3750 627 jurabanl.

2364 670 2405 724 C
2436 663 2721 723 Diabolica:
2750 666 2957 716 constat
3006 670 3128 711 esse
3177 651 3418 714 malitiae,
3446 659 3505 703 ιιι
3538 660 3726 702 servos
3748 645 3853 715 (Dii

2293 785 2429 840 quos
2448 764 2654 837 apertis
2684 756 2984 815 terroribus
3004 749 3221 823 tyranni
3248 759 3508 817 superare
3525 756 3631 797 non
3659 740 3853 801 valenti)

2293 830 2553 915 derisoria
2597 851 2768 917 magis
2827 839 3471 913 bicrepationetlectaut,
3500 833 3583 887 sic
3617 830 3760 885 enim
3782 836 3857 883 est

2293 943 2626 1004 consuetudo
2658 937 2962 1012 perversis,
2989 933 3162 988 bonos
3200 928 3352 999 prius
3398 925 3454 981 in
3489 923 3603 979 vita
3627 918 3856 977 stcculsri

2293 1038 2510 1094 laudare
2527 1076 2542 1100 ,
2576 1009 2693 1105 post
2714 1023 3067 1098 jurejurando
3091 1016 3351 1075 detestari
3370 1030 3559 1082 ,«cutnr
3575 1026 3687 1069 eos.
3700 1009 3855 1082 paeni-

2295 1130 2462 1185 tentia
2489 1123 2662 1194 afiligi
2691 1115 3053 1187 conspiciunt.

2293 1222 2359 1276 lt)
2432 1217 2570 1285 Quia
2596 1193 2822 1270 cinerem
2849 1219 3097 1280 tanquam
3118 1216 3302 1271 panem
3328 1193 3719 1253 inauducabant
3755 1230 3764 1248 .

2432 1309 2501 1363 Et
2521 1303 2765 1376 poculum
2792 1313 2965 1354 meum
2987 1311 3104 1351 cum
3131 1295 3257 1365 ﬂetu
3284 1290 3586 1346 miscebant.

2361 1399 2705 1459 Manducavit
2769 1393 3020 1450 Christus
3070 1388 3313 1443 cinerem
3356 1391 3415 1438 ut
3473 1394 3672 1451 panem
3703 1396 3717 1433 :
3745 1393 3855 1448 quia

2286 1505 2604 1570 peccatores
2629 1485 3037 1562 pmnitentesad
3060 1497 3117 1538 se
3135 1478 3419 1537 convertit.
3440 1475 3481 1530 C
3500 1474 3595 1529 Vel
3611 1475 3853 1537 cinerem.

2270 1593 2342 1646 .id
2370 1601 2475 1656 est,
2504 1588 2761 1658 reliquias
2791 1593 3137 1655 peccatorum
3161 1586 3215 1633 et
3241 1590 3404 1647 parva
3428 1582 3655 1643 peccata
3679 1585 3859 1625 consu-

2290 1681 2501 1735 mebam
2531 1692 2656 1731 vera
2702 1672 3019 1744 paenitentia
3053 1687 3066 1723 :
3096 1684 3163 1724 ne
3204 1665 3333 1736 quid
3380 1670 3525 1717 esset
3570 1659 3854 1720 residuum,

2286 1769 2434 1839 quod
2461 1754 2742 1837 impediret
2765 1763 3015 1818 meritum
3045 1758 3195 1829 regni
3222 1755 3507 1811 cwlorum.
3530 1752 3600 1806 Et
3622 1749 3857 1821 poculum

2201 1846 2264 1904 -ῘῙ
2296 1875 2471 1915 meum
2503 1877 2516 1911 :
2558 1868 2684 1913 tunc
2716 1855 2865 1909 enim
2894 1852 3086 1907 animae
3107 1863 3240 1904 mea:
3266 1843 3566 1917 penetralia
3586 1884 3601 1906 ,
3638 1840 3858 1896 caelestis

2274 1951 2386 2005 .ille
2413 1958 2570 2020 potus
2599 1944 2916 2017 ingreditur,
2945 1940 3163 2012 quando
3187 1938 3294 2010 piis
3331 1935 3548 1991 fletibus
3579 1934 3856 2003 irrigatur;

2276 2040 2439 2096 .ll-vel
2465 2039 2516 2093 in
2545 2038 2729 2093 cinere
2753 2032 3085 2105 intingebam
3106 2043 3297 2102 panem
3312 2040 3527 2090 meum,
3547 2034 3605 2079 et
3625 2025 3703 2078 sic
3726 2036 3859 2076 com-

2295 2129 2539 2185 edebam.
2596 2126 2658 2182 Si
2698 2138 2827 2196 ergo
2860 2122 3121 2194 propheta
3163 2120 3266 2174 hoc
3316 2117 3447 2172 fecit
3472 2132 3488 2168 :
3518 2129 3623 2169 nos
3647 2112 3767 2182 quid
3789 2110 3859 2163 fa-

2295 2219 2539 2275 ciamus?
2558 2226 2616 2274 et
2640 2216 2891 2288 poculum
2917 2229 3039 2270 cum
3065 2210 3320 2283 lacrymis
3343 2208 3641 2263 miscebam
3667 2221 3683 2259 :
3707 2214 3759 2260 et
3782 2203 3855 2257 ni-

2296 2313 2370 2368 bil
2447 2311 2578 2367 mihi
2624 2322 2791 2367 suave
2836 2315 2978 2373 erat,
3038 2318 3213 2375 neque
3253 2301 3429 2373 panis,
3487 2313 3669 2368 neque
3706 2311 3859 2367 pecu.

2294 2403 2425 2467 lum,
2456 2402 2551 2456 sed
2581 2410 2791 2455 tantum
2819 2397 3036 2453 veniam
3066 2403 3122 2449 ct
3155 2394 3433 2449 crelestem
3460 2387 3861 2462 panem-ﬁbri-

2293 2504 2436 2549 stum
2468 2491 2864 2547 desiderabam.

2296 2585 2354 2638 ll
2432 2584 2477 2637 Α
2502 2582 2638 2650 facie
2658 2582 2752 2636 ira:
2770 2590 2817 2636 et
2845 2576 3228 2650 indignationis
3247 2585 3402 2629 iure:

2438 2674 2574 2740 Quia
2595 2673 2797 2729 elevans
2828 2670 3036 2727 allisisti
3057 2685 3158 2724 me.

2353 2764 2405 2821 .C
2431 2766 2515 2821 lra
2538 2774 2593 2821 et
2616 2764 2912 2835 indignatio
2934 2763 3123 2819 faciem
3151 2775 3258 2816 non
3279 2758 3487 2814 habent
3503 2752 3858 2826 corporalem:

2292 2857 2386 2912 scd
2432 2855 2747 2934 timentibus
2777 2856 2877 2911 sub
2921 2851 3307 2924 imaginatione
3336 2863 3551 2918 semper
3591 2853 3857 2916 apparent.

2264 2951 2373 3011 .Jra
2433 2952 2501 3006 ad
2550 2950 2808 3005 ultionem
2862 2948 3141 3017 pertinet:
3189 2941 3516 3012 indignatio,
3549 2940 3619 2994 ad
3675 2945 3859 2993 motuin

2290 3044 2459 3098 animi
2491 3042 2840 3098 mediocrem.
2866 3039 3057 3095 Elevat
3087 3045 3267 3092 autem
3295 3032 3438 3089 Deus
3467 3031 3581 3087 suis
3606 3026 3862 3085 beneﬁciis

2288 3124 2627 3206 peccatores,
2676 3132 2893 3204 quando
2946 3130 3053 3185 illis
3083 3143 3213 3199 opes
3239 3123 3473 3190 confert,
3513 3132 3571 3177 et
3616 3121 3861 3176 honorem

2293 3226 2544 3283 concedit
2570 3242 2584 3277 :
2612 3232 2669 3278 et
2698 3224 2825 3279 dum
2855 3236 2919 3277 ex
2953 3221 3056 3276 hoc
3094 3212 3667 3274 extolluntur.-omnia
3697 3208 3859 3278 eripit.

2293 3328 2353 3372 ut
2378 3331 2487 3373 non
2515 3322 2741 3387 pereant
2766 3314 2861 3370 sed
2902 3311 3255 3368 humilientur
3289 3315 3346 3363 et
3373 3312 3717 3377 cognoscant
3741 3301 3864 3357 unde

2290 3420 2346 3466 et
2382 3410 2473 3464 illa
2504 3408 2815 3464 habuerint.

2291 3500 2361 3555 ‘12
2430 3499 2556 3555 Dies
2581 3498 2684 3554 mei
2704 3499 2837 3565 sicut
2868 3496 3052 3552 umbra
3078 3492 3517 3549 declinaverunt;

2431 3588 2503 3644 Et
2522 3603 2614 3659 ego
2635 3588 2769 3642 sicut
2797 3587 2973 3656 fenum
2999 3586 3140 3639 arui.

2357 3680 2399 3738 C
2417 3679 2793 3736 .Pulcherrtme
2820 3676 2957 3732 dixit
2986 3675 3090 3730 iste
3111 3674 3397 3746 paenitens,
3414 3673 3864 3745 postpravsrica-

2284 3772 2488 3827 tionem
2512 3770 2662 3835 Adae,
2689 3767 2811 3827 dies
2827 3766 3129 3823 declinasse
3157 3780 3284 3822 suos
3301 3765 3456 3834 :quia
3486 3765 3607 3835 ipse
3636 3764 3861 3820 declina-

2282 3861 2363 3916 vit
2381 3875 2412 3914 a
2428 3858 2678 3917 Domino.
2704 3857 2878 3913 Tanto
2902 3857 3047 3912 enim
3072 3858 3303 3927 quisque
3329 3855 3702 3922 imminuitur,
3713 3869 3863 3925 quan-

2287 3962 2345 4009 to
2362 3954 2430 4008 ab
2453 3952 2544 4007 illa
2561 3950 2892 4022 plenitudine
2911 3949 3046 4005 lucis
3060 3961 3340 4020 segregatu
3348 3965 3393 4014 ι’,
3411 3960 3861 4017 .consequensque

2276 4043 2405 4108 fuit,
2436 4050 2495 4097 ut
2514 4041 2667 4110 cuius
2695 4040 3040 4099 declinabant
3066 4041 3204 4107 dies,
3236 4041 3379 4095 sicut
3406 4038 3593 4094 fenum
3622 4051 3861 4094 arescere

2288 4134 2562 4191 debuisset
2593 4149 2612 4189 :
2643 4133 2908 4190 beneficio
2946 4136 3096 4190 enim
3134 4132 3287 4188 vitali
3332 4132 3472 4187 unde
3511 4131 3861 4202 vegetabatur

2283 4228 2579 4296 subtracto,
2605 4227 2660 4282 in
2682 4228 2990 4283 ariditatem
3020 4226 3339 4297 perducitur
3354 4225 3596 4295 peccati.

2284 4319 2352 4375 15
2425 4318 2502 4374 Τιι
2521 4329 2718 4386 autem,
2743 4319 2987 4387 Domine,
3014 4319 3072 4373 in
3094 4327 3350 4375 wternum
3368 4333 3647 4389 permanes
3668 4334 3700 4376 ξ

2427 4408 2564 4465 -ιρΕι
2598 4408 2617 4480 ζ
2648 4407 2951 4465 memoriale
2970 4417 3121 4465 tuum
3147 4408 3201 4469 in
3222 4411 3558 4481 generatione
3576 4419 3629 4465 et
3650 4425 3862 4482 genae-

2503 4501 2716 4555 tionem.

2209 4551 2260 4610 ι)
2357 4591 2398 4648 C
2428 4591 2557 4648 Post
2580 4551 2952 4662 dignissimam
3009 4589 3440 4648 satisfactionem
3492 4601 3859 4662 peccatorum.

2276 4684 2554 4755 paenitens
2577 4683 2727 4738 venit
2766 4683 2835 4738 ad
2878 4682 3065 4738 laudes
3111 4681 3229 4737 Dei.
3284 4681 3437 4738 Fecit
3480 4689 3666 4736 autem
3696 4681 3862 4736 laudis

2285 4773 2496 4828 initium
2542 4786 2754 4843 pauper
2794 4772 2897 4829 iste
2916 4813 2932 4839 ,
2957 4772 3025 4826 ab
3052 4770 3287 4828 adventu
3314 4770 3548 4837 Domini,
3581 4786 3681 4841 per
3706 4785 3862 4840 quem

2285 4867 2545 4921 mundum
2604 4874 2828 4920 noverat
2899 4880 3024 4921 esse
3093 4864 3432 4921 salvandum.
3507 4864 3860 4920 blemoriale:

2282 4955 2489 5010 dictum
2519 4964 2604 5010 est
2627 4955 2863 5009 salutare
2904 4954 3227 5016 promissum
3272 4955 3338 5009 de
3374 4954 3588 5009 Domini
3627 4936 3871 5010 incarna-
