3986 5412
169 315 282 369 3b)

1273 281 1637 366 eainsula
1674 303 2120 362 rsALuonuu.

3320 310 3424 366 368

175 423 225 478 il
252 422 502 478 Coulidat
533 437 665 493 ergo
697 421 785 492 qui
815 421 926 492 agit
953 419 1350 491 paenitentiam,
1379 416 1630 486 quoniam
1662 429 1746 470 ve-
1777 415 1826 473 Α
1855 413 2160 480 qnebantur
2185 415 2410 484 apostoli
2449 416 2588 488 (Act.
2631 428 2712 472 ut.
2759 415 2894 474 lline
2926 419 3124 474 factum
3153 431 3254 481 est.
3295 431 3353 476 ut
3391 442 3425 478 ιι

178 515 260 567 uit
291 523 500 584 tempus
530 513 817 568 miserendi
841 521 892 566 et
923 510 1186 566 salvandi.

180 603 246 656 l5
319 601 585 668 Quoniam
614 603 916 672 placuerunt
945 603 1104 656 servis
1125 602 1227 655 tuis
1262 599 1460 670 lapides
1489 598 1601 668 ejus
1625 611 1646 648 :

211 689 222 698 ’
319 693 386 745 Et
421 706 578 746 terrm
604 696 716 763 ejus
754 693 1154 747 miserebantur.

245 781 287 837 (Σ
314 782 517 837 Servos
561 783 774 838 Domini
804 783 1074 852 apostolos
1100 780 1247 835 dicit.
1276 777 1367 833 lsti
1393 777 1756 846 heneplacitos

180 875 485 928 habuerunt
535 873 740 942 lapides
771 871 887 942 ejus
911 914 924 937 ,
961 873 1011 926 id
1041 879 1123 925 est
1149 869 1512 928 Christianos.
1539 868 1757 936 quando

177 964 233 1018 in
265 965 347 1018 eis
379 963 818 1033 praedicationem
865 977 1018 1016 suam
1057 960 1388 1015 fructuosam
1422 973 1542 1012 esse
1572 972 1759 1012 cerne-

180 1053 325 1111 bant.
354 1050 542 1106 Terra:
561 1052 675 1119 ejus
700 1051 1117 1113 miserebantur,
1150 1049 1272 1118 quia
1298 1063 1392 1116 per
1419 1046 1646 1117 gratiam
1665 1046 1758 1100 Dei

183 1141 478 1194 mundandi
517 1149 692 1205 eram,
733 1140 824 1208 qui
877 1149 1092 1194 terrena
1130 1146 1334 1192 tantum
1375 1136 1679 1206 sapiebant,
1705 1142 1761 1189 et

178 1231 298 1283 labe
322 1239 542 1284 terrena
574 1227 878 1284 sordebant.

182 1319 248 1372 16
318 1320 389 1372 Et
427 1321 680 1373 timebunt
727 1330 896 1388 gentes
941 1335 1122 1374 nomen
1151 1328 1320 1380 tuum,
1355 1315 1572 1369 Domine
1601 1327 1621 1366 .‘

325 1409 395 1461 Et
422 1425 603 1461 omnes
635 1425 772 1478 reges
801 1419 955 1461 terra!
979 1407 1199 1477 gloriam
1235 1416 1404 1459 tuam.

252 1497 294 1551 C
323 1498 621 1566 Postquam
656 1499 797 1551 enim
821 1499 1081 1551 adventus
1100 1495 1299 1551 Christi
1330 1493 1580 1549 salutaris
1606 1490 1764 1546 inful-

178 1592 271 1655 sit,
297 1601 490 1661 gentes
519 1604 788 1644 conversze
829 1598 954 1643 sunt
997 1604 1093 1658 per
1132 1589 1401 1642 timorem.
1427 1585 1537 1684 Ipsi
1553 1597 1763 1684 quoque

179 1681 409 1749 gloriam
435 1680 642 1734 Domini
663 1680 939 1735 verissime
960 1685 1304 1750 cognoscunt,
1323 1677 1412 1746 qui
1440 1678 1490 1729 in
1510 1676 1763 1728 lirmitate

1854 503 2012 560 locali
2084 505 2418 563 Hierusalem
2479 525 2577 578 per
2625 509 2921 566 Ecclesiam
2982 517 3288 584 generalem
3336 515 3426 586 pia

1851 606 2117 666 prtecepta
2150 598 2242 653 Dei
2270 601 2640 655 decurrerent.

1853 683 1924 736 23
1993 683 2061 738 In
2085 689 2431 741 conveniendo
2453 689 2674 759 populos
2706 692 2758 744 in
2784 707 2945 746 unum
2972 704 3022 748 et
3050 709 3191 765 reges
3213 711 3236 750 :

1997 772 2068 827 Ut
2097 775 2320 828 serviant
2349 775 2596 832 Domino.

1855 862 1927 918 28
1999 863 2287 934 Respondit
2315 868 2362 920 ei
2393 867 2443 922 in
2474 870 2556 922 via
2590 871 2795 926 virtutis
2823 891 2934 929 sua:
2958 889 2981 926 :

2001 954 2334 1010 Paucitatem
2359 958 2564 1012 dierum
2598 977 2827 1018 meorum
2859 967 3041 1021 nuntia
3073 970 3224 1024 mihi.

1926 1043 1970 1099 C
2007 1045 2130 1100 Ideo
2174 1047 2309 1103 dicit
2355 1053 2524 1105 venire
2569 1055 2791 1124 populos
2838 1058 2889 1111 in
2940 1076 3121 1125 unum,
3157 1071 3216 1117 ut
3256 1065 3431 1120 virtus

1861 1133 2141 1190 catholica:
2183 1138 2408 1195 unitatis
2449 1144 2778 1200 ostendatur.
2806 1146 2967 1203 Addit
2991 1160 3047 1204 et
3084 1167 3256 1222 reges,
3289 1153 3426 1218 sive,

1859 1235 1921 1278 ut
1950 1226 2052 1280 alia
2083 1228 2244 1283 habet
2276 1232 2573 1299 translatio,
2599 1250 2762 1305 regna
2789 1248 3076 1304 terrarum,
3106 1252 3164 1296 ut
3190 1246 3431 1299 serviant

1860 1315 2090 1373 Domino
2127 1320 2405 1376 ctelorum.
2441 1323 2591 1380 Tunc
2633 1329 2804 1398 magis
2842 1329 3010 1386 libera
3041 1335 3294 1403 :quando
3333 1352 3432 1390 au-

1860 1407 1998 1460 ctori
2027 1423 2122 1463 suo
2146 1409 2345 1466 fuerint
2369 1413 2505 1467 lideli
2538 1417 2796 1474 servitute
2820 1420 3004 1492 ligata.

1934 1496 1974 1551 C
2013 1497 2306 1568 Respondit
2347 1503 2564 1560 Christo
2603 1511 2814 1564 vocanti
2861 1514 2928 1567 ad
2965 1514 3220 1570 virtutum
3264 1533 3429 1578 onera

1863 1601 2049 1644 sancta
2076 1591 2338 1660 Ecclesia,
2368 1596 2418 1650 in
2451 1597 2884 1660 tribulationibus
2916 1609 3226 1664 constituta.
3257 1611 3313 1666 ln
3348 1613 3434 1666 via

1865 1682 2095 1745 virtutis,
2127 1683 2179 1738 id
2209 1696 2290 1741 est
2324 1688 2598 1757 religionis
2626 1709 2735 1747 sua:
2765 1713 2778 1746 :
2807 1712 2909 1750 non
2939 1698 3141 1768 lingua,
3169 1703 3260 1756 sed
3293 1705 3433 1766 vita;

185 1773 308 1832 ﬁdei
337 1773 659 1827 consistunt.
691 1772 865 1842 Reges
909 1771 1106 1826 etenim
1137 1778 1256 1824 sunt
1288 1769 1379 1838 qui
1411 1781 1634 1836 corpora
1665 1779 1759 1861 sua
1793 1763 1833 1822 Β
1864 1784 1968 1822 non
2001 1785 2150 1834 voce,
2181 1776 2273 1828 sed
2307 1775 2441 1843 fide;
2475 1794 2580 1833 non
2610 1781 2862 1847 clamore,
2893 1786 2984 1840 sed
3009 1789 3188 1854 corde,
3213 1793 3437 1861 cupiens

185 1865 285 1916 rite
336 1874 546 1931 regunt,
579 1863 775 1916 divinis
825 1877 887 1916 ea
942 1861 1141 1932 regulis
1184 1860 1536 1914 infrenantes.
1575 1855 1618 1910 ll
1666 1854 1762 1908 Vel

181 1966 342 2022 reges
365 1953 456 2020 qui
489 1952 638 2020 prius
668 1953 811 2007 idola
841 1953 1151 2006 metuebant
1173 1959 1222 2005 et
1253 1949 1637 2004 daemoniorum
1668 1961 1751 2000 no-

181 2041 329 2096 mina
355 2042 694 2106 invocabant,
714 2058 852 2098 nunc
883 2058 1074 2097 nomen
1105 2051 1252 2095 tuum
1271 2039 1690 2095 venerabantur.

183 2135 250 2188 17
326 2133 464 2199 Quia
489 2135 764 2204 aediﬁcavit
799 2135 1048 2190 Dominus
1077 2131 1202 2188 Sion
1227 2147 1248 2188 :

325 2225 396 2279 Et
423 2226 678 2280 videbitur
702 2227 756 2280 in
777 2225 945 2296 gloria
972 2242 1090 2280 sua.

253 2317 294 2373 C
334 2317 620 2373 Edilicata
651 2329 736 2374 est
769 2319 919 2384 Sion,
953 2319 1055 2372 hoc
1095 2324 1179 2371 est
1215 2323 1389 2371 mater
1421 2311 1660 2368 Ecclesia
1697 2311 1762 2365 de

180 2408 325 2462 vivis
368 2409 635 2478 lapidibus
675 2408 960 2464 fabricata.
1001 2409 1106 2466 iste
1152 2407 1314 2463 etiam
1357 2405 1636 2464 Dominus,
1670 2403 1761 2472 qui

178 2499 474 2553 adiﬁcavit
510 2499 663 2564 Sion,
698 2499 964 2554 videbitur
1004 2501 1055 2553 in
1090 2497 1257 2568 gloria
1294 2511 1414 2558 sua,
1444 2494 1681 2564 quando,
1711 2494 1763 2546 in

176 2588 276 2642 die
298 2587 512 2656 iudicii,
541 2591 722 2644 bardos
748 2599 1034 2660 sequestrat
1065 2590 1133 2643 ab
1163 2588 1314 2658 agnis
1338 2586 1389 2657 (Ι
1419 2584 1564 2640 Petr.
1593 2591 1676 2654 tt).

183 2678 256 2734 18
327 2680 568 2750 Respexit
599 2685 653 2736 in
679 2689 965 2734 orationem
991 2679 1266 2733 humilium
1289 2689 1311 2729 :

329 2769 400 2824 Et
431 2788 534 2824 non
565 2773 753 2841 sprevit
776 2786 976 2840 precem
1003 2785 1204 2824 eorum.

253 2861 300 2918 C
339 2861 482 2916 Dicit
537 2862 700 2916 etiam
761 2863 1061 2932 respexisse
1124 2859 1408 2914 Dominum
1463 2857 1764 2912 oratiouna

180 2966 509 3021 pauperum,
546 2952 603 3007 id
637 2962 722 3008 est
760 2952 1030 3017 ﬁdelium;
1062 2951 1188 3021 quia
1234 2950 1322 3004 ille
1366 2949 1545 3004 omnia
1585 2949 1764 3002 incor-

181 3044 397 3114 poralia
440 3052 750 3108 contuetur,
785 3044 939 3113 cujus
978 3045 1150 3100 oculis
1188 3042 1323 3098 nihil
1364 3042 1624 3112 probatur
1667 3056 1760 3094 oe-

185 3142 417 3206 cultum,
446 3141 546 3197 hoc
571 3149 658 3197 est
686 3150 866 3198 autem
897 3143 1063 3212 ipsius
1100 3144 1391 3212 respicere,
1417 3139 1624 3194 scilicet
1653 3153 1759 3193 non
1788 3124 1833 3181 Γ

181 3249 453 3302 spernere.

187 3324 256 3380 i9
333 3325 647 3380 Scribuntur
674 3325 787 3382 ha’c
814 3327 868 3381 in
898 3338 1226 3398 generatione
1251 3327 1417 3381 altera
1441 3342 1460 3381 :

331 3417 402 3470 Et
419 3419 641 3488 populus
664 3419 754 3489 qui
779 3420 1037 3474 creabitur
1063 3419 1298 3474 laudabit
1324 3419 1624 3472 Dominum.

257 3508 305 3562 ll
349 3508 666 3564 Scribantur
702 3511 819 3565 btec
859 3509 914 3563 in
959 3510 1305 3581 generatione
1337 3510 1530 3570 altera.
1553 3507 1656 3561 hoc
1684 3514 1769 3562 est

183 3600 240 3653 in
271 3599 424 3654 Novo
445 3599 820 3666 Testamento,
844 3610 898 3655 et
922 3601 1170 3671 populus,
1198 3600 1381 3669 utique
1405 3599 1765 3662 Christianus,

180 3690 278 3759 qui
322 3690 470 3759 prius
511 3690 756 3760 peccatis
805 3699 1068 3754 mortuus,
1097 3689 1152 3743 in
1183 3703 1248 3744 eo
1277 3698 1360 3744 est
1401 3704 1498 3758 per
1535 3688 1766 3758 gratiam

186 3780 437 3849 baptismi
470 3789 769 3846 recreatus,
800 3781 902 3836 iste
928 3779 1430 3836 videlicetlandabit
1461 3779 1762 3834 Doniinum.

181 3873 228 3926 C
257 3873 422 3938 Novo,
475 3874 689 3930 scilicet
736 3873 1074 3929 canticozut
1114 3883 1217 3940 est,
1266 3873 1493 3928 Cantatc
1541 3869 1768 3924 Donino

181 3962 456 4017 canticum
483 3979 711 4018 novum.

182 4049 259 4105 20
338 4050 466 4116 Quia
488 4053 758 4124 prospexit
782 4053 846 4106 de
866 4053 1066 4107 excelso
1092 4062 1272 4107 sancto
1298 4067 1392 4106 suo
1412 4063 1435 4103 :

335 4141 581 4198 Dominus
605 4143 673 4196 de
702 4144 829 4197 coelo
859 4158 920 4200 -t-
954 4145 1008 4200 in
1039 4145 1058 4216 ζ
1093 4155 1290 4198 terram
1328 4145 1530 4214 aspexit

257 4233 301 4286 C
343 4232 619 4304 Prospexit
652 4235 720 4288 de
748 4235 981 4296 excelso,
1016 4237 1065 4290 id
1093 4245 1176 4289 est
1201 4236 1266 4289 de
1295 4235 1431 4288 coelo
1458 4252 1469 4286 :
1504 4233 1627 4288 duin
1658 4234 1764 4288 fra-

186 4324 448 4392 gilitatem
480 4337 684 4380 nostra:
715 4327 1064 4381 humanitatis
1098 4329 1410 4404 assumpsit.
1446 4328 1569 4380 lude
1602 4329 1767 4399 igitur

188 4415 398 4483 aspexit
425 4417 475 4471 in
504 4428 734 4482 terram,
762 4419 813 4471 id
839 4419 1008 4473 estad
1037 4419 1208 4473 nostri
1235 4419 1480 4488 corporis
1506 4419 1763 4491 fragilita—

190 4517 325 4571 tem,
346 4523 460 4576 quae
492 4508 676 4562 mundi
707 4509 857 4562 vitiis
889 4511 1170 4564 tenebatur
1195 4509 1452 4563 obnoxia.

182 4596 250 4650 «ξι
335 4597 400 4652 Ut
427 4600 632 4653 audiret
659 4601 881 4670 gemitus
908 4602 1315 4670 compeditorum
1343 4614 1364 4654 :

331 4687 402 4743 Ut
431 4691 644 4746 solveret
673 4691 814 4761 ﬁlios
842 4692 1288 4760 interemptorum.

256 4779 302 4834 C
342 4780 424 4834 illi
465 4791 644 4836 autem
689 4782 978 4853 compediti
1025 4783 1139 4837 sive
1174 4780 1464 4848 vinculati,
1503 4791 1629 4837 sunt
1661 4784 1763 4840 viri

187 4873 366 4926 sancti
407 4872 636 4928 vinculis
669 4873 1044 4928 mandatorum
1073 4873 1300 4940 astricti,
1328 4889 1464 4944 quos
1490 4884 1766 4942 gementes

190 4973 354 5036 atque
375 4966 443 5019 ad
464 4980 523 5020 se
550 4966 844 5023 clamantes
869 4967 1132 5022 Dominus
1155 4965 1342 5021 audire
1367 4967 1614 5035 dignatus
1641 4978 1721 5024 est
1748 4989 1762 5026 :

191 5064 252 5107 ut
291 5055 555 5110 mundum
598 5059 828 5128 propriis
872 5058 1110 5128 peccatis
1151 5057 1460 5122 irretitum,
1503 5057 1764 5120 beneﬁcio

189 5160 307 5200 sua:
346 5147 708 5204 miserationis
746 5149 1052 5204 absolveret
1085 5164 1099 5202 :
1133 5156 1188 5202 et
1234 5147 1372 5205 filios
1421 5148 1760 5222 interempto-

190 5253 314 5293 ru
341 5238 460 5307 (qui
497 5239 752 5298 diabolica
794 5241 985 5297 fraude
1031 5241 1290 5310 perempti
1331 5240 1480 5308 sunt)
1510 5255 1538 5294 a
1579 5255 1761 5316 pater-

192 5327 278 5382 nis
307 5329 592 5384 erroribus
619 5334 791 5390 divina
821 5335 1139 5392 fortitudine
1166 5332 1442 5387 liberaret.

1863 1874 2156 1928 agnoscere
2171 1864 2328 1918 linem
2347 1867 2549 1931 saculi,
2573 1878 2631 1924 ut
2653 1871 2760 1926 cito
2782 1874 2846 1926 ad
2866 1875 3008 1929 illam
3025 1877 3435 1942 beatitudinem,

1863 1967 2024 2021 quam
2062 1953 2325 2015 Dominus
2363 1964 2614 2030 promisit
2645 1969 2928 2036 pervenire
2972 1983 3263 2028 mereatur.
3297 1974 3440 2030 Dicit

1865 2058 1993 2097 vero
2033 2044 2150 2101 dies
2189 2062 2380 2106 omnes
2420 2053 2673 2111 Ecclesiae
2718 2074 2888 2129 usque
2923 2062 2993 2115 ad
3037 2064 3198 2118 linem
3232 2067 3433 2128 saeculi,

1861 2136 2184 2202 paucitatem
2224 2140 2451 2209 dierum,
2487 2147 2783 2217 respiciens
2805 2152 2870 2206 ad
2897 2155 3276 2222 mternitatem,
3306 2159 3435 2228 quia

1863 2227 2222 2300 quodcunque
2267 2234 2564 2292 ﬁniendum
2617 2247 2732 2304 est,
2789 2256 2894 2296 non
2943 2243 3202 2304 debemus
3254 2227 3440 2305 dicere

1864 2314 2102 2386 longum.

1862 2404 1933 2457 ‘25
2007 2409 2089 2462 Ne
2118 2426 2319 2467 revoces
2344 2431 2425 2470 me
2450 2416 2505 2470 in
2525 2418 2744 2474 dimidio
2771 2423 2971 2478 dierum
3002 2442 3236 2482 meorum
3259 2443 3280 2482 :

2005 2497 2033 2551 1
2040 2518 2070 2552 ιι
2095 2507 2425 2570 generatione
2449 2519 2498 2562 et
2533 2515 2918 2580 generationem
2946 2519 3073 2571 anni
3098 2520 3196 2576 tui.

1929 2589 1974 2645 C
2007 2592 2317 2651 Revocatur
2337 2599 2482 2654 enim
2513 2602 2566 2657 in
2597 2602 2820 2660 dimidio
2839 2605 3052 2662 dierum
3083 2625 3325 2678 suorum,
3350 2616 3446 2684 qui

1867 2684 1936 2737 ad
1980 2687 2201 2758 antiqua
2241 2689 2434 2747 delicta
2467 2696 2755 2751 revertitur
2785 2715 2799 2752 :
2828 2700 3098 2771 signiﬁcat
3140 2704 3285 2758 enim
3328 2707 3446 2760 die-

1870 2790 1988 2828 rum
2025 2777 2329 2843 dimidium,
2371 2782 2540 2852 ipsam
2579 2783 2941 2858 iuventutem,
2983 2793 3036 2846 in
3083 2808 3190 2864 qua
3235 2795 3444 2853 lubrica

1868 2866 2115 2935 voluptas
2158 2871 2450 2938 appetitur,
2486 2883 2543 2929 et
2589 2879 2768 2934 aetatis
2809 2878 3022 2937 fervore
3056 2883 3286 2940 crimina
3324 2885 3446 2956 plus

1868 2965 2137 3014 amantur.
2169 2961 2270 3015 Per
2289 2977 2462 3019 annos
2489 2968 2846 3024 aeternitatem
2878 2971 3112 3027 Domini.

1863 3045 1934 3100 26
2005 3045 2172 3103 Initio
2201 3063 2262 3106 -ι-
2289 3062 2368 3118 tu,
2397 3053 2622 3111 Domine
2654 3059 2671 3128 ζ
2708 3099 2723 3123 ,
2754 3070 2945 3116 terram
2963 3062 3233 3131 fundasti:

2003 3137 2072 3192 Et
2095 3155 2250 3208 opera
2289 3157 2540 3198 manuum
2567 3156 2780 3202 tuarum
2813 3165 2876 3206 σε-
2904 3165 3026 3208 sunt
3057 3154 3075 3224 ξ
3109 3157 3242 3211 caeli.

1935 3223 1975 3278 C
2013 3225 2146 3282 Cum
2188 3229 2320 3284 dicit
2361 3231 2516 3288 initio
2549 3252 2563 3288 :
2595 3238 2836 3293 ostendit
2880 3242 3004 3310 quia
3049 3223 3277 3302 Creator
3321 3258 3449 3306 ante

1860 3323 2150 3372 creaturas
2185 3333 2331 3383 suas,
2356 3321 2475 3376 sine
2503 3323 2684 3394 aliquo
2712 3327 2887 3393 initio,
2913 3336 3258 3403 cognoscitur
3281 3339 3451 3393 exsti-

1871 3405 2019 3460 tisse.
2053 3406 2158 3462 Per
2199 3425 2392 3466 manus
2425 3427 2439 3465 :
2470 3413 2558 3467 hic
2600 3416 2851 3493 virtutem
2885 3419 3148 3490 jussionis
3189 3427 3448 3486 debemus

1869 3495 2147 3565 accipere,
2201 3499 2342 3554 sicut
2383 3504 2643 3573 scriptum
2691 3519 2773 3564 est
2818 3527 2832 3563 :
2872 3511 2988 3580 Ipse
3032 3516 3170 3571 dixit
3212 3528 3266 3573 et
3301 3519 3446 3577 facta

1869 3595 2012 3649 sunt,
2041 3591 2316 3644 mandavit
2343 3601 2398 3646 et
2425 3603 2606 3649 creata
2636 3609 2760 3653 sunt
2785 3601 2958 3670 (Psal.
2986 3608 3184 3672 χχιιι).

1867 3673 1936 3728 27
2008 3675 2124 3745 Ipsi
2159 3679 2417 3747 peribunt,
2447 3696 2506 3735 ιιι
2535 3697 2706 3740 autem
2733 3705 3002 3758 permanes
3027 3709 3049 3748 :

2010 3766 2081 3820 Et
2106 3785 2281 3824 0"!"88
2307 3773 2440 3826 δίειιι
2467 3777 2819 3833 vestimentum
2847 3793 3177 3840 veterasceat.

1939 3858 1986 3911 ll
2009 3859 2110 3928 lpsi
2135 3862 2414 3930 peribunt:
2435 3866 2588 3934 juxta
2622 3868 2775 3937 illud,
2799 3873 2996 3928 caelum
3024 3884 3236 3931 etterra
3268 3887 3446 3936 trans-

1869 3950 2023 4005 ibunt
2054 3953 2283 4021 (Matth.
2326 3959 2506 4026 sxw).
2548 3959 2588 4014 C
2631 3961 2709 4016 Tu
2749 3974 2928 4019 autem
2975 3970 3352 4035 permanebis,
3392 3973 3447 4026 in

1866 4041 2037 4108 gloria
2071 4043 2384 4115 maiestatis.
2422 4046 2832 4118 Vestimentum,
2865 4057 2930 4109 ad
2967 4059 3149 4111 carnis
3183 4059 3450 4130 fragilita-

1869 4140 1975 4186 tem
2009 4135 2218 4189 videtur
2259 4141 2572 4207 aptandum,
2607 4141 2708 4198 hoc
2746 4145 2889 4200 enim
2925 4158 3263 4218 veterascet,
3306 4156 3451 4224 quod

1872 4238 2019 4277 more
2047 4226 2213 4281 vestis
2244 4237 2418 4283 morte
2450 4235 2807 4290 consumitur.

1865 4313 1938 4368 28
2010 4313 2079 4368 Et
2127 4319 2262 4372 sicut
2319 4323 2636 4389 opertorium
2692 4327 2918 4382 mutabis
2972 4346 3059 4385 eos
3081 4341 3130 4386 et
3166 4335 3453 4392 mutabun-

2073 4417 2162 4460 tur
2182 4421 2202 4461 .'

2009 4496 2088 4552 Tu
2122 4511 2295 4555 autent
2327 4515 2390 4559 οε-
2420 4505 2558 4560 idem
2609 4505 2630 4580 ξ
2682 4509 2792 4579 ipse
2820 4526 2874 4564 es
2899 4526 2920 4568 .'
2950 4519 3000 4566 et
3049 4514 3179 4568 anni
3221 4515 3302 4568 tui
3352 4533 3461 4571 non

2075 4593 2342 4662 deﬁcient.

1937 4679 1978 4736 C
2013 4680 2354 4752 Opertorium
2391 4689 2559 4744 caelos
2586 4687 2814 4748 forsitan
2849 4692 3111 4750 debemus
3147 4697 3461 4762 advertere,

1864 4772 1961 4838 qui
1986 4773 2054 4828 ad
2099 4775 2272 4831 vicem
2304 4777 2609 4842 velaminis,
2649 4790 2826 4838 terras
2857 4784 3109 4852 operiunt
3139 4802 3154 4851 ;
3182 4786 3273 4854 qui
3302 4785 3466 4838 simi-

1868 4858 1992 4916 liter
2033 4871 2092 4916 ut
2136 4864 2243 4918 alia
2295 4877 2731 4936 commutantur,
2779 4879 2968 4941 postea
3009 4872 3113 4926 sub
3159 4873 3465 4928 aeternitate

1874 4953 2138 5007 mansuri.
2193 4953 2339 5010 idem
2380 4975 2395 5010 :
2443 4957 2678 5028 positum
2709 4971 2792 5016 est
2833 4966 3020 5012 contra
3053 4960 3148 5015 illa
3175 4976 3292 5031 qua:
3321 4960 3470 5016 dicta

1873 5053 2039 5110 sunt;
2073 5047 2353 5113 quoniam,
2382 5048 2508 5102 dum
2539 5049 2628 5103 illa
2669 5053 2776 5107 sint
2818 5049 3259 5115 commutabilia,
3287 5049 3472 5104 Domi-

1873 5151 1979 5192 nus
2017 5151 2230 5206 semper
2250 5139 2601 5194 immu‘tabilis
2620 5148 2958 5212 perseverat.

1872 5246 1944 5304 29
2017 5243 2150 5300 Filii
2176 5263 2440 5302 servorum
2463 5259 2673 5305 tuorum
2709 5247 3017 5306 habitabant
3048 5255 3074 5293 :

2017 5336 2087 5391 Et
2112 5354 2283 5395 semen
2316 5356 2493 5394 eorum
2518 5342 2573 5394 in
2597 5344 2852 5399 strculum
2874 5336 3171 5400 dirigetur.
