3986 5412
542 274 652 328 ,Ξϋτ

1450 260 1508 316 S.
1549 257 1899 316 BRUNONIS
1937 253 2482 311 llERBlPOLl-INSIS
2519 251 2824 310 EPlSCOPl

512 389 823 448 .ltlltlaﬂllll',
849 391 910 436 ut
933 381 1088 436 iailla
1113 375 1434 444 aternitale,
1461 390 1650 432 eorum
1676 372 1965 430 laudabilis
1981 369 2094 425 fru—
2119 372 2168 430 Α
2195 367 2228 420 5
2302 367 2405 432 Qui
2431 367 2585 437 replet
2608 368 2662 421 in
2684 366 2827 420 bonis
2852 363 3166 418 desiderium
3189 371 3334 414 tuum
3359 373 3376 410 :

533 489 650 532 ctus
677 483 952 544 appareat.

1023 574 1220 616 ORATIO
1255 574 1328 615 EX
1363 572 1510 614 PSA]...
1537 571 1610 612 Cl.

603 673 933 738 Exorahilis,
961 672 1207 736 Domine,
1238 669 1457 725 intende
1489 668 1544 722 in
1568 664 1868 723 orationem
1883 659 2101 732 suppli-

531 787 654 825 cum
713 779 947 832 tuorum,
996 775 1056 822 ut
1099 765 1190 835 qui
1224 765 1277 819 in
1330 764 1567 834 peccatis
1595 760 1820 824 detenti,
1848 769 2099 826 tanquam

2226 749 2309 787 am
2340 740 2517 787 aetate-
2531 740 2805 800 provecta,

537 859 720 914 fenum
745 858 1007 920 aruimns,
1032 863 1276 924 reSpcctu
1299 852 1538 908 cmlestis
1563 849 1946 904 misericorditc
1975 845 2104 901 sub-

532 953 792 1007 levemur.
811 993 828 1000 ..
843 951 947 1004 Per
979 948 1263 1006 Dominum
1294 955 1536 1002 nostrum
1571 943 1767 1000 .Jesutn
1803 941 2102 1008 Christum,

514 1054 635 1098 ’ω’
942 1147 947 1151 -
1075 1125 1411 1183 .PSA-LMUS
1446 1123 1554 1180 cn.

971 1259 1336 1301 ABGUIENTUM
1377 1259 1522 1298 PSAL.
1560 1256 1653 1297 Cll.

576 1361 946 1433 ‘C"Propheta
983 1359 1387 1415 universitatem
1443 1357 1510 1410 ad
1541 1356 1634 1410 Dei
1673 1354 1858 1408 laudes
1883 1355 2103 1407 hortan-

533 1455 602 1510 do
633 1468 648 1509 :
676 1454 741 1508 de
763 1451 1148 1508 beneﬁciorum
1171 1449 1542 1520 plurimorum,
1573 1461 1693 1515 quas
1717 1445 1830 1500 suis
1859 1443 2108 1499 ﬁdelibus

517 1541 900 1609 administrat,
933 1555 1156 1597 munere
1184 1537 1505 1610 gratulatur.

999 1651 1118 1708 TT.
1163 1665 1224 1707 αι-
1268 1648 1432 1721 Ipsi:
1463 1646 1652 1702 David.
1707 1712 1712 1716 ν

601 1768 644 1823 C
681 1767 785 1838 Ipsi
810 1765 1259 1835 David.positum
1302 1770 1386 1817 est
1426 1779 1439 1815 :
1489 1775 1558 1816 ne
1601 1768 1878 1814 terrenum
1923 1769 2101 1826 regem

530 1857 700 1932 David
740 1856 1072 1926 intelligeres.
1115 1853 1398 1924 Signiﬁcat
1455 1851 1600 1907 enim
1639 1848 1933 1912 Christum,
1969 1840 2106 1900 sicut

534 1964 676 2020 saepe
699 1946 810 2015 iam
843 1947 1043 2002 dictum
1065 1955 1168 2001 est.
1193 1945 1360 1999 Totus
1383 1943 1473 1998 hic
1495 1941 1734 2012 psalmus
1757 1938 1966 1994 Domini
1994 1936 2106 1990 lau-

539 2043 604 2096 de
630 2039 867 2110 repletus
890 2045 993 2094 est.
1024 2037 1118 2092 Est
1150 2037 1295 2090 enim
1317 2035 1526 2089 lucidus
1554 2032 1694 2086 tituli
1725 2031 1808 2086 sui
1837 2028 2105 2090 claritate,

540 2130 838 2188 consimilis
878 2130 1074 2184 utsinc
1115 2126 1425 2184 diﬁicultate
1455 2123 1842 2182 continentiam
1873 2120 1990 2191 ejus
2027 2120 2110 2174 iu-

540 2225 789 2296 telligere
824 2223 1139 2278 debeamus.

539 2317 563 2371 l
644 2314 891 2379 Benedic,
923 2315 1101 2366 aninta
1128 2327 1264 2378 mea,
1295 2310 1516 2366 Domino
1544 2326 1560 2362 :

675 2407 748 2464 Et
799 2407 974 2462 omnia
1023 2421 1140 2477 qute
1185 2405 1326 2480 intra
1380 2418 1460 2458 me
1510 2409 1629 2456 sunt
1682 2399 1880 2454 nomini
1930 2406 2110 2452 sancto

753 2501 887 2570 ejus.

607 2593 649 2647 C
689 2586 1246 2660 Loquiturpropheta
1291 2588 1358 2643 ad
1397 2587 1634 2642 animam
1685 2601 1862 2652 suam,
1892 2592 1952 2640 ut
1987 2599 2112 2640 cum

522 2683 702 2737 .‘fuerit
735 2679 969 2735 diversis
995 2677 1240 2734 cladibus
1294 2677 1542 2741 liberata,
1585 2675 1970 2732 beneﬁciorum
1992 2688 2112 2727 om-

527 2773 691 2827 .nium
745 2769 1058 2825 recordetur
1099 2776 1376 2823 auctorem
1408 2779 1514 2820 :.ne
1537 2765 1639 2820 sibi
1667 2773 1759 2818 aut
1787 2763 1942 2819 alteri
1967 2770 2117 2833 putet

539 2878 660 2920 esse
714 2860 1057 2917 tribuendum
1117 2859 1261 2929 quod
1291 2873 1322 2912 a
1352 2857 1467 2913 solo
1499 2857 1610 2910 Deo
1652 2863 1867 2910 constat
1891 2868 2114 2911 conces-

541 2953 682 3010 sum.
709 2953 1016 3010 Interiora:
1042 2959 1169 3008 sunt
1194 2947 1450 3021 cogitatio
1471 2947 2003 3014 recta,-virtutesque
2031 2959 2116 2998 ra-

543 3047 726 3103 tionis.

543 3160 579 3210 2
651 3154 899 3220 Benedic,
931 3154 1121 3208 anima'
1136 3169 1270 3218 mea,
1286 3151 1523 3206 Domino
1541 3163 1565 3202 τε

685 3247 753 3302 Et
777 3248 884 3301 noli
907 3246 1136 3301 oblivisci
1168 3261 1343 3299 omnes
1376 3244 1740 3299 retributiones
1767 3245 1902 3313 ejus.

593 3337 656 3393 ill
698 3336 892 3392 Multas
923 3336 1304 3390 retributiones
1344 3335 1594 3405 praestitit
1645 3335 1800 3389 nobis
1836 3333 2115 3388 Dominus.

543 3427 797 3497 C-thui
827 3442 1046 3483 eramus
1078 3427 1224 3496 digni
1271 3441 1450 3496 pugna,
1502 3427 1690 3497 dignos
1720 3441 1817 3480 nos
1845 3424 1972 3480 fecit
1998 3441 2119 3481 esse

532 3521 752 3575 .honore
783 3536 796 3572 :
824 3519 966 3588 quod
995 3516 1236 3571 oblivisci
1291 3516 1419 3570 nulli
1466 3516 1546 3571 fas
1567 3525 1667 3571 est.
1697 3515 1834 3583 Quae
1852 3531 1979 3570 vero
2011 3516 2120 3570 sint

536 3612 665 3664 istae
696 3610 1078 3664 retributiones
1130 3617 1185 3663 et
1213 3607 1499 3668 beneﬁcia.
1543 3617 1937 3677 consequenter
1957 3623 2118 3662 enar-

541 3710 654 3762 rat,
693 3707 747 3753 et
775 3707 834 3752 ut
860 3699 1022 3752 homo
1048 3698 1294 3768 cogitans
1314 3697 1574 3752 beneﬁcia
1608 3697 1798 3766 ipsius,
1836 3704 1942 3751 tota
1972 3712 2122 3752 men-

535 3800 604 3844 te
648 3788 936 3844 collaudat.
981 3787 1074 3842 llle
1119 3788 1264 3843 enim
1314 3787 1536 3842 laudare
1581 3802 1857 3857 nunquam
1899 3787 2120 3853 desinit,

533 3879 642 3949 .qui
665 3877 860 3933 collata
886 3876 1146 3933 beneﬁcia
1165 3892 1274 3932 non
1299 3886 1476 3947 potest
1504 3877 1770 3933 oblivisci.

533 3989 581 4043 οὔ
653 3987 757 4054 Qui
779 3988 1094 4058 propitiatur
1131 3987 1370 4041 omnibus
1400 3986 1761 4058 iniquitatibus
1784 3986 1887 4042 tuis
1917 3998 1940 4040 .‘

696 4081 800 4148 Qui
825 4089 977 4135 sanat
1009 4095 1184 4133 omnes
1207 4077 1537 4147 inﬁrmitates
1555 4088 1693 4132 tuas.

606 4193 666 4248 'C
701 4191 885 4246 Primo
905 4192 1051 4246 enim
1087 4191 1145 4245 ﬁt
1159 4189 1427 4261 pr0pitius
1444 4191 1682 4260 peccatis
1699 4191 1900 4246 nostris
1920 4204 1936 4245 :
1955 4205 2125 4262 quan-

556 4287 647 4350 do,
677 4285 917 4340 remissis
941 4283 1171 4348 delictis,
1196 4283 1411 4353 inpace
1434 4281 1686 4354 dignatur
1707 4282 1978 4350 suscipere
2001 4297 2116 4352 pec-

555 4384 786 4429 catores.
810 4372 992 4427 'Sanat
1023 4372 1402 4426 inﬁrmitates:
1426 4371 1548 4425 dum
1567 4371 1829 4426 securitas
1843 4380 1895 4424 et
1909 4372 2128 4426 immor-

556 4462 736 4517 talitas
756 4462 814 4537 in
837 4461 1238 4515 resurreCtione
1265 4460 1579 4514 conceditur
1607 4459 1874 4515 ﬁdelibus.

545 4554 589 4608 ’4
663 4553 768 4619 Qtti
804 4551 1008 4606 redimit
1035 4550 1100 4604 de
1127 4549 1338 4603 interitu
1367 4549 1526 4603 vitam
1550 4558 1694 4602 luant
1717 4563 1736 4601 :

701 4643 804 4710 Qui
830 4647 1044 4697 coronat
1070 4649 1121 4696 te
1145 4651 1208 4696 -t-
1231 4640 1286 4694 in
1317 4642 1337 4711 ζ
1368 4639 1804 4695 misericordia-et
1838 4641 2130 4696 miseratio-

769 4732 940 4786 nibus.

619 4829 670 4886 »υ
708 4827 945 4884 Reditnit
967 4826 1030 4883 de
1056 4825 1275 4880 interitu
1304 4824 1470 4880 vitam
1491 4844 1502 4880 :
1524 4825 1738 4894 quando
1755 4840 1858 4882 nos
1883 4824 1952 4883 ab
1974 4836 2129 4881 atter—

542 4937 624 4977 _m
659 4927 832 4974 morte
847 4918 1196 4984 submoverit,
1224 4926 1284 4972 ut
1305 4932 1408 4972 non
1430 4915 1710 4971 audiamus
1738 4933 1753 4971 :
1781 4917 1854 4971 ite
1883 4919 1934 4970 in
1953 4917 2129 4986 ignem

2339 459 2688 514 Renorabitur
2712 469 2766 511 ut
2797 457 2986 528 aquin
3004 457 3251 526 juventus
3281 465 3392 508 tua.

2269 551 2310 606 C
2346 551 2510 621 Reple
2539 566 2554 605 :
2586 565 2708 606 cum
2737 549 2816 605 eis
2845 549 3041 603 dicitur
3061 566 3073 601 :
3095 545 3310 610 Venite,
3336 543 3628 600 benedicti.
3648 543 3779 598 Ideo

2179 659 2330 697 'vcro
2361 643 2555 712 aquilae
2609 639 2911 710 exemplum
2964 638 3340 700 introducitur,
3367 636 3501 704 quia
3531 635 3657 689 huic
3685 635 3774 687 avi

2857 737 3066 786 tantum
3096 742 3384 797 supernum
3415 725 3620 780 labium
3649 740 3780 778 cor—

2204 838 2302 875 nea
2331 820 2615 874 inﬂexione
2646 828 2896 874 nasutum
2927 817 3145 881 crescit,
3188 825 3246 869 ut
3281 830 3437 870 escas
3465 828 3575 868 non
3604 813 3782 866 valeat

2208 910 2362 964 solita
2409 910 2657 965 libertate
2704 909 3015 978 decerpere.
3059 906 3188 972 Quae
3231 905 3538 976 intelligens
3562 904 3699 958 unde
3724 903 3782 958 ei

2205 1001 2504 1071 periculum
2545 1001 2670 1055 vitta
2699 999 2867 1068 possit
2903 997 3184 1064 accedere,
3214 996 3413 1051 dicitur
3447 1009 3511 1050 os
3534 1009 3690 1048 suum
3718 994 3779 1046 in

2206 1109 2338 1148 saxo
2363 1091 2626 1160 expolire,
2649 1104 2931 1160 usquequo
2955 1088 3130 1143 valeat
3162 1088 3511 1151 manducare,
3544 1095 3602 1140 et
3625 1085 3696 1138 ita
3721 1085 3781 1138 in

2207 1185 2486 1252 antiquam
2534 1182 2895 1236 valetudinem
2942 1195 3188 1236 escarum
3244 1180 3399 1234 solita
3435 1179 3785 1248 perceptione

2208 1280 2510 1329 revocatur.
2573 1272 2667 1327 Sic
2716 1273 2917 1336 anima,
2975 1273 3018 1326 si
3062 1286 3169 1326 non
3204 1270 3400 1326 desinit
3429 1279 3656 1338 peccata
3684 1284 3784 1324 sua

2209 1364 2448 1434 expolire
2476 1364 2528 1418 in
2559 1373 2728 1433 petra,
2753 1364 2806 1418 id
2833 1373 2916 1419 est
2941 1363 2993 1417 in
3027 1363 3263 1425 Christo.
3291 1363 3344 1418 in
3379 1362 3668 1431 pristinam
3695 1377 3789 1415 sa-

2206 1458 2434 1512 nitatem
2487 1457 2799 1522 revertitur,
2849 1457 3262 1526 reciperevenim
3297 1465 3424 1510 tunc
3457 1454 3603 1509 valet
3636 1453 3789 1508 cibos

2209 1548 2495 1602 salutares.

2211 1639 2243 1692 6
2313 1637 2540 1692 Faciens
2567 1638 2952 1692 misericordias
2978 1636 3232 1693 Dominus
3261 1649 3281 1690 :

2350 1726 2416 1780 Et
2441 1727 2699 1797 judicium
2726 1728 2962 1782 omnibus
2991 1729 3243 1797 injuriam
3268 1728 3611 1798 patientibus.

2274 1815 2314 1871 C
2353 1815 2459 1871 Illis
2485 1827 2664 1870 autem
2696 1817 3098 1872 misericordias
3126 1817 3275 1882 facit,
3307 1818 3398 1886 qui
3430 1818 3639 1872 miserti
3669 1817 3789 1872 lue—

2209 1909 2337 1974 rint,
2365 1916 2425 1963 ut
2447 1909 2499 1963 in
2529 1908 2816 1980 Evangelio
2841 1909 2912 1962 ait
2944 1927 2956 1962 :
2985 1909 3131 1964 Beati
3165 1909 3548 1964 misericordes
3572 1909 3785 1979 (Matth.

2207 1999 2283 2070 ν),
2313 2008 2417 2054 etc.
2457 1998 2725 2054 iudicium
2770 1998 2876 2054 illis
2904 1999 3192 2070 promittit,
3232 2000 3324 2069 qui
3362 2000 3642 2068 patientia:
3669 2015 3790 2053 mu-

2209 2106 2340 2146 nere
2380 2091 2727 2158 decorantur,
2750 2091 2946 2162 quibus
2983 2101 3038 2145 et
3076 2089 3296 2157 dicitur,
3333 2091 3463 2146 Mihi
3501 2091 3793 2145 vindictam

2209 2192 2262 2238 ct
2291 2199 2390 2254 ego
2430 2184 2723 2239 retribuam
2761 2183 2940 2253 (Deut.
2986 2181 3181 2254 χχχιι).
3211 2182 3482 2239 Judicium
3511 2183 3660 2238 enim
3701 2183 3794 2237 hic

2198 2275 2504 2332 vindictam
2532 2273 2794 2346 intellige.

2210 2367 2242 2421 7
2318 2363 2486 2421 Notas
2518 2366 2635 2435 fecit
2665 2365 2772 2420 vias
2804 2382 2927 2420 suas
2957 2365 3127 2436 Moysi
3168 2380 3187 2418 :

2351 2457 2510 2512 Fitiis
2545 2456 2717 2512 Israel
2744 2457 3029 2512 voluntates
3075 2475 3218 2513 suas.

2282 2548 2322 2604 C
2347 2548 2511 2604 Notas
2537 2547 2666 2604 fecit
2691 2546 2862 2620 Moysi
2889 2548 3022 2616 vias,
3066 2558 3123 2602 ut
3150 2548 3407 2620 perfectae
3446 2546 3573 2603 ﬁdei
3613 2547 3792 2620 gradi-

2213 2641 2314 2695 bus
2342 2639 2458 2695 vias
2488 2638 2699 2694 Domini
2722 2638 3044 2704 ambularet,
3074 2648 3129 2693 et
3166 2638 3570 2709 cjusjustitiam
3597 2638 3792 2704 legem-

2215 2745 2319 2802 que
2367 2729 2756 2796 conscriberet,
2806 2738 2862 2784 et
2905 2745 3082 2784 mores
3126 2730 3366 2786 doceret.
3413 2728 3568 2782 Filiis
3635 2727 3795 2781 lsrael

2215 2823 2517 2876 voluntates
2537 2834 2665 2876 snas
2687 2819 2941 2883 innotuit,
2965 2835 3070 2874 non
3094 2819 3208 2874 vias
3236 2838 3250 2872 :
3281 2819 3403 2887 quia
3428 2817 3582 2871 multi
3611 2833 3793 2872 eorum

2219 2913 2359 2966 viam
2396 2911 2606 2965 Domini
2645 2909 2916 2968 declinare
2947 2918 3423 2981 praesumpserant,
3466 2908 3796 2964 voluntatem

2171 3066 2186 3084 η
2219 3002 2416 3072 quippe
2440 3012 2727 3066 noverunt,
2763 3001 2857 3054 sed
2887 3009 3152 3070 pracepta
3190 3014 3429 3064 scrvare,
3461 3010 3520 3054 et
3547 3000 3692 3053 viam
3721 3001 3799 3051 ire

2144 3065 2187 3125 C
2207 3094 2528 3161 noluerunt,
2563 3092 2679 3148 ideo
2705 3107 2818 3147 non
2850 3092 3050 3148 dicitur
3076 3093 3191 3148 vias
3228 3092 3308 3149 eis
3348 3092 3679 3156 innotuisse,
3706 3092 3797 3145 sed

2223 3183 2547 3239 voluntates.

2227 3277 2256 3329 Β
2334 3273 2635 3328 Misericors
2660 3283 2708 3328 et
2737 3272 3018 3329 miserator.
3034 3273 3292 3328 Dominus
3318 3289 3340 3327 :

2365 3362 2704 3434 Longanimis
2728 3373 2785 3418 et-
2807 3362 3026 3418 multum
3054 3364 3368 3418 misericors.

2289 3451 2332 3508 C
2361 3453 2668 3508 Misericors
2701 3462 2816 3519 est,
2860 3455 2951 3523 qui
2988 3463 3178 3508 natura
3212 3468 3308 3508 sua
3347 3451 3802 3508 clementissimus

2222 3546 2590 3616 approbatur:
2624 3545 2931 3610 miserator,
2963 3545 3055 3616 qui
3081 3543 3466 3600 misericordiae
3510 3560 3626 3599 suae
3667 3545 3802 3599 dona

2202 3636 2469 3707 largitur.
2514 3634 2701 3691 Nullus
2737 3643 2916 3690 autem
2950 3635 3279 3701 misericors,
3335 3635 3439 3689 nisi
3480 3636 3574 3704 qui
3615 3644 3670 3688 et
3710 3651 3802 3705 pa-

2225 3727 2365 3782 tiens
2412 3741 2531 3783 esse
2573 3727 2849 3797 probatur.
2879 3724 3006 3781 ldeo
3040 3724 3190 3780 addit
3224 3724 3575 3796 longanimis,
3615 3725 3667 3779 id
3703 3736 3800 3788 est,

2210 3819 2433 3889 patiens
2459 3827 2512 3872 et
2535 3818 2810 3873 sustinens.
2826 3827 3138 3888 peccatores
3165 3815 3324 3886 longo
3347 3824 3613 3886 tempore.
3643 3815 3801 3869 Deni-

2225 3923 2328 3978 que
2354 3909 2555 3974 subdit,
2593 3907 2816 3963 multum
2859 3908 3199 3973 misericors;
3241 3907 3365 3976 quia
3403 3907 3572 3960 etiam
3599 3921 3662 3962 se
3689 3906 3803 3959 bla-

2227 3999 2654 4069 sphemantibus,
2711 3997 2877 4053 solem
2934 3998 3068 4054 oriri
3115 3996 3264 4062 facit,
3312 4003 3370 4052 et
3415 3994 3608 4050 tribuit
3646 3995 3722 4051 eis
3741 4004 3805 4052 at

2225 4099 2514 4145 conservat
2540 4090 2661 4143 vita:
2690 4088 2963 4160 spiritum.

2224 4182 2259 4240 9
2332 4180 2457 4236 Non
2485 4182 2537 4237 in
2563 4192 2861 4252 perpetuum
2890 4183 3191 4235 irascetur:

2371 4271 2551 4342 Neque
2573 4273 2628 4324 in
2654 4280 2903 4324 wternum
2927 4269 3344 4324 comminabitur.

2300 4361 2341 4418 C
2367 4361 2480 4416 Non
2512 4361 2632 4415 ullis
2660 4362 2711 4415 in
2741 4370 3058 4432 perpetuum
3101 4360 3374 4426 irascitur,
3419 4360 3510 4429 qui
3544 4358 3724 4415 devoti
3757 4361 3804 4412 in

2232 4451 2599 4507 satisfactione
2623 4465 2742 4506 esse
2776 4458 3170 4522 cognoscuntur
3204 4467 3217 4502 :
3250 4463 3352 4505 nec
3388 4448 3470 4504 eis
3503 4451 3806 4505 commina-

2235 4542 2394 4604 bitur,
2431 4542 2665 4611 quicum
2697 4549 2806 4596 tota
2833 4548 3013 4596 mente
3037 4539 3282 4610 diligunt.

2237 4630 2304 4685 10
2380 4630 2499 4684 Νοη
2523 4629 2806 4683 secundum
2840 4639 3049 4698 peccata
3075 4638 3255 4682 nostra
3279 4628 3402 4698 fecit
3425 4628 3576 4683 nobis
3609 4644 3637 4684 τ

2378 4719 2558 4794 Neque
2609 4721 2889 4776 secundum
2953 4722 3252 4793 iniquitates
3308 4732 3515 4776 nostras
3572 4723 3809 4776 retribuit

2454 4819 2622 4874 nobis.

2309 4909 2355 4964 ll
2379 4908 2494 4964 Non
2519 4907 2811 4964 secundum
2837 4916 3057 4977 peccata
3087 4916 3272 4963 nostra
3300 4907 3428 4964 fecit
3449 4910 3616 4979 ;.quia
3646 4925 3807 4978 quam

3217 4997 3304 5018 Ι-9ι
3370 4999 3438 5018 ‘Y-
