3986 5412
168 175 261 236 559

1356 174 1724 235 exrosmo
1763 172 2221 263 PSALMOltUil._

3306 170 3436 231 δῖοι

167 304 327 349 ι·ιττιε
350 289 546 360 operit,
567 297 621 347 et
645 291 947 347 necessaria
971 290 1235 347 beneficia
1257 291 1465 349 homini
1497 290 1731 346 tribuit:
1762 289 1812 348 Δ
1840 289 2090 344 mandata
2119 290 2237 361 ejus
2282 289 2536 361 opcribus
2580 288 2825 362 implent,
2852 287 2906 343 lii
2937 296 3199 358 generant
3222 303 3408 360 opera,

167 382 309 437 modo
344 379 577 450 pluvias,
622 381 783 435 modo
818 395 1008 436 serena
1029 421 1045 444 ,
1099 380 1258 435 modo
1302 388 1494 436 ventos
1523 398 1536 434 :
1571 380 1646 434 ita
1675 389 1732 435 et

170 468 514 525 misericordia
547 468 645 525 Dei
669 478 870 525 nostra:
898 468 1182 539 fragilitati
1218 470 1431 525 diversa
1466 470 1731 525 beneficia

169 569 396 631 prastat;
426 561 662 614 sustinet
700 562 846 615 enim
879 570 937 615 ut
971 563 1236 633 corrigat.
1259 561 1489 631 ﬂagellat
1518 571 1578 616 ut
1604 575 1732 617 eru-

170 651 299 711 dist;
332 651 527 719 probat
568 660 627 704 ut
664 659 915 721 prmetet;
950 661 1038 717 et,
1084 660 1145 706 ut
1189 652 1426 708 breviter
1464 651 1729 712 dicamus,

171 740 207 794 si
234 737 309 794 [ιδ
332 749 418 793 est
446 748 507 793 ut
542 740 743 795 coelum
785 757 889 796 non
927 742 1140 812 operist
1170 750 1369 808 terras,
1401 749 1579 811 potest
1615 740 1745 795 ﬁeri:

173 838 221 882 ut
244 829 496 886 Dominus
524 847 633 886 non
663 842 908 904 protegat
947 833 1047 888 sibi
1089 833 1378 904 purissime
1408 831 1728 889 servientes.

174 918 229 972 ii
292 917 555 985 Quantum
580 923 741 976 distat
766 932 913 977 ortus
934 924 999 977 ab
1028 924 1291 979 occidente
1315 937 1334 977 :

290 1009 457 1080 Longe
477 1011 601 1081 [erit
628 1029 660 1066 α
685 1013 832 1068 nobis
858 1014 1156 1086 iniquitates
1188 1025 1415 1069 nostras.
1442 1083 1454 1096 .

229 1102 265 1159 C
296 1102 486 1159 Oriens
533 1104 825 1175 signiﬁcat
861 1121 1089 1178 regnum
1141 1106 1261 1172 Dei,
1319 1122 1548 1164 occasus
1600 1122 1730 1162 vero

172 1194 465 1265 gehennam,
488 1209 613 1264 qua:
634 1204 843 1251 tantum
866 1197 1097 1253 dissocia
1123 1208 1206 1253 est
1226 1213 1255 1251 a
1278 1200 1405 1254 sede
1425 1199 1725 1262 beatorum,

171 1293 404 1353 quantum
429 1285 562 1340 dicit
589 1286 678 1341 ille
706 1302 911 1358 pauper
937 1289 991 1343 in
1020 1289 1140 1344 sinu
1160 1290 1393 1344 Abrahae
1413 1289 1567 1360 (Luc.
1592 1290 1725 1359 avt),

169 1374 297 1429 later
322 1391 414 1430 nos
456 1386 511 1431 ct
550 1392 647 1433 ros
688 1376 853 1433 chaos
883 1394 934 1433 ιιι
950 1394 1137 1449 tgnutn
1168 1382 1440 1434 lirmatum
1487 1392 1588 1435 est.
1634 1381 1726 1435 Vel

166 1466 329 1520 oriens
352 1476 430 1520 est
454 1467 675 1522 initium
699 1468 852 1525 bona:
877 1470 1007 1526 vitae
1029 1479 1263 1539 nostrae;
1288 1486 1539 1536 occasus,
1566 1473 1737 1525 matre

166 1557 570 1612 conversationis
597 1556 840 1615 eﬁ‘ectus.

167 1644 228 1697 13
293 1646 556 1712 Quomodo
578 1650 867 1704 miseretur
901 1663 1052 1721 pater
1094 1652 1326 1721 filiorum
1366 1653 1610 1710 misertus
1647 1664 1721 1708 est
1757 1655 1800 1713 Β

388 1737 658 1793 Dominus
676 1741 1058 1796 timentibus!“
1083 1759 1107 1799 ε

289 1826 542 1893 Quoniam
567 1830 677 1900 ipse
701 1834 937 1902 cognovit
959 1834 1271 1904 ﬁgmentum
1295 1845 1553 1891 nostrum.

225 1918 263 1974 C
296 1919 450 1975 Pater
479 1921 625 1976 enim
654 1923 909 1989 carnalis,
937 1924 1028 1994 qui
1058 1926 1195 1980 bene
1219 1926 1333 1981 vult
1367 1927 1535 1982 tilium
1564 1944 1741 1984 sunttr-

163 2009 375 2074 erudiri,
425 2011 741 2081 frequenter
784 2028 907 2068 eum
947 2016 1172 2087 corripit
1212 2033 1277 2073 ac
1322 2016 1558 2089 ﬂagellat
1596 2037 1610 2073 :
1645 2020 1724 2073 sic

163 2099 402 2158 Dominus
438 2103 674 2175 ﬂagellat
716 2120 931 2161 omnem
985 2106 1155 2161 tilium
1205 2124 1366 2179 quem
1405 2110 1634 2180 recipit,
1670 2121 1724 2165 et

162 2190 395 2247 timentes
446 2208 505 2248 se
544 2194 612 2249 ad
667 2194 902 2250 studium
955 2197 1110 2253 bonae
1165 2200 1457 2255 voluntatis
1506 2202 1725 2259 adducit

161 2281 326 2347 (Prov.
363 2284 466 2355 ιιι).
500 2285 766 2354 Quoniam
807 2289 921 2359 ipse
949 2292 1201 2361 cognovit
1240 2309 1256 2346 :
1297 2294 1439 2362 quod
1487 2304 1722 2350 nosmet-

160 2373 293 2441 ipsos
330 2378 397 2431 ab
426 2375 515 2431 illa
551 2377 785 2434 naturali
828 2380 1088 2452 dignitate
1136 2382 1455 2451 dejecimus,
1495 2384 1723 2457 ﬁgmen-

162 2477 261 2520 tum
288 2483 405 2525 esse
435 2479 803 2527 monstramur
826 2483 880 2528 et
907 2473 1183 2531 Creatoris
1213 2475 1445 2546 factura.

162 2557 251 2613 ts‘
287 2558 611 2617 chordatus
652 2573 726 2618 est
771 2567 1020 2637 quoniam
1072 2569 1243 2638 pulvis
1296 2585 1475 2625 sumus
1511 2585 1535 2624 :
1568 2572 1723 2625 homo

295 2700 301 2705 .
348 2651 483 2706 sicut
510 2654 712 2722 fenum.

284 2746 403 2802 Dies
432 2749 546 2819 ejus
575 2760 872 2827 :tanquam
894 2752 993 2822 ﬂos
1020 2754 1133 2823 agri
1156 2754 1231 2808 sic
1255 2755 1517 2826 eﬁiorebit.

218 2839 360 2898 llAc
387 2842 435 2899 si
470 2842 678 2900 diceret
707 2861 721 2899 :
749 2842 866 2900 Non
910 2845 1163 2902 irasceris
1215 2856 1272 2901 ιιι
1315 2857 1587 2914 conteras,
1629 2848 1723 2904 sed

157 2934 433 2991 recordare
459 2936 600 3006 quod
641 2950 769 2990 vasa
810 2936 954 3006 ﬁguli
990 2953 1198 2995 sumtis.
1239 2954 1360 3009 quae
1391 2937 1558 2993 semel
1587 2953 1720 2994 con-

1832 394 1995 450 cpera
2050 398 2178 438 vero
2225 383 2638 440 retributionem
2686 383 2925 455 pariunt.
2963 382 3017 439 in
3075 381 3432 437 beatitudine-

1831 479 2059 526 mterna.

1833 586 1902 643 18
1974 586 2041 640 Et
2066 602 2316 641 memores
2336 597 2457 645 sunt
2488 588 2854 642 mandatorum
2873 586 3086 658 ipsius.

1974 677 2055 731 Ad
2082 677 2384 748 faciendum
2410 695 2494 733 ea.

1902 761 1943 813 (Ζ
1972 762 2229 821 Memoria
2261 776 2347 821 est
2372 768 2516 822 enim
2558 768 3102 845 mandatorum‘ojns,
3124 782 3220 840 per
3248 783 3412 839 quam

1832 852 2046 909 animus
2098 857 2295 926 repetit
2323 873 2445 927 quae
2498 859 2668 916 audit.
2710 867 2763 913 et
2788 860 2897 912 visa
2931 856 3183 929 factaque
3210 874 3414 932 cogno-

1832 944 1955 998 scit.
1999 944 2090 999 lsti
2119 947 2264 1001 enim
2315 954 2441 1002 sinit
2479 948 2571 1003 lilii
2622 964 2781 1018 supra
2831 949 2981 1014 dicti,
3014 950 3108 1020 qui
3136 951 3420 1027 mandato-

1834 1050 1950 1091 rum
1982 1035 2099 1105 ejus
2137 1034 2391 1108 cperibus
2421 1050 2547 1095 sunt
2577 1055 2862 1102 memores,
2897 1055 3001 1094 non
3031 1040 3206 1096 studio
3230 1040 3412 1095 canti-

1833 1121 1988 1178 lenae.
2016 1122 2151 1178 Nam
2176 1135 2232 1181 et
2262 1127 2308 1180 si
2339 1128 2461 1197 quis
2489 1128 2807 1198 psalterium
2848 1138 3018 1183 totum
3041 1142 3172 1185 voce
3203 1130 3417 1193 reddat,

1833 1236 2043 1275 memor
2061 1220 2177 1289 ejus
2204 1235 2309 1276 non
2334 1233 2418 1279 est
2442 1224 2543 1279 nisi
2575 1239 2697 1294 qlne
2724 1224 3114 1305 prtecipiuntur
3142 1224 3415 1280 effecerit:

1832 1309 1953 1365 ideo
2001 1312 2144 1365 enim
2193 1313 2334 1368 dicta
2368 1321 2494 1369 sunt
2536 1322 2593 1367 ut
2621 1312 2770 1380 (iant,
2810 1331 2915 1369 non
2942 1325 2998 1369 ut
3020 1313 3133 1370 sola
3154 1312 3420 1372 vocifera-

1832 1402 1978 1457 tione
2004 1413 2315 1461 cantentur.

1830 1516 1897 1587 l9
1968 1516 2227 1573 Dominus
2261 1520 2315 1573 in
2343 1518 2471 1575 caelo
2497 1520 2701 1590 paravit
2728 1521 2900 1576 sedem
2922 1539 3072 1577 suam
3110 1540 3129 1576 :

1968 1606 2037 1662 Et
2064 1626 2279 1679 regnum
2305 1611 2471 1682 ipsius
2502 1613 2742 1668 omnibus
2767 1613 3126 1668 dominabitur

1902 1721 1943 1777 C
1972 1721 2193 1779 Paravit
2240 1723 2424 1780 sedem
2478 1741 2631 1782 suam
2670 1743 2684 1779 :
2740 1726 2844 1782 hoc
2894 1725 2962 1780 ad
3005 1723 3137 1780 illud
3179 1722 3429 1795 pertinet

1827 1816 1971 1884 quod
2001 1815 2251 1874 Christus
2270 1817 2516 1874 ascendit
2544 1819 2599 1873 in
2630 1818 2850 1885 ccelum,
2875 1819 3015 1874 unde
3044 1825 3305 1874 venturus
3331 1826 3431 1874 ese

1823 1902 2070 1972 judicare
2098 1907 2252 1963 vivos
2299 1917 2356 1964 et
2385 1917 2650 1964 mortuos.
2709 1908 2850 1964 Dicit
2883 1924 3011 1965 vero
3037 1908 3215 1979 ipsum
3240 1908 3425 1963 domi-

1827 2002 2118 2060 naturam,
2158 1996 2250 2067 qui
2299 1998 2513 2068 paravit
2556 1999 2737 2055 sedem
2796 2014 2984 2065 suam,
3039 2015 3106 2055 ne
3161 2006 3417 2070 putarent

1825 2087 2018 2155 pagani
2056 2088 2326 2145 dmmones
2349 2104 2476 2147 suos
2499 2105 2621 2146 esse
2654 2090 2763 2149 ullo
2809 2091 2969 2146 modo
2997 2098 3338 2161 regnaturus.

1825 2194 1895 2249 ΞΟ
1967 2195 2269 2252 Benedicite
2309 2198 2535 2252 Domino
2581 2200 2756 2269 angeli
2775 2199 2893 2269 ejus
2919 2204 3151 2268 potente‘s
3177 2198 3365 2252 virtute
3388 2216 3412 2252 ιε

1970 2283 2247 2341 Fat-iantes
2291 2288 2499 2342 uerbum
2554 2288 2696 2343 illius
2752 2289 2822 2343 ad
2872 2288 3192 2343 audiendam
3237 2302 3415 2342 vocent

2046 2392 2344 2431 sermonum
2368 2378 2483 2448 ejus

1896 2465 1938 2521 C
1967 2466 2287 2523 Cnmmonet
2315 2469 2479 2525 etiam
2511 2470 2733 2542 angelos
2766 2477 2821 2524 et
2851 2468 3124 2540 spiritales
3153 2466 3410 2525 substan-

1828 2558 1949 2620 tias,
1978 2560 2044 2613 ad
2074 2559 2434 2615 ministerium
2466 2570 2628 2617 tanta:
2672 2562 2971 2632 majestatis
2994 2561 3276 2615 accedere.
3305 2555 3414 2627 Ipsi

1827 2658 2008 2704 autem
2031 2650 2226 2707 virtute
2261 2663 2483 2723 possunt
2506 2693 2520 2718 ,
2551 2654 2642 2724 qui
2666 2654 2785 2725 ejus
2799 2652 2968 2722 jussis
2991 2651 3275 2708 obediunt.
3295 2648 3416 2703 Vir—

1828 2750 1913 2795 tus
1954 2741 2103 2800 enim
2136 2741 2226 2797 hic
2263 2758 2362 2813 pro
2390 2743 2594 2801 virtute
2634 2744 2860 2808 morali,
2907 2759 3013 2799 non
3045 2738 3421 2813 propotentia

1826 2834 2110 2903 accipitur.
2148 2834 2226 2890 Ad
2256 2836 2818 2901 audiendam-vocem,
2852 2834 3059 2891 scilicet
3093 2841 3152 2888 ut
3178 2833 3285 2887 sint
3315 2831 3414 2885 lm-

1829 2923 2009 2988 ruiles,
2039 2938 2144 2979 non
2182 2927 2425 2996 superbi;
2448 2926 2549 2997 ipsi
2578 2924 2724 2981 enim
2750 2935 2876 2980 sunt
2896 2923 3039 2994 digni
3068 2920 3411 2986 benedicere,

155 3023 333 3089 hacta,
364 3026 600 3096 reparari
644 3026 747 3082 nisi
782 3042 884 3098 per
909 3036 962 3083 te
1000 3042 1105 3082 ῃοη
1135 3039 1381 3099 possunt,
1408 3028 1447 3084 (Ζ
1594 3043 1723 3101 ergo
1750 3008 1797 3073 (ἶ
1827 3016 1916 3085 qui
1941 3030 2094 3071 suum
2117 3024 2172 3070 Cl
2195 3025 2615 3088 cognoscunt-et
2658 3024 2987 3073 venerantur
3005 3023 3305 3069 auctorem.

155 3117 304 3172 rebus
328 3116 659 3173 transitoriis
678 3159 694 3184 ,
720 3118 1031 3174 humanitas
1059 3131 1433 3192 comparatur,
1453 3136 1574 3191 quae
1605 3121 1724 3191 pul-

153 3207 374 3263 chrescit
413 3219 468 3263 ut
517 3210 616 3264 llos
656 3218 711 3266 et
752 3209 934 3266 fenum
978 3213 1135 3283 agri:
1169 3215 1262 3268 sed
1305 3228 1411 3268 non
1451 3215 1518 3268 ad
1559 3216 1724 3268 vitam

153 3295 506 3367 longissima!)
552 3301 891 3368 perducitur.
933 3303 1009 3358 Ac
1039 3304 1083 3358 si
1116 3320 1387 3375 qua-rores
1420 3320 1434 3358 :
1466 3304 1605 3371 Quid
1642 3313 1725 3361 est

152 3376 338 3441 homo?
383 3396 439 3442 et
481 3389 879 3459 respondetur:
922 3392 1016 3446 Est
1060 3393 1213 3463 cujus
1252 3394 1368 3449 dies
1416 3396 1729 3450 sunt‘sicut

153 3475 343 3543 fenum,
375 3488 430 3533 et
465 3480 555 3551 qui
588 3491 647 3535 ut
682 3479 781 3537 ﬂos
820 3483 934 3553 agri
977 3482 1207 3550 emeret,
1257 3486 1351 3542 sed
1397 3488 1578 3542 statim
1630 3487 1728 3543 lies

154 3567 363 3635 decidit,
389 3572 645 3640 quoniam
677 3573 921 3644 spiritus,
940 3582 1048 3629 etc.

154 3655 211 3709 15
278 3657 541 3724 Quoniam
569 3664 785 3733 spiritus
831 3666 1167 3735 pertransibit
1203 3666 1375 3723 in'ilfo
1403 3677 1451 3722 et
1473 3686 1576 3724 non
1604 3668 1732 3725 sub-

348 3751 491 3806 sistet
512 3767 534 3808 .'
559 3772 564 3777 ’

274 3838 348 3894 Et
373 3858 478 3897 non
506 3855 791 3916 cognoscet
806 3847 1038 3917 amplius
1063 3849 1234 3905 locum
1266 3864 1442 3903 suum.

212 3927 554 3987 CDescribit
599 3933 745 3987 enim
791 3934 968 3991 adhuc
1015 3937 1144 4005 quid
1190 3938 1262 3992 sit
1310 3938 1489 4005 homo,
1539 3939 1592 3994 id
1643 3946 1728 3995 est

155 4017 368 4085 spiritus
410 4024 800 4089 pertransiens,
839 4026 1049 4081 scilicet
1089 4029 1344 4083 mundum
1370 4039 1723 4099 praesentem,

155 4105 203 4159 in
227 4124 332 4178 quo
364 4109 670 4167 diutissime
696 4128 802 4167 non
827 4122 1008 4185 potest
1033 4129 1373 4185 permanere.
1390 4116 1505 4173 Non
1526 4132 1727 4190 cogno-

155 4208 253 4257 δίει
279 4199 517 4270 amplius
542 4201 719 4258 locum
759 4218 914 4259 suum
948 4218 965 4259 :
1005 4206 1110 4261 hoc
1138 4215 1223 4262 est
1246 4207 1301 4262 in
1340 4208 1443 4263 hoc
1468 4208 1724 4265 saeculum

157 4302 247 4343 non
271 4301 456 4365 potest
476 4293 673 4359 redire,
700 4302 757 4348 ut
785 4311 939 4350 suam
973 4296 1144 4353 vitam
1171 4298 1342 4367 possit
1372 4298 1595 4357 iterare.

159 4375 215 4433 16
280 4381 656 4438 Misericordia
702 4395 878 4442 autem
929 4384 1140 4442 Domini
1167 4387 1230 4442 ab
1273 4398 1469 4445 (eterna
1493 4399 1541 4445 et
1565 4408 1725 4463 usque

188 4482 197 4487 ’
348 4480 407 4532 in
436 4488 690 4535 wternum
714 4495 733 4533 :

276 4568 449 4640 Super
481 4572 718 4628 timentes
739 4589 880 4628 eum.

216 4658 253 4713 C
296 4661 601 4719 Reddimur
650 4665 796 4721 enim
857 4682 960 4739 per
1003 4664 1432 4726 misericordiam
1479 4670 1723 4730 absolute

158 4756 409 4823 perpetui,
435 4758 688 4825 quamvis
717 4774 814 4828 per
846 4772 947 4814 nos
970 4759 1141 4817 simus
1166 4759 1384 4834 fragiles
1421 4771 1477 4817 et
1511 4763 1720 4821 caduci.

161 4838 215 4895 Et
253 4861 420 4917 usque
460 4846 516 4902 in
563 4856 821 4904 aeternum
854 4868 868 4904 :
898 4849 1143 4921 designat
1189 4854 1549 4911 aeternitatem
1580 4857 1720 4926 Dei,

160 4936 393 5017 quoniam
425 4944 498 4991 et‘
534 4935 782 4993 ille‘ante
825 4939 1040 5002 saecula,
1069 4941 1203 4997 etin
1243 4942 1463 5007 saeculo,
1518 4952 1573 5000 et
1598 4961 1720 5017 post

161 5016 270 5075 illud
308 5024 597 5090 saeculum,
650 5026 957 5083 misericors
999 5040 1347 5090 monstratur.
1397 5030 1565 5089 Video
1591 5016 1720 5097 vero

163 5106 288 5167 illam
326 5125 651 5186 perpetuam
689 5118 1118 5175 misericordiam
1154 5122 1323 5181 solum
1383 5122 1439 5177 in
1468 5124 1718 5190 timentes

159 5210 263 5255 00m
288 5206 565 5276 protendi.
1356 5210 1370 5215 ’

164 5286 220 5339 Π
282 5296 343 5348 At
357 5295 585 5367 justitia
608 5296 746 5354 illius
768 5300 825 5353 in
858 5298 1000 5368 ﬁlios
1023 5301 1246 5370 filiorum
1275 5326 1297 5365 :

287 5379 376 5412 ΠΣ-
408 5384 501 5412 -..2
536 5397 729 5412 -,.....,....
770 5398 1060 5412 .-η-..-μμ

1827 3126 1894 3180 2!
1970 3127 2268 3183 Benedicite
2298 3127 2525 3183 deino
2550 3144 2727 3183 omnes
2753 3127 2964 3182 virtutes
2989 3125 3103 3195 ejus
3143 3137 3162 3178 :

1974 3216 2205 3272 Minisrri
2226 3218 2338 3289 ejus
2357 3219 2447 3291 qui
2465 3220 2640 3290 facitis
2668 3218 2946 3274 uolutatam
2969 3216 3104 3287 ejus.
3224 3214 3229 3221 ’

1899 3328 1946 3386 Η
1990 3330 2260 3386 Admonet
2287 3331 2611 3388 benedicere
2634 3331 2804 3387 Deum
2833 3332 3052 3386 virtutes
3082 3330 3222 3401 ejus,
3251 3327 3304 3383 id
3329 3333 3414 3383 est

1829 3422 1921 3493 qui
1950 3423 2150 3480 virtute
2196 3424 2345 3481 illius
2384 3424 2648 3491 roborati,
2681 3423 2903 3481 verbum
2930 3420 3186 3477 Ecclesiis
3214 3417 3410 3489 praedi—

1829 3514 2045 3570 catione
2074 3514 2427 3570 'ministratis.
2462 3514 2503 3570 C
2540 3512 2634 3569 Vel
2666 3514 2920 3584 quoniam
2965 3511 3117 3582 prius
3163 3516 3413 3580 potentes

1828 3605 2030 3661 virtute
2058 3604 2339 3661 admonuit
2365 3605 2682 3661 benedicere
2714 3604 2903 3669 Deum,
2938 3603 3030 3674 qui
3060 3600 3267 3657 faciunt
3287 3613 3409 3652 ver-

1827 3697 1956 3751 bum
1984 3694 2101 3765 ejus
2127 3714 2139 3750 :
2164 3712 2233 3752 ne
2255 3697 2480 3752 verbum
2507 3697 2651 3767 quod
2677 3697 2960 3752 verberato
2985 3707 3113 3749 aere
3143 3691 3211 3746 ab
3242 3691 3413 3745 bomi-

1829 3786 1989 3842 nibus
2013 3785 2244 3857 proferri
2273 3786 2415 3843 solet
2446 3786 2795 3858 intelligeres,
2823 3783 3029 3840 addidit
3057 3801 3071 3837 :
3111 3782 3202 3853 qui
3227 3779 3408 3834 facitis

1829 3876 2153 3932 voluntatem
2188 3876 2305 3948 ejus
2325 3916 2341 3945 ,
2373 3877 2577 3948 angelis
2624 3877 2787 3942 enim,
2813 3874 3024 3930 Domini
3048 3873 3297 3935 verbum,
3327 3875 3410 3922 est

1825 3971 2075 4028 voluntas
2098 3971 2237 4041 ejus.

1825 4062 1898 4116 22
1966 4061 2270 4119 Benedicite
2291 4062 2519 4119 Domino
2543 4062 2721 4116 omnia
2741 4074 2896 4131 opera
2920 4055 3109 4145 ejusin
3130 4050 3278 4108 omni
3294 4048 3409 4107 loco

2038 4155 2413 4210 dominationis
2443 4154 2560 4226 ejus
2590 4168 2609 4206 :
2628 4206 2635 4209 .

1969 4246 2219 4315 Benedic,
2244 4248 2424 4302 anima
2463 4262 2598 4311 mea,
2631 4244 2917 4301 D’ommo...

1755 4354 1804 4424 ι)
1900 4336 2104 4395 “Nam
2131 4354 2254 4395 cum
2287 4347 2460 4396 totum
2491 4353 2628 4409 opus
2658 4334 2868 4397 Domini
2890 4332 2962 4389 sit
2986 4329 3223 4388 coslestis
3246 4336 3438 4415 terre-f—

1831 4443 2006 4499 naque
2052 4438 2346 4498 creatura,
2400 4430 2655 4487 admonet
2698 4438 2757 4483 ut
2796 4425 2976 4481 omnia
2998 4423 3228 4478 debeant
3256 4432 3413 4473 suum

1834 4521 2164 4578 benedicere
2192 4530 2496 4579 auctorem.
2518 4521 2575 4575 ln
2603 4519 2751 4576 omni
2770 4517 2889 4574 loco
2907 4533 2920 4569 :
2936 4514 3207 4585 signiticet
3232 4507 3417 4564 Eccle-

1824 4610 1987 4680 βίειῐη,
2025 4627 2148 4682 qua:
2189 4626 2287 4684 per
2340 4624 2518 4672 totum
2567 4611 2827 4666 mundum
2855 4614 2972 4661 erat
3027 4600 3259 4660 Domino
3281 4613 3419 4667 prte-

1828 4711 2010 4760 stante
2041 4704 2341 4762 creditura.
2379 4706 2517 4764 Nam
2543 4702 2589 4758 si
2623 4717 2746 4758 eum
2781 4711 2992 4767 semper
3025 4689 3418 4752 benedicimus.

1828 4793 1898 4850 ab
1923 4808 1988 4849 θο
2006 4792 2209 4866 iugiter
2250 4798 2617 4857 custodimur.
2644 4793 2769 4848 Ideo
2797 4790 2955 4858 digna
2982 4795 3071 4841 est
3106 4778 3421 4841 admonitio,

1830 4903 1950 4957 quae
1978 4897 2164 4943 contra
2199 4903 2396 4953 omnes
2445 4902 2609 4948 casus
2639 4894 2895 4959 tanquam
2933 4872 3428 4953 clypeusfmellil“

1828 4978 2059 5053 gnabilis
2088 4992 2424 5047 assumatur.

2310 5108 2526 5161 (nu-no
2560 5106 2635 5146 EX
2671 5104 2814 5145 PSH“
2849 5098 2947 5142 Cll.

1907 5208 2067 5269 Sana,
2114 5205 2374 5285 Domine,
2421 5193 2718 5275 lang'uores
2760 5192 2941 5269 populi
2966 5187 3072 5285 tui,
3110 5186 3445 5285 quisempci-

1763 5346 1767 5350 .
1831 5298 2212 5374 peccatoribus
2231 5276 2383 5369 sicui
2407 5311 2575 5382 pater
2602 5295 2724 5350 ﬁliis
2751 5279 3030 5382 misereris
3068 5298 3083 5334 :
3113 5289 3172 5336 ut
3202 5276 3444 5382 exempti

2506 5399 2698 5412 -..-..-..
2762 5392 2814 5412 ιιι
2851 5375 3034 5412 anima
3065 5383 3251 5412 nnclra
3280 5371 3456 5412 “Enp-
