3986 5412
526 234 631 295 επ

1066 343 1397 403 'PSALMUS
1434 346 1565 404 Clll.

966 474 1334 518 ARGUIENTUBI’
1371 476 1520 518 ρελι.
1558 477 1656 519 Cll!

595 576 658 632 C.
694 571 812 631 Vox
837 572 1093 632 Ecclesiae
1118 575 1517 648 magniﬁeautis
1546 577 1757 645 Deum,
1781 584 1838 633 et
1866 576 2121 635 innume-

525 667 718 724 rabilia
747 683 913 740 opera
932 670 1217 726 narrando
1242 669 1629 728 collaudantis.

1021 777 1135 837 TT.
1166 796 1231 839 -ε-
1265 774 1380 855 Ipsi
1402 782 1577 840 David
1608 782 1629 855 ζ

593 888 635 945 C
670 888 840 946 David
872 890 962 948 hic
1006 901 1214 949 tantum
1241 891 1312 949 ad
1338 910 1625 965 personam
1656 894 1928 968 loquentis
1954 897 2112 953 adhi-

521 978 708 1046 iretur,
739 989 994 1037 etulerum
1021 984 1201 1040 omnia
1231 993 1443 1042 constat
1469 986 1535 1043 de
1577 989 1803 1045 Domino
1831 989 2115 1047 Salvatore

523 1073 824 1141 narranda,
857 1075 947 1145 qui
976 1072 1032 1130 in
1061 1076 1326 1147 principio
1350 1077 1478 1135 fecit
1507 1078 1702 1135 coelum
1729 1088 1784 1136 et
1819 1089 2039 1135 terram.

522 1166 549 1221 1
636 1167 886 1237 Benedic,
916 1171 1096 1225 anima
1130 1188 1266 1241 mea,
1302 1172 1524 1228 Domino
1559 1185 1586 1226 .'

674 1261 818 1318 Deus
850 1278 1018 1332 meas,
1053 1264 1421 1335 magniﬁcatus
1442 1282 1497 1319 es
1526 1264 1867 1320 vehementer.

1464 232 1523 290 S.
1566 234 1921 293 BRUNONIS
1956 231 2503 296 HERBIPOLEKSIS
2538 234 2850 296 EPISCOPF

3689 239 3783 297 ’ἄϊε

2142 350 2189 408 Λ
2218 359 2379 416 sunt,
2432 351 2524 423 qui
2571 360 2749 409 tamen
2801 361 2993 409 natura
3039 353 3262 424 spiritus
3303 369 3429 412 esse
3476 369 3779 413 asseruntur.
3822 376 3834 424 ;

2219 443 2367 499 Talis
2396 453 2482 500 est
2527 447 2662 501 ordo
2706 445 3039 504 verborum:
3080 448 3170 517 qui
3220 447 3448 519 spiritus
3474 465 3621 515 suos,
3667 449 3786 506 facit

2216 538 2456 607 angelos.
2492 537 2735 594 Minister
2763 540 2855 594 Dei
2898 550 2983 595 est
3020 541 3201 596 omnis
3244 542 3341 611 qui
3385 542 3602 598 divinas
3642 558 3792 599 exsc-

2216 628 2405 699 quitur
2427 630 2746 703 voluntates,
2783 633 2905 688 talis
2930 632 3074 690 enim
3104 633 3188 689 vir
3231 635 3374 705 ignis
3405 635 3651 692 cmlestis
3686 634 3789 692 eiii.

2214 722 2385 789 citur,
2411 724 2626 794 quando
2672 724 2856 781 verbo.
2886 725 3295 795 mtudicatiouis-
3324 726 3667 796 peccantium
3705 741 3790 783 ne-

2216 811 2413 883 quitias
2446 828 2606 867 urere
2641 821 2698 868 et
2729 827 3051 869 consumere
3075 829 3240 884 posse
3262 823 3623 869 monstratur.

2214 902 2253 956 ὅ
2322 901 2426 968 Qui
2463 902 2705 972 fundasti
2728 913 2924 958 terram
2950 920 3107 973 super
3130 903 3471 958 stabilitatem
3493 921 3649 960 suam
3672 917 3702 957 τ

2357 988 2480 1047 Νοη
2506 991 2923 1048 inclinabiturin
2950 991 3205 1047 arculum
3226 993 3405 1047 δαναιιὶ

2283 1082 2326 1139 C
2374 1082 2641 1138 Fundavit
2687 1083 2935 1145 Christus
2989 1093 3188 1145 terram
3216 1123 3236 1148 ,
3278 1083 3498 1153 quando
3551 1083 3791 1141 solidavit

2214 1172 2532 1230 Ecclesium.
2569 1174 2746 1247 Super
2774 1173 3157 1239 stabilitatem,
3192 1174 3245 1228 id
3274 1184 3359 1230 est
3398 1191 3565 1246 super
3599 1190 3675 1241 se,
3707 1176 3789 1247 qui

2215 1273 2303 1322 est
2354 1265 2630 1322 immobile
2678 1265 3107 1322 fundamentum.
3146 1263 3262 1321 Non
3311 1265 3663 1322 inclinabitur
3702 1269 3796 1322 :si

601 1350 645 1408 C
674 1349 873 1406 invitat
897 1353 1160 1424 propheta
1191 1354 1539 1425 semetipsum
1585 1356 1654 1410 ad
1685 1355 2110 1411 benedicendum
2207 1355 2413 1427 fugitet“
2455 1372 2619 1428 supra
2656 1370 2780 1413 eum
2812 1356 3189 1421 iuanserimus,
3222 1355 3532 1414 nullatenus
3577 1357 3799 1413 inclina-

529 1438 701 1497 Deum
735 1460 749 1497 :
779 1442 1104 1499 benedicere
1131 1441 1330 1510 Deum,
1364 1455 1446 1500 est
1483 1445 1604 1515 ejus
1648 1446 1916 1517 magualia
1946 1446 2114 1501 conli-

535 1533 671 1597 teri;
705 1531 1087 1602 magniﬁcatur
1108 1532 1250 1588 Deus
1297 1535 1437 1604 apud
1483 1535 1751 1599 homines,
1788 1536 2003 1605 quando
2034 1538 2114 1591 eis

533 1639 763 1694 ruaguus
798 1632 961 1695 atque
1004 1624 1250 1681 excelsus
1275 1623 1551 1693 claruerit,
1581 1634 1640 1680 ut
1670 1627 1843 1695 ipsum
1883 1625 2115 1702 Creato:

2215 1463 2357 1503 mur.

2214 1541 2246 1595 7
2318 1540 2550 1611 Abgssus
2571 1541 2706 1596 sicut
2732 1540 3090 1607 vestimentum
3118 1540 3339 1595 amictus
3363 1538 3479 1609 ejus
3504 1553 3531 1593 .'

2353 1628 2529 1699 Super
2554 1639 2753 1684 montes
2778 1628 2987 1684 stabunt
3007 1644 3180 1699 aqute.

536 1730 649 1770 rem
678 1714 744 1769 ad
783 1713 1199 1785 Redemptorem
1245 1714 1667 1786 atquejudicem
1692 1715 1974 1771 sentiant:
2016 1731 2109 1770 ve-
2144 1706 2189 1768 Β
2284 1719 2328 1777 C
2371 1720 2613 1791 Abyssus
2658 1719 2803 1776 enim
2842 1721 3073 1785 dicitur,
3116 1735 3378 1791 aquarum
3425 1718 3799 1790 copiosissima

530 1806 818 1861 humenter
845 1820 975 1860 vero
1001 1805 1401 1876 magniﬁcatur,
1445 1807 1664 1875 quando
1690 1806 1758 1862 ab
1782 1821 1847 1862 eo
1872 1807 1964 1878 qui
1993 1807 2115 1862 heri

531 1899 882 1970 blasphemus
918 1898 1019 1954 fuit
1045 1899 1205 1955 hodie
1230 1913 1496 1956 converso
1523 1899 1875 1969 praedicatur.

529 1990 567 2045 2
642 1990 1036 2062 Confessionem
1074 2000 1123 2047 et
1151 1991 1391 2047 decorem
1419 1992 1639 2047 induisti
1668 2008 1711 2047 ιη

672 2083 909 2138 Amictus
934 2083 1131 2138 lumine
1164 2084 1296 2138 sicut
1327 2085 1652 2138 vestimento.

600 2172 643 2226 C
691 2171 871 2227 induit
921 2173 1170 2228 decorem
1219 2189 1237 2229 :
1283 2173 1501 2242 quando
1548 2170 1842 2244 assumpsit
1887 2159 2111 2229 carnem

532 2263 840 2320 mortalem.
875 2265 1052 2319 induit
1098 2278 1228 2320 vero
1273 2262 1697 2332 confessionem,
1741 2279 1865 2320 cum
1907 2280 1973 2321 eo
2020 2279 2115 2320 ve-

533 2356 718 2413 niente
753 2363 1098 2411 recesserunt
1132 2353 1323 2425 perﬁdi
1354 2368 1383 2409 a
1415 2354 1560 2409 cuitu
1600 2354 2037 2420 simulacrorum,
2061 2361 2116 2410 et

531 2445 804 2502 confessio
827 2460 892 2499 ac
918 2444 1082 2500 decus
1110 2459 1360 2514 superam
1398 2443 1700 2514 maiestatis
1726 2458 1824 2513 per
1853 2445 2117 2499 mundum

531 2536 786 2592 innotuit.
834 2535 1039 2591 Lumen
1083 2543 1265 2590 autem
1310 2534 1606 2590 Ecclesiam
1649 2534 1949 2602 signiﬁcat,
1994 2547 2116 2604 qum

530 2637 682 2685 recte
711 2627 857 2683 velut
880 2627 1046 2684 vestis
1090 2626 1390 2682 advertitur
1414 2625 1628 2683 Domini
1656 2625 1975 2692 Saivatoris,
2005 2641 2117 2681 non

530 2718 739 2774 habens
760 2720 1026 2781 maculam
1053 2734 1227 2790 neque
1252 2734 1464 2790 rugam.

530 2805 567 2864 ὃ
642 2804 944 2864 Επιεηάεηε
974 2808 1159 2863 rcelum
1186 2811 1320 2866 sicut
1346 2808 1533 2879 pellem
1560 2825 1580 2864 ;

674 2900 781 2967 Qui
814 2902 941 2971 tegis
970 2900 1120 2972 aquis
1146 2901 1418 2971 superiora
1445 2900 1580 2970 ejus.

606 2992 649 3048 C
676 2990 884 3049 Curium
915 2992 1002 3047 hic
1028 3007 1241 3047 omnem
1276 2991 1481 3062 justum
1510 2990 1768 3048 debemus
1793 2992 2111 3058 advertere,

2214 1813 2522 1878 multitudo,
2570 1826 2691 1882 qua:
2741 1811 3013 1884 signiﬁcat
3060 1819 3467 1881 persecutores,
3501 1810 3629 1879 quia
3662 1808 3798 1864 sicut

2212 1903 2434 1975 pallium
2470 1900 2716 1972 subjecta
2748 1901 3016 1973 cooperit,
3044 1901 3118 1957 ita
3169 1901 3246 1956 illi
3298 1903 3560 1956 mundum
3593 1899 3794 1954 fstidis-

2213 1994 2351 2050 sima
2381 1993 2771 2063 superstitione
2815 2000 3088 2049 texerunt.
3118 1992 3394 2047 Steterunt
3434 2007 3594 2060 aqua:
3639 2005 3797 2059 super

2213 2090 2429 2140 montes
2461 2100 2474 2138 :
2508 2082 2562 2138 id
2604 2091 2688 2138 est
2732 2092 2950 2139 sanctos
2981 2082 3095 2154 (qui
3121 2069 3337 2137 motites
3364 2080 3487 2136 ﬁdei
3546 2079 3795 2135 ﬁrmitate

2215 2173 2390 2229 vocati
2420 2174 2566 2245 sunt)
2597 2174 2814 2243 quando
2847 2186 2942 2229 eos
2975 2170 3204 2228 diversis
3249 2171 3425 2241 pinnis
3466 2169 3795 2241 aﬂligehant,
3844 2236 3857 2245 _

2213 2280 2364 2335 aqua:
2389 2264 2535 2320 enim
2560 2265 2703 2321 sicut
2729 2273 2786 2321 et
2812 2263 3016 2335 abyssi.
3047 2263 3139 2319 hic
3173 2263 3367 2332 impios
3392 2261 3726 2333 signiﬁcant.

2212 2357 2253 2412 8
2318 2355 2396 2411 Ab
2420 2356 2775 2427 increpatione
2799 2367 2891 2410 tua
2919 2354 3120 2426 fugient
3148 2370 3167 2407 :

2353 2446 2399 2499 Δ
2422 2462 2541 2501 voce
2575 2446 2794 2500 tonitrui
2815 2446 2894 2499 tui
2921 2442 3301 2515 formidabant.

2283 2534 2325 2591 C
2361 2535 2593 2607 Fugieut
2612 2535 2819 2607 abyssi,
2846 2535 2900 2591 id
2928 2543 3014 2592 est
3036 2533 3420 2606 superstitiosi,
3448 2533 3520 2589 ab
3550 2531 3797 2604 increpa-

2215 2629 2362 2686 tione
2400 2628 2786 2701 apostolorum.
2832 2627 2874 2681 A
2908 2640 3042 2682 voce
3085 2625 3330 2689 tonitrui,
3358 2624 3411 2680 id
3437 2633 3525 2678 est
3546 2624 3801 2694 praedicar

2215 2720 2397 2787 tionis,
2429 2719 2644 2790 quando
2682 2716 2953 2774 diabolum
3000 2716 3307 2787 periturum
3349 2714 3641 2769 audierunt
3680 2727 3797 2768 cum

2214 2812 2536 2884 sequacibus
2560 2811 2696 2868 suis.

2234 2904 2283 2959 >9
2355 2902 2653 2958 Asceudunt
2702 2910 2901 2957 montes
2938 2911 2984 2956 et
3027 2899 3345 2954 descendunt
3382 2897 3604 2968 campi:

2359 2994 2429 3051 In
2476 2995 2649 3050 locum
2693 3010 2846 3066 quem
2885 2992 3122 3064 fundasti
3174 2991 3273 3047 eis.

537 3085 695 3155 cujus
716 3086 1028 3156 superiora,
1057 3085 1109 3139 id
1137 3091 1223 3165 est
1246 3082 1420 3140 ﬁdelis
1446 3083 1651 3149 anima,
1682 3082 1837 3154 aquis
1863 3084 2113 3154 baptismi
2145 3069 2192 3133 C
2293 3085 2335 3142 C
2390 3084 2704 3141 Ascendunt
2751 3091 2983 3149 montes,
3030 3081 3084 3137 id
3128 3092 3214 3137 est
3260 3078 3481 3151 superbi
3533 3087 3592 3135 et
3636 3078 3802 3149 impii,

533 3176 864 3234 salutaribus
881 3177 1196 3243 emundata,
1240 3176 1516 3248 irrigatur.
1548 3174 1649 3231 Vel
1686 3174 1880 3231 omium
1923 3185 2115 3232 esten—

533 3269 732 3323 ditur:
778 3283 900 3323 cum
946 3267 1216 3339 publicani
1265 3277 1321 3325 et
1369 3267 1687 3325 meretrices
1732 3267 2111 3323 admittuntur.

536 3358 745 3415 Caelum
773 3358 916 3414 enim
948 3366 1152 3413 tantum
1175 3358 1440 3430 justorum
1467 3367 1551 3414 est
1577 3372 1673 3428 per
1692 3355 1983 3429 justitiam,
2020 3355 2115 3412 sed

533 3449 738 3505 factum
777 3459 861 3504 est
905 3463 972 3503 ex
1013 3449 1201 3520 gratia:
1245 3447 1497 3519 largitate
1539 3448 1700 3502 etiam
1748 3447 2111 3516 peccantium.

532 3541 577 3598 A
608 3540 707 3596 Vel
744 3540 965 3606 ctutum,
1010 3546 1070 3594 ut
1111 3539 1314 3595 dictum
1359 3548 1465 3605 est,
1510 3536 1895 3609 prmdicatorcs
1928 3535 2060 3590 dicit
2097 3550 2114 3588 :

536 3634 628 3704 qui
659 3642 717 3688 ut
739 3631 894 3704 pellis
924 3631 1128 3687 extenti
1153 3639 1310 3697 sunt,
1339 3646 1437 3701 per
1464 3628 1899 3701 praedicationem
1925 3642 2114 3683 eorum

538 3724 593 3776 in
622 3722 769 3777 omni
810 3728 975 3785 terra,
1001 3729 1056 3776 et
1080 3720 1219 3775 sicut
1247 3727 1581 3774 mortuorum
1608 3716 1918 3772 animalium
1946 3717 2114 3787 major

537 3820 623 3866 est
651 3826 781 3866 usus
806 3810 1049 3882 pellium,
1081 3811 1177 3878 ita,
1197 3810 1425 3865 mortuis
1451 3808 1731 3880 apostolis,
1761 3808 1991 3878 amplius
2020 3809 2117 3863 do-

535 3902 713 3957 ctrina
743 3916 932 3957 eorum
966 3900 1363 3972 praulicatiouis
1393 3900 1444 3953 iu
1475 3915 1628 3954 usum
1658 3898 1806 3954 venit
1841 3898 2113 3953 Eccirsim.

533 3995 705 4065 Aqua:
728 4010 879 4060 vero,
922 4002 1049 4050 sunt
1091 3993 1279 4065 gratiae
1308 3991 1506 4048 infusis
1543 4005 1598 4047 et
1626 3990 1865 4046 Charitas
1900 3990 1981 4046 vel
2010 3991 2118 4062 spi-

534 4085 745 4142 ritualis
774 4099 984 4142 sensus.

537 4175 575 4232 ι
645 4177 751 4243 Qui
784 4180 933 4249 ponis
963 4178 1149 4233 nubem
1180 4194 1452 4233 ascensum
1486 4187 1632 4232 tuum
1660 4193 1678 4230 :

681 4267 788 4334 Qui
812 4268 1050 4325 ambulas
1075 4286 1231 4341 super
1251 4286 1446 4341 pennas
1476 4282 1762 4324 acutarum.

611 4355 659 4411 Η
685 4356 728 4413 C
758 4355 944 4414 Posuit
970 4361 1165 4415 nubem
1200 4378 1212 4417 :
1244 4359 1460 4429 quando
1488 4359 1747 4415 Dominus
1781 4369 1905 4430 post
1938 4375 2119 4416 resur-

538 4448 835 4505 rectionem
872 4449 1186 4505 videntibus
1230 4450 1487 4520 apostolis
1529 4452 1773 4506 ascendit
1812 4452 1866 4506 in
1898 4451 2114 4507 malum.

538 4538 798 4595 Ambulat
821 4555 985 4609 super
1011 4555 1216 4611 pennas
1248 4549 1529 4596 ventorum
1561 4558 1575 4594 :
1606 4542 1732 4597 dum
1767 4555 1894 4598 suas
1931 4542 2119 4597 volun-

541 4638 682 4685 tates
707 4628 945 4686 velocius
975 4637 1255 4700 operatur,
1286 4644 1449 4701 quam
1485 4637 1667 4700 potest
1695 4645 1959 4687 excursus
1998 4646 2120 4687 esse

537 4726 845 4774 ventorum.
876 4718 1003 4777 Sive
1031 4719 1206 4791 magis
1249 4728 1458 4786 ventos,
1482 4717 1750 4789 justorum
1787 4719 1998 4775 animas
2029 4720 2119 4776 dc-

537 4808 731 4865 liemus
772 4810 1039 4881 accipere,
1084 4810 1174 4881 qui
1206 4819 1436 4880 utroque
1477 4810 1826 4867 Testamento
1852 4810 2117 4883 perdocti,

535 4899 690 4954 velut
720 4898 929 4956 duabus
955 4900 1056 4955 alis
1100 4898 1168 4955 ad
1198 4915 1430 4971 superna
1459 4899 1652 4971 gaudia
1697 4899 2117 4957 transferuntur.

541 4988 720 5060 Super
743 5003 879 5059 quos
914 4989 1176 5054 ambulat,
1205 4989 1335 5045 dum
1367 4990 1421 5046 in
1446 4992 1527 5046 eis
1554 4990 1983 5048 misericordiam
2006 5005 2120 5047 suae

2218 3176 2457 3249 quandiu
2509 3174 2755 3248 permisit
2812 3189 2907 3230 eos
2964 3172 3225 3229 Dominus
3275 3189 3289 3226 :
3343 3184 3508 3242 atque
3563 3171 3803 3232 iterum,

2216 3270 2435 3341 quando
2457 3269 2659 3340 placuit
2685 3266 2815 3324 fecit
2841 3267 2896 3321 in
2918 3265 3239 3322 convallium
3265 3262 3571 3318 humilitate
3596 3261 3797 3318 sedere.

2219 3360 2430 3417 Montes
2475 3367 2651 3424 erant,
2701 3373 2826 3415 cum
2876 3357 3129 3413 saevirent
3162 3373 3177 3409 :
3206 3355 3404 3424 campi,
3446 3368 3571 3408 cum
3616 3350 3804 3423 placati

2222 3451 2535 3507 resederant
2569 3467 2584 3502 :
2615 3449 2668 3503 in
2710 3448 2906 3514 locum,
2951 3446 3003 3503 id
3043 3455 3128 3503 est
3166 3447 3219 3501 in
3258 3445 3585 3513 Ecclesiam,
3611 3445 3703 3500 ubi
3731 3444 3807 3498 eis

2220 3544 2428 3599 servire
2473 3541 2669 3596 licebat

2222 3639 2290 3692 10
2363 3634 2662 3690 Tcrminum
2702 3633 2940 3705 posuisti,
2981 3645 3133 3702 quem
3186 3645 3291 3684 non
3320 3626 3809 3698 transgredientes:

2365 3724 2546 3797 Neque
2594 3732 2955 3779 convertentur
2986 3721 3198 3789 pperire
3237 3730 3455 3774 terram.

2291 3818 2332 3873 C
2367 3815 2654 3870 Terminus
2682 3813 2901 3884 quippe,
2931 3811 3138 3866 scilicet
3170 3809 3307 3865 ritus
3330 3816 3385 3863 et
3409 3806 3811 3878 superstitionis

2222 3923 2573 3981 paganorum,
2597 3915 2682 3961 est
2702 3905 2966 3961 adventus
2990 3903 3205 3960 Domini
3226 3903 3425 3959 Christi
3456 3922 3470 3958 :
3500 3902 3660 3972 cuius
3684 3902 3806 3958 relic

2222 4004 2378 4072 gione
2406 4005 2702 4062 crescente,
2733 4005 2927 4052 cuncta
2961 3994 3264 4051 idololatria
3306 4009 3428 4049 cum
3461 3994 3580 4049 suis
3627 4002 3807 4046 aucto-

2222 4090 2372 4146 ribus
2396 4094 2739 4144 corruerunt.
2772 4083 2957 4155 Neque
2982 4091 3364 4140 convertentur
3392 4100 3407 4138 :
3435 4081 3479 4137 11
3500 4082 3560 4136 ln
3590 4081 3805 4153 ﬂagitia,

2220 4182 2417 4253 quibus
2449 4179 2602 4251 prius
2640 4177 2910 4234 vixerant.
2965 4176 3007 4232 C
3046 4175 3144 4232 Vel
3190 4175 3384 4231 melius
3429 4189 3538 4229 non
3585 4189 3809 4229 conver-

2222 4282 2404 4331 tentur
2435 4291 2450 4327 :
2482 4280 2542 4328 ut
2587 4271 2882 4327 humanum
2913 4284 3084 4341 genus
3120 4267 3566 4339 superstitionum
3592 4281 3807 4322 suarum

2225 4364 2576 4420 inundatione
2620 4360 2889 4432 operiant.

2226 4458 2288 4513 il
2368 4455 2473 4522 Qui
2523 4436 2716 4511 emittis
2760 4452 2927 4523 fontes
2970 4452 3025 4505 in
3067 4449 3426 4506 convallibus:

2367 4544 2516 4600 Inter
2560 4543 2788 4598 medium
2851 4544 2872 4614 ζ
2902 4542 3155 4596 montium
3172 4542 3563 4613 pertransibunt
3586 4555 3650 4597 -t—
3668 4557 3809 4612 aqua

2297 4637 2340 4694 C
2375 4635 2729 4694 Fonteszbic
2770 4634 3108 4707 Scripturam
3157 4634 3394 4690 divinam
3441 4633 3703 4689 debemus
3729 4634 3805 4687 in-

2230 4729 2494 4801 telligere,
2521 4742 2644 4799 quae
2677 4727 2731 4782 in
2757 4726 3052 4792 convalles,
3079 4725 3131 4781 id
3154 4734 3239 4782 est
3264 4725 3318 4781 in
3358 4725 3612 4781 homines
3644 4725 3810 4780 humi-

2229 4818 2310 4875 les
2340 4824 2664 4875 exaestuant.
2715 4815 2925 4872 Montes
2952 4830 2967 4871 :
2999 4815 3289 4871 haereticos
3321 4813 3596 4886 signiﬁcat
3635 4829 3698 4870 ac
3725 4830 3811 4870 su-

2224 4909 2442 4981 perbos,
2483 4907 2626 4962 inter
2664 4921 2799 4976 quos
2829 4905 3127 4977 Scriptura:
3167 4905 3391 4976 perenni
3429 4904 3679 4961 ubertate
3723 4905 3811 4960 de-

2224 5007 2449 5054 currunt
2480 5016 2492 5051 :
2520 4997 2642 5067 quia
2674 5011 2771 5053 eas
2807 4997 2896 5053 hic
2925 4998 3114 5053 audire
3152 4996 3310 5053 bouis
3357 4995 3625 5067 malisque
3671 5011 3810 5051 coui-

3822 387 3849 424 ὗ
