3986 5412
159 302 256 356 πε

159 513 301 561 «tant
319 504 373 556 in
399 501 488 556 siti
512 501 682 554 donec
706 496 978 569 plenitudo
1005 497 1242 567 gentium
1271 493 1566 550 inttaverit.

165 617 221 672 l3
292 614 458 684 Super
510 629 580 666 ea.
618 611 850 665 rolucres
893 609 1005 663 τῷ·Ιὲ
1057 608 1362 660 habitabant
1399 623 1417 660 :

297 707 371 761 De
403 706 577 760 medio
614 713 878 775 petrarum
912 703 1110 756 dabunt
1159 717 1349 755 uocem.

225 819 263 874 C
303 816 560 872 Volucres
601 813 724 870 οωιί
749 815 1002 868 ranimas
1040 821 1252 868 sanctas
1279 810 1587 881 pontiﬁcum
1617 809 1731 861 vult

161 909 410 977 intelligi,
442 907 532 976 qui
563 922 728 975 supra
756 905 977 976 populos
1015 905 1244 966 Domini,
1291 903 1495 957 sanctis
1540 900 1731 970 ρεςεάί-

161 996 449 1054 cationibus
501 995 769 1052 habitant.
841 994 915 1047 De
969 994 1145 1048 medio
1204 1001 1477 1061 petrarum
1527 990 1732 1043 dabunt

163 1104 334 1143 vocem
373 1106 386 1141 :
423 1087 641 1156 quando
663 1085 1024 1154 apostolorum
1052 1093 1106 1139 et
1135 1085 1518 1153 prophetarum
1550 1096 1732 1135 extun-

163 1179 276 1246 plis,
320 1178 496 1247 aliqua
536 1176 831 1247 praedicare
864 1183 1158 1230 noscuntur
1184 1215 1199 1240 ,
1233 1174 1285 1229 id
1315 1183 1397 1228 est
1425 1173 1490 1228 de
1519 1171 1734 1225 illorum

164 1271 433 1326 traditione
460 1285 558 1324 sua
597 1269 741 1326 dicta
769 1268 1010 1323 llrmare.

165 1380 227 1434 Η
293 1381 487 1450 Riguus
533 1390 730 1434 montes
772 1381 836 1434 de
878 1377 1230 1446 superioribus
1282 1377 1391 1431 suis
1428 1389 1446 1427 :

290 1469 365 1522 De
400 1471 578 1537 fructu
620 1487 828 1539 operum
872 1478 1082 1522 tuorum
1119 1466 1397 1520 satiabitur
1425 1475 1584 1519 terra.

228 1559 267 1612 ll
301 1559 502 1628 Rigans
528 1569 759 1625 montes,
789 1559 894 1614 hoc
925 1567 1009 1612 est
1039 1555 1324 1626 apostolos.
1382 1554 1458 1609 De
1483 1553 1726 1624 superio-

158 1651 301 1704 ribus
331 1667 344 1702 :
376 1649 660 1706 ell'undens
689 1665 852 1719 super
886 1663 979 1704 eos
1005 1646 1264 1716 Spiritum
1309 1654 1574 1699 sanctum.
1624 1642 1726 1696 Sa-

1349 284 1708 344 uxrost'uo
1748 265 2191 341 rsujuozzuu.

157 415 183 468 .l
220 415 384 476 deos,
431 409 522 480 qui
565 407 751 462 satiari
782 405 969 476 poculo
997 404 1145 458 vitali
1175 401 1379 464 nolunt,
1417 402 1509 456 sed
1538 414 1729 471 exspe-
1756 405 1803 459 Α
1838 399 1900 452 19
1975 398 2196 453 llerodii
2229 400 2414 455 domus
2455 401 2560 454 dua:
2585 411 2660 454 est
2705 417 2881 454 eorum
2929 412 2946 450 :

3292 286 3399 341 ’576

2986 409 3184 454 montes
3226 402 3395 456 rxcels

2043 494 2222 548 cerris.

1978 586 2134 641 Petra
2167 588 2420 657 refugium
2451 588 2714 641 crinaciis.

1905 675 1946 730 ll
1989 675 2252 730 llerodius
2309 677 2479 746 major
2520 687 2603 730 est
2647 676 2887 732 omnium
2926 677 3261 740 volatilium,
3312 679 3426 748 qui-

1833 767 2076 838 aquilam
2126 769 2292 822 vincit
2320 777 2374 822 ct
2403 770 2636 822 comedit
2679 788 2692 824 ε
2727 779 2780 824 et
2815 769 3085 840 signiﬁcat
3134 768 3435 826 homincm'

1834 867 2118 920 sanctum.
2178 858 2511 913 habitantem
2555 859 2608 912 in
2671 861 2829 914 domo
2882 858 3016 923 Dei,
3080 860 3404 930 adjutorium

1833 961 2177 1022 prrestantem
2224 950 2342 1004 aliis
2390 951 2455 1004 ad
2491 950 2811 1004 vincendum
2864 949 3155 1004 diabolum.
3211 950 3408 1018 Aquila

1833 1043 1975 1096 enim
2004 1056 2142 1111 smpe
2173 1057 2272 1112 pro
2302 1041 2513 1095 diabolo
2542 1041 2776 1110 ponitur.
2813 1040 2852 1094 C
2889 1041 3092 1095 Cervus
3139 1042 3411 1112 signiﬁcat

1836 1141 2044 1204 ﬁdeles,
2092 1141 2182 1209 qui
2235 1149 2540 1209 serpentem
2575 1141 2855 1203 devorant,
2906 1139 3070 1193 idest
3115 1140 3407 1203 diabolum,

1834 1247 1956 1285 cum
2007 1231 2300 1302 nequitiam
2353 1230 2468 1297 ejus
2505 1230 2569 1282 ad
2631 1230 2838 1284 Iaudem
2892 1229 2983 1284 Dei
3042 1237 3406 1284 convertunt:

1836 1324 2078 1376 habitant
2132 1323 2182 1376 in
2235 1323 2536 1384 montibus,
2588 1322 2638 1375 id
2684 1331 2766 1374 est
2797 1320 3057 1390 apostolis
3091 1328 3144 1373 et
3181 1319 3412 1393 prophe-

1836 1413 1922 1466 tis.
1961 1411 2245 1465 Erinacius
2297 1427 2424 1465 vero
2471 1421 2583 1473 est,
2639 1427 2798 1478 quem
2847 1424 3102 1464 vocamus
3139 1410 3362 1463 ericium
3393 1449 3408 1469 ,

1835 1502 2031 1554 animal
2077 1502 2558 1566 timidtnn,natura
2606 1509 2906 1563 armatum,
2958 1500 3011 1554 in
3058 1499 3204 1557 saxis
3252 1498 3410 1552 habi-

1836 1602 1953 1644 tans
1989 1607 2056 1644 ne
2106 1591 2453 1646 inveniatur:
2489 1601 2542 1644 et
2585 1599 2923 1660 peccatorem
2961 1589 3259 1658 signiﬁcat,
3291 1589 3406 1658 qui,

1835 1683 2071 1736 futurum
2097 1683 2358 1753 judicium
2390 1695 2653 1746 metuens,
2690 1685 2754 1739 ad
2785 1693 2995 1755 petram
3021 1683 3299 1739 Christum.
3325 1699 3409 1737 re-

161 1741 370 1794 tiabitur
395 1749 559 1804 terra,
596 1740 646 1793 id
676 1748 782 1802 est,
807 1736 1004 1794 terreni
1031 1737 1096 1792 de
1124 1735 1400 1845 be‘neﬁciis
1429 1733 1730 1845 largitionis
1760 1742 1802 1799 η

157 1830 370 1883 Christi.
423 1830 463 1883 C
504 1829 597 1884 Vel
620 1841 832 1885 montes
863 1847 875 1883 :
912 1828 1134 1897 quilibet
1162 1826 1414 1880 Ecclesiae
1442 1825 1564 1878 boni
1589 1839 1724 1892 prze-

157 1919 263 1981 lati,
296 1919 592 1988 irrigantur
629 1920 837 1976 caelesti
871 1919 1114 1973 doctrina
1143 1935 1154 1968 :
1180 1924 1234 1970 et
1264 1930 1450 1969 eorum
1481 1915 1742 1968 doctrina.

153 2019 208 2063 et
229 2008 348 2072 vita,
377 2010 580 2064 terreni
603 2011 656 2064 in
683 2010 872 2064 melius
902 2010 1112 2072 mutati,
1151 2008 1437 2064 satiantur.
1461 2052 1464 2055 _

157 2120 220 2174 15
288 2118 590 2176 Producens
634 2122 810 2191 fenum
853 2124 1104 2192 jumentis

283 2209 347 2262 Et
389 2211 605 2264 herbam
653 2214 890 2266 servituti
929 2214 1218 2267 hominum.

218 2301 255 2353 C
281 2301 544 2356 Admonet
571 2304 850 2373 propheta,
883 2314 940 2357 ut
969 2312 1109 2358 terra
1140 2303 1225 2358 illa
1253 2344 1266 2365 ,
1301 2303 1506 2359 caelesti
1550 2303 1723 2357 imbre

151 2392 351 2453 uitiata,
391 2393 657 2461 producat
683 2394 886 2462 fenum,
919 2396 970 2449 id
1016 2406 1098 2450 est
1137 2396 1506 2466 eleemosynas
1537 2395 1745 2459 faciat,-

143 2479 411 2546 junientis,
445 2483 497 2537 id
533 2491 617 2537 est
658 2486 1000 2555 pauperibus,
1050 2487 1134 2540 his
1172 2487 1260 2555 qui
1285 2487 1485 2555 passim
1513 2495 1719 2555 petunt.

153 2570 372 2626 ﬂerbam
398 2588 528 2629 vero
557 2575 804 2629 servituti
829 2576 1105 2630 hominum
1137 2592 1152 2631 :
1179 2577 1281 2638 hoc
1300 2584 1403 2640 est,
1437 2586 1494 2630 ut
1523 2576 1596 2630 illi
1624 2591 1723 2630 ne-

151 2664 376 2723 cessaria
413 2664 738 2731 tribuantur,
778 2665 844 2721 de
889 2683 995 2736 quo
1033 2668 1291 2736 scriptum
1339 2679 1461 2722 est:
1493 2667 1725 2721 Desudot

151 2754 476 2826 eleemosyna
503 2757 560 2811 in
601 2772 759 2812 manu
789 2766 900 2823 tua,
940 2757 1111 2814 donec
1141 2760 1380 2814 invenies
1402 2758 1603 2827 justum
1635 2760 1720 2812 cui
1747 2800 1750 2804 .

149 2856 257 2894 eam
290 2845 493 2904 tradas,
528 2845 583 2899 id
609 2854 710 2910 est,
746 2861 858 2916 prae
885 2848 1207 2902 verecundia
1246 2857 1298 2902 et
1329 2848 1587 2917 patientia
1614 2863 1719 2901 non

148 2934 363 3001 petenti.
412 2934 456 2988 Α
483 2933 578 2991 Vel
602 2936 867 2992 ministris
901 2937 1154 2994 Ecclesia:
1181 2938 1404 2993 verbum
1433 2938 1528 2993 Dei
1556 2937 1721 2993 mini-

151 3025 436 3079 strantibus
459 3033 513 3080 et
533 3027 880 3097 pauperibus.

151 3132 212 3186 16
279 3133 347 3187 Ut
397 3136 591 3191 educas
624 3155 810 3206 panem
846 3139 911 3191 de
947 3147 1083 3192 terra
1106 3155 1125 3193 :

280 3224 347 3276 Et
393 3227 567 3279 uiuum
609 3227 834 3296 lwtiﬁcet
879 3245 969 3281 cor
1003 3229 1250 3284 hominis.

209 3313 249 3366 C
279 3313 440 3368 I‘anis
468 3323 652 3369 noster
673 3325 756 3371 est
785 3316 1049 3383 Christus,
1084 3319 1176 3389 qui
1204 3318 1270 3374 de
1302 3327 1444 3375 terra
1471 3321 1752 3391 produci--

149 3411 248 3467 tur,
279 3404 492 3471 quando
512 3404 712 3474 aliquid
740 3407 1125 3475 indigentibus,
1150 3408 1264 3477 ejus
1296 3425 1476 3466 amore
1505 3420 1722 3480 praesta-

151 3502 248 3546 tur.
298 3495 492 3550 Vinum
515 3495 748 3554 laetiﬁcat
769 3513 863 3553 cor
895 3517 906 3552 :
939 3503 992 3555 id
1019 3510 1101 3556 est
1125 3511 1380 3568 mentem,
1417 3519 1536 3558 cum
1560 3501 1722 3559 fuerit

147 3596 407 3640 sacratum
445 3588 498 3642 in
531 3589 844 3659 sanguinem
893 3590 1090 3649 Christi
1139 3604 1192 3651 et
1233 3595 1527 3653 honoriﬁce
1570 3609 1720 3652 acce-

147 3686 307 3744 ptum,
347 3681 473 3748 quia
518 3680 651 3734 nihil
696 3680 767 3736 ibi
813 3683 1076 3754 culpabile
1117 3689 1401 3759 reperitur.

149 3791 206 3843 l7
277 3791 347 3846 Ut
385 3794 639 3849 exhilaret
679 3795 865 3864 facient
903 3799 960 3854 in
999 3799 1110 3853 oleo
1133 3817 1156 3855 :

277 3879 347 3934 Et
385 3883 536 3936 uanis
576 3900 671 3937 cor
710 3886 930 3940 hominis
977 3887 1266 3956 conﬁrmet.

208 3993 251 4050 Β
273 3993 811 4052 Exhilaratunfacies
839 4013 1050 4068 quoque
1089 3999 1142 4054 in
1182 3999 1301 4056 oleo
1335 4017 1506 4057 :_cum
1554 4003 1717 4074 regali

148 4086 429 4142 chrismate
459 4089 701 4159 ungitur.
755 4089 798 4143 11
844 4089 934 4146 Vel
966 4093 1331 4150 misericordia
1359 4097 1628 4153 exhilarat
1661 4101 1714 4154 in

147 4175 254 4232 oleo
297 4176 460 4233 facies
496 4178 770 4249 iustorum
807 4195 988 4235 coram
1032 4183 1158 4237 Deo.
1213 4183 1373 4241 Panis
1400 4187 1484 4241 hic
1511 4189 1575 4241 ad
1603 4189 1717 4242 ani-

148 4283 278 4322 mam
315 4269 629 4326 referendus
651 4280 751 4332 est,
780 4273 868 4341 qui
891 4272 1157 4343 perfectos
1177 4273 1338 4330 eﬁicit
1361 4276 1712 4334 Christianos.

147 4360 186 4413 Δ
219 4358 465 4415 Christus
498 4361 588 4416 ille
617 4362 776 4433 panis
803 4367 903 4429 est,
931 4362 1288 4431 sivejustitia.

148 4471 202 4527 18
271 4471 663 4528 Saturabuntur
717 4474 858 4544 ligna
913 4477 1080 4544 campi
1116 4490 1176 4531 οε-
1212 4485 1259 4529 et
1293 4475 1480 4544 :Vcedri

271 4562 458 4617 Libani
506 4581 637 4635 quas
685 4564 941 4632 plantavit
971 4581 1006 4619 :.

278 4653 392 4708 (llic
434 4672 670 4723 passeres
717 4655 1077 4723 nidi/icabunt.

207 4747 249 4801 ll
280 4747 676 4803 Saturabuntur
699 4766 710 4801 :
738 4749 806 4807 de
840 4763 966 4802 vera
993 4749 1251 4820 religione
1273 4746 1494 4804 Christi.
1518 4749 1706 4822 Ligna,

152 4835 194 4888 id
217 4845 297 4891 est
321 4837 667 4893 rationabiles
695 4838 962 4892 homines.
991 4827 1150 4894 Ccd‘ri
1182 4857 1194 4892 :
1228 4840 1550 4896 excelsiores
1591 4859 1706 4898 me-

152 4925 237 4981 tito
269 4927 472 4991 sancti,
524 4945 656 4999 quos
686 4928 956 5000 plantavit
1002 4929 1052 4982 in
1096 4928 1297 4984 unitate
1326 4929 1703 4988 ecclesiastica:

1826 1865 1894 1918 20
1970 1863 2114 1917 Fecit
2158 1862 2335 1917 lunam
2365 1866 2417 1918 in
2445 1878 2674 1934 tempore
2702 1880 2720 1919 :
2745 1887 2748 1889 λ

1969 1955 2062 2008 Sol
2097 1957 2332 2024 cognovit
2362 1972 2602 2009 occasum
2637 1973 2809 2010 suum.

1898 2047 1937 2100 C
1967 2045 2118 2099 Luna
2165 2047 2430 2116 signiﬁcat
2463 2046 2751 2100 Ecclesium
2778 2062 2792 2098 :
2824 2062 2939 2117 qua:
2973 2046 3025 2100 in
3073 2047 3406 2116 temporibus

1827 2136 1963 2188 facta
2001 2147 2100 2197 est,
2147 2138 2362 2205 quando
2389 2152 2506 2190 eam
2540 2137 2706 2189 minui
2737 2137 2995 2207 contingit
3033 2145 3086 2190 et
3137 2151 3401 2207 crescere.

1828 2229 1917 2283 Sol
1949 2247 1960 2280 :
1996 2229 2263 2292 Christus,
2313 2229 2399 2281 ille
2431 2229 2678 2298 cognovit
2723 2244 2974 2283 occasum
3009 2243 3162 2282 suum
3188 2269 3203 2292 ,
3238 2228 3289 2282 id
3319 2237 3404 2282 est

1824 2319 2045 2388 gloriam
2075 2335 2185 2373 sua:
2216 2319 2494 2386 passionis,
2522 2334 2640 2371 cum
2667 2317 2947 2385 discipulis
2979 2317 3184 2371 diceret
3211 2314 3406 2370 :Venit

1825 2410 2229 2473 bora,etFilius
2251 2409 2484 2464 hominis
2514 2410 2750 2462 tradetur
2770 2408 2822 2462 in
2847 2422 3037 2462 manus
3059 2416 3402 2477 peccatorum

1826 2500 2040 2569 (.llatth.
2065 2500 2237 2571 xxw).

1821 2589 1882 2644 21
1969 2588 2201 2643 Posuisti
2234 2590 2470 2644 tenebras
2509 2598 2557 2643 et
2584 2590 2724 2658 facta
2763 2599 2836 2644 est
2867 2604 3014 2644 noa':

1965 2681 2031 2735 In
2065 2683 2176 2748 ipsa
2206 2681 2593 2750 pertransibunt
2627 2697 2802 2734 omnes
2837 2682 3012 2734 bestia:
3043 2681 3203 2735 silum.

1894 2775 1934 2830 C
1971 2776 2151 2830 Posuit
2185 2778 2437 2830 tenebras
2472 2777 2562 2830 :in
2588 2785 2827 2846 tempore
2868 2777 3156 2846 passionis,
3185 2776 3395 2846 quandc

1823 2866 1902 2922 sol
1931 2867 2254 2922 obscuratus
2276 2875 2380 2919 est.
2415 2865 2529 2920 Nox
2559 2867 2721 2920 etiam
2760 2867 2863 2921 illis
2889 2866 3011 2933 fuit,
3036 2867 3124 2937 qui
3164 2866 3398 2920 carnali-

1825 2968 1907 3015 ter
1930 2959 2203 3014 Christum
2229 2959 2282 3013 in
2310 2973 2471 3013 cruce
2503 2959 2760 3014 intuendo
2790 2958 3022 3014 comiter
3049 2959 3418 3013 aestimabant.

1747 3085 1791 3147 ϐ
1823 3053 1980 3107 mori.
2011 3051 2067 3105 ln
2114 3051 2214 3106 hac
2241 3059 2400 3106 nocte
2431 3051 2622 3105 bestia:
2658 3051 2946 3105 exierunt:
2989 3051 3044 3104 id
3081 3060 3154 3104 est
3201 3051 3400 3103 άωηιοο

1822 3160 1909 3196 nes
1935 3151 2221 3212 qua'rentes
2265 3140 2466 3210 aliquos
2495 3141 2760 3195 devorare.
2805 3141 2849 3195 ll
2895 3140 3119 3206 Quando
3161 3150 3208 3194 et
3253 3139 3399 3192 nobis

1820 3232 1902 3285 sol
1934 3231 2157 3301 justitite
2188 3230 2404 3295 occidit,
2437 3233 2612 3285 omnia
2642 3233 2863 3284 tenebrae
2905 3241 3049 3294 sunt,
3080 3239 3127 3284 et
3179 3241 3300 3283 tunc
3345 3231 3400 3283 in

1823 3339 1914 3377 nos
1944 3330 2306 3392 pertranseunt
2339 3323 2452 3377 ista:
2490 3323 2678 3377 bestia:
2723 3320 2890 3384 silvze,
2918 3320 3116 3376 diaboli
3163 3320 3392 3375 scilicet.

1821 3414 1889 3467 22
1964 3427 2025 3468 -ῑ-
2058 3411 2234 3468 Catuli
2266 3414 2284 3484 ζ
2316 3414 2523 3468 leonum
2554 3413 2812 3482 rugientes
2843 3422 2896 3465 ut
2923 3415 3131 3481 rapiant
3157 3430 3176 3466 :

1964 3502 2032 3559 Et
2060 3512 2298 3575 quazrant
2329 3521 2360 3558 α
2388 3502 2496 3557 Deo
2518 3518 2688 3557 escam
2715 3502 2832 3556 sibi.

1891 3595 1932 3650 C
1962 3595 2167 3651 leones
2197 3612 2212 3648 :
2250 3593 2490 3650 diabolos
2517 3594 2824 3664 signiﬁcant
2855 3602 3076 3665 propter
3104 3596 3394 3652 crudelita-

1823 3697 1949 3743 tem.
1981 3688 2154 3743 Catuli
2188 3687 2338 3755 (dicti
2393 3701 2456 3742 eo
2487 3689 2628 3757 quod
2679 3689 2912 3744 calleant
2944 3703 3104 3744 sensu
3159 3690 3390 3761 narium)

1821 3779 2430 3849 signiﬁcant»ministros
2456 3779 2675 3844 diaboli,
2707 3780 2798 3848 qui
2829 3781 3048 3851 rugiunt
3088 3790 3144 3835 ut
3193 3797 3393 3837 nocen.

1817 3881 1924 3925 tein
1972 3872 2217 3941 perdant.
2267 3871 2523 3938 Quaerunt
2564 3885 2691 3925 vero
2739 3872 2896 3925 istaut
2941 3885 3120 3927 escam
3168 3889 3196 3926 a
3234 3871 3388 3927 Deo:

1821 3979 1978 4018 nemo
2026 3963 2172 4018 enim
2221 3963 2512 4017 immundis
2565 3964 2842 4033 spiritibus
2897 3965 3010 4034 rapi
3059 3975 3257 4032 potest,
3288 3967 3390 4020 nisi

1819 4054 1932 4121 qui,
1965 4069 2058 4106 sua
2087 4054 2334 4122 exigente
2355 4054 2530 4122 culpa,
2563 4069 2592 4106 a
2628 4055 2736 4108 Deo
2766 4052 2928 4108 fuerit
2958 4055 3261 4109 derelictus.
3297 4055 3388 4108 Ni-

1820 4141 1890 4195 hil
1919 4143 2059 4194 enim
2100 4157 2130 4193 a
2160 4156 2431 4212 quoquam
2465 4142 2577 4195 ﬁeri
2610 4148 2821 4211 potest,
2853 4142 2956 4198 nisi
2984 4143 3126 4212 quod
3164 4143 3275 4210 ipse
3305 4157 3386 4197 se-

1817 4237 1967 4283 creto
2007 4228 2233 4298 judicio,
2267 4237 2359 4284 aut
2406 4231 2470 4286 ad
2525 4229 2898 4299 probationem
2948 4239 3039 4285 aut
3091 4231 3385 4286 vindictam

1819 4318 2119 4372 faciendum
2147 4334 2266 4373 esse
2296 4321 2619 4388 permiserit.

1743 4428 1791 4487 ι)
1815 4409 1887 4463 25
1963 4407 2122 4464 Ortus
2149 4419 2221 4463 est
2251 4410 2350 4472 sol,
2381 4421 2427 4464 ct
2454 4413 2749 4480 congregati
2783 4419 2902 4464 sunt
2929 4425 2950 4462 :

1956 4497 2022 4551 Et
2064 4500 2118 4552 in
2149 4497 2403 4554 cubilibus
2437 4502 2545 4555 suis
2589 4501 2998 4556 collocabantur.

1880 4589 1921 4644 C
1948 4588 2096 4643 Tunc
2143 4599 2294 4647 ortus
2338 4601 2424 4648 est
2470 4593 2549 4648 sol
2593 4611 2605 4646 :
2652 4595 2868 4662 quando
2913 4592 3162 4650 Christus
3203 4609 3385 4650 resur-

1812 4675 1993 4739 rexit,
2047 4684 2102 4728 et
2148 4685 2275 4731 tunc
2320 4673 2578 4734 satellile
2630 4679 2827 4736 diaboli
2880 4679 3226 4750 congregati,
3271 4679 3401 4747 ejus.

1813 4766 2146 4836 maiestatem
2194 4769 2415 4828 minime
2453 4773 2800 4836 sustinentes,
2832 4787 2892 4826 se
2941 4773 2992 4825 in
3039 4773 3150 4826 suis
3194 4770 3386 4825 cubili-

1812 4855 1946 4920 bus,
1994 4855 2045 4910 id
2075 4867 2160 4912 est
2207 4857 2260 4913 in
2305 4861 2666 4931 pertinacium
2691 4862 3000 4934 pectoribus
3026 4860 3383 4916 collocabant.

1807 4944 1901 5001 Sol
1930 4956 2015 5002 est
2042 4948 2217 5005 dictus
2246 4969 2258 5005 :
2293 4953 2441 5022 quod
2473 4951 2620 5008 solus
2650 4955 2722 5008 ita
2759 4954 2903 5007 lucet
2927 4992 2943 5018 ,
2977 4961 3036 5006 ut
3080 4967 3144 5007 ex
3177 4966 3242 5004 eo
3271 4949 3408 5010 dies.

153 5015 275 5071 ﬁdei.
304 5017 346 5072 C
374 5017 566 5074 Passer
594 5020 804 5075 minuta
841 5018 958 5072 avis
985 5028 1065 5073 est
1088 5027 1141 5073 et
1165 5019 1473 5074 cautissima
1505 5022 1698 5077 nimis:
1807 5035 1923 5092 ηθι,

211 5107 468 5134 δίη-διημιΑο
502 5111 892 5134 ΜΑκιιΑ1.Α-ιεηι
926 5109 1242 5134 ἈΑ-συεθλίηυις
1300 5110 1383 5134 μοιιῖ
1413 5110 1462 5134 ί..
1510 5113 1646 5134 ..οι-Ι-νῖ
1670 5130 1677 5134 .
1806 5126 1833 5134 Α
1853 5129 1866 5134 -

352 5106 468 5134 “an.
502 5111 892 5134 ΜΑκιιΑ1.Α-ιεηι
926 5109 1242 5134 ἈΑ-συεθλίηυις
1300 5110 1383 5134 μοιιῖ
1413 5110 1462 5134 ί..
1510 5113 1600 5134 ..οι-Ι
