3986 5412
580 299 689 357 373

1516 293 1577 353 8.
1615 288 1968 351 BRUNONIS
2003 292 2554 358 HERDIPOLENSIS
2588 300 2895 361 EPISCOPI

3750 308 3837 367 371

578 420 653 476 25
723 418 897 487 Quam
942 413 1280 487 magniﬁcam
1325 420 1447 466 sunt
1499 425 1660 481 opera
1713 418 1805 463 tua
1826 447 1842 472 ,
1893 407 2118 465 Domine
2145 424 2165 462 :
2196 411 2243 470 Α
2272 410 2454 479 deant,
2479 414 2533 471 id
2559 423 2664 478 cst.
2687 416 2755 470 ad
2780 414 3036 473 humilem
3055 415 3450 475 confessionem
3473 429 3815 491 peccatorum

794 511 973 568 omnia
1001 511 1059 565 in
1092 510 1350 582 sapientia
1384 509 1557 580 fecisti
1584 524 1606 563 :

721 601 950 673 Impleta
978 610 1055 657 est
1086 610 1234 681 terra
1261 601 1562 673 possesione
1587 613 1703 658 tua.

577 695 618 751 (Ι
648 692 985 749 Admirando
1029 692 1175 748 enim
1223 693 1362 750 dicit
1401 693 1685 764 propheta,
1713 708 1877 765 quam
1918 693 2164 767 magniﬁ-

577 792 700 839 eata
747 792 918 850 sunt,
960 798 1089 839 nam
1126 799 1234 840 non
1281 785 1459 841 solum
1506 785 1611 842 hoc
1652 786 1889 844 hominis
1935 787 2165 844 arduum

521 887 524 890 ~
579 874 729 943 (quia
761 873 979 930 excedit
1007 874 1304 930 humanum
1350 890 1571 933 sensum
1618 877 1865 947 ορεντιιὶο
1908 875 2160 946 Christi).

512 980 515 984 '
577 978 767 1020 verum
791 965 955 1021 etiam
979 965 1114 1035 ipsis
1151 967 1359 1038 angelis
1386 967 1645 1038 probatur
1680 969 2027 1024 immensum.
2058 967 2165 1023 Ista

578 1054 753 1123 igitur
779 1055 1045 1125 sapientia
1068 1054 1237 1111 Filius
1271 1067 1354 1112 est
1387 1056 1589 1114 Patris.
1624 1056 1791 1114 Terra
1830 1073 1848 1112 :
1895 1057 2167 1129 signiﬁcat

576 1146 897 1212 Ecclesiatn,
929 1163 1051 1218 qua:
1089 1149 1295 1219 repleta
1325 1160 1411 1206 est
1443 1150 1663 1221 quando
1706 1150 2028 1206 universalis
2054 1150 2162 1204 Do-

577 1238 727 1295 mino
751 1240 990 1295 deservit
1010 1240 1249 1298 Ecclesia
1276 1260 1289 1295 :
1308 1242 1581 1313 possessio
1607 1243 1749 1298 enim
1768 1244 2021 1314 populum
2040 1242 2167 1297 ﬁde-

573 1328 682 1383 lem
733 1330 787 1385 in
839 1330 1083 1387 Ecclesia
1124 1332 1416 1403 signiﬁcat,
1447 1336 1592 1390 tunde
1635 1344 1691 1390 et
1720 1335 1825 1389 alia
1877 1334 2164 1391 translatio

576 1421 767 1489 habet,
788 1422 1009 1493 impleta
1033 1433 1116 1478 est
1141 1434 1288 1480 terra
1314 1436 1564 1483 creatura
1592 1436 1703 1495 tua,
1733 1429 1939 1484 scilicet
1967 1430 2071 1484 ista
2109 1428 2165 1483 in

575 1515 817 1571 novitate
846 1516 970 1571 vitm
995 1527 1247 1587 generata
1283 1518 1338 1574 in
1375 1521 1672 1590 baptismo.

575 1605 649 1660 26
723 1605 840 1662 Hoc
872 1625 1018 1663 mare
1065 1626 1315 1682 magnum
1357 1623 1407 1666 et
1438 1614 1727 1684 spatiosum
1766 1618 1834 1684 )t<
1875 1615 2119 1671 manibus
2142 1629 2163 1668 .'

719 1699 843 1754 Illic
874 1700 1079 1771 reptilia
1117 1719 1343 1775 quorum
1377 1721 1479 1760 non
1503 1716 1577 1760 est
1609 1723 1878 1762 numerus.

2272 505 2325 558 iu
2356 521 2463 577 qua
2494 506 2847 577 indigentiam
2876 523 2987 562 sum
3014 506 3331 580 fragilitatis
3352 520 3672 581 agnoscant,
3705 523 3758 570 et
3777 517 3833 572 iu

2272 596 2369 653 tibi
2398 597 2731 667 deﬁcientes,
2761 599 2831 656 ad
2858 596 3272 657 conversionem
3297 602 3719 661 saluberrimam
3768 623 3823 663 re

2269 688 2450 755 deant,
2482 691 2574 760 qui
2603 691 2658 745 in
2692 690 2808 747 suis
2832 692 3347 762 praesumptionibus
3367 695 3649 752 errabant.

2266 780 2333 834 5.!
2409 779 2604 837 Emitte
2629 766 2889 852 Spiritum
2910 793 3058 838 tuum
3086 794 3135 839 et
3158 786 3509 840 creabantur:

2410 871 2480 926 Et
2507 874 2777 929 renovabis
2801 872 2993 942 faciem
3014 885 3194 932 term.

2340 964 2382 1021 C
2408 964 2612 1023 Emitte
2642 965 2903 1036 Spiritum
2932 975 3105 1040 tuum,
3136 971 3189 1027 id
3209 980 3297 1029 est
3342 981 3403 1029 ut
3425 982 3753 1044 reparentur
3801 977 3844 1032 in

2269 1056 2482 1113 melius.
2512 1056 2763 1113 Recreati
2816 1068 2943 1115 sunt
2972 1062 3182 1132 utique,
3208 1065 3302 1134 qui
3344 1080 3404 1120 se
3431 1065 3710 1134 pulverem
3759 1066 3843 1123 hu-

2268 1150 2473 1206 militer
2498 1160 2852 1221 agnoverunt.
2888 1151 3266 1211 Renovabitur
3294 1151 3496 1223 facies;
3529 1158 3751 1226 quando
3792 1159 3847 1214 de

2266 1253 2536 1299 vetustate
2561 1254 2902 1315 peccatorum
2929 1246 3262 1303 etnundatur
3297 1258 3577 1320 peccator.

2267 1335 2338 1390 32
2412 1335 2496 1392 Sit
2521 1334 2692 1405 gloria
2717 1336 2927 1392 Domini
2947 1338 3004 1393 in
3028 1338 3283 1394 sarculum
3307 1353 3327 1392 :

2408 1427 2704 1484 Latobitur
2731 1428 2989 1486 Dominus
3012 1432 3067 1485 in
3094 1431 3336 1501 operibus
3367 1431 3500 1488 suis.

2337 1519 2379 1575 C
2409 1518 2491 1575 Sit
2517 1517 2692 1591 gloria
2746 1520 2996 1576 Domini:
3048 1536 3157 1577 non
3207 1521 3496 1593 cujuslibet
3527 1523 3765 1580 alterius.
3790 1522 3843 1580 lu

2267 1611 2547 1675 saeculum,
2579 1611 2632 1668 id
2659 1620 2743 1667 est
2772 1612 2826 1666 in
2854 1621 3137 1677 mternum,
3166 1614 3293 1685 quia
3339 1614 3517 1670 laudis
3543 1616 3662 1688 ejus
3682 1615 3845 1672 nullus

2267 1709 2353 1756 est
2374 1700 2517 1756 linis.
2548 1699 2593 1756 Η
2621 1700 2834 1756 Laetitia
2857 1712 2938 1757 est
2970 1702 3208 1770 Domini,
3237 1705 3454 1774 quando
3480 1721 3585 1760 nos
3610 1715 3844 1763 creatura

644 1790 692 1846 ϐ
712 1790 859 1847 Mare
887 1770 1032 1847 enim
1054 1811 1067 1847 :
1092 1770 1413 1864 prmscntem
1445 1797 1703 1853 mundum
1741 1798 2037 1868 signiﬁcat,
2070 1799 2161 1853 ubi
2196 1770 2241 1830 Β
2271 1794 2440 1863 ipsius
2469 1794 2847 1850 benedicimus
2873 1809 2998 1850 eum
3026 1795 3080 1850 in
3103 1796 3192 1850 die
3212 1796 3648 1852 resurrectionis.

574 1884 780 1939 malitia
811 1885 1137 1953 daemonum,
1170 1886 1319 1942 velut
1363 1890 1684 1958 quibusdam
1737 1889 2011 1956 ﬂuctibus,
2069 1905 2165 1945 vo—

573 1976 755 2033 luntas
789 1977 1093 2032 animarum
1138 1978 1409 2035 instabilis
1458 1989 1848 2036 commovetur.
1897 1980 2046 2037 Mare
2084 1981 2165 2037 di-

573 2078 724 2124 ctum
751 2077 836 2125 est
868 2084 899 2122 a
928 2070 1172 2138 meando,
1196 2071 1339 2141 quod
1368 2087 1584 2144 semper
1611 2082 1701 2129 est
1731 2082 1786 2129 et
1811 2074 2015 2130 redeat.
2052 2075 2166 2132 lllic

570 2161 808 2231 reptilia,
836 2161 889 2217 id
913 2170 997 2218 est
1023 2163 1247 2233 spiritus
1273 2163 1524 2236 maligni,
1543 2165 1697 2221 nobis
1719 2165 2170 2235 innumerabiles,

572 2268 607 2305 a
640 2251 753 2308 Deo
782 2262 959 2310 tamen
988 2256 1372 2325 comprehendi
1412 2267 1665 2328 possunt.

571 2344 643 2399 21
716 2347 984 2403 Animalia
1011 2348 1205 2419 pusilla
1233 2367 1351 2405 cum
1390 2354 1629 2423 magnis:

713 2440 836 2497 Illic
851 2459 1006 2503 naues
1032 2446 1446 2514 pertransibunt.

641 2535 682 2592 C
706 2535 972 2591 Animalia
1009 2537 1238 2607 pusilla:
1269 2540 1394 2609 quia
1422 2540 1564 2596 inter
1593 2541 1738 2611 ipsos
1767 2541 1991 2611 spiritus
2038 2556 2160 2597 map

571 2626 676 2695 los,
705 2639 760 2684 et
799 2628 1035 2698 majores
1057 2644 1179 2686 esse
1209 2632 1465 2702 nequitiae
1489 2632 1790 2702 probantur
1815 2644 1871 2691 et
1893 2636 2154 2691 minores.

568 2718 684 2793 Der
701 2735 894 2785 naves,
926 2720 1213 2792 signantur
1247 2721 1529 2789 Ecclesiae,
1560 2740 1682 2795 qua:
1710 2724 2157 2794 periculososllu-

569 2821 693 2868 t-tus
721 2814 928 2879 mundi,
974 2829 1072 2884 per
1111 2813 1316 2885 lignum
1368 2815 1618 2887 gloriosae
1666 2817 1855 2873 crucis
1896 2818 2154 2888 evadunt,

570 2914 849 2975 portantes
875 2907 1104 2979 populos
1130 2909 1419 2964 credentes.

567 2993 647 3050 ΞΘ
712 2995 890 3052 Draco
912 2997 1008 3053 iste
1032 3015 1183 3070 quem
1215 2999 1456 3069 formasti
1479 3000 1552 3057 ad
1573 3002 1896 3060 illudendum
1917 3006 2004 3061 ei:

784 3091 960 3144 omnia
985 3108 1017 3146 a
1040 3101 1089 3147 te
1109 3102 1433 3164 exspectant.

683 3253 689 3258 _
714 3180 781 3236 Ut
812 3182 902 3237 des
931 3184 1037 3239 illis
1061 3201 1233 3241 escam
1258 3188 1312 3242 in
1343 3197 1589 3260 tempore.

641 3273 683 3331 (Ξ
716 3276 889 3333 Draco
914 3277 1017 3334 iste
1040 3297 1057 3332 ι
1088 3290 1273 3350 aperte
1297 3281 1564 3352 signiﬁcat
1592 3284 1888 3354 diabolum,
1912 3288 2004 3358 qui
2033 3304 2168 3348 vere

571 3367 737 3423 draco
769 3368 987 3436 dicitur,
1015 3379 1240 3440 propter
1286 3387 1578 3441 venenum,
1631 3376 1776 3445 quod
1815 3376 1942 3433 Eva
1968 3380 2160 3449 prima:

570 3460 790 3517 mulieri
811 3462 952 3519 male
983 3464 1261 3521 suadendo
1284 3466 1597 3537 inspiravit,
1625 3470 1716 3539 qui
1760 3470 1875 3526 suis
1910 3476 2158 3542 peccatis

569 3550 645 3605 ita
674 3549 939 3610 formatus
958 3564 1065 3621 est,
1087 3565 1148 3611 ut
1167 3558 1215 3611 ei
1241 3556 1632 3616 illudereturab
1648 3562 1875 3633 angelis.
1899 3561 2007 3621 Sed
2035 3580 2158 3622 cum

573 3643 737 3699 draco
758 3645 1018 3715 spiritalis
1040 3647 1137 3714 sit,
1165 3649 1316 3720 cujus
1336 3664 1461 3705 esca
1482 3650 1727 3722 deeeptio
1750 3653 2030 3710 hominum
2051 3665 2161 3722 est,

572 3747 683 3788 non
711 3735 934 3791 omnino
956 3745 1135 3793 tamen
1160 3738 1350 3795 timeas
1379 3749 1652 3797 atrocem:
1679 3743 1807 3813 quia
1846 3744 1950 3800 nisi
1974 3745 2161 3802 Domi-

571 3837 645 3877 no
671 3824 1044 3893 permittente,
1073 3842 1180 3881 non
1208 3830 1465 3897 prmvalet
1512 3832 1810 3902 quidquam
1863 3849 1960 3890 sua
2006 3844 2163 3906 pote-

568 3921 713 3970 state
750 3914 1031 3986 perlicere.
1057 3918 1350 3989 Exspectat
1390 3921 1553 3992 igitur
1595 3937 1776 3980 escam
1808 3938 1838 3978 a
1871 3923 1982 3980 Deo
2030 3939 2161 3997 per-

567 4005 837 4075 mittente,
860 4009 999 4064 sicut
1028 4019 1085 4066 et
1109 4010 1213 4066 alia
1246 4012 1449 4068 omnia.

565 4095 641 4153 29
708 4098 883 4155 Dante
916 4110 965 4155 te
993 4101 1099 4157 illis
1123 4101 1398 4173 colligent:

714 4192 992 4261 Aperiente
1010 4204 1059 4247 te
1087 4211 1301 4250 manum
1338 4206 1485 4250 tuam
1517 4209 1578 4252 4-
1628 4200 1807 4253 omnia
1838 4200 1861 4271 ζ

783 4283 1136 4356 implebuntur
1159 4286 1405 4343 bonitate.
1679 4358 1685 4363 _

644 4373 686 4429 C
708 4373 943 4445 Exponit
969 4377 1166 4444 adhuc,
1199 4387 1258 4433 ut
1286 4395 1404 4434 cum
1440 4380 1703 4436 diabolica
1724 4380 2014 4451 iniquitate
2060 4396 2159 4437 vc-

568 4478 786 4531 xamur,
818 4482 924 4523 non
950 4468 1097 4525 illum
1142 4473 1426 4528 credamus
1450 4489 1512 4528 ex
1541 4489 1634 4527 sua
1658 4482 1927 4544 potestate
1955 4489 2153 4544 praesu-
2189 4503 2237 4562 υ
2264 4463 2528 4533 Tempere-

566 4571 749 4625 mere;
781 4559 875 4614 sed
903 4561 1084 4629 potius
1134 4563 1203 4617 ad
1245 4562 1398 4618 illum
1441 4580 1807 4634 gecurramus,
1839 4564 1959 4620 sine
2002 4563 2156 4634 cujus

565 4653 835 4722 permissu
877 4652 1013 4709 nihil
1035 4653 1215 4711 facere
1243 4629 1524 4726 potest,.ct
1570 4656 1800 4712 celerius
1830 4658 2004 4712 victus
2029 4656 2156 4712 abs-

564 4745 731 4800 cedit.
756 4745 897 4801 Dicit
925 4747 1090 4811 enim,
1130 4748 1290 4804 dante
1323 4759 1373 4805 te
1418 4748 1527 4805 illis
1560 4767 1573 4804 :
1604 4757 1663 4804 ut
1696 4748 1986 4818 intelligas,
2021 4749 2152 4819 quia

567 4837 675 4894 nisi
699 4837 882 4893 datum
912 4838 1075 4894 fuerit
1104 4838 1227 4905 illis,
1253 4840 1507 4912 colligere
1529 4856 1636 4894 non
1662 4840 1942 4895 valebunt.
1961 4839 2153 4896 Manus

562 4928 835 5002 signiﬁcat
851 4920 1177 5001 potestatem
1204 4947 1302 5002 per
1322 4948 1484 5002 quam
1512 4932 1726 4987 abunde
1742 4940 1937 4987 cuncta
1960 4931 2150 5002 replet,

476 5058 481 5065 ρ
561 5028 622 5075 et
648 5021 978 5077 mirabiliter
1010 5023 1263 5078 universa
1290 5023 1549 5092 disponit.

557 5110 632 5168 30
703 5112 979 5168 Avertente
996 5122 1171 5165 autem
1200 5123 1251 5167 te
1269 5111 1458 5181 faciem
1489 5111 1873 5167 turbabuntur:

646 5202 649 5205 λ
701 5203 922 5273 Auferes
945 5203 1187 5271 spiritum
1214 5216 1392 5256 eorum
1422 5213 1470 5257 et
1501 5204 1778 5274 deﬁcient:

711 5291 778 5346 Et
805 5295 862 5349 in
883 5293 1147 5359 pulverem
1168 5308 1323 5347 suum
1346 5302 1699 5357 reoertentur.,

636 5385 671 5412 l‘
712 5386 785 5412 Ιὶη
815 5384 918 5412 ιιιει.

947 5385 1104 5412 ...ι-ιλιι
1134 5383 1263 5412 Αἶηὲι
1312 5382 1400 5412 nn:
1418 5398 1669 5412 nnnnnnnn
1697 5384 1788 5412 n-:
1807 5399 2027 5412 ..υ-...ιιι-ι.
2052 5383 2154 5412 ,ξω

2266 1885 2338 1941 53
2411 1884 2516 1951 Qui
2543 1886 2750 1956 respicit
2783 1895 2977 1941 terram
2997 1896 3043 1941 et
3080 1886 3210 1955 facit
3232 1903 3349 1942 eam
3368 1897 3623 1943 tremere:

2412 1973 2519 2039 Qui
2552 1975 2719 2044 tangit
2749 1983 2949 2030 montes
2972 1986 3019 2030 et
3045 1975 3329 2047 fumigant.

2337 2064 2380 2121 C
2409 2065 2483 2121 De
2513 2065 2620 2122 illis
2645 2066 2798 2132 dicit,
2831 2067 2924 2137 qui
2972 2082 3071 2139 per
3128 2067 3224 2123 Dei
3271 2070 3503 2141 gratiam
3550 2071 3843 2141 illuminati,

2263 2165 2487 2226 peccata
2537 2172 2634 2213 sua
2689 2158 2965 2227 praeterita
3015 2160 3463 2215 contremiscunt.
3513 2161 3720 2220 Montes
3765 2166 3844 2221 hic

2265 2257 2580 2316 peccatores
2608 2246 2762 2315 dicit,
2793 2247 2887 2319 qui
2916 2246 3045 2303 dum
3094 2249 3297 2305 fuerint
3349 2251 3717 2324 indignatione
3747 2254 3843 2311 Do-

2262 2337 2395 2393 mini
2441 2340 2704 2409 percussi,
2733 2346 2864 2394 tunc
2909 2339 2977 2395 ad
3023 2338 3289 2395 salutares
3328 2340 3840 2414 lacrymascurrunt,

2260 2440 2318 2486 et
2345 2432 2608 2502 quosdam
2641 2430 2924 2488 fumiferos
2949 2430 3143 2504 globos
3163 2431 3403 2487 tristitia:
3428 2434 3704 2502 emittunt,
3736 2446 3841 2493 tan-

2260 2540 2423 2595 quam
2453 2524 2731 2581 inccnsuut
2765 2526 3070 2581 suavitatis.

2260 2617 2329 2674 5i
2402 2617 2638 2674 Cantabo
2671 2604 2897 2676 Domino
2920 2621 2974 2678 in
2996 2624 3102 2679 vita
3128 2641 3243 2680 mea
3258 2640 3287 2677 :'

2402 2711 2643 2768 Psallam
2675 2712 2783 2767 Deo
2809 2730 2921 2770 meo
2948 2716 3183 2787 quandiu
3216 2734 3354 2772 sum.
3643 2768 3662 2788 ,

2327 2804 2369 2860 C
2392 2805 2525 2862 Cum
2554 2807 2630 2861 ait
2653 2807 2886 2864 cantabo
2933 2808 2991 2863 in
3024 2809 3134 2864 vita
3173 2823 3291 2864 mea
3336 2827 3353 2863 :
3386 2818 3605 2880 tempus
3651 2810 3839 2880 signat,

2257 2920 2379 2959 cum
2409 2904 2461 2959 in
2486 2904 2587 2960 hoc
2626 2904 2828 2961 mundo
2850 2905 3045 2977 degere
3073 2906 3389 2973 videbatur;
3425 2922 3551 2962 cum
3591 2921 3721 2960 vero
3755 2903 3841 2957 ad-

2252 2993 2408 3064 jocil,
2438 2993 2665 3064 psallam
2694 2994 2805 3049 Deo
2827 3010 2966 3060 meo,
2994 2995 3201 3050 scilicet
3229 2996 3283 3051 iu
3305 2995 3485 3051 futuro
3513 2994 3713 3051 δεεωο
3759 2992 3841 3048 ubi

2190 3116 2235 3178 ς
2266 3093 2323 3139 et
2346 3100 2465 3139 csse
2492 3094 2810 3156 perpetuum
2829 3093 2937 3152 est,
2961 3094 3012 3141 et
3029 3085 3325 3156 psalmodia
3357 3103 3464 3143 non
3481 3087 3646 3143 habet
3671 3087 3840 3141 linem.

2264 3174 2334 3227 55
2406 3173 2711 3228 Iucundum
2736 3175 2803 3229 sit
2825 3174 2875 3229 ei
2902 3173 3165 3246 eloquium
3188 3189 3398 3230 nteant:

2406 3261 2520 3334 Ego
2544 3281 2659 3319 vero
2681 3264 2976 3319 delectabar
3010 3266 3066 3320 in
3102 3265 3352 3321 Domino.

2332 3355 2373 3412 C
2403 3355 2494 3413 Sic
2517 3357 2660 3412 cuitu
2686 3357 2872 3413 Dcoﬁt
2893 3357 3134 3429 jucunda
3156 3368 3339 3414 nostra
3367 3359 3652 3415 laudatio:
3682 3358 3727 3416 si
3754 3370 3839 3413 nos

2262 3448 2592 3505 delectemur
2623 3448 2676 3503 in
2701 3448 2948 3504 Domino.
2980 3448 3115 3516 Quia
3142 3465 3333 3506 amans
3378 3451 3649 3523 diligitur,
3681 3451 3840 3522 negli-

2260 3556 2395 3611 gens
2419 3540 2717 3610 spernitur,
2750 3540 3068 3595 desiderans
3100 3540 3419 3596 sustinetur.

2260 3633 2330 3686 56
2400 3632 2661 3702 Deﬁciunt
2681 3640 2979 3703 peccatores
3010 3647 3041 3684 a
3065 3640 3204 3685 terra
3235 3641 3284 3685 et
3332 3633 3499 3705 iniqui
3540 3635 3619 3689 ita
3650 3644 3707 3688 ut
3748 3648 3838 3687 nos

2467 3728 2570 3782 sint
2586 3741 2611 3782 .'

2403 3817 2652 3887 Benedic,
2675 3820 2854 3876 animo
2877 3837 3016 3890 mea,
3051 3821 3294 3877 Domino.

2331 3911 2373 3967 C
2411 3912 2679 3969 Deﬁciunt
2706 3930 2737 3968 a
2767 3923 2909 3969 terra
2936 3924 3275 3985 peccatores,
3305 3930 3427 3970 cum
3454 3920 3675 3969 terrena
3706 3908 3838 3980 cupio

2261 4003 2431 4060 (litate
2474 4005 2693 4075 privati,
2744 4020 2843 4076 per
2885 4007 2981 4061 Dei
3027 4008 3257 4080 gratiam
3297 4008 3364 4062 ad
3398 4005 3625 4061 meliora
3675 4004 3835 4059 studia

2261 4097 2629 4152 concitantur.
2660 4096 2837 4152 Simili
2863 4099 3025 4155 modo
3048 4107 3103 4154 ct
3129 4099 3299 4168 iniqui
3326 4098 3611 4163 deﬁciunt,
3636 4094 3837 4167 quando

2261 4189 2389 4244 mali
2431 4188 2544 4259 jam
2592 4203 2715 4245 esse
2753 4189 3028 4245 desinunt.
3070 4189 3325 4255 Benedic,
3376 4190 3561 4244 anima
3600 4204 3742 4251 mea,
3767 4184 3836 4239 di-

2261 4270 2426 4351 gnum
2466 4281 2680 4336 initium
2708 4282 2925 4352 psalmi,
2953 4291 3009 4337 et
3033 4281 3156 4337 linis
3181 4281 3401 4351 dignus,
3446 4279 3602 4334 illum
3638 4289 3836 4347 semper

2261 4372 2608 4440 benedicere,
2639 4389 2668 4427 a
2700 4388 2810 4444 quo
2855 4372 3238 4445 cognoscimus
3294 4364 3393 4428 nos
3448 4387 3674 4443 semper
3708 4371 3832 4427 dona

2719 4571 2920 4613 οιιΑτιο
2957 4573 3028 4611 EX
3065 4571 3212 4612 PSAL.
3250 4571 3369 4611 Clll.

2337 4666 2537 4739 luclyte
2557 4667 2903 4737 omnipotens
2928 4666 3092 4734 Deus,
3123 4667 3215 4736 qui
3246 4660 3426 4720 fructu
3452 4662 3711 4737 .ocupleti
3739 4669 3832 4719 ter-

2262 4775 2378 4814 ram
2401 4760 2609 4814 aridam
2637 4758 2874 4817 satiasti.
2902 4757 2970 4812 da
2999 4757 3155 4814 nobis
3180 4756 3411 4828 spiritali
3444 4762 3629 4812 mente
3654 4768 3831 4813 ascen-

2259 4868 2380 4908 sum
2410 4860 2513 4906 tutc
2533 4850 2718 4921 gloriae
2748 4850 3019 4914 contueri,
3051 4859 3109 4903 ut
3142 4848 3268 4903 dum
3302 4859 3354 4902 te
3390 4849 3444 4902 in
3473 4849 3634 4903 caelis
3674 4843 3832 4915 suspi-

2261 4946 2456 5009 cimus,
2508 4943 2594 4998 illa
2644 4956 2859 5013 semper
2889 4957 3010 5012 quae
3042 4951 3168 4996 sunt
3194 4941 3460 5008 cmlestia,
3491 4942 3826 4997 meditemur.

2260 5037 2364 5096 l’cr
2391 5039 2676 5093 Dominum
2710 5046 2955 5093 nostrum
2980 5035 3187 5102 Iesum,
3218 5045 3324 5091 etc.

2276 5125 2280 5129 ’
2805 5149 3124 5206 PSALMUS
3156 5148 3296 5205 CIV.

2691 5278 3058 5319 ΔῐὶϐωΙΕΝτιὶὶί
3101 5279 3247 5318 PSH...
3287 5277 3399 5317 CIV.

2330 5382 2369 5412 Ρ
2412 5378 2673 5412 ουηηιωιιι
2708 5388 2886 5412 snnnnl
2923 5377 3105 5412 ηιιηιοα
3138 5392 3205 5412 nn
3236 5389 3387 5412 ﬁnus“
3423 5375 3476 5412 in
3508 5375 3632 5412 ἷαΙῖα
3659 5381 3825 5412 Ιηιιιο
