3986 5412
219 306 323 367 577
982 313 1006 368 ξ·
1023 353 1062 371 -ν

1423 309 1787 367 EXPOSlTlO
1827 309 2266 367 PSALMORUM.

3355 313 3460 369 578

218 419 378 482 tium,
402 433 502 474 nec
525 427 652 474 ante
677 434 705 474 a
735 434 999 490 quoquam
1026 437 1119 493 rep
1154 423 1230 478 ris
1253 423 1506 492 positum,
1543 425 1792 495 quamvis
1821 427 1864 483 Α
1888 423 2089 490 judicia
2132 440 2230 494 per
2267 427 2578 482 universum
2611 427 2870 482 mundum
2907 441 3028 482 esse
3053 426 3319 494 facienda,
3349 443 3457 484 non

214 510 368 564 multi
398 511 698 582 scriptores
723 511 924 569 fuerint
953 515 1204 584 primitus
1236 515 1605 572 ilebrzeorum.
1636 515 1789 572 Scire

211 608 394 653 autem
435 599 695 656 debemus
743 602 956 659 alleluia
996 607 1175 660 neutri
1209 607 1422 677 generis
1446 623 1565 662 esse
1593 607 1786 663 deﬁni-

213 697 346 740 tum.
398 688 552 755 Quod
595 699 652 746 et
692 703 912 748 sanctus
959 693 1319 766 Hieronymus
1356 697 1412 750 in
1453 697 1787 766 expositione

208 776 450 844 ejusdem
495 780 686 848 psalmi
735 783 1010 838 evidenter
1034 786 1301 854 designat.
1345 787 1409 840 Et
1431 803 1593 841 unum
1625 797 1787 855 atque

213 865 486 935 integrum
513 885 736 926 manere
759 873 917 927 debet
947 873 998 928 in
1031 876 1402 940 translatione,
1427 875 1568 946 quod
1592 876 1785 932 nullius

207 954 403 1024 lingua:
453 963 873 1031 praesumptione
922 974 1184 1018 mutatum
1233 974 1336 1020 est.
1384 967 1609 1021 Alleluia
1653 983 1784 1022 vero

207 1047 345 1114 apud
394 1047 678 1116 Hebraeos,
731 1054 952 1115 dicitur.
1002 1055 1216 1111 laudate
1259 1058 1424 1112 Deum
1453 1099 1468 1124 ,
1502 1059 1604 1114 alte
1635 1060 1780 1116 enim

207 1135 439 1203 laudate,
470 1142 523 1194 ia
554 1145 751 1214 quippe
781 1147 1048 1217 signiﬁcat
1081 1151 1387 1206 inuisibilem
1415 1152 1604 1209 Deum.

208 1248 231 1300 1
309 1247 647 1320 Con/itemini
675 1257 892 1310 Domino
938 1275 998 1315 ἐν·
1027 1271 1075 1314 et
1107 1261 1124 1331 ξ
1157 1262 1386 1318 invocnte
1410 1282 1595 1319 nomen
1623 1266 1738 1338 ejus
1758 1281 1783 1320 τ

343 1341 671 1400 Annuutiate
697 1349 836 1402 inter
861 1363 1036 1420 gentes
1062 1369 1218 1422 opera
1242 1355 1376 1425 ejus.

272 1430 312 1484 C
351 1431 700 1490 Conlitcmini
741 1437 986 1504 Domino,
1039 1440 1090 1494 id
1135 1453 1218 1496 est
1264 1444 1481 1498 laudate
1530 1458 1674 1511 eum,
1724 1455 1780 1502 et

209 1519 358 1576 basis
384 1522 545 1578 factis
573 1527 799 1596 gratiam
830 1529 1127 1585 divinitatis
1160 1534 1312 1588 vobis
1344 1535 1630 1604 acquiritc.
1660 1538 1776 1592 An-

208 1613 468 1679 nnntiate,
514 1617 618 1670 hoc
660 1620 1001 1690 evangelistis
1038 1624 1293 1677 convenit
1324 1633 1376 1678 et
1402 1627 1678 1695 apostolis,
1723 1635 1778 1682 et

207 1718 342 1755 nunc
372 1707 769 1774 sacerdotibus,
813 1719 869 1763 ut
898 1713 1163 1782 magnalia
1191 1713 1392 1769 Christi
1425 1718 1770 1772 annuntient.

1891 514 1944 566 in
1973 515 2084 569 sola
2108 513 2314 570 iudica.

1886 607 1920 662 8
1992 606 2194 662 Memor
2221 609 2322 678 fuit
2345 610 2400 664 in
2421 610 2668 667 sa'culum
2695 612 2986 667 testamenti
3005 613 3089 667 sui
3110 625 3130 665 :

2036 695 2186 752 Verbi
2213 700 2352 769 quod
2379 701 2646 754 mandavit
2671 703 2726 755 in
2754 701 2898 755 mille
2925 702 3306 772 generationes.

1953 787 1993 843 C
2021 788 2223 844 Memor
2245 789 2348 844 fuit
2387 791 2440 846 in
2467 791 2742 851 stectdnm.
2773 807 2894 846 cum
2915 793 3179 861 promissa
3207 791 3452 859 compleo

1882 881 1980 935 vit.
2011 881 2342 937 Testamenti
2378 883 2483 948 sui,
2511 883 2893 952 prophetarum
2909 883 3088 952 signat
3111 883 3452 951 praedicatio-

1884 986 2000 1038 nes,
2030 987 2164 1042 quas
2191 971 2258 1028 de
2279 972 2439 1029 Verbi
2469 975 2838 1029 incarnatione
2881 974 3264 1044 praedixerunt.
3303 973 3454 1028 Man-

1882 1061 2013 1115 dare
2046 1072 2127 1117 est
2165 1076 2262 1132 per
2317 1063 2482 1117 alium
2537 1063 2740 1134 aliquid
2789 1063 2988 1128 dicere,
3035 1065 3176 1134 quod
3215 1078 3314 1133 per
3361 1077 3456 1118 cos

1881 1149 2032 1220 fecit,
2077 1169 2198 1208 eum
2224 1153 2410 1208 datum
2451 1163 2535 1209 est
2585 1155 2665 1209 eis
2691 1153 2874 1208 futura
2926 1154 3267 1224 prophetare.
3311 1152 3455 1208 Mille

1880 1246 2274 1314 generationes,
2299 1245 2458 1301 ﬁnem
2485 1245 2665 1301 smculi
2693 1245 2980 1315 signiﬁcat.

1877 1335 1912 1390 9
1986 1334 2139 1401 Quod
2167 1337 2407 1405 deposuit
2429 1337 2497 1390 ad
2533 1336 2796 1392 Abraham
2817 1351 2840 1392 :

2018 1425 2087 1478 Et
2107 1427 2399 1496 juramenti
2423 1428 2507 1480 sui
2529 1427 2598 1480 ad
2621 1425 2796 1480 Isaac.

1945 1517 1986 1573 C
2038 1517 2151 1572 Hoc
2190 1519 2258 1572 ad
2300 1519 2432 1573 illud
2463 1520 2767 1590 reSpondet,
2821 1518 2965 1589 quod
3009 1517 3259 1588 superius
3309 1517 3445 1582 dixi,

1878 1609 2185 1664 testamenti
2225 1608 2326 1665 sui.
2378 1608 2531 1675 Quod
2578 1608 2862 1678 disposuit,
2910 1607 2998 1661 illa
3037 1608 3183 1661 enim
3234 1621 3352 1675 quae
3395 1608 3450 1659 in

1878 1699 2058 1754 Veteri
2090 1699 2439 1754 Testamento
2463 1699 2697 1753 Abraha:
2722 1707 2776 1753 et
2801 1699 2946 1752 Isaac
2975 1696 3300 1768 patriarchis
3327 1709 3450 1764 pro-

207 1789 332 1844 Cum
368 1809 496 1850 vero
518 1798 670 1858 dicit.
699 1769 1054 1867 conﬁtemini,
1081 1813 1135 1858 et
1160 1814 1343 1874 postea
1376 1769 1771 1863 subditi
1805 1769 1847 1826 Β
1876 1790 2039 1846 missa
2093 1797 2237 1855 sum,
2287 1789 2547 1860 ἀίδνοείιίι
2600 1789 2853 1844 ἀίευηῑυῖ
2891 1796 2944 1843 ει
2979 1786 3160 1857 lum“
3193 1794 3253 1840 υι
3293 1785 3446 1838 “rma

206 1892 339 1945 cate,
366 1889 522 1941 docet
549 1888 800 1948 invocare
824 1893 991 1950 Deum
1016 1895 1257 1953 volentes
1277 1899 1426 1969 prius
1450 1899 1566 1970 ejus
1589 1900 1778 1956 laudes

206 1977 470 2033 Conﬁteri.

200 2087 232 2141 2
299 2089 524 2147 Caritate
561 2096 608 2148 ei
637 2107 685 2150 et
712 2097 921 2166 psallite
944 2101 1028 2154 ei:

337 2180 571 2240 Narrate
593 2191 769 2242 omnia
792 2191 1054 2246 mirabilia
1083 2194 1218 2262 ejus.

273 2269 312 2325 C
337 2273 587 2341 Cantate,
611 2279 676 2330 ad
699 2279 924 2350 hymnos
944 2285 1173 2352 pertinet
1195 2284 1512 2352 oﬂ'erendos;
1533 2289 1769 2359 psallite,

197 2365 264 2418 ad
303 2367 391 2436 pia
427 2383 594 2438 opera
635 2375 956 2430 exercenda.
990 2378 1180 2432 Omnia
1216 2381 1487 2449 signiﬁcat
1515 2383 1614 2436 ista
1651 2399 1771 2452 qua:

198 2457 442 2514 dicturus
499 2471 604 2515 est.
650 2463 767 2518 Non
815 2475 897 2520 est
959 2468 1102 2522 enim
1156 2470 1514 2526 lnunanat'nm
1570 2474 1767 2528 virium

196 2547 376 2600 omnia
437 2551 710 2608 mirabilia
767 2571 1041 2624 narrare,
1088 2560 1184 2615 sed
1233 2561 1504 2631 signiﬁcat
1561 2579 1592 2618 a
1655 2572 1769 2621 toto

197 2645 428 2698 partem.

193 2721 227 2774 5
297 2724 618 2785 Laudamini
637 2732 693 2786 in
713 2735 920 2790 nomine
946 2746 1125 2792 sancto
1147 2755 1259 2809 ejus
1281 2756 1303 2794 :

336 2815 564 2873 Latetur
589 2839 678 2876 cor
703 2829 1042 2894 quwrentium
1069 2829 1377 2886 Dominum.

266 2907 306 2962 C
341 2909 460 2965 Non
502 2914 647 2968 enim
689 2925 835 2972 vetat
860 2929 918 2973 ut
949 2919 1250 2988 laudemur,
1279 2924 1403 2993 quia
1433 2925 1646 2981 actibus
1672 2926 1771 2982 bo.-

196 2999 281 3053 nis
329 3016 436 3054 non
479 3013 656 3072 potest
687 3021 775 3062 res
811 3007 910 3062 ista
937 3009 1219 3082 denegari;
1249 3013 1342 3067 sed
1363 3021 1422 3067 ut
1452 3013 1505 3067 in
1536 3014 1766 3068 Domino

193 3088 479 3146 laudemur
519 3095 779 3165 prtecipit,
814 3099 904 3168 qui
933 3110 1154 3169 prmstat
1181 3103 1266 3156 illa
1295 3119 1414 3173 qua:
1442 3103 1580 3159 bene
1609 3106 1758 3176 geri-
1785 3111 1831 3172 C

193 3196 331 3234 mus.
366 3181 604 3238 Laetetur
627 3201 741 3250 eor,
778 3199 885 3243 etc.
917 3190 1064 3256 lude,
1094 3193 1301 3247 scilicet
1324 3194 1536 3249 laetetur
1568 3210 1682 3260 cor,
1712 3195 1759 3250 si

191 3268 480 3326 Dominum
537 3278 728 3344 quatrit
769 3287 825 3332 et
855 3281 1179 3350 prmdicatur
1221 3283 1274 3338 in
1328 3284 1591 3350 Domino;
1649 3301 1758 3340 non

192 3371 371 3416 autem
404 3365 448 3418 si
473 3366 539 3421 de
565 3384 663 3423 suo
693 3386 849 3440 posse
878 3372 1149 3428 laudatur.

187 3451 222 3504 4
296 3454 532 3518 Qua-rite
553 3457 837 3514 Dominum
865 3472 911 3515 et
941 3463 1324 3531 conﬁrmamini
1348 3481 1368 3520 :

334 3546 568 3610 Quarite
591 3550 782 3619 faciem
803 3553 917 3623 ejus
943 3572 1162 3626 semper.

255 3635 298 3691 C
340 3637 598 3694 Hortatur
638 3653 701 3697 ut
739 3659 797 3699 se
845 3645 912 3699 ad
953 3648 1172 3716 prmmia
1219 3646 1399 3704 futura
1419 3649 1762 3721 :conﬁrment

189 3731 279 3797 qui
313 3747 441 3786 eum
469 3749 713 3803 qurerere
764 3739 1099 3810 delegerunt.
1133 3744 1238 3798 lsta
1267 3755 1447 3802 autem
1479 3747 1760 3819 inquisitio

189 3836 294 3875 non
320 3832 404 3877 est
433 3824 536 3878 ullo
564 3835 805 3896 tempore
829 3829 1081 3897 ﬁnienda,
1111 3835 1365 3902 quoniam
1405 3837 1574 3904 addit,
1615 3854 1758 3895 sem-

189 3926 306 3978 per.
341 3913 555 3969 Faciem
581 3932 732 3985 vero,
761 3923 1101 3988 praesentiam
1127 3922 1243 3994 ejus
1267 3926 1416 3982 dicit.

183 4020 217 4074 5
291 4021 602 4080 Mementote
631 4028 950 4086 mirabilium
976 4033 1090 4102 ejus
1110 4051 1228 4105 quae
1255 4036 1374 4093 fecit
1396 4050 1419 4091 .‘

327 4113 582 4188 Prodigia
611 4129 659 4174 et
680 4121 889 4189 judicia
921 4126 1026 4179 oris
1054 4127 1188 4195 ejus.

1760 4018 1781 4046 ν

250 4205 293 4261 C
333 4207 600 4264 Mirabilia
637 4211 822 4282 itaque
851 4216 1124 4282 pertinent
1144 4218 1211 4272 ad
1235 4219 1554 4276 divisionem
1583 4221 1754 4278 maris

185 4297 348 4352 Rubri
374 4316 388 4364 ;
423 4301 692 4372 prodigia,
716 4303 786 4357 ad
809 4304 989 4374 plagas
1015 4323 1150 4376 quas
1180 4310 1325 4364 misit
1348 4311 1401 4364 in
1426 4311 1752 4382 Egyptum;

177 4387 375 4454 judicia
424 4392 558 4456 oris,
600 4395 858 4462 quoniam
902 4405 1093 4452 cuncta
1125 4399 1558 4471 eomplevitqua:
1582 4400 1750 4474 Moysi

1875 1883 2253 1938 ostendantur.

1879 1975 1942 2029 10
2017 1972 2083 2026 Et
2120 1973 2300 2028 statuit
2331 1973 2463 2028 illud
2490 1973 2653 2028 Iacob
2678 1974 2729 2028 in
2758 1982 3070 2042 pra'ceptum
3091 1987 3111 2028 :

2013 2065 2081 2120 Et
2105 2065 2274 2121 Israel
2306 2069 2360 2121 in
2387 2077 2752 2121 testamentum
2780 2077 3055 2120 teternum.

1943 2161 1983 2215 C
2020 2160 2151 2216 lllud
2191 2169 2568 2214 testamentum
2618 2160 2697 2214 sic
2739 2159 3078 2227 dispositum,
3111 2154 3303 2210 statuit
3349 2153 3442 2208 Ja-

1873 2255 1994 2318 cob,
2024 2254 2073 2307 id
2101 2263 2206 2318 est,
2241 2253 2469 2306 ﬁrmavit
2493 2253 2545 2306 in
2574 2260 2918 2321 praeceptum,
2957 2250 3130 2315 idest,
3161 2250 3213 2303 in
3245 2262 3446 2312 novum,

1875 2357 2276 2408 testamentum,
2335 2345 2477 2414 quod
2512 2344 2729 2414 proprie
2761 2342 2959 2398 dicitur
2990 2350 3278 2404 mternum,
3314 2339 3442 2408 quia

1873 2438 2074 2491 nullum
2115 2437 2188 2489 illi
2237 2436 2380 2488 aliud
2433 2432 2722 2504 aliquando
2777 2431 3036 2493 succedit,
3086 2430 3142 2484 in
3191 2444 3298 2497 quo
3358 2435 3444 2482 est

1871 2530 2111 2584 omnium
2144 2527 2528 2597 promissorum
2558 2523 2818 2594 completa
2849 2521 3107 2593 perfectio

1873 2624 1931 2677 ll
2012 2621 2201 2675 Diceris
2224 2637 2242 2676 :
2266 2619 2377 2673 Tibi
2409 2620 2542 2672 dabo
2567 2628 2757 2671 terram
2783 2615 3036 2670 Chanaan
3061 2629 3082 2668 :

2013 2707 2335 2763 Funiculum
2365 2707 2689 2760 [Hereditatis
2723 2713 2924 2759 vestrte.

1939 2803 1981 2857 C
2028 2801 2284 2857 Chanaan
2339 2800 2724 2868 interpretatur
2769 2795 3002 2851 humilis.
3050 2793 3193 2866 Ergo
3236 2809 3434 2850 conve-

1871 2895 2083 2949 nienter
2107 2892 2375 2964 signiﬁcat
2403 2900 2716 2959 accepturos
2735 2902 2853 2942 esse
2876 2886 3210 2941 Christianos
3237 2894 3437 2941 terram

1870 2983 2173 3046 humilium,
2209 2982 2260 3036 id
2306 2990 2390 3037 est
2439 2981 2739 3034 beatorum.
2773 2975 3438 3039 Funiculushzereditatis,

1873 3075 2054 3129 mundi
2099 3071 2259 3140 hujus
2288 3072 2418 3127 dicit
2447 3081 2716 3125 tortuosas
2757 3066 3051 3135 angustias,
3082 3079 3218 3134 quas
3252 3063 3438 3116 Domi—

1861 3180 1962 3220 nus
1996 3179 2093 3234 pro
2124 3164 2299 3217 salute
2326 3170 2508 3216 nostra
2561 3174 2659 3213 sua
2704 3156 2953 3227 passione
2989 3153 3255 3209 dissolvit.
3299 3151 3436 3205 Nam

1860 3260 2042 3314 carnis
2081 3257 2222 3312 illius
2249 3254 2539 3325 susceptio,
2589 3258 2772 3307 nostra
2801 3248 3064 3318 probatur
3103 3259 3222 3301 esse
3266 3244 3440 3298 hazrec

1860 3351 2020 3406 ditas.

1860 3439 1929 3494 12
2001 3436 2129 3492 Cum
2159 3445 2325 3491 essent
2355 3449 2568 3488 numero
2589 3430 2767 3487 brevi:

1997 3522 2315 3579 Paucissimi
2344 3532 2392 3578 et
2423 3521 2606 3576 incola:
2631 3521 2767 3592 ejus.

1927 3617 1970 3672 C
2007 3616 2158 3670 Nunc
2183 3622 2468 3670 enumerat
2498 3621 2702 3683 quanta
2727 3605 3053 3682 patriarcbis
3089 3605 3264 3661 virtus
3290 3602 3430 3659 divi-

1855 3722 1924 3762 na
1953 3705 2284 3777 prmstiterit.

1857 3794 1926 3850 15
1995 3793 2062 3848 Et
2086 3794 2498 3863 pertransierunt
2521 3791 2585 3844 de
2609 3799 2756 3860 gente
2785 3790 2838 3842 in
2859 3798 3060 3858 gentem

1999 3881 2068 3937 Et
2103 3884 2167 3936 de
2188 3899 2344 3953 regno
2377 3884 2445 3936 ad
2466 3881 2716 3952 populum
2737 3881 2981 3933 alterum.

1926 3973 1973 4028 ll
1999 3973 2458 4038 Pertransierunt,
2508 3988 2617 4028 non
2657 3973 2724 4027 de
2759 3970 3076 4041 captivitate
3120 3966 3424 4024 Iudaeorum

1854 4064 1977 4129 hoc,
2029 4065 2123 4119 sed
2173 4064 2238 4119 de
2288 4064 2561 4118 Abraham
2610 4061 2762 4126 dicit,
2806 4061 2898 4130 qui
2952 4059 3085 4114 exiit
3136 4057 3203 4111 de
3268 4065 3413 4108 terra

1853 4155 2249 4218 Chaldaaorum,
2267 4163 2322 4208 et
2341 4153 2486 4207 venit
2506 4153 2559 4206 in
2591 4149 3048 4220 Mesopotamiam,
3080 4147 3144 4201 de
3183 4144 3430 4212 Mesopo-

1855 4244 2017 4300 tamia
2079 4245 2132 4298 in
2179 4253 2377 4298 terram
2429 4240 2820 4312 promissionis,
2851 4249 2905 4294 et
2944 4239 3138 4292 iterum
3180 4237 3230 4289 in
3259 4233 3430 4304 Egy-

1853 4343 2028 4406 ptum.
2061 4333 2224 4389 Multa
2272 4349 2437 4404 regna
2489 4331 2802 4397 transimus,
2833 4337 2894 4382 ut
2935 4327 3314 4398 perveniamus
3359 4324 3428 4378 ad

1857 4432 2055 4480 terrain
2087 4423 2552 4495 repromissionis;
2580 4432 2634 4478 et
2659 4423 2734 4476 ita
2759 4422 2827 4477 de
2865 4434 3030 4490 regno
3057 4415 3302 4490 Egypti,
3329 4414 3426 4468 hu-

181 4493 276 4585 suo
308 4480 513 4585 {amulo
549 4485 819 4585 promisit.
834 4485 1134 4585 judicavit-
1147 4489 1293 4546 enim
1327 4490 1666 4548 Pharaonem
1697 4503 1753 4549 et
1779 4480 1830 4507 υ
1847 4514 1940 4585 jus
1964 4480 2170 4578 mundi:
2203 4515 2272 4569 ad
2300 4480 2805 4583 alterum'populum
2843 4511 2896 4565 in
2927 4480 3100 4565 cmlis.

179 4569 431 4638 populum
455 4587 635 4638 suum,
660 4578 804 4629 sicut
832 4575 1002 4647 Moysi
1028 4578 1184 4634 dixit.

179 4658 211 4712 6
283 4659 475 4714 Semen
505 4662 774 4717 Abraham
799 4667 934 4720 servi
955 4667 1068 4736 ejus
1091 4681 1109 4718 :

313 4747 446 4802 Filii
472 4751 639 4806 Iacob
659 4752 808 4808 electi
830 4756 969 4825 ejus.

247 4840 289 4895 C
328 4842 429 4897 Hic
468 4843 900 4902 subaudiendum
941 4855 1047 4916 est,
1093 4852 1235 4920 quod
1263 4867 1428 4925 supra
1450 4855 1608 4923 dixit,
1637 4871 1756 4913 me-

179 4941 436 4987 mentote.
481 4933 676 4990 Merito
713 4952 844 4993 vero
887 4952 1075 4993 servos
1102 4941 1231 4995 dicit
1266 4953 1615 5001 contumaces
1651 4945 1748 5002 Ju-

179 5019 340 5084 dzeos,
364 5022 647 5091 quoniam,
662 5025 885 5092 perﬁdia
912 5026 1169 5093 faciente,
1187 5029 1278 5086 ﬁlii
1294 5047 1415 5088 esse
1437 5033 1744 5091 noluerunt.

181 5110 338 5168 Filios
358 5128 483 5168 vero
505 5114 697 5180 Jacob,
726 5115 1000 5186 signiﬁcat
1032 5116 1364 5180 ﬁdelissimos
1386 5121 1741 5193 Christianos,

179 5204 262 5270 qui
289 5205 534 5260 hmredes
555 5221 675 5260 esse
705 5218 987 5262 merentur
1012 5205 1245 5268 Domini.

181 5312 209 5367 7
277 5315 397 5386 Ipse
422 5317 679 5371 Dominus
704 5319 840 5375 Deus
867 5327 1044 5373 noster
1066 5335 1085 5372 :

1857 4607 1924 4663 14
1996 4607 2118 4661 Non
2146 4606 2350 4678 reliquit
2379 4606 2637 4660 hominem
2664 4621 2846 4659 nocere
2868 4603 2941 4658 eis
2965 4617 2984 4657 :

1995 4698 2063 4752 Et
2098 4698 2346 4768 corripuit
2370 4715 2463 4768 pro
2491 4698 2565 4752 eis
2595 4714 2761 4770 reges.

1925 4787 1972 4843 ll
2005 4787 2120 4843 Non
2163 4787 2381 4858 reliquit
2412 4787 2778 4851 Pharaonem,
2823 4790 2882 4838 ut
2911 4789 3132 4836 noceret
3157 4778 3428 4832 Abraham

1856 4880 1911 4935 in
1937 4879 2069 4934 Sara
2095 4879 2248 4949 (Gen.
2280 4879 2413 4949 xu):
2446 4893 2546 4932 nec
2572 4874 2896 4938 Abimeleclt
2918 4874 2938 4942 (
2959 4872 3092 4926 Gen.
3118 4869 3248 4935 xx),
3284 4867 3432 4919 Isaac

1855 4970 1913 5027 in
1942 4972 2182 5027 Rebecca
2227 4968 2380 5044 (Gen.
2421 4968 2570 5039 xxvr)
2599 4989 2618 5025 :
2667 4969 2764 5030 sed
2817 4963 3078 5030 corripuit
3105 4961 3434 5015 Pharaonem

1852 5073 1912 5120 et
1943 5063 2254 5119 Abimelech
2268 5144 2272 5148 ι
2285 5077 2382 5132 pro
2411 5061 2508 5116 eis.

1850 5155 1928 5210 15
1997 5153 2174 5207 Nolite
2199 5165 2407 5222 tangere
2436 5152 2679 5214 christo;
2717 5161 2853 5207 meos
2881 5160 2898 5199 :

1995 5238 2065 5292 Et
2093 5240 2149 5292 in
2184 5238 2443 5309 prophetis
2474 5239 2610 5293 meis
2653 5236 2815 5302 nolite
2841 5225 3132 5294 malignari.
3172 5313 3182 5323 .

1926 5331 1969 5386 Η
1995 5331 2134 5386 Ecce
2152 5343 2277 5387 ante
2311 5330 2477 5399 legem
2507 5327 2880 5396 patriai-clue,
2908 5331 3014 5412 non
3042 5323 3185 5368 uncti
3209 5325 3450 5404 unguens
