3986 5412
534 251 641 310 579
670 254 677 259 ’

1493 255 1552 312 S.
1594 256 1947 317 BRUNONIS
1986 264 2526 329 HERBIPOLENSIS
2557 271 2863 330 EPISCOPI

3688 283 3833 337 580.

533 365 610 420 illi
643 366 837 421 clnisti
867 366 1135 433 dicantur,
1175 367 1465 441 quiitmge»
1491 380 1618 433 ante
1644 369 1775 427 Sani
1821 373 1874 445 (a
1894 389 2003 445 quo
2030 392 2113 434 re-
2139 386 2187 442 Α
2215 380 2399 446 israel,
2422 399 2566 439 nunc
2593 383 2781 449 Iacob,
2814 400 2977 440 unum
3007 397 3060 442 et
3083 387 3331 443 eumdem
3356 388 3505 444 dicit.
3535 388 3780 448 Chanaan

532 455 673 527 galis
695 457 796 511 ista
822 467 876 512 et
900 459 1195 514 materialis
1219 463 1385 532 coepit
1406 463 1615 536 unctio)
1643 465 1885 522 fuerunt.

532 547 600 603 16
672 546 744 602 Et
774 549 974 609 vocavit
1000 548 1196 619 {ament
1214 567 1373 621 super
1399 566 1592 609 terram
1617 573 1637 612 :

668 650 736 695 cs-
764 636 835 691 Et
864 640 883 709 ζ
915 655 1065 693 omne
1090 639 1481 709 ﬁrntamcninm
1501 647 1656 713 panis
1683 648 1944 703 contrivit.

2217 486 2347 527 vero
2373 471 2477 527 fuit
2516 474 2661 529 ﬁlius
2688 474 2879 541 Cham,
2928 491 3094 547 nepos
3124 475 3254 541 Noe,
3299 494 3366 562 es
3397 494 3505 548 quo
3552 480 3780 553 Egyptii

2217 564 2829 637 traxeruntoriginem.
2866 565 3060 621 NOStra
3110 583 3241 623 vero
3280 569 3566 625 translatio
3623 572 3782 626 (.‘ham

2214 650 2414 719 habet;
2456 655 2550 709 sed
2579 655 3039 726 Romana,.quam
3093 657 3181 713 hic
3209 658 3475 727 sequitur,
3508 660 3781 717 Chanaan.

595 730 638 788 (Ξ
676 730 905 788 Vocavit
958 732 1193 790 famem:
1229 742 1474 807 tempore
1515 737 1863 806 Pharaonis,~
1896 743 2115 812 quando
2210 741 2284 795 25
2357 742 2426 797 Et
2456 744 2895 818 auaitpopnlum
2928 762 3083 800 suum
3108 747 3489 801 vehementer:

530 826 588 880 in
615 821 853 894 Egypto
880 836 1086 897 septem
1134 826 1294 884 annis
1336 825 1511 886 fames
1537 841 1783 902 grassata
1834 843 1919 888 est
1957 834 2111 907 (Gen.

535 930 624 969 xu
647 915 686 984 ).
731 915 795 969 Et
836 930 1000 973 omne
1036 915 1455 978 ﬁrmamentum.
1505 921 1559 978 id
1595 932 1677 978 est
1702 926 1938 980 fructum
1973 926 2116 981 triti-

2355 832 2424 886 Et
2451 834 2675 902 ﬁrmavit
2704 851 2821 888 eum
2844 850 3000 905 super
3027 835 3265 889 inimicos
3295 837 3430 906 ejus.

2281 921 2328 976 Η
2376 925 2543 979 Auxit
2589 925 2843 996 populum
2891 941 3074 991 suum,
3120 926 3451 982 fecunditate
3499 930 3782 994 nascendi;

525 1022 681 1062 reum
706 1007 960 1079 perduxit
993 1010 1058 1064 ad
1093 1009 1364 1077 nihilum;
1406 1013 1686 1070 hominum
1722 1016 1869 1071 enim
1927 1018 2110 1072 ﬁrma-
2210 1013 2577 1081 conﬁrmavit,
2614 1017 2831 1087 quando
2860 1016 2968 1072 illis
2996 1019 3367 1073 crescentibus
3410 1016 3781 1090 Egyptiorum

522 1107 764 1153 mentum
813 1101 1096 1170 panisest,
1124 1116 1247 1158 cum
1287 1117 1450 1173 supra
1478 1105 1680 1162 dixerit
1706 1124 1721 1162 :
1753 1121 1811 1164 et
1836 1108 1995 1179 panis
2014 1124 2113 1165 cor
2211 1103 2365 1157 turba
2400 1106 2699 1163 ηοιίεείιηίε
2726 1107 2898 1178 ριειεῑε
2925 1108 3275 1164 νεδθπηθηιθτ
3299 1107 3497 1165 “me”
3524 1119 3612 1165 (³⁵⁸

521 1189 757 1244 hominis
783 1192 1074 1247 continuat
1099 1192 1284 1264 (Psal.
1313 1200 1454 1267 cm).

521 1280 588 1337 17
662 1280 808 1337 Misit
836 1291 957 1337 ante
976 1284 1249 1339 eosvirum
1269 1299 1304 1340 τ

660 1368 729 1423 1η
749 1386 961 1425 servum
973 1372 1298 1428 venundatus
1322 1383 1396 1429 est
1421 1374 1645 1448 Ioseph.

2205 1193 2289 1248 24
2349 1195 2609 1253 Convertit
2636 1216 2727 1253 cor
2747 1217 2946 1268 eorum,
2979 1213 3035 1257 ut
3058 1204 3260 1258 adirent
3286 1205 3535 1276 populum
3562 1207 3717 1275 ejus:

2415 1287 2482 1342 Et
2508 1289 2686 1344 dolum
2717 1290 2947 1361 facerent
2974 1294 3028 1348 in
3053 1311 3227 1351 servos
3257 1297 3393 1367 ejus.

2279 1376 2319 1433 C
2354 1377 2634 1441 Convertit
2656 1382 2798 1437 Deus
2823 1382 3205 1455 Egyptiorum
3237 1403 3333 1442 cor
3359 1387 3640 1443 adsodium
3661 1405 3781 1445 con-

589 1458 633 1516 C
663 1459 807 1517 Misit
836 1460 1034 1532 Ioseph
1064 1473 1193 1519 ante
1245 1467 1607 1535 patriarchas,
1665 1484 1804 1540 quos
1859 1473 2107 1544 superius
2208 1479 2295 1524 Ira
2337 1470 2693 1528 lsraeliticum
2720 1475 2999 1546 populum,
3027 1478 3334 1547 praestando
3358 1478 3462 1533 illis
3493 1476 3692 1534 felicia.
3716 1480 3781 1535 Et

516 1553 857 1607 memoravit.
897 1553 998 1621 Qui
1026 1553 1165 1611 bene
1190 1555 1277 1610 vir
1311 1558 1533 1624 dicitur,
1559 1561 1695 1630 quia
1719 1571 1778 1618 ut
1814 1564 1901 1621 vir
1936 1566 2119 1623 virili--

2205 1558 2385 1615 dolum
2401 1560 2645 1619 facerent
2665 1580 3048 1637 :.consequens
3076 1578 3197 1624 erat
3232 1578 3289 1623 ut
3318 1579 3447 1641 post.
3466 1580 3779 1642 conceptum

515 1651 805 1698 tercuncta
831 1644 1121 1703 sustinuit.
1137 1646 1282 1703 Ordo
1304 1657 1485 1704 autem
1513 1652 1805 1710 verborum
1828 1655 2102 1715 talisest:
2135 1726 2172 1733 _
2205 1650 2389 1709 Odium
2423 1655 2652 1713 saeviens
2675 1658 2904 1729 populus
2943 1658 3010 1714 ad
3040 1659 3255 1716 dolosas
3291 1663 3574 1717 riiachinas
3602 1678 3781 1733 perve-

512 1733 660 1787 m's't
690 1743 817 1791 ante
840 1749 935 1792 eos
979 1736 1157 1793 virum
1192 1735 1414 1809 Ioseph,
1445 1739 1539 1811 qui
1562 1742 1617 1797 in
1643 1756 1879 1802 servum.
1904 1764 2104 1805 venun-
2135 1726 2179 1785 Β
2206 1745 2367 1809 niret,
2420 1755 2478 1800 ut
2536 1746 2638 1802 fuit
2677 1726 2763 1804 in-
2799 1748 3060 1805 lateribus
3109 1751 3435 1822 praeceptis,
3463 1726 3781 1822 duplicando

514 1822 673 1876 datus
711 1832 814 1878 est.

514 1908 581 1964 18
653 1909 1079 1971 Humiliurerunt
1108 1916 1164 1972 in
1198 1922 1698 1993 compedibuspedes
1727 1925 1877 1997 ejus.

656 2002 891 2059 Ferrum
919 2011 1219 2077 pertransiit
1241 2014 1473 2068 animum
1499 2015 1653 2087 ejus:

654 2091 827 2146 Danec
858 2096 1048 2152 veniret
1078 2099 1291 2155 verbum
1321 2102 1456 2172 ejus.

586 2181 628 2236 Β
647 2181 694 2236 Α
721 2182 983 2256 Ραῑῖριιειιι
1015 2191 1307 2261 prmposito
1332 2193 1633 2253 Pharaonis
1656 2197 1859 2269 Ioseph
1891 2203 2096 2260 miSsns

512 2284 602 2331 est
629 2277 682 2332 in
708 2293 984 2335 carcerem
1006 2286 1336 2355 :.compedes
1356 2298 1537 2345 autem
1587 2294 1862 2363 accepisse
1883 2310 1988 2350 non
2017 2296 2099 2351 les-

507 2367 673 2436 gitur,
694 2371 794 2426 sed
820 2369 1144 2442 ﬁeri-potuit
1191 2385 1249 2431 ut
1270 2380 1362 2448 qui
1396 2380 1449 2434 in
1479 2397 1699 2439 carcere
1727 2393 1974 2441 retrusus
2007 2396 2093 2442 est

505 2456 702 2516 ferreis
725 2462 957 2520 nexibus
994 2464 1271 2536 ligaretur.
1303 2470 1627 2530 Pcrtransiit
1647 2476 1883 2531 animam
1916 2478 2101 2549 ipsius.

500 2544 726 2615 ferrum,
754 2554 971 2621 quando
994 2555 1047 2610 in
1074 2557 1186 2614 has
1204 2558 1403 2616 missus
1420 2570 1503 2617 est
1525 2566 1917 2634 angustias,.ne
1935 2544 2092 2624 inter

505 2639 668 2700 mala.
696 2657 817 2711 qua:
845 2646 1042 2713 tnjuste
1072 2663 1265 2718 passus
1292 2660 1394 2717 est,
1425 2654 1780 2723 prazvalerent
1811 2667 1866 2713 et
1906 2660 2097 2714 crimi-

501 2744 569 2786 ns
618 2731 898 2803 falsitatis;
933 2736 1137 2795 ferrum
1188 2750 1370 2799 autem
1423 2746 1511 2800 hic
1546 2747 1751 2802 indicat
1781 2750 2084 2806 tribulatio-

2202 1849 2357 1902 opus,
2387 1845 2440 1889 et
2467 1835 2651 1904 paleas
2682 1838 2946 1908 negando,
2978 1848 3032 1895 et
3059 1840 3324 1895 similibus
3354 1841 3554 1911 (Exod.
3587 1855 3651 1913 ι).

2202 1922 2271 1977 25
2345 1923 2492 1979 Misit
2538 1926 2756 1997 Moysen
2784 1946 2986 1985 servum
3017 1947 3171 1984 suum
3192 1948 3211 1985 :

2343 2015 2521 2070 Aaron
2543 2018 2868 2089 quem~elegit
2898 2020 3089 2090 ipsum.

2269 2099 2309 2155 C
2347 2103 2483 2160 istos
2533 2106 2599 2160 ad
2654 2107 3017 2176 Pharaonem,
3072 2113 3227 2182 quasi
3283 2115 3546 2183 quosdam
3599 2123 3780 2179 testes.

2195 2200 2412 2246 constat
2438 2209 2468 2248 a
2505 2195 2616 2250 Deo
2644 2196 2966 2266 destinatos,
3010 2211 3071 2256 ut
3098 2201 3355 2273 populum
3392 2204 3777 2274 sibi'placitntn

2196 2280 2348 2337 abire
2385 2287 2997 2355 permisissetillmsum.

2192 2372 2263 2428 26
2335 2373 2522 2432 Posuit
2556 2380 2610 2434 in
2648 2381 2721 2435 eis
2750 2382 2904 2436 verba
2946 2382 3214 2455 signorum
3243 2403 3466 2442 suorum
3498 2395 3550 2442 et
3590 2387 3775 2457 prodi-

2403 2470 2610 2540 giorum
2635 2486 2655 2526 :

2335 2555 2403 2612 In
2423 2567 2564 2615 terra
2587 2560 2773 2618 (Iliam.

2260 2645 2317 2703 C.
2342 2646 2508 2720 Signa
2540 2662 2667 2708 sunt
2691 2655 2845 2724 quasi
2875 2655 3053 2727 aliqua
3082 2659 3306 2731 vestigia
3334 2659 3639 2716 futurarum
3663 2664 3774 2717 sive

2189 2739 2590 2805 praeteritarum
2639 2758 2851 2813 rerum;
2904 2748 3152 2819 prodigia
3210 2764 3337 2805 vero
3389 2752 3665 2821 pertinent
3711 2754 3787 2808 ad.

508 2838 631 2879 nem
671 2826 821 2883 dum
864 2832 1220 2889 necessitatis.
1279 2836 1461 2892 Donec
1525 2841 1739 2896 veniret
1784 2842 2010 2897 verbum
2055 2861 2086 2899 a

2209 2827 2471 2886 nirabiles
2510 2845 2761 2904 eventus,
2805 2839 2897 2909 qui
2938 2839 2994 2894 in
3039 2841 3230 2897 ordine
3263 2859 3442 2898 rerum
3482 2845 3637 2915 prius
3667 2861 3781 2901 non

499 2928 626 2986 rege
676 2914 995 2987 Pharaone,
1059 2923 1152 2993 qui
1206 2939 1330 2982 eum
1383 2927 1670 2996 liberavit,
1711 2931 1797 2986 vel
1855 2934 2083 2989 verbum

2209 2916 2432 2988 'uerunt,
2475 2927 2780 2998 prodigium
2825 2938 2909 2985 est
2954 2932 3097 2986 enim
3146 2933 3350 2988 dictum
3400 2914 3585 2992 abeo
3628 2938 3768 3007 quod

496 3004 696 3077 Ioseph
743 3009 1131 3081 interpretandi
1182 3019 1413 3083 somnia,
1444 3020 1584 3089 quod
1627 3023 1845 3078 verbum
1873 3038 2083 3094 qumre-

2209 3023 2363 3077 porro
2392 3012 2559 3069 dicat.
2590 3016 2776 3088 Itaque
2817 3019 2924 3074 ista
2963 3020 3227 3078 mirabilia
3279 3032 3405 3077 tunc
3434 3023 3581 3079 facta

496 3097 659 3154 batur
686 3116 719 3155 an
747 3117 873 3173 rege
908 3103 961 3158 in
1009 3118 1076 3160 eo
1119 3113 1181 3160 et
1197 3122 1320 3162 eum
1344 3109 1608 3166 liberavit.
1657 3112 1810 3179 Quod
1837 3114 2082 3181 verbum,

2209 3114 2246 3160 ξι
2272 3103 2459 3176 procul
2498 3105 2753 3163 dicebant
2792 3109 2990 3180 populo
3017 3109 3329 3169 Christiano
3359 3114 3571 3184 aliquid
3594 3130 3664 3171 ex
3698 3116 3772 3172 eis

499 3187 595 3244 Dei
629 3191 728 3245 fuit
749 3193 927 3261 potius
958 3209 1120 3264 quam
1153 3196 1367 3268 Ioseph.

498 3282 566 3336 l9
640 3282 920 3353 Eloquium
956 3285 1173 3342 Domini
1210 3289 1561 3359 inﬂammavit
1600 3311 1763 3349 eum:
1800 3297 1942 3352 misit
1993 3313 2086 3352 rea:

713 3385 761 3427 et
786 3373 934 3429 solvit
964 3394 1081 3431 eum
1110 3391 1130 3431 :

646 3461 897 3535 Princeps
930 3468 1245 3536 populorum
1274 3481 1324 3527 et
1354 3474 1552 3529 dimisit
1585 3492 1723 3531 eum.

570 3556 611 3611 C
652 3557 1011 3616 lnﬂammavit
1045 3564 1233 3635 utique
1273 3579 1398 3619 eum
1447 3576 1593 3621 mtus
1620 3565 1800 3620 lumen
1841 3567 2083 3623 caelestis

459 3718 472 3728 υ
502 3646 733 3704 flamma:
764 3660 823 3704 ut
854 3651 1034 3707 futura
1078 3656 1282 3711 diceret
1311 3672 1435 3710 cum
1465 3656 1657 3710 lldncia
1681 3656 1948 3711 veritatis.
1978 3658 2078 3712 Mi-

501 3739 571 3793 sit
600 3756 715 3806 rcx,
740 3741 953 3797 Pharao
982 3744 1148 3800 solvit;
1168 3762 1198 3800 a
1227 3756 1382 3801 reatu
1411 3762 1522 3816 quo
1557 3748 1846 3803 tenebatur
1874 3751 2081 3803 obstri-

498 3839 639 3895 ctus,
664 3831 778 3902 ipse
813 3842 895 3888 est
924 3834 1196 3906 princeps,
1224 3837 1637 3892 dictusPharao
1662 3839 1889 3904 scilicet,
1917 3854 2075 3909 quem

497 3921 749 3990 superius
782 3938 971 3994 regem
990 3924 1146 3995 dixit,
1170 3926 1260 3982 ille
1284 3927 1489 3983 dimisit
1515 3943 1640 3983 eum
1667 3928 1900 3985 claustra
1926 3931 2077 3986 exire

499 4012 736 4066 mrcrris
767 4011 918 4083 (Gen.
946 4016 1077 4085 xu).

491 4100 563 4155 20
636 4098 865 4157 Constiu.
878 4105 917 4158 it
949 4122 1063 4160 eum
1094 4107 1362 4163 dominum
1391 4108 1578 4161 domus
1599 4127 1710 4163 sua:
1733 4122 1752 4162 :

634 4193 704 4246 Et
724 4196 1009 4264 principem
1040 4199 1205 4252 omnis
1232 4200 1575 4270 possessionis
1601 4217 1733 4254 sum.

2186 3199 2619 3272 intelligendum.

2181 3289 2253 3346 27
2328 3290 2477 3345 Misit
2507 3291 2749 3346 tenebras
2771 3301 2819 3346 et
2849 3292 3138 3348 obscuravit
3162 3307 3180 3346 :

2320 3381 2389 3437 Et
2418 3400 2519 3437 non
2545 3383 2868 3438 exacerbavit
2892 3400 3153 3439 sermones
3180 3402 3323 3439 suos.

2251 3476 2293 3533 ε
2324 3477 2609 3547 Leguntur
2633 3477 2879 3532 tenebras
2910 3477 3050 3532 inter
3080 3476 3266 3548 plagas
3306 3477 3550 3548 Egyptii
3583 3490 3763 3550 pertu-

2183 3569 2335 3635 lisse,
2384 3571 2477 3625 sed
2524 3569 2719 3640 potius
2751 3568 3112 3640 intelligamus
3144 3570 3304 3624 corda
3352 3585 3547 3624 eorum
3598 3570 3760 3626 fuisse

2182 3663 2467 3718 obscurata
2496 3702 2512 3728 ,
2589 3661 2680 3731 qui
2734 3660 2944 3716 Domini
2992 3673 3259 3732 praecepta
3318 3663 3758 3719 contemnebant.

2181 3755 2662 3812 Exaccrbaverunt
2690 3771 2987 3819 sermones,
3025 3756 3294 3825 signiﬁcat
3331 3765 3514 3812 acerbe
3544 3773 3765 3829 accepeo

2182 3856 2325 3912 runt,
2355 3857 2449 3902 aut
2489 3858 2637 3905 certe
2690 3848 2967 3920 iniuriosis
3011 3848 3509 3905 abominationibus
3554 3866 3769 3921 respue-

2183 3944 2334 4003 runt,
2372 3946 2427 3991 ct
2457 3938 2533 3992 ita
2563 3939 2783 4007 exponit
2826 3936 3234 3992 translationem
3280 3938 3607 4006 Romanam,
3649 3956 3761 4012 qua

2178 4026 2349 4081 habet
2396 4026 2521 4094 quia
2557 4027 3048 4094 exacerbaverunt;
3084 4027 3177 4083 sed
3222 4038 3406 4083 nostra
3439 4030 3611 4087 habet
3662 4049 3761 4087 non

2184 4116 2553 4183 exacerbavit,
2593 4115 2798 4171 scilicet
2827 4116 2991 4183 Deus,
3025 4116 3079 4171 id
3119 4125 3204 4171 est
3230 4131 3337 4172 non
3379 4118 3644 4184 irritavit,
3676 4121 3761 4174 sed

2177 4206 2467 4277 complevit
2513 4221 2789 4262 sermones
2826 4224 2956 4264 suos
2984 4208 3259 4264 miraculis
3283 4224 3379 4264 eos
3402 4211 3771 4268 confirmans-

569 4280 611 4335 C
649 4282 941 4340 Constituit
967 4287 1239 4341 dominmn
1274 4299 1331 4342 et
1359 4289 1678 4359 principem,
1703 4289 2075 4359 quandoenm
2172 4299 2244 4356 28
2317 4298 2581 4355 Convertit
2614 4318 2779 4371 aquas
2814 4318 2992 4355 eorum
3031 4303 3095 4356 in
3124 4303 3433 4374 sanguinem
3457 4320 3477 4358 :

495 4370 621 4425 fecit
662 4386 883 4426 currmn
915 4379 1210 4432 ascendere
1260 4388 1315 4432 et
1345 4380 1611 4449 prmconis
1636 4396 1769 4435 voce
1813 4383 2069 4445 nuntiari,

496 4462 642 4517 hunc
666 4467 957 4520 secundum
984 4468 1260 4524 dominum
1282 4486 1405 4526 esse
1438 4485 1560 4542 post
1588 4489 1767 4545 regem
1792 4484 1849 4529 et
1870 4476 2073 4545 princi-

492 4568 613 4622 pem
645 4557 810 4609 totius
837 4557 1077 4629 Egypti.

490 4641 556 4697 21
637 4641 705 4698 Ut
724 4646 961 4700 ‘erudiret
995 4649 1252 4720 principes
1281 4650 1394 4720 ejus
1420 4653 1553 4709 sicut
1583 4656 1914 4725 semetipsum
1943 4670 1965 4709 :

642 4732 710 4789 Et
732 4752 878 4791 senes
903 4737 1017 4807 ejus
1042 4739 1374 4808 prudentiam
1391 4743 1618 4798 doceret.

561 4824 604 4880 C
638 4825 904 4882 Credehat
928 4827 1142 4884 Pharao
1170 4831 1317 4900 quod
1338 4833 1554 4889 erudire
1581 4845 1764 4904 posset
1792 4836 2069 4908 principes

491 4925 642 4973 suos,
669 4920 730 4965 ut
770 4920 826 4967 et
866 4914 964 4982 ipsi
1006 4915 1342 4972 somniorum
1379 4921 1702 4991 interpretes
1729 4937 1849 4979 esse
1893 4939 2068 4981 merc-

493 5012 699 5067 rentnr,
730 5011 784 5058 et
815 5003 936 5061 ideo
961 5021 1084 5060 eum
1128 5011 1210 5064 eis
1249 5010 1511 5080 prmfectt,
1546 5029 1651 5068 non
1674 5016 1851 5071 solunt
1887 5027 1943 5071 ttt
1976 5035 2063 5075 rc-

489 5105 659 5161 geret,
689 5095 784 5151 sed
806 5104 863 5150 et
886 5097 1129 5164 doceret,
1175 5102 1425 5159 nesciens
1449 5122 1596 5172 eum,
1634 5124 1662 5161 a
1694 5123 1813 5179 quo
1831 5112 2072 5167 somnio-

492 5197 608 5228 rum
628 5184 851 5228 sriprtlin
880 5197 959 5228 ραι
1018 5188 1186 5228 Datim
1226 5191 1401 5228 ani-um
1432 5195 1630 5228 Λευ-οη-

2100 4424 2153 4486 D
2200 4415 2206 4422 .

2312 4390 2382 4445 Et
2405 4393 2591 4447 occirlit
2620 4394 3008 4464 pisces-eorum.

2249 4478 2292 4538 C
2327 4480 2607 4539 Convertit
2643 4482 2789 4537 enim
2823 4470 2993 4551 aquas
3031 4482 3083 4536 in
3126 4484 3465 4554 sanguinem,
3499 4487 3755 4554 quoniam

2175 4581 2334 4627 erant
2361 4572 2506 4627 inter
2534 4571 2729 4627 ﬂuenta
2776 4572 3146 4628 marisRubri
3175 4573 3422 4643 perituri.
3452 4574 3645 4633 Pisces
3672 4594 3775 4633 aco

2177 4663 2278 4719 cisi
2307 4675 2453 4730 sunt,
2482 4681 2550 4720 tte
2576 4680 2699 4735 spes
2726 4665 2941 4721 vivendi
2990 4665 3302 4721 hominibus
3335 4666 3522 4723 relicta
3550 4669 3760 4725 videre.

2180 4764 2285 4820 tur,
2317 4757 2534 4825 quando
2554 4757 2716 4812 etiam
2745 4757 2923 4827 pisces
2951 4758 3153 4813 mortui
3178 4765 3325 4814 sunt.
3353 4758 3459 4826 Qui
3490 4760 3544 4816 in
3576 4761 3757 4817 nativo

2174 4848 2444 4906 elemento
2466 4852 2784 4907 isto‘nutriti
2808 4862 2953 4909 sunt.

2171 4937 2241 4993 29
2314 4938 2700 5016 Addidititerra
2729 4958 2908 4996 eorum
2939 4960 3097 4998 ranas

2313 5031 2380 5085 In
2406 5032 2811 5101 penetrabilibus
2840 5050 3017 5104 regunt
3044 5036 3312 5105 t'p.sorttttt..

2242 5121 2287 5177 il
2322 5122 2377 5176 ln
2413 5122 2566 5177 ranis
2591 5132 2873 5193 poetarum
2911 5126 3150 5180 carmina
3182 5126 3557 5198 designantur,
3608 5131 3700 5202 qui
3730 5147 3757 5185 a
