3986 5412
138 325 238 386 58!

1349 330 1710 390 EXPOSITlO
1746 332 2194 390 PSALMORUH.

3311 335 3416 392 582

136 447 462 512 violentior;
515 446 802 521 cinipbes.
856 462 1027 520 genus
1079 447 1310 504 culicum
1359 449 1481 506 ﬁxis
1526 450 1726 507 aculeis
1753 453 1800 510 Α
1829 461 2146 522 coegerunt,
2178 467 2244 508 ne
2278 452 2475 508 iterum
2503 453 2749 508 homines
2778 461 2831 509 et
2859 453 3213 525 primogenita
3247 453 3417 508 inter-

136 543 555 612 permolestum.

134 663 195 714 5|
292 658 476 713 Posuit
511 657 720 728 pluvias
750 674 928 712 eorum
957 659 1267 730 grandinem
1299 673 1318 714 :

277 751 466 818 'lgnem
491 751 876 805 comburentem
903 752 958 806 in
989 761 1128 806 terra
1156 752 1409 821 ipsorum.

211 843 256 897 C
298 842 506 906 Posuit,
536 843 587 897 id
615 850 698 898 est
723 843 980 908 decrevit,
1005 851 1061 897 ut
1087 843 1266 913 pluvia
1298 859 1419 913 qua:
1442 845 1508 898 ad
1540 843 1728 899 fecun-

143 935 367 989 ditatem
433 933 598 988 terris
665 935 826 988 datur
878 943 1286 989 converteretur
1336 935 1388 989 in
1448 936 1729 1006 grandinis

141 1024 359 1078 noxiam
397 1024 732 1079 vastitatem.
763 1023 905 1096 Ignis
929 1039 1060 1080 vero
1085 1027 1412 1082 comburens
1457 1027 1729 1098 signiﬁcat

144 1115 409 1182 fulmina,
467 1130 590 1170 ante
649 1116 829 1173 solent
875 1118 1108 1174 excitata
1173 1128 1494 1192 tempestate
1548 1121 1721 1176 dese:-

141 1221 276 1260 ὙΠΌ.

143 1300 212 1352 3?.
285 1296 355 1352 Et
381 1300 637 1368 percussit
668 1301 845 1354 cineas
874 1318 1052 1356 eorum
1081 1313 1128 1358 et
1152 1303 1405 1372 ﬁculneas
1433 1320 1613 1358 eorum
1640 1320 1662 1358 :

286 1391 357 1445 Et
391 1393 634 1445 contriuit
663 1392 862 1462 lignum
889 1395 1076 1463 ﬁnium
1098 1413 1300 1450 eorum.

209 1485 251 1539 C
293 1483 446 1550 Quod
482 1485 616 1541 dicit
662 1489 949 1554 percussit,
979 1489 1046 1542 ad
1076 1491 1389 1557 grandinem
1432 1490 1518 1544 vel
1551 1490 1728 1560 ignem

146 1575 547 1630 enmburentem
603 1577 789 1645 refer,
843 1591 912 1631 ne
969 1589 1148 1632 autem
1209 1587 1420 1633 tantum
1475 1580 1734 1635 ﬁculneae

144 1675 363 1735 putares
390 1683 699 1738 percussas,
733 1668 941 1724 addidit
968 1685 1130 1725 omne
1154 1669 1382 1742 lignum,
1425 1679 1485 1725 ιιι
1513 1681 1568 1726 et
1609 1680 1732 1724 sata

149 1773 248 1813 non
279 1758 560 1814 dubitares
589 1774 803 1824 eversa,
849 1759 938 1813 ubi
981 1760 1236 1814 arborum
1268 1775 1482 1829 quoque
1530 1761 1723 1816 robora

149 1862 499 1916 cognosceres
526 1848 696 1904 fuisse
724 1849 983 1904 contrita.
1020 1847 1225 1907 Maiora
1266 1851 1412 1904 enim
1443 1851 1725 1906 continent

151 1938 472 1993 intellectum
503 1939 799 1995 minorum.

147 2049 211 2105 '53
281 2050 428 2104 Dixit
453 2063 500 2104 et
525 2053 656 2106 venit
679 2052 880 2108 locusta
903 2068 924 2106 :

283 2140 352 2196 Et
383 2144 632 2209 bruchus,
657 2143 807 2213 cujus
833 2163 936 2199 non
965 2156 1077 2200 erat
1101 2162 1371 2200 numerus.

213 2233 251 2287 (ἶ
286 2233 520 2288 Locusta
569 2243 654 2289 est
686 2246 860 2290 mater
898 2236 1111 2301 bruebi,
1157 2254 1316 2308 quem
1367 2235 1505 2291 mala
1543 2236 1729 2292 fecun-

150 2324 309 2378 di'ate
338 2336 664 2394 progenerat
689 2342 808 2396 qua:
837 2328 902 2380 ad
935 2329 1081 2382 illam
1117 2331 1374 2398 praedam,
1405 2330 1558 2398 quasi
1592 2345 1726 2384 eou-

157 2427 375 2472 vocatus
409 2417 704 2483 exercitus,
736 2434 858 2473 cum
887 2434 983 2473 sua
1012 2420 1160 2488 prole
1191 2420 1488 2474 descendit.

152 2509 212 2564 35
275 2510 348 2565 Et
380 2511 602 2565 comedit
629 2528 779 2566 omne
808 2511 986 2582 fenum
1020 2513 1074 2567 in
1095 2523 1236 2568 terra
1260 2529 1435 2566 eorum
1459 2529 1486 2567 :

280 2629 354 2695 ξ(
395 2626 460 2680 Et
511 2627 735 2682 comedit

354 2715 516 2751 τυηιε

217 2789 255 2844 C
289 2789 359 2844 Et
391 2804 457 2843 ne
486 2789 740 2845 crederes
786 2790 1023 2844 inaniter
1062 2790 1351 2846 adductum
1383 2790 1531 2845 illum
1579 2807 1731 2847 exer-

157 2881 306 2932 citum
342 2921 357 2945 ,
410 2878 542 2934 dicit
597 2893 813 2935 omnem
866 2877 1103 2934 fructum
1161 2890 1543 2952 consumptum
1607 2897 1732 2938 esse

159 2977 319 3022 lerrze.
1700 3023 1703 3026 .

158 3057 218 3113 55
280 3056 344 3112 Ει
387 3059 641 3128 percussit
690 3076 842 3114 omne
883 3059 1285 3130 primogenitum
1349 3061 1405 3114 in
1451 3070 1591 3117 terra
1637 3077 1734 3117 cori

351 3166 518 3204 runt:

316 3243 590 3298 Primitias
620 3245 789 3299 omnis
817 3245 1012 3301 laboris
1041 3263 1244 3300 eorum.

217 3335 254 3392 C
285 3338 442 3393 Venit
471 3338 538 3391 ad
569 3339 854 3407 septimam
885 3339 1097 3410 plagam
1137 3339 1190 3392 in
1215 3338 1317 3392 hoc
1348 3337 1556 3408 psalmo
1581 3339 1727 3410 posi-

162 3434 275 3480 tam.
310 3427 487 3482 Movet
533 3428 702 3482 etiam
745 3427 985 3497 aliquos,
1032 3443 1132 3482 cur
1176 3427 1229 3481 in
1259 3427 1363 3483 isto
1405 3428 1612 3498 psalmo
1639 3444 1723 3484 sc-

161 3527 288 3585 ptem
318 3527 550 3583 tantum,
596 3535 719 3574 cum
751 3519 803 3574 in
828 3519 997 3575 Exodi
1028 3520 1342 3575 narratione
1366 3521 1570 3585 decem,
1600 3536 1729 3576 nar-

161 3619 348 3665 rantur.
379 3611 487 3666 Sed
519 3612 622 3667 hoc
650 3611 852 3666 factum
882 3620 966 3666 est
1002 3612 1141 3676 ideo,
1175 3612 1302 3683 quia
1335 3621 1537 3682 septem
1566 3611 1729 3666 bene-

163 3700 265 3754 ﬁcia
311 3701 600 3758 Dominum
655 3700 882 3756 Hebraeo
926 3702 1127 3772 populo
1178 3703 1495 3773 praestitisse
1543 3701 1725 3757 statim

161 3790 381 3846 dicturus
428 3801 514 3847 est
561 3810 574 3844 :
625 3791 886 3860 prmmisit
936 3792 1158 3847 totidem
1208 3791 1392 3862 plagas
1445 3791 1728 3862 Egyptios

163 3885 431 3953 accepisse.
484 3883 529 3938 Α
555 3883 653 3938 Vel
687 3883 812 3955 quia
858 3882 1122 3947 laudanti,
1171 3883 1238 3938 de
1282 3883 1528 3952 pluribus
1557 3897 1727 3952 pauca

163 3975 402 4048 attigisse,
448 3975 678 4042 suﬂicit;
723 3976 965 4030 narranti
995 3991 1146 4042 vero,
1186 3975 1368 4032 omnia
1398 3991 1726 4032 commemo-

167 4079 270 4121 rare
297 4083 432 4138 optts
460 4076 564 4122 est.

792 2626 812 2696 ζ
857 2644 1061 2682 omnem
1098 2629 1410 2700 +fructum
1446 2637 1599 2684 terrm
1635 2647 1728 2685 eo-

164 4174 222 4230 36
284 4178 351 4234 Et
385 4180 595 4234 reduxit
613 4195 702 4235 eos
729 4196 848 4234 cum
873 4189 1088 4250 argento
1112 4190 1161 4236 et
1187 4197 1316 4235 auro
1342 4195 1361 4233 :

316 4271 384 4325 Et
413 4288 518 4327 non
551 4281 662 4326 erat
690 4272 744 4326 in
771 4271 1012 4326 tribubus
1038 4289 1219 4326 eorum
1246 4272 1508 4340 infirmus.

139 4369 156 4404 ε
223 4360 258 4415 C
291 4363 496 4418 Aurum
526 4373 580 4419 et
612 4371 898 4432 argentum
945 4363 1299 4418 lsraelitieum
1353 4363 1608 4434 populum
1659 4365 1730 4420 ab

167 4449 414 4522 .Egyptiis
477 4453 843 4510 discedentem
900 4469 993 4532 ex_
1035 4461 1305 4523 praecepto
1354 4453 1447 4507 Dei
1500 4453 1728 4525 legimus

169 4543 416 4611 accepisse
446 4541 643 4614 (Exod.
673 4543 780 4612 ιιι),
830 4551 889 4596 ιιι
939 4529 1046 4597 non
1095 4543 1374 4613 repentina
1424 4543 1725 4614 subreptio,
1755 4527 1807 4587 Ῑ)

168 4633 244 4686 sed
303 4635 475 4707 longas
519 4635 851 4706 operationis
909 4650 1119 4692 merces
1173 4650 1293 4691 esse
1339 4635 1606 4691 videatur.
1661 4637 1729 4692 Et

171 4726 388 4795 s‘quilur
455 4729 751 4784 secundum
815 4727 1182 4788 beneﬁcium.
1235 4727 1360 4797 quia
1431 4727 1502 4781 ibi
1560 4728 1725 4784 etiam

173 4816 326 4874 nullus
364 4835 433 4875 ex
457 4817 701 4889 iussione
728 4817 846 4889 ejus
892 4817 1212 4874 inﬁrmitate
1246 4833 1506 4890 corporea
1553 4819 1727 4889 potuit

173 4904 329 4979 allligi.

175 5015 230 5070 '57
293 5019 490 5077 Lwtata
532 5033 608 5078 est
663 5022 926 5096 ﬂgyptus
962 5021 1016 5075 in
1052 5022 1370 5093 profectione
1395 5036 1456 5078 σε·
1489 5039 1668 5079 eorum
1712 5045 1730 5091 ,-

294 5112 428 5179 Quia
456 5114 684 5169 incubuit
711 5119 870 5172 timor
890 5129 1069 5168 eorum
1092 5130 1247 5185 super
1267 5131 1375 5170 eos.

238 5202 326 5224 βηι
525 5207 580 5223 Oc
659 5206 701 5224 ,1

1832 539 2144 595 licerentur.

1829 631 1899 687 38
1970 631 2237 703 Expendit
2265 633 2451 688 nubem
2477 634 2531 689 in
2553 635 2868 704 protectione
2895 648 2955 690 -ιν
2987 649 3166 688 eorum
3197 631 3219 704 ζ
3250 648 3267 688 ;

1972 722 2041 777 Et
2080 726 2250 794 ignem
2282 735 2335 778 ut
2365 725 2536 779 liceret
2570 740 2632 780 -ι-
2662 729 2738 778 eis
2771 723 2790 793 ζ
2820 742 2910 795 per
2943 734 3170 779 noctem.

1903 813 1941 869 ε
1979 814 2161 870 Nubes
2205 815 2330 870 data
2359 827 2474 880 est,
2507 826 2566 871 ut
2592 817 2724 871 solis
2772 825 3099 886 temperaret
3128 815 3408 881 ardorem;

1831 907 1971 977 Ignis
1995 919 2289 962 concessus
2315 917 2419 971 est,
2450 915 2508 960 ut
2531 909 2873 963 tenebrarum
2904 906 3166 976 potuisset
3194 904 3412 960 auferre

1829 999 2134 1068 caliginem.
2181 999 2248 1054 Et
2291 996 2399 1053 hoc
2449 1007 2534 1054 est
2593 999 2810 1053 tertium
2860 997 3179 1052 beneﬁcium
3207 1037 3222 1060 ,
3267 997 3411 1066 quod

1830 1087 2126 1144 Israelitico
2154 1088 2351 1158 populo
2374 1096 2586 1142 constat
2613 1102 2731 1141 esse
2758 1102 3098 1142 concessum.

1829 1177 1898 1232 59
1972 1178 2244 1232 Petierunt
2276 1188 2324 1234 et
2355 1180 2487 1233 venit
2517 1178 2759 1232 coturnix
2785 1191 2806 1229 :

1974 1269 2040 1322 Et
2067 1287 2201 1340 pane
2231 1269 2348 1324 caeli
2382 1271 2637 1324 saturavit
2665 1286 2776 1322 eos.

1898 1360 1939 1415 C
1979 1359 2244 1420 Snuernta
2313 1370 2441 1414 sunt
2513 1361 2780 1416 desideria
2837 1357 3155 1429 petentium.
3209 1358 3412 1416 Cumas

1830 1453 1983 1522 petit,
2009 1462 2064 1507 et
2090 1452 2400 1507 coturnices
2432 1452 2643 1522 accepit
2674 1451 2871 1522 (Exod.
2899 1451 2970 1521 vi)
3004 1450 3134 1521 (tam
3165 1450 3307 1504 enim
3355 1451 3409 1504 in

1831 1545 2269 1616 quadrupedibus
2310 1560 2474 1615 quam
2519 1546 2826 1601 volatilibus
2869 1559 3063 1600 carnes
3131 1553 3255 1598 sunt
3295 1543 3412 1600 sine

1830 1637 1994 1693 dubio
2021 1637 2343 1708 dulciores),
2379 1637 2599 1708 insuper
2625 1647 2681 1693 et
2712 1653 2902 1707 panem
2935 1636 3055 1692 εωιί
3087 1644 3412 1706 acceperunt

1833 1729 2022 1799 (Nam.
2059 1729 2158 1800 st).
2188 1728 2328 1784 Sunt
2355 1731 2498 1784 enim
2531 1731 2632 1785 ista
2661 1730 2825 1784 Exodi
2855 1730 3084 1786 lectione
3107 1729 3410 1793 notissima,

1762 1804 1799 1860 Β
1832 1821 2052 1888 quando
2103 1821 2414 1875 coturnices
2465 1821 2516 1874 in
2564 1823 2782 1876 modum
2822 1821 3266 1876 densissimorum
3313 1819 3412 1873 im-

1827 1908 2006 1962 brium
2037 1909 2388 1980 depluerunt;
2427 1925 2623 1964 manna
2653 1925 2868 1981 quoque
2890 1952 2905 1976 ,
2945 1921 3005 1966 ut
3033 1911 3292 1967 Judaictts
3317 1925 3414 1980 po—

1828 2000 1987 2069 pulus
2020 2001 2316 2056 satiaretttr
2341 2001 2566 2071 depluit,
2615 2003 2758 2072 quod
2790 2003 2875 2057 hic
2905 2019 3098 2072 panem
3128 2003 3248 2058 οωιί
3277 2001 3411 2057 dicit

1831 2097 1908 2163 (ct
1934 2093 2161 2164 optime)
2191 2094 2243 2148 in
2282 2093 2451 2164 ﬁgura
2483 2095 2811 2150 sacramenti
2843 2095 3018 2151 dictus
3047 2105 3130 2150 est
3158 2095 3280 2150 coeli
3315 2109 3411 2164 pa-

1829 2183 1935 2236 nis.
1968 2182 2160 2239 Manna
2206 2185 2349 2238 enim
2377 2185 2596 2250 dicitur,
2633 2186 2762 2256 quid
2799 2196 2873 2239 est
2904 2187 3040 2240 hoc?
3067 2194 3122 2241 et
3154 2195 3412 2253 tanquam

1827 2276 2092 2344 quaerenti
2125 2278 2560 2346 responderetur,
2588 2278 2791 2333 dictum
2811 2288 2894 2334 est
2917 2298 2931 2332 :
2954 2278 3114 2334 Panis
3143 2277 3410 2341 caalestis;

1829 2365 1921 2420 illo
1945 2366 2211 2421 saturavit
2233 2382 2345 2421 eos.

1827 2453 1898 2508 40
1969 2455 2210 2525 Disrupit
2235 2466 2434 2526 petram
2459 2467 2503 2511 et
2526 2459 2791 2526 ﬂuxerunt
2821 2473 3006 2528 aqua:

1970 2545 2220 2600 Abierant
2250 2547 2305 2600 in
2328 2547 2465 2600 sicco
2484 2548 2730 2616 ﬂumina.

1899 2639 1940 2695 C
1971 2638 2086 2695 Hoc
2113 2654 2327 2710 quoque
2353 2641 2404 2695 in
2436 2639 2602 2711 ﬁgura
2640 2640 2926 2712 gerebatur
2953 2639 3158 2697 Domini
3187 2639 3410 2705 Christi,

1830 2739 1889 2783 ιιι
1921 2739 2072 2800 petra
2103 2745 2276 2800 aquas
2321 2731 2650 2801 profudisset
2699 2731 2952 2801 irriguas.
2989 2730 3237 2786 Christus
3266 2730 3410 2786 enim

1831 2820 2092 2876 Dominus
2138 2830 2291 2891 petra
2335 2821 2597 2890 spiritalis
2627 2831 2708 2878 est
2745 2821 2793 2893 (1
2822 2821 2944 2876 Cor.
2969 2821 3048 2890 ι),
3089 2821 3180 2891 qui
3215 2819 3412 2874 vitales

1831 2926 2002 2982 aquas
2052 2920 2292 2967 emanat.
2341 2913 2472 2981 Quae
2518 2913 2768 2970 abierunt
2811 2915 2864 2969 in
2908 2914 3076 2977 sicco,
3125 2913 3176 2968 id
3218 2920 3326 2977 est,
3354 2911 3409 2967 in

1831 3002 2071 3072 gentium
2099 3012 2448 3072 peccatores,
2478 3005 2570 3074 qui
2607 3005 2802 3059 merito
2837 3004 2965 3060 sicci
3036 3005 3309 3067 dicuntur,
3339 3017 3412 3072 qu

1833 3091 2042 3148 delictis
2085 3095 2367 3150 urentibus
2420 3095 2784 3160 siccabantur,
2835 3095 2930 3151 sed
2976 3095 3148 3150 imbre
3191 3093 3404 3149 Domini

1753 3175 1799 3238 C
1831 3184 2040 3240 virente
2065 3184 2120 3240 in
2147 3200 2347 3241 novum
2377 3187 2651 3243 hominem
2681 3187 3032 3258 pullularunt.

1827 3271 1892 3327 41
1974 3274 2237 3339 Quoniam
2262 3291 2460 3330 memor
2484 3276 2584 3345 fuit
2616 3277 2754 3330 verbi
2782 3277 2950 3330 sancti
2977 3278 3094 3333 sui:

1973 3365 2200 3432 +Quod
2224 3367 2392 3420 habui
2445 3367 2463 3436 ξ
2497 3368 2567 3421 ad
2589 3367 2855 3422 Abraham
2877 3384 3098 3437 puerum
3120 3385 3302 3423 suum.

1898 3454 1944 3511 Η
1995 3456 2200 3512 Memor
2245 3455 2348 3512 fuit
2392 3458 2575 3524 verbi,
2619 3459 2762 3528 quod
2813 3457 3056 3529 implevit
3100 3458 3167 3514 de
3206 3460 3415 3516 semm’e

1826 3547 1965 3616 eius,
1995 3549 2156 3604 idest
2201 3551 2267 3606 de
2313 3548 2533 3606 Christo
2578 3549 2993 3621 promissionem
3046 3565 3200 3606 suam
3248 3566 3410 3621 quam

1826 3641 2058 3698 Abraha:
2096 3643 2352 3714 promisit
2407 3641 2562 3714 (Gen.
2590 3642 2705 3715 xv).
2737 3643 2779 3698 C
2808 3641 2904 3698 Vel
2931 3658 3149 3698 causam
3183 3644 3414 3698 miratu-

1827 3734 2001 3789 lontm
2027 3735 2295 3790 dictorum
2326 3751 2472 3790 nunc
2499 3737 2699 3791 subdit.
2734 3736 2858 3792 Ideo
2885 3736 3029 3791 enim
3057 3737 3309 3791 dicuntur
3334 3735 3416 3792 fa-

1827 3835 1938 3890 cta,
1965 3827 2222 3895 quoniam
2251 3826 2485 3882 Abrahae
2517 3835 2732 3882 constat
2763 3827 2928 3882 luisse
2955 3828 3245 3898 promissa.

1827 3919 1899 3974 ιε
1972 3917 2041 3973 Et
2063 3921 2242 3974 eduxit
2266 3919 2516 3990 populum
2537 3937 2694 3974 suum
2727 3921 2780 3974 in
2801 3919 3181 3975 exsultatione:

1971 4025 2034 4067 -t—
2059 4010 2127 4065 Et
2160 4011 2179 4080 ζ
2211 4010 2399 4066 electos
2425 4028 2548 4067 suos
2577 4013 2630 4066 in
2657 4011 2866 4066 lcetitia.

1899 4101 1941 4158 C
1967 4103 2171 4158 Eduxit
2199 4103 2399 4157 electos
2425 4117 2552 4158 suos
2591 4103 2642 4156 in
2673 4101 2860 4156 lmtitia
2880 4143 2896 4168 ,
2935 4100 3191 4170 quoniam
3220 4098 3292 4154 illi
3319 4098 3412 4168 qui

1827 4203 2304 4261 murmuraverunt
2329 4194 2541 4256 Domini
2593 4192 2776 4248 furore
2811 4193 3054 4265 percussi
3106 4198 3258 4256 sunt,
3295 4190 3415 4246 illos

1827 4300 1958 4355 ergo
1987 4302 2093 4342 non
2120 4286 2317 4341 dicitur
2341 4284 2619 4352 eduxisse,
2646 4299 2784 4355 quos
2813 4285 2866 4338 in
2895 4296 3078 4338 eremo
3102 4281 3276 4353 culpis
3299 4280 3416 4336 exi-

1829 4377 2080 4446 gentibus
2107 4376 2422 4447 prostravit.

1830 4467 1901 4522 45
1975 4467 2038 4522 Et
2065 4467 2207 4521 dedit
2237 4466 2344 4521 illis
2368 4466 2600 4536 regiones
2624 4465 2855 4536 gentium
2876 4481 2896 4520 :

1976 4558 2044 4614 Et
2077 4559 2281 4615 labores
2304 4558 2618 4630 papulorum
2644 4559 3010 4628 possederunt.

1903 4651 1946 4708 C
1981 4651 2137 4708 Venit
2156 4665 2300 4706 nunc
2313 4651 2380 4705 ad
2407 4649 2693 4720 septimum
2719 4647 3066 4712 beneﬁcium,
3095 4651 3238 4717 quod
3269 4645 3414 4700 enim

1833 4745 1966 4800 dicit
2014 4744 2264 4812 regiones
2311 4743 2594 4814 gentium,
2656 4742 2725 4797 ad
2767 4739 3165 4810 possessionem
3207 4736 3420 4791 videtur

1833 4833 2106 4906 pertinere
2161 4842 2466 4897 terrarum;
2525 4829 2744 4888 labores
2779 4843 2908 4883 vero
2967 4827 3306 4898 populorum,
3351 4823 3422 4876 ad

1833 4922 2051 4979 divitias
2079 4922 2240 4994 longo
2268 4930 2512 4992 tempore
2546 4931 2906 4994 congregatas

1832 5016 1903 5071 44
1979 5014 2046 5069 Ut
2070 5016 2374 5072 custodiant
2389 5012 2807 5084 justifieationes
2837 5007 2987 5076 ejus:

1979 5106 2043 5159 Et
2073 5105 2236 5177 legem
2267 5105 2382 5176 ejus
2412 5105 2715 5172 requirant.

1905 5197 1944 5224 ρ
1975 5170 2385 5224 ἓ..ηιέἇ....ι2,.;υυ-
2414 5170 2625 5222 I‘t...:-.:
2672 5201 2789 5220 ---κο
2849 5193 2904 5220 nl
2935 5184 3109 5220 nolam
3151 5187 3259 5218 inin
3282 5170 3442 5218 l‘ﬂl'dﬁ

2239 5197 2385 5222 2...”..-
2414 5192 2625 5222 ΙῚι-ἶιιιιε
2672 5201 2789 5220 ---κο
