3986 5412
499 172 604 229 383

1420 161 1478 218 S.
1521 158 1868 217 BBUNONIS
1906 158 2445 218 HERBIPOLENSIS
2481 157 2784 218 EPISCOPI

3659 163 3769 223 πε

498 287 594 359 qui
640 293 824 356 patres
870 286 1110 344 nostros,
1152 275 1355 331 virtute
1391 274 1467 329 tui
1497 274 1731 330 nominis
1783 282 2078 344 praeeunte,
2110 278 2156 337 Α
2184 288 2295 329 sua:
2325 276 2521 346 gentis,
2568 274 2682 344 ipsa
2716 282 2800 330 cst
2837 288 2966 346 gens
3004 273 3235 343 Domini;
3280 290 3401 346 quae
3420 275 3500 331 de
3526 280 3767 347 gentium

497 375 758 448 angelicis
792 372 1037 443 pastibus
1065 367 1322 433 refecisti,
1349 381 1448 422 nos
1472 380 1690 437 quoque
1718 365 1959 438 mysticis
1982 363 2081 419 da-

499 470 658 538 pibus
701 464 885 519 foveas
934 477 998 518 ac
1043 460 1328 518 reformas.
1376 458 1480 516 Per
1513 457 1798 515 Dominum
1834 465 2081 513 nostrum

496 561 680 617 Iesum
707 555 1007 621 Christum,
1043 561 1153 611 etc.

1059 640 1380 700 PSALMUS
1414 640 1524 699 CV.

953 751 1319 793 kRGUIBNTUI
1354 751 1481 791 PSA].
1490 775 1503 788 .
1543 748 1631 790 CV.

571 829 612 885 C
639 828 737 884 Hic
780 827 1142 884 introducitur
1162 826 1428 883 conﬁtens
1454 823 1682 895 populus
1710 820 2083 885 Hebraaorum,

501 938 647 988 cum,
673 921 859 976 relicta
874 928 1087 991 patrum
1108 917 1352 990 perﬁdia,
1375 917 1441 971 ad
1455 914 1709 987 pietatem
1732 910 1944 968 Domini
1966 910 2086 982 ipso

506 1010 801 1065 miserante
834 1008 1127 1080 perductus
1154 1016 1256 1062 est.

953 1096 1067 1152 TT.
1139 1095 1366 1151 Alleluia
1401 1093 1617 1149 alleluia

580 1190 621 1247 C
651 1190 751 1246 llic
778 1189 1141 1246 introducitur
1169 1185 1432 1244 conﬁtens
1458 1183 1687 1256 populus
1714 1180 2088 1246 Hebraeorum,

2184 374 2267 421 est
2289 365 2604 419 diversitate
2632 363 2878 430 collecta,
2922 373 2991 419 ut.
3003 374 3145 421 esset
3167 380 3309 438 grex-
3338 382 3477 421 unus
3500 376 3556 422 et
3583 379 3773 437 pastor

2185 470 2345 510 unus.
2389 454 2436 509 ll
2479 453 2548 510 Ut
2578 453 2816 510 lauderis
2844 471 2874 510 a
2911 455 3068 511 nobis
3094 453 3315 521 Iudaeis,
3367 468 3636 528 praecepta
3676 469 3771 515 tua

2184 546 2551 612 servantibus,
2594 561 2718 601 cum
2740 545 3055 603 haereditate
3085 555 3197 613 tua,
3227 546 3431 604 scilicet
3457 548 3643 618 gentili
3664 561 3769 619 po-

2182 637 2308 708 pulo
2335 636 2429 693 tibi
2458 638 2771 701 creditura,
2808 645 2869 692 ut
2894 637 3066 694 simus
3089 652 3211 693 cum
3249 638 3330 693 eis
3355 654 3498 693 unus
3517 640 3767 709 populus,

2182 728 2410 784 laudans
2434 737 2487 783 te
2511 728 2865 795 mternaliter;
2893 729 3028 784 vidit
3053 729 3198 785 enim
3229 740 3281 786 te
3303 731 3579 786 Abraham
3612 742 3773 802 pater

2184 827 2391 886 noster,
2416 828 2471 875 et
2492 820 2708 891 gavisus
2733 829 2814 877 est
2842 820 3026 894 (Joan.
3067 822 3186 892 Vl")
3211 838 3227 889 ;
3270 821 3550 878 videamus
3571 832 3631 878 et
3647 839 3768 888 nos,

2182 918 2238 965 et
2271 909 2560 966 laudantes
2580 911 2929 980 gaudeamus.

2185 1000 2219 1055 6
2291 999 2634 1057 Peccavimus
2659 1018 2777 1057 cum
2801 1004 3037 1075 patribus
3063 1005 3253 1059 nostris
3282 1018 3302 1059 :

2325 1091 2531 1164 I-njuste
2557 1094 2752 1165 egimus
2776 1094 3100 1167 iniquitatem
3134 1095 3371 1165 fecimus.

2255 1182 2297 1240 C
2330 1183 2562 1239 Dubium
2597 1200 2705 1240 non
2739 1193 2825 1242 est
2856 1186 3015 1242 istum
3056 1185 3308 1257 populum
3334 1201 3398 1240 ea
3427 1195 3651 1256 peccata
3678 1199 3773 1257 ge-

506 1282 620 1350 qui,
671 1280 859 1335 relicta
909 1278 1134 1350 perﬁdia
1180 1287 1395 1349 patrum
1443 1287 1684 1340 suorum,
1729 1275 1797 1329 ad
1830 1273 2097 1343 pietatem:
2185 1288 2354 1338 mere,
2395 1289 2519 1344 quae
2567 1290 2637 1331 ex
2683 1275 2920 1345 nequitia
2969 1284 3187 1347 patrum
3254 1290 3476 1330 suorum
3507 1276 3774 1344 probatur

504 1369 844 1440 Dominiipso
875 1370 1164 1424 miserante
1192 1369 1482 1439 perductus
1510 1364 1786 1437 est(12'5).
1813 1363 2091 1419 utintelli-
2187 1365 2476 1420 sustinere.
2515 1363 2649 1421 Cum
2679 1365 2974 1436 majoribus
2999 1366 3145 1420 enim
3176 1366 3290 1421 suis
3310 1373 3563 1434 peccant,
3587 1366 3677 1434 qui
3707 1380 3769 1420 se

503 1475 718 1530 gamus,
748 1475 869 1515 cum
907 1459 1109 1515 fuerint
1152 1458 1419 1523 conversi,
1451 1465 1500 1512 et
1535 1457 1686 1526 ipsos
1719 1453 1937 1511 alleluia
1973 1467 2087 1509 me-
2188 1454 2258 1509 ab
2296 1470 2487 1509 eorum
2514 1454 2722 1510 delictis
2751 1470 2858 1511 nou
2888 1456 3298 1526 separant,.hoc
3324 1465 3408 1511 est
3433 1466 3618 1511 autem
3646 1472 3774 1525 pec-

510 1551 617 1605 rito
644 1564 741 1619 pro
766 1564 862 1604 sua
886 1549 1257 1619 redemptione
1291 1553 1532 1602 cantare.

504 1640 533 1695 1
610 1637 943 1713 Conﬁtemini
964 1636 1191 1693 Domino
1219 1637 1466 1708 quoniam
1493 1635 1658 1690 bonus
1675 1649 1696 1689 .-

642 1728 904 1796 Quoniam
932 1728 988 1784 in
1012 1727 1263 1783 steculum
1292 1725 1652 1781 misericordia
1675 1726 1811 1795 ejus.

572 1817 615 1875 C
646 1817 928 1874 Confessio
973 1818 1077 1874 ista
1123 1818 1190 1872 ad
1237 1816 1558 1871 medicinam
1603 1813 1957 1885 paenitudinis
1998 1822 2086 1870 est-

504 1909 858 1985 npplicanda,
907 1908 1003 1964 sed
1041 1916 1098 1963 et
1130 1909 1196 1963 ad
1237 1907 1507 1978 pratconia
1550 1905 1762 1961 Domini
1808 1903 2085 1975 pertinere

503 2016 612 2054 nou
652 1999 871 2053 dubium
909 2006 1022 2063 est;
1065 1997 1281 2068 quando
1328 1996 1501 2067 major
1533 1995 1703 2066 gloria
1741 1992 1961 2064 pietatis
2001 2000 2088 2048 est

502 2104 728 2160 parcere
757 2088 1032 2143 conﬁtenti
1060 2102 1220 2158 quam
1258 2086 1377 2143 sine
1402 2085 1699 2142 otl'ensione
1724 2084 1929 2140 viventi
1955 2098 2088 2154 pra:-

502 2192 669 2237 stare.
700 2180 880 2237 Bonus
918 2180 1064 2236 enim
1094 2180 1292 2235 dicitur
1332 2187 1481 2235 recte
1509 2178 1789 2244 Dominus,
1821 2176 1948 2248 quia
1984 2190 2084 2232 ex-

509 2279 720 2343 spectat
753 2280 1046 2337 errantem,
1076 2278 1132 2325 et
1157 2270 1331 2341 pascit
1368 2269 1801 2339 delinquentium.
1831 2266 1886 2320 lu
1909 2281 2073 2321 saecu-

508 2364 618 2419 lum
663 2374 864 2427 autem,
912 2365 1037 2418 vitae
1069 2364 1229 2434 hujus
1261 2362 1531 2434 signiﬁcat
1568 2376 1815 2427 cursum,
1857 2358 1948 2414 ubi
1983 2358 2088 2414 mi-

509 2457 618 2511 seri
646 2465 774 2512 sunt
805 2455 1117 2526 quicunque
1147 2454 1486 2525 delinquunt.

505 2547 543 2601 2
614 2545 742 2611 Quis
772 2544 1009 2615 loquetur
1031 2545 1286 2615 potentias
1311 2544 1553 2598 Domini:

650 2636 875 2690 Auditus
896 2635 1049 2705 faciet
1076 2651 1251 2689 omnes
1278 2634 1460 2689 laudes
1486 2634 1600 2704 ejus
1617 2635 1643 2688 1’

590 2726 632 2783 C
655 2724 786 2793 Quis
821 2725 964 2780 enim
1004 2725 1275 2795 signiﬁcat
1303 2723 1531 2779 nullum.
1585 2722 1681 2778 Cui
1713 2720 1858 2777 enim
1890 2728 1984 2777 aut
2009 2721 2096 2777 in-

516 2819 732 2891 genium
772 2818 1010 2889 suppetit
1048 2817 1114 2871 ad
1156 2815 1519 2887 cogitandum,
1554 2823 1649 2870 aut
1685 2814 1866 2885 lingua
1895 2813 1963 2870 ad
2000 2814 2095 2870 de-

522 2913 900 2984 promeudum,
930 2920 990 2965 ut
1022 2910 1202 2981 lingua
1236 2909 1406 2979 possit
1437 2907 1640 2963 referre
1669 2905 2090 2978 magnitudinem

420 3040 423 3041 ν
517 2981 682 3060 tante
734 3003 1075 3074 majestatis?
1122 3001 1349 3057 Auditas
1393 3000 1592 3065 faciet,
1643 3009 1700 3054 et
1744 3001 1833 3055 hic
1879 2981 2164 3070 quoquec

514 3093 945 3150 subaudiendum
971 3102 1074 3158 est,
1106 3091 1228 3163 quis
1271 3109 1285 3145 :
1327 3089 1421 3145 Illa
1464 3091 1607 3145 enim
1637 3097 1863 3161 possunt
1897 3088 2089 3155 audiri,

512 3199 637 3254 qu;e
665 3184 966 3254 probantur
993 3190 1052 3238 et
1082 3182 1208 3237 dici.
1474 3167 1481 3173 ’

512 3277 548 3333 3
612 3276 761 3333 Beati
779 3276 868 3347 qui
889 3275 1184 3329 custodiunt
1199 3274 1461 3345 judicium
1479 3292 1499 3332 :

651 3363 721 3419 Et
742 3364 942 3434 faciunt
960 3364 1231 3435 justitiam
1258 3364 1314 3416 in
1341 3362 1482 3417 omni
1508 3370 1756 3431 tempore.

584 3455 625 3512 C
650 3455 892 3512 Custodit
921 3456 1069 3511 enim
1098 3454 1359 3525 judicium
1387 3454 1479 3524 qui
1509 3453 1652 3509 inter
1679 3451 1815 3507 alios
1838 3456 1988 3507 recte
2007 3446 2097 3517 ju-

518 3546 684 3602 dicat.
736 3546 1007 3602 Justitiam
1069 3554 1247 3600 autem
1288 3543 1451 3611 facit,
1512 3544 1606 3613 qui
1653 3558 1773 3600 eam
1830 3543 1885 3598 in
1930 3554 2096 3612 opere

515 3637 870 3692 demonstrat.
925 3635 1122 3691 Merito
1144 3649 1273 3703 ergo
1316 3634 1405 3689 isti
1442 3633 1575 3689 tales
1603 3634 1750 3689 beati
1776 3632 1906 3688 dicti
1942 3640 2093 3699 sunt,

515 3729 607 3798 qui
643 3738 912 3800 praecepta
947 3727 1039 3781 Dei
1069 3742 1203 3798 pura
1229 3732 1411 3781 mente
1437 3725 1744 3780 custodiunt
1773 3724 1924 3780 omni
1961 3731 2096 3778 tem-

514 3833 666 3890 pore.
719 3818 817 3885 Qui
849 3818 994 3873 enim
1030 3815 1461 3887 perseveraveris
1502 3830 1675 3886 usque
1711 3814 1765 3871 in
1803 3813 1966 3871 ﬁnem
2008 3814 2097 3870 hic

516 3910 697 3965 salvus
721 3911 825 3966 erit
855 3909 1074 3983 (Matth.
1099 3909 1175 3982 x).

510 4000 545 4055 ι
646 3999 904 4057 Memento
930 4003 1117 4068 nostri,
1165 3999 1407 4067 Domine,
1461 4000 1517 4054 in
1563 3997 1879 4068 beneplacito
1915 3995 2096 4069 papuli

724 4093 845 4148 tui:
1524 4086 1525 4089 “

658 4183 828 4238 Visita
856 4202 948 4239 nos
982 4185 1038 4239 in
1070 4184 1296 4240 salutari
1327 4192 1437 4238 tuo.

582 4272 624 4329 (τ
665 4274 835 4329 Orant
894 4274 1091 4336 devoti,
1148 4284 1211 4330 ut
1261 4275 1403 4329 inter
1431 4288 1526 4329 eos
1551 4273 1783 4328 debeant
1804 4270 2089 4335 testimari,

514 4365 606 4434 qui
636 4364 864 4418 Domino
893 4363 1034 4417 ﬁdeli
1058 4377 1220 4431 opere
1263 4363 1600 4432 placuerunt.
1626 4361 1828 4431 Optant
1878 4375 1938 4415 se
1960 4359 2091 4415 visi-

517 4455 617 4510 tari
646 4470 677 4508 a
705 4455 838 4518 Deo,
875 4453 1027 4521 cujus
1076 4454 1308 4506 adventu
1338 4466 1398 4507 se
1439 4462 1699 4506 noverant
1726 4466 1846 4506 esse
1880 4450 2091 4506 salvan-

514 4548 631 4602 dos.
686 4546 731 4601 Η
784 4545 1071 4607 Salutsris,
1115 4543 1281 4597 Filius
1302 4552 1384 4596 cst
1404 4542 1598 4596 Patris.
1629 4541 1670 4596 C
1693 4542 1808 4612 Ipse
1834 4551 1917 4597 est
1944 4542 2091 4597 salu-

514 4648 653 4703 tare,
687 4637 754 4692 de
776 4653 882 4705 quo
905 4638 1096 4691 beatus
1122 4633 1341 4689 Simeon
1368 4634 1445 4687 ait
1468 4652 1484 4688 ;
1523 4632 1783 4688 Viderunt
1814 4633 1959 4689 oculi
1986 4633 2091 4689 mei

515 4732 767 4787 Salutare
797 4741 946 4785 tuum
979 4728 1129 4799 (Luc.
1157 4727 1241 4799 tt).

514 4821 549 4876 5
618 4822 701 4875 Ad
768 4821 1043 4875 ridendum
1067 4820 1120 4872 in
1166 4818 1394 4872 bonitate
1434 4815 1712 4873 electorum
1743 4824 1993 4870 tuorum:
2029 4817 2098 4869 ad

723 4911 1008 4967 ltrtandum
1033 4913 1088 4966 in
1108 4910 1292 4966 la'tt'tia
1313 4911 1478 4981 gentis
1501 4919 1605 4963 tua:
1628 4924 1648 4967 .'

654 5002 725 5057 Ut
746 5003 978 5058 lauderis
1001 5019 1118 5056 cum
1145 5003 1448 5057 lucreditate
1477 5012 1591 5055 tua.

587 5091 654 5148 (Σ-
674 5084 817 5149 Petit
843 5094 1071 5165 populus
1097 5094 1384 5163 praedictus
1408 5107 1437 5145 a
1462 5090 1687 5146 salutari
1715 5088 1943 5145 Domino
1967 5088 2093 5143 visi-

522 5182 647 5245 tari,
698 5193 756 5236 ut
806 5185 1099 5239 bonitatem
1135 5184 1251 5253 ejus
1289 5181 1517 5247 videret,
1548 5196 1711 5250 quam
1742 5179 1934 5235 electis
1981 5179 2096 5235 suis

522 5277 640 5322 erat
691 5285 785 5326 suo
829 5288 1052 5328 munere
1102 5279 1475 5342 praestaturus.
1524 5268 1679 5335 Cum,
1719 5268 1804 5324 vel
1826 5268 1881 5324 in
1906 5266 2095 5329 laetitia

604 5399 736 5412 ’.Α-ι
761 5400 805 5412 ιο

2122 4333 2169 4391 D

2188 1546 2450 1613 cavimus,
2494 1548 2639 1617 quod
2669 1545 2864 1618 injuste
2882 1548 3122 1619 egimus,
3149 1549 3292 1620 quod
3320 1549 3664 1619 iniquitatem
3692 1549 3793 1605 fe-

2111 1637 2160 1698 B
2189 1636 2383 1690 cimus.

2186 1726 2218 1778 7
2292 1725 2481 1782 Patres
2503 1727 2669 1784 nostri
2694 1728 2749 1784 in
2788 1727 3020 1802 ﬁgi/pta
3070 1745 3174 1784 non
3210 1728 3579 1799 intellexerunt
3608 1744 3793 1783 nstra-—

2400 1818 2528 1875 bilia
2550 1829 2641 1874 tua
2665 1836 2687 1876 :

2331 1907 2455 1963 Non
2481 1910 2695 1979 {uerunt
2729 1927 2980 1969 memores
3019 1912 3367 1968 multitudinis
3395 1912 3773 1967 misericordia:

2392 2008 2518 2055 ιιιω.

2255 2089 2296 2145 C
2336 2088 2452 2146 Duo
2478 2100 2605 2147 sunt
2658 2106 2778 2163 qua:
2813 2091 3077 2149 beneﬁcia
3127 2091 3321 2149 collata
3365 2091 3778 2159 commendant,

2188 2178 2492 2236 intellectus
2543 2190 2598 2236 et
2654 2184 2911 2239 memoria
2940 2183 3084 2255 quod
3129 2192 3417 2254 utrumque
3454 2182 3507 2236 in
3541 2181 3763 2252 perfidis

2187 2271 2357 2328 fuisse
2408 2272 2726 2344 denegatur.
2783 2270 3053 2329 Videbunt
3100 2274 3243 2330 enim
3281 2273 3465 2345 plagas
3494 2271 3781 2343 :Egyptio.

2188 2377 2330 2428 rum,
2368 2370 2424 2416 et
2471 2361 2729 2419 beneﬁcia
2782 2363 2898 2431 Dei,
2937 2363 3030 2420 sed
3071 2380 3177 2435 qua
3213 2380 3385 2419 causa"
3420 2364 3617 2418 ﬁerent
3666 2378 3766 2417 non

2189 2454 2575 2524 agnoscebant,
2621 2469 2720 2510 nec
2749 2470 3016 2512 memores
3044 2464 3202 2511 erant
3245 2456 3640 2511 misericOrdie
3660 2455 3767 2518 Dei,

2188 2543 2433 2600 videntes
2482 2543 2625 2600 enim
2677 2546 2973 2601 exercitum
3013 2546 3335 2613 Pharaonis,
3391 2547 3764 2602 credebantse

2189 2635 2427 2691 subsidia
2450 2637 2710 2693 evadendi
2740 2637 3039 2709 perdidisse
3064 2648 3354 2707 antequam
3381 2653 3535 2694 mare
3582 2638 3774 2695 divide-

2193 2734 2363 2790 retur,
2410 2727 2755 2782 immemores
2777 2727 3014 2798 priorum
3043 2728 3390 2783 mirabilium.

2193 2816 2226 2872 8
2302 2815 2366 2872 Et
2388 2817 2723 2873 irritaverant
2753 2820 3086 2874 ascendentes
3112 2820 3167 2874 in
3188 2836 3333 2875 mare
3363 2837 3383 2875 :

2338 2908 2490 2964 Mare
2520 2914 2587 2979 κ(
2616 2909 2853 2965 Rubrum
2938 2949 2953 2965 .

2277 2998 2305 3053 ’ἶ
2343 3000 2718 3068 lrritaveruut,
2764 3002 2817 3058 id
2839 3011 2923 3059 est
2950 3002 3245 3074 placatum
3268 3002 3437 3057 Deum
3460 3001 3773 3057 iracundum

2196 3089 2414 3146 sibimet
2455 3091 2824 3148 reddiderunt.
2872 3092 3272 3158 Ascendentes,
3327 3093 3427 3147 hoc
3457 3100 3677 3147 constat
3703 3091 3776 3146 di-

2195 3188 2342 3237 ctum
2370 3182 2638 3253 positione
2666 3182 2792 3249 loci,
2818 3185 3071 3254 quoniam
3095 3184 3353 3256 [Egyptus
3377 3185 3589 3239 cunctis
3614 3183 3777 3254 regio-

2195 3272 2354 3330 nibus
2397 3275 2712 3345 perhibetur
2741 3290 2863 3330 esse
2905 3276 3185 3342 humilior,
3216 3284 3271 3330 et
3294 3276 3412 3331 ideo
3446 3276 3572 3331 inde
3596 3292 3776 3332 ascen-

2196 3360 2387 3418 dentes
2413 3364 2687 3433 petierunt
2714 3363 2830 3418 loca
2861 3363 3076 3419 altiora.
3134 3428 3144 3441 η

2194 3453 2228 3511 9
2304 3453 2368 3508 Et
2404 3455 2618 3510 salvovit
2647 3473 2734 3511 eos
2757 3466 2964 3527 propter
2985 3472 3170 3511 nomen
3200 3473 3353 3511 suum
3377 3471 3395 3509 :

2342 3543 2412 3599 Ut
2436 3554 2610 3600 notam
2630 3545 2823 3615 faceret
2852 3548 3134 3613 potentiam
3160 3564 3334 3601 suam.

2267 3636 2307 3692 C
2359 3634 2597 3708 Dicenda
2619 3646 2842 3707 propter
2881 3653 3074 3692 nomen
3104 3653 3280 3703 suum,
3313 3637 3563 3708 designat
3605 3636 3777 3693 Domi-

2197 3698 2427 3782 tninum’
2457 3723 2816 3793 Salvatorem,
2870 3727 3021 3797 cujus
3046 3728 3308 3785 vocabulo
3346 3728 3628 3793 convenit,
3683 3727 3777 3783 sal-

2196 3831 2329 3872 vare
2374 3816 2760 3887 periclitantes.
2820 3816 3010 3873 Notaui
3072 3820 3199 3874 fecit
3254 3819 3555 3888 potentiam
3607 3834 3775 3885 suam,

2198 3909 2386 3980 utique
2409 3909 2581 3965 oculis
2608 3909 2836 3979 spiritali
2863 3911 3192 3981 cogitatione
3219 3911 3530 3967 videntibus

2199 3999 2267 4055 10
2368 4001 2437 4056 Et
2460 4003 2713 4073 increpuit
2743 4019 2888 4056 mare
2920 4002 3155 4057 Rubrum
3186 4013 3235 4056 et
3255 4004 3575 4057 exsiccatum
3600 4014 3720 4059 est:

2339 4093 2408 4148 Et
2444 4095 2660 4149 deduxit
2684 4112 2770 4150 eos
2800 4096 2855 4151 in
2877 4095 3077 4165 abyssis
3101 4096 3234 4149 sicut
3257 4096 3310 4149 in
3339 4096 3568 4150 deserto.

2266 4183 2308 4240 C
2349 4183 2777 4255 lncrepationem
2816 4185 3035 4239 vocavit
3052 4185 3323 4240 occultum
3356 4185 3663 4240 divinitatis
3690 4186 3778 4239 im-

2196 4274 2430 4343 perium,
2483 4274 2609 4344 quia
2641 4289 2790 4329 mare
2816 4274 3091 4330 inExodo
3110 4289 3245 4330 voce
3268 4274 3476 4330 Domini
3504 4291 3615 4332 non
3654 4275 3774 4345 legi-

2197 4378 2316 4419 mus
2344 4363 2696 4433 increpatum.
2727 4365 3000 4421 Siccatum
3031 4374 3115 4421 est
3138 4358 3307 4431 mare,
3335 4381 3440 4421 non
3468 4380 3570 4435 per
3594 4373 3774 4425 totum.

2197 4456 2292 4511 sed
2329 4462 2537 4510 tantum
2576 4464 2836 4526 quantum
2870 4457 2977 4512 illis
3006 4466 3134 4512 tunc
3166 4459 3270 4513 iter
3304 4456 3563 4527 aperiret.
3593 4457 3777 4511 Deser-

2199 4552 2312 4601 tum
2363 4545 2582 4611 dicitur,
2635 4554 2691 4601 et
2732 4547 2899 4601 estin
2943 4547 3189 4618 abyssis,
3251 4544 3468 4618 quando
3518 4558 3774 4615 aquarum

2199 4635 2545 4691 inundatione
2565 4634 2909 4702 deseruntur,
2934 4651 2999 4691 ac
3023 4638 3102 4692 sic
3137 4637 3279 4691 aruit
3302 4636 3390 4691 illa
3422 4636 3509 4691 via
3548 4634 3773 4691 ﬂuento-

2202 4740 2323 4779 rum
2364 4738 2423 4779 ut
2471 4740 2643 4794 usque
2692 4726 2760 4780 ad
2808 4726 2913 4782 iter
2955 4729 3265 4796 pulvereum
3301 4727 3568 4797 potuisset
3591 4740 3774 4797 perve-

2203 4815 2339 4870 nire.
2398 4814 2627 4886 Propter
2672 4819 2817 4887 quod
2866 4818 3077 4873 deserto
3139 4829 3527 4888 comparantur
3603 4814 3773 4888 abyssi

2201 4904 2338 4959 ista).

2206 4992 2266 5048 tt
2345 4992 2416 5048 Et
2436 4992 2655 5049 saluauit
2676 5012 2762 5050 eos
2784 4996 2849 5050 de
2871 5012 3031 5051 manu
3061 4996 3347 5051 odientiuns

2346 5083 2414 5139 Et
2435 5085 2650 5140 redemit
2674 5102 2761 5141 eos
2783 5087 2848 5142 de
2870 5104 3032 5142 manu
3056 5087 3275 5141 inimici.

2268 5174 2311 5229 (Ξ
2363 5174 2603 5232 Salvavit
2652 5179 2797 5234 enim
2850 5178 3099 5237 Christus
3160 5180 3455 5235 humanum
3521 5192 3687 5250 genus
3739 5191 3770 5231 ι

2201 5264 2429 5321 cohorte
2476 5267 2802 5335 daemonum,
2860 5284 2982 5340 quae
3008 5269 3216 5340 plebem
3242 5269 3538 5324 humanam
3563 5265 3771 5323 stimulo

3327 5398 3473 5412 RD.
