3986 5412
151 318 253 374 δὸἔ

1375 271 1739 367 εχροειτιο
1776 305 2228 365 ρειιωίθιιωι.

3305 319 3408 381 .586

151 440 490 501 peccatoru
538 435 593 481 et
619 423 747 482 odit
777 434 833 479 ct
867 425 1116 496 percutit.
1145 420 1394 479 Redemit
1417 432 1732 492 peccatores
1759 419 1811 479 Δ
1840 417 1907 475 ιδ
1978 422 2172 491 Aperta
2200 433 2276 478 est
2303 433 2444 479 terra
2472 435 2522 480 et
2554 425 2822 496 deglutivit
2851 427 3065 484 Dathan
3091 448 3110 486 :

151 519 428 582 obnoxios,
478 517 718 586 pretioso
749 516 1043 586 sanguine,
1111 517 1178 570 ab
1232 516 1460 586 imperio
1507 512 1730 578 diaboli,

152 613 249 666 hoc
272 617 352 664 est
377 609 444 662 de
464 623 630 661 manu
655 606 881 660 inimici.
915 606 994 658 Ad
1027 605 1264 660 litteram
1292 605 1436 659 enim
1470 602 1598 657 illud
1623 603 1729 666 dici

150 718 250 755 non
281 699 509 761 videtur,
557 713 665 754 non
703 698 852 753 enim
879 697 1151 769 Egyptiis
1177 696 1409 767 pretium
1436 695 1579 750 dedit
1605 708 1729 748 cum

151 790 425 844 liberasset
469 787 706 852 Judzeos,
751 788 890 858 quod
919 797 1100 841 tamen
1128 786 1378 851 redemit,
1431 784 1726 856 signiﬁcat,

151 881 455 951 prophetico
485 881 650 950 igitur
675 880 878 935 dictum
905 879 1187 934 habeatur.

151 991 212 1044 l2
279 989 346 1044 Et
368 993 536 1060 operit
560 1008 700 1061 aqua
730 991 1038 1044 tribulantes
1059 1006 1144 1044 eos
1167 1004 1186 1044 :

287 1081 434 1135 Unus
469 1099 536 1140 ex-
565 1084 639 1136 eis
670 1098 773 1135 non
805 1082 1077 1136 remansit.

212 1172 253 1226 ll
280 1172 403 1228 Haec
431 1189 577 1228 nunc
597 1173 895 1228 similitudo
925 1173 979 1226 in
1008 1180 1196 1228 nostro
1224 1170 1495 1241 baptismo
1522 1170 1604 1236 ﬁt,
1629 1168 1716 1224 ubi

141 1263 369 1317 abluitur
419 1263 584 1318 homo
639 1263 818 1332 aquis,
850 1270 908 1316 et
959 1261 1103 1330 perit
1165 1260 1411 1316 diabolus
1468 1274 1590 1314 cum
1625 1275 1716 1312 sa-

149 1355 395 1410 tellitibus
418 1355 552 1409 suis.
581 1354 623 1408 C
641 1354 722 1407 Ad
748 1354 982 1408 litteram
1005 1353 1149 1408 enim
1169 1351 1388 1423 planum
1413 1359 1500 1406 est
1521 1350 1716 1406 intelli-

143 1461 262 1516 gere
285 1445 572 1500 historiam
601 1445 865 1501 nascenti.

143 1557 206 1610 l5
275 1557 342 1611 Et
372 1559 706 1613 crediderunt
749 1573 812 1614 -ι-
839 1558 891 1612 in
925 1559 943 1629 ζ
975 1560 1140 1613 verbis
1165 1559 1280 1629 ejus
1310 1572 1330 1612 :

276 1649 341 1703 Et
375 1649 724 1704 laudauerunt
755 1648 963 1705 laudem
992 1653 1126 1721 ejus.

204 1738 244 1795 C
278 1740 354 1794 Et
399 1741 783 1808 crediderunt,
833 1743 1088 1798 duritiam
1145 1746 1198 1800 in
1249 1747 1353 1803 hoc
1400 1750 1579 1804 cordis
1613 1750 1710 1805 de-
1749 1771 1794 1830 Β

146 1840 436 1898 monstrat,
488 1834 634 1904 quod
669 1848 774 1888 non
816 1843 944 1888 ante
980 1845 1237 1892 eventum
1289 1838 1402 1903 rei,
1451 1841 1544 1895 sed
1597 1849 1720 1910 post

144 1923 336 1978 factum
370 1926 744 1979 miraculorum
772 1927 995 1983 credere
1023 1929 1350 1985 maluerunt.
1377 1933 1442 1987 Et
1463 1933 1719 1989 laudave-

149 2023 291 2077 runt,
351 2014 562 2069 scilicet
609 2025 865 2072 canentes
901 2031 916 2072 :
974 2016 1268 2074 Cantemus
1309 2021 1568 2089 Domino,
1605 2023 1720 2094 glo-

146 2103 274 2158 riose
299 2106 448 2159 enim
479 2106 774 2161 honoratus
805 2117 888 2162 est
918 2109 936 2180 (
963 2108 1137 2164 Exod.
1167 2127 1237 2164 xv
1258 2115 1302 2182 ).

146 2195 204 2250 14
263 2197 386 2252 ‘Cito
427 2213 489 2253 -ε-
520 2197 749 2266 fecerunt
782 2203 799 2272 ξ
833 2201 980 2255 obliti
1006 2214 1128 2257 sunt
1158 2221 1369 2274 Operam
1397 2209 1514 2278 ejus
1535 2223 1558 2262 .°

274 2289 395 2344 Non
424 2291 784 2345 sustinuerunt
813 2293 1089 2347 consilium
1119 2296 1254 2365 ejus.

205 2378 242 2434 C
269 2380 389 2435 Cito
425 2379 701 2444 fecerunt,
739 2397 801 2436 ac
833 2382 878 2436 si
909 2383 1150 2439 diceret:
1187 2385 1410 2442 Summa
1441 2390 1720 2445 celeritate

147 2471 321 2523 mutati
365 2481 527 2537 sunt,
566 2481 623 2525 ut
651 2473 741 2542 qui
778 2473 1006 2528 Domino
1035 2475 1100 2530 de
1130 2476 1343 2533 collatis
1375 2480 1717 2536 mirabilibus

149 2558 329 2616 laudes
381 2565 682 2627 canebant,
732 2573 888 2632 post,
941 2564 1204 2624 nefandas
1253 2573 1717 2630 murmurationes

146 2652 500 2705 assutnebaut.
539 2653 840 2708 Consilium
879 2663 1229 2712 mutaverunt
1282 2658 1336 2714 in
1384 2674 1710 2732 peccatum,

147 2740 258 2794 dum
296 2743 451 2812 prius
488 2744 844 2814 desperarent
880 2762 1043 2816 quam
1077 2749 1194 2820 ejus
1228 2761 1420 2820 parata
1450 2754 1715 2811 beneﬁcia

147 2834 528 2900 provenissent.
558 2834 842 2890 Petierunt
871 2837 1014 2891 enim
1045 2853 1230 2894 escam
1259 2842 1360 2897 sub
1391 2841 1713 2912 dilﬁdentia,

137 2924 375 2988 quamvis
417 2935 542 2978 ante
570 2964 587 2991 ,
626 2925 827 2981 nullam
864 2929 1063 2984 famem
1098 2941 1283 2986 essent
1313 2934 1495 3003 passi,
1532 2936 1715 2994 divina

144 3028 341 3084 semper
367 3016 622 3088 largitate
646 3019 806 3089 pasti.
835 3020 912 3074 lta
944 3022 1103 3077 hodie
1131 3023 1288 3079 multi
1311 3067 1324 3090 ,
1353 3027 1480 3081 dum
1504 3027 1605 3083 sibi
1634 3030 1718 3084 ni-

145 3106 240 3159 mia
268 3107 636 3165 -lestinatione
664 3112 986 3181 provident,
1022 3114 1226 3172 incauti
1257 3117 1561 3175 divinitatis
1598 3121 1710 3177 dis-
1742 3146 1786 3208 ο

143 3198 450 3266 positionem
481 3203 802 3274 anticipant.

144 3288 202 3342 15
267 3292 334 3346 Et
362 3296 740 3363 concupierunt
769 3299 1245 3368 concupiscentiam
1273 3303 1327 3358 in
1357 3303 1560 3360 deserto
1586 3320 1607 3359 :

267 3383 333 3438 Et
363 3393 694 3439 tentaverunt
723 3385 892 3440 Deum
921 3390 975 3442 in
1004 3389 1284 3460 inaquoso.

203 3475 242 3530 C
268 3476 334 3531 Et
359 3478 758 3548 concupierunt
779 3479 1252 3549 concupiscentias
1272 3524 1287 3550 ,
1326 3499 1446 3539 cum
1475 3487 1718 3556 postula-

1977 511 2048 566 Et
2076 515 2279 585 operuit
2305 532 2462 587 super
2484 519 2942 589 congregationem
2976 524 3199 579 Abiron.

1904 603 1951 658 ll
1997 605 2196 675 Aperta
2242 617 2325 663 est
2375 618 2550 674 terra,
2597 608 2740 666 facta
2787 622 2915 667 sunt
2955 613 3071 670 haec
3113 619 3414 676 secundum

1832 693 2066 751 litteram
2091 737 2106 762 ,
2137 698 2232 753 sed
2261 705 2317 751 et
2342 713 2485 753 nunc
2511 709 2669 755 vorat
2709 717 2801 756 eos
2845 711 3022 768 terra,
3064 706 3156 774 qui
3203 717 3417 762 terrena

1831 785 2082 854 sapiunt;
2133 793 2189 840 et
2241 787 2503 841 recedunt
2553 802 2583 840 a
2628 791 2897 844 mandatis
2941 791 3077 858 Dei;
3125 810 3260 864 quos
3303 813 3412 851 non

1831 872 2103 929 illuminat
2128 875 2304 947 gratia
2321 874 2556 946 Spiritus
2584 878 2779 944 sancti,
2807 880 2903 934 sed
2929 882 3176 937 accendit
3201 883 3416 940 ﬂamma

1826 963 2066 1032 peccati.

1827 1051 1893 1107 19
1965 1053 2035 1107 Et
2064 1056 2258 1109 exarsit
2290 1057 2424 1127 ignis
2455 1057 2509 1112 in
2541 1075 2806 1130 synagoga
2837 1077 3017 1116 eorum
3047 1076 3066 1116 :

1966 1140 2218 1199 Flamma
2251 1148 2530 1201 combussit
2559 1159 2876 1217 peccatores.

1895 1236 1936 1292 C
1974 1237 2193 1292 Exarsit
2224 1237 2364 1307 ignis
2407 1240 2507 1293 hoc
2540 1238 2744 1294 factum
2774 1251 2857 1296 est
2887 1258 3048 1314 supra
3071 1286 3087 1311 ,
3141 1248 3404 1304 ducentos

1858 1326 2212 1395 uinquaginta
2253 1328 2428 1382 socios
2466 1327 2674 1384 Dathan
2715 1339 2769 1386 et
2806 1332 3047 1400 Abiron,
3085 1339 3177 1406 qui
3220 1355 3408 1394 eorum

1818 1417 2110 1472 infeliciter
2163 1427 2283 1473 vota
2337 1420 2510 1474 secuti
2563 1432 2710 1476 sunt.
2764 1421 3005 1480 Flamma
3051 1426 3194 1481 dicta
3241 1442 3324 1484 est
3367 1447 3396 1484 a

1815 1509 2029 1582 ﬂagello
2059 1527 2335 1566 comarum
2367 1529 2611 1570 suarum.
2643 1515 2925 1588 Synagoga
2953 1559 2968 1582 ,
3001 1535 3131 1576 vero
3163 1523 3252 1577 hic
3280 1540 3420 1579 con-

1823 1606 2196 1676 gregatiouem
2225 1609 2496 1663 sociorum
2527 1609 2740 1664 Dathan
2767 1621 2823 1666 et
2848 1612 3055 1668 Ahiron
3084 1617 3373 1688 signiﬁcat.

1816 1694 1887 1749 20
1963 1711 2024 1751 σε·
2063 1695 2133 1750 Et
2163 1699 2184 1769 ξ
2218 1697 2449 1767 fecerunt
2471 1700 2696 1755 uitulum
2727 1701 2781 1757 in
2811 1702 3012 1760 Choreb
3039 1723 3059 1762 :

1975 1788 2044 1841 Et
2075 1791 2428 1848 adoravcrunt
2454 1792 2712 1863 sculptile.

1895 1879 1936 1935 C
1966 1881 2182 1936 Choreh
2211 1883 2598 1956 interpretatur
2625 1886 2882 1957 calvaria,
2909 1892 3002 1948 ubi
3030 1903 3216 1964 postea
3246 1895 3415 1954 Judaei

1824 1971 2113 2026 Dominum
2149 1975 2574 2044 cruciﬁxerunt,
2606 1989 2664 2032 ttt
2693 1966 2748 2034 in
2787 1985 2976 2038 eodem
3016 1988 3265 2054 nomine,
3300 1989 3415 2058 jam

1828 2070 1956 2117 tunc
2004 2063 2058 2118 in
2100 2063 2190 2120 illo
2229 2068 2446 2122 deserto
2475 2067 2720 2135 Choreb,
2753 2073 3024 2130 culturam
3056 2079 3151 2133 Dei
3181 2080 3414 2136 nefanda

1824 2155 2246 2225 praesumptione
2276 2157 2574 2225 violarent,
2608 2176 2838 2229 quorum
2871 2168 3163 2234 posteritas
3205 2182 3324 2226 erat
3355 2173 3408 2227 in

1825 2243 1946 2298 loco
1993 2247 2248 2301 calvaria:
2288 2248 2616 2304 cruciﬁxura
2665 2253 2971 2310 Dominum.
3024 2257 3408 2316 Adoraverunt

1822 2337 2068 2408 sculptile
2089 2379 2104 2404 ,
2137 2355 2246 2397 non
2279 2342 2334 2396 in
2364 2342 2616 2410 deserto,
2649 2345 2743 2400 sed
2775 2346 2829 2399 in
2873 2357 3017 2403 terra
3061 2361 3251 2422 postea
3280 2370 3414 2424 pro-

1823 2445 1872 2481 Ill
1883 2446 2048 2486 ISSIOH
2059 2449 2071 2486 ι
2081 2449 2130 2488 8ο

1819 2521 1884 2577 21
1963 2521 2032 2576 Et
2082 2535 2415 2581 mutaverunt
2468 2527 2691 2598 gloriam
2743 2546 2897 2585 suam
2927 2545 2946 2584 .'
2996 2534 3050 2587 in
3088 2535 3340 2592 similitu-

2033 2614 2206 2670 dinem
2247 2618 2393 2671 vituli

1961 2705 2294 2760 Lomedentis
2324 2707 2526 2777 fenum.

1891 2795 1931 2851 C
1962 2796 2146 2853 Gloria
2175 2814 2362 2854 eorum
2392 2800 2493 2856 fuit
2523 2803 2750 2858 adorata
2795 2803 3086 2873 divinitas,
3114 2823 3280 2878 quam
3326 2810 3410 2866 in-

1817 2888 1964 2945 l'elici
1995 2895 2422 2949 commutatione
2460 2896 2783 2965 perdentes,
2816 2913 2988 2970 usque
3031 2901 3100 2956 ad
3138 2902 3242 2958 hoc
3279 2919 3405 2975 per-

1820 2985 2006 3039 venire
2061 2998 2428 3054 meruerunt,
2485 2997 2546 3044 ut
2601 2991 2917 3048 deserentes
2971 2993 3094 3048 caeli
3143 3005 3412 3065 terrasque

1820 3073 2132 3131 Creatorem
2153 3117 2168 3143 ,
2214 3077 2383 3134 Deum
2421 3081 2526 3136 sibi
2555 3079 2834 3152 lacerent,
2865 3084 3280 3144 similitudinem
3325 3088 3409 3144 vi-

1820 3166 1915 3221 tuli
1947 3167 2130 3224 fenum
2157 3170 2513 3228 comedentis.

1825 3259 1896 3315 ‘18
1971 3260 2136 3316 Obliti
2162 3273 2282 3318 sunt
2311 3263 2479 3320 Deum
2503 3267 2591 3334 qui
2618 3267 2839 3323 saluauit
2867 3286 2956 3324 eos
2975 3287 2998 3326 :

1961 3351 2068 3420 Qui
2093 3356 2218 3425 fecit
2246 3357 2514 3428 magnalia
2543 3359 2598 3413 in
2631 3359 2865 3431 /Egypto
2895 3363 3185 3418 mirabilia.

1965 3445 2033 3499 In
2062 3456 2205 3500 terra
2236 3447 2402 3502 Citam
2434 3465 2452 3503 :
2483 3451 2739 3504 terribilia
2769 3451 2824 3504 in
2855 3469 3002 3508 mare
3029 3453 3227 3510 Rubro.

1888 3535 1935 3590 ll
1961 3536 2121 3592 Obliti
2151 3548 2278 3594 sunt
2315 3539 2482 3594 Deum
2515 3558 2528 3592 :
2561 3542 2652 3610 qui
2679 3543 2987 3598 verberavit
3016 3545 3202 3600 multis
3227 3545 3402 3618 plagis

141 3564 256 3620 bant
290 3568 546 3623 sibidari
578 3569 681 3623 sub
740 3573 1264 3630 murmurationibus
1314 3593 1510 3645 aquam
1542 3588 1595 3632 et
1622 3594 1716 3634 c0-

143 3658 510 3712 niessationetn
541 3659 596 3712 in
627 3658 843 3714 deserto
874 3660 1090 3732 (Exod.
1127 3680 1196 3718 xv
1220 3666 1260 3735 ).
1294 3663 1540 3722 Ostendit
1569 3669 1712 3724 enim

141 3749 420 3815 geminatio
451 3748 740 3804 verborum
772 3752 1108 3809 nimietatem
1135 3756 1414 3813 desiderii.
1446 3759 1512 3814 Et
1543 3767 1712 3815 tenta-

141 3847 318 3891 verunt
347 3839 405 3892 in
434 3839 723 3909 inaquoso.
758 3839 802 3893 ll
831 3839 1064 3898 Siccitas
1101 3841 1247 3899 enim
1283 3847 1364 3901 eis
1397 3857 1546 3912 erat,
1583 3851 1710 3920 quia

143 3945 234 3986 non
283 3935 657 4004 agnoscebant
705 3934 1078 4006 irrigationem
1128 3941 1304 3995 sancti
1361 3940 1602 4011 Spiritus
1660 3945 1712 3999 in

143 4023 371 4081 columna
405 4021 567 4080 nubis
588 4065 603 4093 ,
632 4041 754 4096 qua:
783 4029 1124 4096 prmcedebat
1155 4045 1270 4086 eos.

1816 3627 2133 3698 Egyptum,
2166 3638 2224 3683 ιιι
2251 3645 2408 3685 suum
2435 3631 2690 3700 populum
2717 3632 2974 3688 liberaret
3003 3648 3017 3687 :
3048 3643 3102 3690 et
3135 3636 3399 3691 miracula

1817 3719 1871 3774 in
1906 3730 2047 3774 terra
2075 3719 2246 3776 Cham
2277 3722 2391 3777 sive
2423 3722 2680 3777 Chanaan
2712 3723 2862 3791 fecit,
2894 3741 3017 3780 eum
3054 3726 3246 3795 ejectis
3270 3743 3401 3798 gen-

1819 3811 1962 3864 tibus
2008 3811 2153 3882 ipsos
2199 3811 2254 3867 in
2285 3828 2471 3868 eorum
2505 3823 2649 3869 terra
2691 3815 2971 3886 plantavit.
3011 3818 3406 3889 'l‘erribiliaque

1818 3902 1949 3958 fecit
1987 3905 2040 3960 in
2082 3907 2241 3973 mari,
2272 3923 2394 3962 cum
2424 3907 2708 3965 Pharaone
2735 3912 3008 3967 exstincto
3039 3914 3118 3968 sic
3145 3929 3267 3969 cum
3300 3929 3402 3985 po-

1816 3999 2255 4068 pulis’praabebat
2291 4003 2582 4058 incessum.

1817 4092 1889 4147 ΞΖ)
1960 4092 2029 4146 Et
2057 4094 2192 4148 dixit
2223 4105 2280 4149 ut
2314 4097 2634 4166 disperderet
2659 4115 2746 4152 eos
2773 4115 2791 4152 :

1962 4183 2025 4239 Si
2052 4200 2156 4238 non
2188 4184 2394 4257 Moyses
2431 4189 2624 4242 electus
2669 4190 2786 4260 ejus
2826 4189 3049 4245 stetisset
3092 4190 3149 4244 in
3188 4191 3403 4261 confra-

2029 4278 2198 4333 ctione
2221 4279 2275 4333 in
2304 4290 2577 4350 conspectu
2598 4280 2735 4351 ejus.

143 4131 202 4186 16
266 4135 332 4190 Et
358 4137 510 4192 dedit
535 4139 610 4194 eis
644 4140 947 4210 petitionem
974 4142 1253 4214 ipsorum:

265 4226 332 4280 Et
361 4230 508 4283 misit
545 4230 878 4285 saturitatem
914 4234 968 4286 in
999 4235 1203 4287 animas
1230 4251 1432 4290 eorum.

201 4317 238 4373 C
267 4320 486 4376 Duobus
515 4322 660 4376 enim
694 4323 870 4378 modis
895 4325 1134 4381 animam
1163 4327 1398 4384 dicimus
1426 4333 1712 4402 satiatam,

140 4423 247 4464 cum
287 4413 430 4468 escis
471 4414 853 4484 corporalibus
879 4431 986 4488 pro
1020 4419 1203 4474 carnis
1236 4421 1555 4480 inﬁrmitate
1586 4426 1712 4482 reﬁ-

143 4504 285 4571 citur,
323 4515 379 4562 et
415 4523 540 4563 cum
591 4507 823 4579 spiritali
849 4509 1195 4580 jocunditate
1234 4516 1562 4585 completur.
1601 4520 1707 4578 Sed
1740 4524 1794 4587 Β

142 4594 219 4650 hic
248 4598 455 4654 animas
493 4614 681 4664 eorum
724 4599 856 4654 dicit
902 4602 1156 4656 carnibus
1201 4612 1441 4676 potaque
1485 4610 1702 4680 sagina-

145 4682 244 4753 tas,
273 4699 329 4743 ut
359 4705 549 4746 eorum
583 4689 833 4748 voluntas
863 4693 1148 4765 desperata
1185 4695 1348 4752 rebus
1382 4704 1707 4773 emergenti-

143 4773 229 4833 bus
253 4780 581 4836 vinceretur.

145 4886 199 4940 l7
265 4889 332 4947 Et
366 4894 706 4949 irritaverant
745 4894 966 4967 Moysen
998 4897 1052 4952 in
1085 4901 1270 4956 castris
1295 4917 1314 4955 :

266 4984 441 5040 Aaron
470 4996 710 5040 sanctum
739 4986 978 5042 Domini.

205 5071 242 5127 ε
268 5071 620 5130 saturitatem
645 5079 847 5134 ventris
874 5085 1063 5133 secuta
1087 5089 1171 5136 est
1201 5083 1418 5142 seditio.
1449 5099 1569 5142 uuae
1596 5093 1706 5142 nlo.

1818 5105 2014 5142 "n‘:lnn

1889 4367 1934 4422 ll
1960 4367 2195 4425 Attende
2220 4371 2342 4436 hoc,
2386 4385 2419 4425 ο
2450 4374 2704 4428 sacerdos
2744 4391 2756 4427 :
2796 4373 3031 4444 perisset
3055 4375 3202 4430 enim
3230 4392 3401 4448 papu-

1821 4459 1922 4523 lus,
1951 4459 2052 4516 nisi
2085 4461 2384 4533 mitigasset
2409 4461 2621 4534 Moyses
2646 4463 2783 4518 iram
2816 4464 2910 4521 Dei
2941 4484 2954 4520 :
2984 4476 3040 4522 et
3067 4477 3123 4522 tu
3157 4485 3281 4523 cum
3316 4470 3402 4523 vi-

1819 4554 1964 4608 deris
2011 4553 2265 4624 populum
2313 4555 2736 4626 delinquentem,
2787 4561 3048 4615 annuntia
3109 4561 3159 4616 ei
3205 4562 3401 4617 delicta

1813 4663 1911 4701 sua
1942 4661 1956 4700 :
1989 4656 2046 4702 et
2087 4658 2169 4702 sta
2197 4649 2251 4702 in
2294 4647 2584 4714 fractione,
2619 4650 2672 4704 id
2703 4660 2788 4706 est
2832 4652 2886 4706 in
2929 4653 3176 4722 periculo
3202 4668 3402 4725 rogans

1815 4735 2127 4802 Dominum,
2159 4746 2216 4791 ιιι
2243 4748 2521 4792 avertatur
2546 4737 2699 4793 furor
2727 4740 2846 4811 ejus
2875 4741 2945 4795 ab
2975 4743 3076 4796 eis.

1814 4827 1885 4882 24
1958 4825 2027 4881 Ut
2049 4837 2299 4882 averteret
2320 4829 2458 4883 iram
2480 4831 2595 4900 ejus
2623 4847 2688 4886 ne
2714 4833 3034 4904 disperderet
3055 4850 3146 4889 eos
3175 4851 3189 4864 ·

1957 4921 2026 4975 Et
2055 4937 2150 4992 pro
2177 4922 2340 4976 nihilo
2369 4925 2666 4979 habuerunt
2695 4937 2890 4984 terram
2914 4927 3335 4984 desiderabilem.

1885 5015 1928 5070 C
1958 5016 2062 5070 Pro
2089 5016 2259 5070 nihilo
2285 5016 2593 5072 habuerunt
2617 5027 2823 5077 terram
2857 5037 2871 5073 :
2904 5020 3030 5088 quia
3057 5036 3270 5091 semper
3296 5032 3412 5071 car-

2047 5105 2156 5142 υἶοιὶ
2190 5114 2241 5142 nt
2274 5107 2455 5142 nllalitn
2487 5107 2804 5142 nnurilnhnns
2877 5110 2971 5142 εοτι
3005 5111 3227 5142 uulua-osa
3252 5119 3412 5142 mmm
