3986 5412
579 299 680 352 537

577 412 648 466 25
731 413 852 468 Non
881 416 1210 469 crediderunt
1233 416 1384 470 verbo
1407 418 1522 488 ejus
1549 435 1570 474 :

729 509 796 562 Et
821 519 1270 563 murmuruverunt
1293 511 1345 564 in
1365 512 1717 570 tabernaculis
1747 515 1856 571 suis
1881 529 1901 568 :

729 600 849 655 Non
871 601 1213 656 exaudierunt
1243 620 1413 657 vocem
1437 603 1671 660 Domini.

653 694 696 748 C
733 693 847 748 Non
875 691 1224 749 crediderunt
1258 696 1310 750 in
1343 696 1505 751 verbo
1535 695 1653 766 ejus
1688 717 1700 752 :
1733 699 1926 754 Filium
1953 699 2152 770 signiﬁ-

584 795 693 852 cat,
723 785 810 841 cui
833 785 980 856 plebs
1003 785 1386 842 nefandissima
1407 803 1512 844 non
1535 791 1808 846 credebat.
1839 791 1934 846 Vel
1957 793 2058 847 hoc
2085 792 2154 846 ad

583 876 841 938 litteram,
888 877 1010 946 quia
1059 875 1178 931 ideo
1225 878 1654 946 murmurabant,
1699 881 1827 950 quia
1871 881 1988 952 ejus
2030 897 2156 952 pro-

585 967 929 1022 missionibus
967 961 1190 1022 minime
1229 969 1452 1024 credere
1491 971 1815 1025 maluerunt.
1846 973 1981 1026 Dum
2013 988 2156 1026 mur-

584 1059 915 1115 murationes
961 1059 1310 1125 exercebant,
1357 1077 1544 1117 vocem
1585 1063 1795 1118 Domini
1847 1063 2156 1118 nullatenus

584 1149 892 1202 audierunt.
921 1148 979 1205 in
1014 1150 1382 1205 tabernaculis
1405 1167 1534 1206 vero
1562 1152 1694 1207 dicit
1721 1169 1734 1206 :
1774 1161 1832 1206 ut
1857 1153 1958 1208 hoc
1985 1153 2158 1208 conti-

583 1237 723 1306 gfsse
744 1238 1036 1302 videretur,
1069 1255 1176 1294 non
1208 1240 1597 1308 laborantibus,
1624 1243 1717 1298 sed
1739 1243 1946 1298 otiosis.
1987 1243 2157 1312 Majus

583 1330 728 1384 cuitu
763 1331 967 1384 crimen
1005 1339 1106 1397 est,
1155 1348 1278 1386 cum
1313 1349 1650 1388 murmurare
1689 1335 1913 1405 contigit
1945 1335 2152 1391 otiosis.

581 1419 652 1473 26
726 1419 792 1472 Et
823 1419 1033 1474 elevavit
1061 1437 1273 1474 manum
1301 1438 1451 1474 suam
1481 1438 1638 1491 super
1667 1438 1755 1476 eos
1790 1437 1812 1477 :

727 1507 795 1562 Ut
815 1520 1156 1578 prosterneret
1182 1527 1271 1564 eos
1293 1512 1346 1564 iu
1370 1512 1595 1565 deserto.

651 1600 694 1654 C
716 1600 960 1654 Elevavit
989 1615 1204 1654 manum
1237 1617 1251 1653 :
1282 1601 1368 1655 hic
1389 1601 1601 1671 justitia
1631 1600 1842 1657 Domini
1875 1601 2156 1672 praemitti-

585 1698 690 1750 tur.
736 1699 795 1743 ut
824 1698 1004 1744 secuta
1037 1691 1206 1758 pietas
1238 1689 1437 1757 majore
1479 1691 1648 1761 gloria
1691 1693 1974 1747 sentiatur.
2019 1691 2161 1746 Dicit

583 1784 727 1836 enim
764 1784 1124 1838 insurrexisse
1151 1783 1360 1838 Domini
1390 1793 1734 1853 potestatem,
1769 1793 1826 1838 ut
1857 1783 2158 1838 vindicaret
2184 1779 2230 1837 Β

585 1872 638 1925 in
684 1871 1087 1934 excedentibus.
1136 1887 1339 1942 eosque
1374 1882 1762 1942 prosterneret,
1810 1882 1866 1929 et
1907 1872 2011 1926 alia
2038 1887 2159 1942 qua:

584 1950 887 2034 sequuntur
918 1963 1141 2018 faceret.

581 2053 649 2106 27
722 2051 790 2106 Et
816 2064 872 2106 ut
893 2053 1134 2123 dejiceret
1154 2070 1326 2108 semen
1347 2069 1524 2108 eorum
1551 2059 1605 2110 in
1641 2055 1938 2110 nationibus
1963 2070 1982 2108 :

728 2144 796 2198 Et
825 2146 1135 2215 dispergeret
1157 2162 1242 2199 eos
1266 2147 1318 2200 in
1346 2147 1663 2215 regionibus.

656 2235 700 2290 ll
741 2237 976 2306 Dispersi
1007 2245 1132 2292 sunt
1157 2239 1300 2291 enim
1333 2237 1501 2292 Judaei
1538 2239 1590 2292 in
1622 2239 1850 2294 diversis
1888 2240 2153 2309 partibus.

584 2335 644 2380 ut
680 2325 968 2396 aliquando
992 2327 1280 2392 humiliati,
1311 2343 1466 2383 suum
1498 2329 1781 2384 Dominum
1803 2329 1956 2400 plebs
1995 2332 2157 2385 casti.

585 2423 705 2484 gata
734 2423 1102 2485 cognosceret.
1127 2415 1234 2470 Sed
1263 2425 1318 2470 ct
1362 2416 1450 2472 ille
1479 2417 1826 2487 dispergitur.
1854 2417 2006 2484 cujus
2031 2435 2155 2472 seu-

583 2521 674 2560 sns
705 2505 848 2560 omni
879 2515 1040 2561 vento
1067 2506 1241 2562 inanis
1260 2507 1442 2577 gloria:
1472 2508 1556 2563 vel
1582 2510 1892 2579 cupiditatis
1923 2511 2156 2566 circum-

584 2594 778 2648 lertur.

580 2686 652 2739 28
729 2685 795 2738 Et
821 2685 1016 2739 initiati
1041 2695 1158 2739 sunt
1187 2685 1506 2757 Beelpltegor
1527 2702 1546 2738 :

730 2775 798 2830 Et
825 2778 1156 2831 comederunt
1183 2779 1444 2847 sacriﬁcia
1479 2797 1821 2836 mortuorum.

652 2866 694 2919 ll
735 2867 794 2919 Et
830 2867 1023 2920 initiati
1055 2876 1200 2931 sunt,
1243 2868 1295 2922 id
1326 2877 1430 2933 est,
1458 2870 1548 2938 qui
1583 2870 1691 2923 Deo
1728 2884 1786 2923 se
1832 2883 2157 2924 consecrare

567 2959 904 3023 debuerunt,
949 2959 1090 3014 idolo
1118 2958 1448 3030 Beelphegor
1490 2960 1706 3022 initiati.
1750 2961 1800 3019 id
1843 2973 1926 3016 est
1969 2976 2158 3022 (01150-

582 3051 718 3106 crati
752 3059 916 3106 sunt:
954 3059 1008 3106 et
1028 3051 1120 3121 qui
1150 3065 1347 3120 panem
1376 3051 1557 3106 vivum
1591 3053 1800 3108 esurire
1829 3053 2149 3117 debuerunt,

585 3157 919 3202 mortuorum
951 3147 1220 3202 sacriﬁcia
1250 3148 1622 3203 comederunt.

582 3239 652 3295 29
724 3239 793 3310 Et
833 3240 1169 3293 irritaverant
1207 3255 1324 3294 eum
1356 3239 1411 3292 in
1437 3239 1891 3293 udinveniionibus
1925 3241 2034 3294 suis
2061 3253 2082 3291 :

725 3331 790 3384 Et
829 3330 1173 3399 multiplicata
1199 3331 1351 3384 estin
1375 3332 1450 3384 eis
1479 3331 1654 3384 ruina.

653 3422 697 3476 Η
727 3422 1079 3477 lrritaverunt
1105 3437 1226 3477 eum
1267 3424 1320 3476 in
1361 3423 1838 3479 adinveutionibus
1880 3424 2016 3486 suis.
2048 3423 2156 3479 sci-

585 3513 710 3567 licet
737 3512 1005 3582 perversis
1030 3552 1046 3576 ,
1075 3521 1132 3566 et
1173 3512 1435 3566 idolorum
1477 3514 1631 3566 ruina
1676 3513 2047 3583 multipliciter
2073 3523 2157 3568 est

581 3602 744 3656 facta.
778 3603 820 3655 A
860 3601 952 3656 Vel
983 3601 1334 3672 multiplicata
1363 3613 1441 3656 est
1476 3603 1528 3656 in
1551 3603 1631 3658 eis
1663 3603 1816 3657 ruina
1844 3621 1858 3658 :
1899 3604 2026 3672 quia
2058 3618 2155 3674 pro

585 3693 925 3758 gravioribus
961 3693 1075 3746 suis
1104 3693 1338 3762 peccatis
1364 3693 1583 3764 gravius
1607 3695 1979 3750 vastabantur.

588 3781 654 3837 50
726 3780 796 3836 Et
815 3784 952 3836 stetit
980 3780 1200 3837 Pltinees
1231 3794 1278 3838 et
1299 3784 1520 3854 placavit
1541 3797 1562 3836 :

729 3871 797 3926 Et
825 3873 1040 3927 cessavit
1079 3873 1368 3942 quassatio.

655 3962 696 4019 C
733 3962 897 4018 Stetit
926 3963 1156 4018 Pbinees
1187 3980 1201 4017 :
1249 3965 1352 4019 boc
1385 3965 1604 4018 verbum
1626 3965 1798 4032 stetit,
1831 3966 2158 4021 soliditatem

587 4056 781 4110 mentis
831 4056 1084 4118 ostendit,
1141 4056 1232 4124 qui
1285 4070 1352 4111 ex
1411 4056 1526 4112 zelo
1573 4058 1754 4113 divino
1806 4058 2160 4113 fornicatores

585 4145 806 4201 occidit.
834 4143 880 4199 Η
909 4143 1000 4201 Sic
1028 4144 1187 4200 debet
1215 4147 1467 4202 sacerdos
1492 4147 1577 4200 cui
1623 4148 1817 4202 anima:
1856 4147 2159 4202 commissae

587 4243 735 4301 sunt,
789 4237 1076 4306 evaginare
1120 4236 1372 4306 gladium,
1417 4237 1472 4292 id
1510 4246 1594 4293 est
1630 4237 1873 4308 proferre
1913 4239 2156 4301 verbum,

580 4333 644 4383 et
691 4326 939 4382 occidere
996 4327 1404 4383 fornicationem
1459 4337 1512 4384 et
1570 4330 2036 4398 concupiscentias
2107 4331 2158 4384 in

591 4423 820 4484 utroque
849 4431 1005 4480 sexu,
1042 4426 1102 4471 ut
1130 4417 1234 4472 sibi
1260 4427 1541 4488 reputetur
1563 4420 1629 4472 ad
1653 4417 1939 4485 justitiam.

588 4506 655 4562 51
732 4508 800 4562 Et
830 4519 1122 4578 reputatum
1148 4517 1222 4563 est
1243 4510 1290 4562 ei
1314 4511 1368 4562 in
1387 4509 1654 4578 justitiam
1687 4523 1705 4561 :

730 4598 800 4655 In
836 4600 1167 4670 generatione
1205 4610 1255 4655 et
1295 4601 1625 4670 generatione
1667 4617 1827 4672 usque
1876 4601 1930 4656 in
1978 4617 2166 4666 sempi-

801 4701 1028 4745 ternum.

663 4783 704 4837 C
747 4779 1118 4852 Reputabatur
1141 4781 1214 4836 illi
1237 4782 1505 4837 sacerdoti
1533 4781 1762 4839 Phincos
1788 4781 1853 4838 ad
1868 4781 2158 4852 justitiam,

594 4874 647 4928 id
671 4875 816 4944 quod
842 4875 1088 4946 superius
1115 4875 1271 4942 dixit,
1307 4876 1396 4931 bic
1424 4885 1479 4932 et
1511 4876 1566 4932 in
1596 4876 1778 4931 futuro
1807 4877 2026 4942 saeculo,
2062 4879 2156 4933 sed

594 4974 648 5020 et
689 4965 957 5020 sacerdoti
999 4965 1218 5022 cuilibet
1254 4966 1384 5021 vitia
1431 4967 1726 5039 corrigenti
1771 4979 2050 5037 reputatur
2097 4969 2165 5026 ad

595 5068 852 5112 tetcrnam
875 5057 1139 5126 justitiam

595 5148 665 5200 Ἦ
738 5147 805 5201 Et
831 5149 1160 5203 irritaverant
1187 5166 1303 5203 eum
1329 5150 1396 5202 ad
1423 5167 1611 5222 aquam
1643 5150 2063 5206 contradictionis
2080 5165 2099 5204 ε
2120 5161 2170 5206 et

808 5251 1015 5296 vexatus
1040 5252 1111 5296 est
1140 5241 1343 5311 Moyses
1366 5253 1572 5311 propter
1590 5259 1675 5296 eos
1698 5256 1717 5294 :

741 5329 879 5394 Quia
907 5331 1341 5386 exacerbaverunt
1367 5331 1605 5398 spiritum
1636 5331 1769 5401 ejus.

1501 307 1560 360 S.
1602 303 1956 362 BRUNONIS
1996 301 2534 361 HEKBIPOLE'NSIS
2572 299 2872 357 EPISCOPI

2179 436 2226 493 Α
2257 417 2381 477 Dei.
2432 419 2593 486 quem
2641 416 2730 471 ille
2780 415 3033 480 praedicat
3078 431 3092 467 :
3140 414 3280 469 sicut
3328 410 3526 468 Paulus
3573 409 3830 467 dicebat:

3723 296 3832 352 583

2252 507 2383 574 Quis
2406 507 2714 561 inﬁrmatur
2741 521 2798 559 et
2818 519 2919 574 ego
2946 519 3051 558 non
3077 504 3356 558 inﬁrmor?
3383 500 3624 574 (lf‘Cor.
3662 508 3763 571 st.)

2249 594 2322 650 35
2395 595 2726 660 Etdistinxit
2756 609 2816 650 σξ-
2847 595 2902 647 in
2930 594 2953 666 ζ
2982 595 3130 647 labiis
3149 595 3258 648 suis
3285 583 3414 652 νά

2399 683 2521 738 Non
2551 684 2968 756 disperdiderunt
3022 692 3197 754 gentes
3233 698 3362 754 quas
3410 682 3544 736 dixit
3580 680 3833 735 Dominus

2467 772 2595 826 illis.

2326 863 2373 918 Η
2409 863 2474 918 Ει
2500 863 2749 919 distinxit
2774 864 2824 918 in
2851 863 3007 918 labiis
3027 862 3159 927 suis,
3180 871 3240 918 ut
3281 861 3483 931 jugiter
3511 862 3837 932 supplicaret

2255 966 2354 1022 pro
2383 952 2486 1005 eis.
2534 951 2575 1006 C
2619 950 2710 1005 Vel
2748 951 2992 1006 distinxit
3035 951 3234 1006 dictum
3282 951 3408 1005 illud
3443 949 3774 1012 difﬁdentiae,
3805 966 3834 1001 a

2257 1040 2429 1109 priori
2453 1041 2647 1096 mentis
2673 1042 2996 1096 constantia.
3026 1039 3140 1094 Non
3169 1041 3604 1110 disperdiderunt
3624 1047 3833 1110 genus.

2256 1131 2382 1200 quia
2408 1139 2690 1200 postquam
2715 1140 2914 1185 terram
2945 1131 3316 1200 promissionis
3338 1130 3567 1199 populus
3589 1129 3834 1190 intravit,

2255 1220 2458 1275 oblitus
2481 1223 2853 1276 mandatorum
2875 1222 2968 1275 Dei
2990 1229 3045 1274 et
3074 1231 3460 1291 prmceptorum
3483 1218 3620 1289 ejus,
3644 1219 3835 1289 quibus

2270 1321 2604 1380 praeceperat
2650 1311 2847 1367 debere
2889 1326 2983 1366 eos
3015 1320 3233 1381 propter
3283 1311 3548 1365 idolorum
3599 1311 3836 1365 culturas

2265 1402 2535 1466 occidere,
2565 1418 2686 1456 cum
2717 1403 2823 1458 illis
2849 1419 2907 1458 se
2953 1403 3206 1473 gentibus
3253 1403 3428 1474 magis
3453 1403 3624 1459 vetita
3667 1404 3836 1457 socie-

2257 1503 2369 1550 tate
2397 1495 2701 1564 conjunxit.

2257 1585 2328 1641 δι
2397 1582 2467 1638 Et
2509 1587 2767 1640 commisti
2811 1598 2932 1641 sunt
2981 1587 3116 1640 inter
3163 1596 3337 1656 gentes
3389 1603 3408 1640 :
3451 1595 3500 1639 et
3549 1586 3836 1640 didicerunt

2472 1692 2627 1746 opera
2650 1693 2828 1730 eorum
2851 1693 2868 1732 :
2891 1686 2938 1730 et
2958 1678 3240 1731 servierunt
3260 1676 3589 1747 sculptilibus
3612 1693 3792 1732 eorum
3814 1691 3834 1727 :

2402 1765 2467 1819 Et
2493 1767 2689 1837 factum
2716 1778 2788 1822 est
2813 1768 2918 1821 illis
2945 1769 2996 1820 in
3016 1767 3348 1822 scandalum.

2327 1856 2370 1913 C
2417 1857 2700 1913 Commisti
2750 1867 2876 1912 sunt
2931 1859 3113 1928 itaque
3166 1859 3330 1912 vetita
3387 1858 3654 1915 societate
3699 1858 3839 1913 inter

2256 1961 2468 2022 gentes,
2522 1959 2577 2002 ut
2622 1965 2680 2004 se
2730 1964 2916 2004 eorum
2971 1951 3355 2020 superstitione
3406 1951 3727 2022 polluerent,
3754 1951 3837 2004 fa-

2259 2050 2516 2108 clumque
2551 2049 2635 2093 est
2667 2039 2772 2093 illis
2820 2039 2872 2092 in
2917 2031 3248 2094 scandalum.
3287 2037 3612 2094 Scaudalum
3646 2058 3835 2094 nomen

2267 2127 2514 2182 Graecum
2544 2137 2646 2192 est,
2703 2127 3018 2198 signiﬁcans
3045 2129 3337 2194 sinistrum,
3364 2143 3430 2181 eo
3455 2129 3604 2197 quod
3650 2143 3835 2183 eorum

2260 2229 2473 2273 mentes
2505 2220 2555 2273 in
2600 2219 2784 2274 laevam
2816 2232 3022 2288 partem
3061 2235 3313 2288 perversa
3345 2219 3651 2275 imitatione
3677 2221 3835 2274 dedu-

2257 2310 2353 2363 xit.
2389 2311 2530 2364 Ecce
2567 2309 2707 2363 laeta
2732 2322 2813 2364 est
2841 2323 2980 2364 terra
3025 2310 3396 2379 promissionis
3419 2311 3471 2364 in
3504 2311 3834 2376 scandalum,

2259 2417 2380 2470 (λικε
2416 2401 2517 2454 fuit
2569 2401 2622 2454 in
2679 2417 2930 2472 maguum
2982 2401 3259 2472 praemium
3303 2399 3533 2456 Domino
3580 2401 3835 2470 largiente

2255 2493 2471 2546 collata.
2515 2490 2666 2546 Unde
2714 2506 2995 2546 monemur
3039 2503 3186 2547 recte
3223 2491 3296 2545 uti
3344 2491 3626 2546 beneliciis
3656 2493 3832 2546 divina

2257 2583 2502 2654 largitate
2531 2582 2763 2648 collatis,
2793 2598 2861 2636 ne
2890 2583 3062 2653 magis
3093 2581 3215 2636 inde
3238 2595 3523 2652 pereamus
3545 2584 3690 2639 unde
3715 2584 3834 2639 sub-

2257 2670 2412 2728 levati
2437 2673 2602 2728 l'uisse
2634 2671 3037 2743 cognoscimur.
3157 2671 3160 2674 ’

2253 2783 2323 2838 55
2395 2783 2461 2836 Et
2483 2783 2876 2837 immolaverunt
2903 2781 3041 2851 [illos
3068 2800 3190 2839 suos
3222 2794 3270 2840 et
3309 2785 3451 2854 ﬁlias
3497 2802 3626 2841 suas
3653 2803 3674 2841 :

2397 2875 2700 2927 Dtnttouiis.

2332 2963 2376 3018 ll
2416 2965 2834 3018 ltmnnlaveruu:
2865 2964 3002 3020 ﬁlios
3051 2980 3179 3020 suos
3215 2975 3271 3021 et
3311 2967 3448 3022 ﬁlias
3475 2982 3605 3023 suas
3635 2968 3831 3022 daamo-

2260 3055 2393 3112 niis.
2451 3053 2563 3110 lloc
2614 3055 3014 3126 intelligendum
3055 3066 3138 3110 est
3189 3057 3488 3124 moraliter,
3547 3073 3740 3114 sensus
3785 3067 3836 3112 et

2178 3125 2225 3189 (ἶ
2258 3145 2468 3198 animas
2493 3159 2640 3198 suas.
2679 3145 2721 3198 (ὲ
2755 3125 2847 3197 vel
2871 3144 2938 3197 ad
2969 3143 3228 3210 litteram,
3267 3161 3371 3201 non
3399 3148 3476 3201 illi
3518 3148 3611 3216 qui
3640 3155 3834 3202 terram

2256 3235 2626 3304 promissionis
2657 3245 2783 3290 sunt
2813 3235 3065 3305 ingressi,
3093 3236 3186 3290 sed
3206 3239 3494 3306 posteritas
3516 3253 3734 3293 eorum.

2255 3325 2327 3380 ὅσ
2403 3326 2467 3380 Et
2498 3326 2792 3395 e/Iitderuut
2819 3313 3126 3396 sanguinem
3170 3327 3521 3384 innocentem.

2468 3415 2790 3488 Sanguinem
2839 3417 3072 3486 ﬁliorum
3119 3435 3336 3474 suorum
3393 3429 3440 3474 et
3505 3420 3745 3488 filiarum
3774 3424 3834 3488 Χ

2473 3526 2689 3564 suarum
2721 3511 2738 3581 ξ
2773 3523 2792 3561 :

2401 3600 2544 3666 Quas
2570 3603 2994 3670 sacriﬁcaverunt
3022 3601 3345 3672 sculptilibus
3380 3599 3667 3658 Chanaan.

2330 3694 2370 3747 C
2409 3692 2727 3749 Eli‘uderunt
2782 3695 3118 3764 sanguinem,
3166 3709 3272 3747 non
3320 3704 3501 3748 autent
3554 3695 3752 3765 legitur
3775 3695 3836 3748 ab

2267 3782 2527 3846 Hebraeis,
2595 3794 2793 3836 terram
2847 3784 3222 3853 promissionis
3274 3784 3553 3854 ingressis,
3613 3783 3836 3840 effusum

2264 3874 2583 3942 sanguinem
2620 3875 2912 3928 humanum
2955 3876 3007 3928 in
3065 3873 3347 3929 sacriﬁciis
3390 3876 3698 3930 da'monum
3724 3894 3738 3942 ;
3768 3887 3838 3930 ta-

2263 3978 2384 4017 men
2415 3966 2482 4017 ab
2511 3972 2672 4018 actme
2709 3966 2956 4034 sequenti
2982 3967 3084 4020 hoc
3126 3965 3242 4019 licri
3273 3980 3428 4034 posse
3471 3981 3580 4020 non
3607 3967 3835 4020 dubium

2264 4062 2367 4106 est.
2399 4053 2465 4106 Et
2495 4069 2561 4106 ue
2587 4064 2906 4124 putarentur
2937 4055 3178 4108 extranei
3211 4054 3372 4109 fuisse
3399 4055 3474 4109 illi
3527 4055 3836 4110 innocentes

2263 4161 2490 4214 quorum
2515 4146 2828 4217 sanguinem
2850 4141 3171 4210 elIuderaut,
3201 4145 3406 4199 addidit
3453 4145 3694 4202 ﬁliorum
3725 4161 3836 4202 suo.

2268 4251 2386 4290 rmn
2429 4245 2484 4289 et
2525 4235 2757 4288 ﬁliarum
2805 4250 3050 4299 suarum,
3101 4243 3160 4288 ut
3201 4243 3389 4289 contra
3439 4249 3532 4289 eos
3571 4243 3837 4290 cresceret

2265 4325 2490 4389 invidia,
2514 4333 2566 4378 et
2596 4324 2770 4378 scelus
2801 4325 3181 4392 grandesceret
3207 4341 3222 4388 ;
3256 4332 3312 4377 ct
3339 4332 3395 4377 ut
3422 4323 3658 4392 amplius
3687 4341 3834 4396 grau-

2267 4419 2534 4480 desceret,
2563 4417 2767 4470 addidit
2797 4415 3131 4484 sculptilibus
3163 4417 3322 4469 istum
3353 4415 3702 4471 innocentem
3725 4432 3834 4472 sau-

2267 4507 2479 4578 guinem
2535 4503 2782 4560 eﬁ'usum.
2832 4506 3063 4561 Auxesis
3114 4505 3256 4559 enim
3311 4507 3483 4576 ﬁgura
3542 4507 3648 4560 ista
3707 4506 3832 4575 apud

2267 4598 2484 4654 Gratcos
2513 4599 2731 4665 dicitur,
2765 4599 2976 4668 quando
3005 4597 3088 4652 vel
3118 4596 3233 4653 laus
3259 4597 3336 4652 vel
3378 4597 3588 4654 crimen
3619 4599 3832 4669 adjectis

2265 4693 2590 4746 dictionibus
2619 4691 2872 4746 increscit
2899 4699 2954 4746 et
2978 4700 3221 4761 augetur.

2262 4785 2330 4838 57
2405 4784 2473 4837 Et
2506 4783 2777 4853 interfecta
2805 4793 2879 4838 est
2926 4795 3065 4838 terra
3107 4786 3162 4838 in
3191 4785 3560 4854 sanguinibus,
3585 4796 3635 4840 et
3663 4795 3830 4839 conta-

2467 4877 2664 4929 minata
2688 4885 2762 4930 est
2791 4876 2842 4929 in
2873 4876 3112 4945 operibus
3135 4893 3312 4931 eorum
3338 4893 3357 4931 :

2408 4963 2476 5017 Et
2508 4965 2749 5034 fornicati
2779 4976 2898 5021 sunt
2921 4968 2975 5021 in
2995 4967 3446 5022 adinventionibus
3465 4969 3602 5026 suis.

2339 5055 2377 5108 C
2418 5056 2755 5111 Inten‘ectam
2804 5056 2968 5126 igitur
3017 5067 3236 5122 terram,
3287 5057 3548 5114 debemus
3596 5057 3833 5115 crudeles

2273 5145 2518 5200 homines
2571 5147 2837 5216 accipere,
2887 5147 2979 5216 qui
3025 5161 3084 5202 se
3115 5148 3286 5218 magis
3315 5147 3498 5218 iniqua
3558 5150 3834 5204 devotione

2272 5235 2612 5290 trucidabant
2639 5235 3010 5293 interﬁciendo
3058 5237 3212 5292 ﬁlios.
3243 5236 3471 5305 Tropica
3519 5239 3667 5294 enim
3692 5238 3833 5292 locu-

2277 5324 2421 5378 tione
2471 5323 2750 5379 interfecta
2804 5334 2970 5390 terra,
3005 5328 3258 5381 dicuntur
3316 5329 3518 5382 terreni
3573 5329 3833 5390 homines.
