3986 5412
582 355 683 412 591

1500 339 1562 394 S.
1600 332 1949 392 BRUNONIS
1989 317 2528 385 liEBBlPOLENSlS
2568 312 2872 373 EPlSCOi’l

3710 303 3813 359 59%

584 471 732 525 tione
758 462 954 522 sublati
989 466 1144 523 sunt;
1171 455 1261 527 qui
1295 455 1361 509 dc
1390 448 1617 507 diversis
1641 443 1947 517 regionibus
1973 437 2145 496 vocati
2174 445 2221 501 Α
2250 428 2432 486 εωουιὶ
2475 428 2588 482 vita
2625 425 2840 480 vitiosa.
2893 420 3095 477 Vinctse
3139 419 3193 473 in
3235 414 3621 477 mendicitate.
3665 413 3715 468 id
3738 426 3820 470 est

583 567 731 622 sunt,
760 556 843 609 vel
863 552 952 623 qui
979 547 1236 617 redempti
1263 558 1388 599 sunt
1411 543 1473 625 in.
1487 538 1734 611 passione
1754 532 1975 590 Christi.

582 645 619 702 ὅ
687 644 729 697 Α
757 642 880 697 solis
906 650 1023 695 ortu
1043 647 1089 691 et
1114 650 1300 689 occasu
1324 646 1343 684 :

729 733 808 786 Ab
837 728 1081 801 aquilone
1097 735 1150 784 οι
1177 722 1335 778 mari.

655 826 697 883 C
731 825 773 881 Δ
797 799 925 880 solis
948 828 1102 883 ortu,
1126 830 1249 873 cum
1281 824 1389 869 tres
1417 807 1664 866 cardines
1695 803 1877 859 mundi
1909 799 2155 870 designa-

584 914 743 978 verit,
772 927 869 982 pro
896 916 1111 980 quarto,
1143 905 1195 960 id
1216 911 1300 958 est
1321 916 1419 972 pro
1448 895 1670 953 australi
1693 892 1874 965 posuit
1894 905 2063 950 mare.
2089 889 2157 941 ab

587 1005 678 1061 illa
713 981 869 1074 parte
900 999 1085 1054 volens
1122 992 1348 1064 intelligi
1391 990 1705 1051 Oceanum,
1756 981 1851 1054 qui
1902 989 2157 1037 cunctum

587 1095 772 1153 mundi
800 1092 1099 1162 marginem
1133 1087 1330 1142 dicitur
1354 1081 1606 1139 circuire.

588 1189 622 1244 ι
692 1185 1012 1240 Errarerunt
1040 1181 1093 1235 in
1122 1176 1402 1233 solitudine
1427 1175 1482 1226 in
1508 1172 1760 1241 inaquaso
1786 1180 1807 1220 .'

738 1274 887 1330 Viam
912 1271 1130 1326 civitatis
1154 1263 1439 1322 habitaculi
1470 1277 1571 1314 non
1600 1262 1924 1314 invenerunt.

659 1366 701 1423 C
750 1366 1078 1420 Erraveruut
1125 1368 1311 1430 gentes
1367 1355 1421 1409 in
1470 1349 1841 1421 superstitiosa
1892 1341 2158 1405 doctrina,

592 1460 729 1516 aridi
758 1459 823 1512 de
849 1471 976 1511 vera
1005 1446 1271 1515 doctrina,
1301 1457 1354 1503 et
1383 1447 1437 1501 in
1467 1443 1780 1506 solitudine,
1829 1452 1952 1494 cum
1982 1433 2162 1488 nullos

592 1552 903 1607 verissimos
931 1549 1180 1604 doctores
1212 1541 1385 1597 adhuc
1426 1536 1631 1593 habere
1670 1531 2050 1604 probarentur.
2096 1524 2165 1587 Et

594 1643 736 1697 viam
765 1638 1023 1703 civitatis,
1054 1636 1108 1691 id
1133 1642 1234 1697 est,
1278 1644 1444 1702 opera
1497 1626 1693 1698 quibus
1740 1619 2049 1693 pervenitur
2093 1614 2164 1670 ad

594 1734 868 1790 cmlestem
901 1726 1232 1786 Hierusalem
1262 1737 1371 1778 non
1398 1720 1740 1777 invenerunt.

593 1826 628 1882 5
700 1823 998 1878 Esurientes
1028 1829 1074 1873 et
1104 1811 1335 1872 sitientes
1359 1825 1378 1865 :

738 1914 927 1968 Anima
955 1925 1134 1965 eorum
1160 1907 1215 1960 in
1246 1904 1372 1974 ipsis
1396 1898 1605 1970 defecit.

666 2007 707 2063 C
733 2005 1043 2061 Esurientes
1077 2010 1131 2055 et
1156 1996 1422 2061 sitientes,
1467 1986 1863 2047 curiosissimos
1896 1982 2042 2039 viros
2069 1996 2170 2038 sa:-

597 2095 702 2153 culi
728 2092 885 2162 hujus
909 2089 1201 2161 signiﬁcat,
1254 2084 1345 2154 qui
1394 2081 1614 2137 semitas
1664 2074 1909 2131 veritatis
1942 2071 2171 2128 diversis

596 2183 936 2258 opinionibus
959 2177 1338 2249 exquirebant,
1365 2172 1462 2228 sed
1499 2168 1754 2240 quoniam
1784 2181 1891 2220 non
1928 2162 2173 2220 credide-

598 2286 721 2335 rant
751 2291 877 2331 vero
927 2269 1160 2334 auctori,
1202 2269 1257 2321 in
1311 2278 1438 2319 vera
1475 2258 1739 2331 sapientia
1787 2271 1892 2311 non
1924 2260 2172 2325 poterant

601 2368 850 2426 inveniri.
906 2363 1112 2421 Deiecit
1159 2359 1339 2415 anima
1385 2356 1440 2410 in
1494 2353 1659 2425 ipsis,
1708 2349 1894 2418 utique
1941 2361 2063 2401 eum
2094 2343 2174 2397 la-

599 2461 821 2516 boribus
846 2467 1007 2528 atque
1036 2452 1231 2511 studiis
1252 2461 1441 2506 eorum
1464 2443 1783 2501 animositas
1812 2440 2011 2496 lassata
2051 2451 2175 2492 suc-

602 2551 807 2615 rubuit.

599 2644 633 2699 6
702 2643 767 2697 Et
798 2641 1153 2696 domaverunt
1173 2635 1241 2690 ad
1267 2634 1547 2689 Dominum
1599 2644 1717 2683 cum
1757 2622 2175 2679 tribularcntur:

743 2731 810 2785 Et
836 2731 900 2785 de
930 2725 1320 2784 necessitatibus
1351 2738 1531 2777 eorum
1553 2717 1740 2788 eripuit
1763 2732 1872 2775 eos.

648 2824 714 2883 'C
763 2821 1144 2895 Superioribus
1196 2815 1480 2873 versiculis
1539 2808 1830 2880 descripsit
1897 2811 2178 2867 errantes,

605 2929 748 2971 nunc
775 2913 940 2968 refert
981 2911 1048 2966 de
1090 2906 1440 2964 redeuntibus
1471 2903 1539 2959 ad
1566 2901 1709 2957 dona
1737 2898 1854 2954 Dei.
1901 2895 2182 2955 Clamare-

605 3012 751 3070 runt,
785 3002 1052 3074 signiﬁcat
1076 3012 1269 3068 magno
1294 2993 1563 3052 desiderio
1583 2989 1927 3062 quaesierunt.
1953 2985 2002 3042 Η
2028 2986 2181 3041 Τυηο

606 3106 820 3165 quoque
862 3088 1181 3146 exaudimur
1209 3085 1277 3140 ab
1306 3098 1394 3148 eo,
1425 3080 1638 3152 quando
1668 3094 1773 3133 non
1806 3075 2034 3146 simplex
2076 3089 2178 3127 vox

607 3164 701 3240 sed
734 3178 1004 3237 tribulatio
1040 3176 1242 3233 clamat
1268 3174 1337 3229 ad
1366 3173 1556 3229 Deum.
1591 3170 1699 3226 Sed
1744 3169 1865 3224 vide
1903 3166 2031 3239 quid
2072 3164 2180 3231 cla-

610 3291 729 3332 mor
757 3273 859 3330 iste
889 3267 1229 3344 pr'cstiterit,
1268 3265 1393 3337 quia
1439 3265 1506 3320 de
1534 3261 1946 3318 necessitatibus
1986 3257 2184 3330 eripuit

610 3381 724 3431 eos,
754 3372 807 3421 et
833 3364 1056 3420 semitas
1084 3359 1329 3416 veritatis
1360 3369 1651 3428 agnoscere
1681 3352 1826 3410 fecit.

608 3458 642 3512 Ἰ
714 3455 781 3510 Et
808 3455 985 3510 eduxit
1006 3471 1092 3509 eos
1118 3453 1172 3508 in
1199 3452 1335 3506 viam
1366 3458 1558 3504 rectam
1580 3460 1599 3499 :

755 3543 819 3598 Ut
846 3546 978 3598 irent
1007 3544 1061 3597 in
1084 3542 1341 3597 civitatem
1367 3537 1723 3593 habitationis.

681 3633 723 3690 C
754 3634 822 3688 Et
845 3634 1034 3689 eduxit
1062 3647 1158 3688 eos
1183 3632 1237 3686 in
1268 3631 1409 3685 viam
1436 3637 1661 3694 rectam,
1684 3626 1891 3683 scilicet
1915 3622 2186 3686 Christus,

615 3735 878 3795 quatenus
919 3723 1012 3793 qui
1051 3721 1257 3794 pridem
1299 3719 1442 3775 invio
1481 3733 1669 3775 errore
1696 3717 2061 3787 vagabantur,
2100 3726 2191 3765 ac-

617 3822 771 3883 cepta
798 3813 882 3867 via
917 3811 1273 3867 sanctissima:
1299 3808 1576 3880 religionis
1596 3846 1611 3872 ,
1639 3807 1924 3862 credentes
1949 3804 2004 3858 in
2034 3800 2190 3856 Chri-

618 3914 761 3961 stum
817 3904 885 3959 ad
939 3901 1193 3958 Ecclesiae
1238 3902 1398 3958 beata
1451 3898 1595 3954 atria
1648 3895 1888 3953 feliciter
1950 3890 2191 3964 perveni-

622 4009 757 4055 seut.

619 4091 653 4146 8
723 4087 1084 4160 Conﬁtentur
1111 4084 1336 4141 Domino
1361 4080 1731 4139 misericordia
1755 4078 1908 4150 ejus:

759 4177 827 4235 Et
854 4176 1118 4233 mirabilia
1149 4176 1263 4246 ejus
1284 4174 1410 4244 ﬁliis
1434 4172 1724 4227 liciniuum.

688 4273 731 4329 C
758 4274 986 4345 Dignum
1012 4280 1065 4325 et
1084 4268 1290 4338 justum
1333 4276 1417 4324 est
1448 4280 1665 4336 semper
1695 4259 1941 4318 conﬁteri
1972 4261 2058 4323 pio
2095 4256 2136 4311 D

624 4366 791 4430 mino,
821 4365 911 4433 qui
935 4378 1032 4417 nos
1054 4377 1149 4416 sua
1180 4357 1547 4415 misericordia
1566 4364 1623 4410 et
1652 4367 1682 4408 a
1705 4352 1959 4424 periculis
1981 4350 2198 4414 liberat,

624 4465 681 4510 et
717 4454 999 4524 splendore
1027 4467 1136 4506 suae
1175 4450 1392 4521 pietatis
1427 4446 1712 4502 illuminat.
1756 4441 2017 4497 Mirabilia
2058 4441 2195 4511 ejus,
2224 4474 2275 4538 υ

625 4563 745 4618 qua:
774 4545 901 4600 fecit
927 4546 981 4597 in
1018 4542 1215 4597 mundo
1235 4582 1250 4606 ,
1280 4555 1377 4611 per
1404 4538 1765 4609 evangelistas
1806 4544 1862 4591 et
1899 4534 2193 4607 apostolos,

625 4639 858 4711 posteris
886 4636 1017 4691 dicit
1044 4649 1165 4691 esse
1193 4630 1555 4704 praedicanda.

624 4730 659 4786 9
738 4728 873 4795 Quia
898 4725 1105 4781 satiavit
1130 4724 1359 4777 animant
1388 4720 1594 4774 inanem
1620 4734 1638 4773 :

767 4819 834 4874 Et
860 4814 1415 4875 animamesurientem
1439 4810 1646 4866 satiavit
1676 4808 1846 4864 bouis.

697 4910 739 4967 C
768 4910 917 4965 Tunc
954 4915 1111 4963 erant
1155 4905 1347 4962 animae
1384 4902 1661 4975 gentilium
1690 4901 1878 4956 inanes
1911 4908 1964 4954 et
1994 4911 2196 4961 vacuae,

628 5000 845 5073 quando
866 4999 1020 5059 bonis
1046 4996 1311 5053 fructibus
1336 5010 1405 5050 ex
1433 4993 1578 5049 cultu
1615 4992 1876 5048 idolorum
1902 5000 2060 5045 erant
2091 4990 2199 5058 pri-

2192 1785 2243 1847 B

2256 519 2549 592 indigentia
2575 516 2707 573 boni
2750 514 2951 586 aperis,
2980 512 3161 583 ligatae
3190 509 3408 564 funibus
3460 514 3818 578 peccatorum.

2253 610 2480 666 Ferrum
2506 608 2779 679 signiﬁcat
2806 603 3057 660 duritiam
3086 600 3372 656 malorum.

2256 723 2318 777 11
2397 721 2535 788 Quia
2562 719 3000 775 exacerbaverunt
3024 714 3229 784 eloquia
3255 711 3351 765 Dei
3375 725 3395 762 :

2395 809 2468 864 Et
2488 808 2762 863 consilium
2790 804 3047 860 Altissimi
3072 805 3427 857 irritaret-unt.

2326 900 2368 957 ϐ
2403 900 2543 968 Quia
2570 897 3059 960 exacerbaverunt,
3081 892 3304 962 exponit
3323 890 3468 946 enim
3491 887 3827 958 quemadmo-

2257 992 2383 1046 dum
2413 1002 2775 1061 peccaverunt
2802 986 2879 1042 illi
2906 985 2999 1056 qui
3027 984 3286 1041 sedebant
3313 982 3365 1036 in
3398 980 3674 1043 tenebris;
3707 980 3827 1049 quia

2256 1089 2446 1135 contra
2476 1076 2689 1134 Domini
2719 1076 2931 1146 eloquia
2957 1073 3248 1137 iacientes,
3281 1071 3335 1125 in
3371 1068 3491 1138 ejus
3527 1068 3726 1139 regulis
3755 1069 3829 1120 vi-

2258 1184 2386 1224 vere
2415 1168 2758 1238 respuebant,
2787 1175 2843 1221 et
2870 1165 2992 1219 ideo
3028 1163 3145 1231 ejus
3189 1160 3414 1216 consilia
3453 1158 3823 1212 irritaverant.

2260 1261 2304 1315 ll
2337 1262 2464 1328 Quae
2487 1261 2569 1314 eis
2607 1260 2828 1314 dederat
2856 1266 2914 1312 ut
2944 1256 3206 1326 eligerent
3246 1264 3433 1308 Vitam.
3462 1252 3505 1308 C
3529 1252 3653 1306 Fuit
3673 1251 3826 1305 etiam

2261 1351 2355 1403 Dei
2371 1348 2578 1417 justum
2602 1348 2909 1414 consilium,
2933 1346 3290 1401 saluberrima
3312 1342 3606 1406 medicina,
3626 1351 3684 1395 ut
3704 1356 3835 1395 mor.

2257 1441 2360 1497 bus
2384 1441 2475 1495 ille
2510 1440 2785 1497 contrario
2809 1437 3049 1494 remedio
3071 1443 3384 1501 curaretur;
3415 1434 3670 1504 superbia
3694 1446 3833 1487 nien.

2261 1534 2351 1602 tis,
2378 1533 2626 1605 angustia
2649 1532 2850 1589 cordis.

2245 1646 2336 1701 -12
2403 1645 2473 1701 Et
2495 1644 2829 1699 humiliatum
2853 1652 2928 1698 est
2954 1643 3008 1697 in
3033 1643 3298 1697 laboribus
3325 1657 3418 1696 cor
3438 1656 3623 1695 eorum
3650 1678 3665 1693 .

2410 1737 2676 1808 Inﬁrmati
2707 1745 2828 1792 sunt
2855 1752 2947 1790 nec
2974 1736 3074 1805 fuit
3095 1736 3187 1805 qui
3216 1735 3515 1804 adjuvant.

2338 1828 2381 1886 C
2404 1829 2757 1885 Humiliatum
2786 1836 2871 1883 est
2898 1842 2993 1883 cor
3017 1839 3202 1880 eorum
3232 1825 3285 1879 in
3335 1821 3765 1878 tribulationibus
3787 1828 3841 1875 et

2269 1921 2550 1993 angustiis,
2583 1930 2643 1975 ut
2673 1922 2766 1991 qui
2796 1920 2849 1975 in
2879 1917 3334 1991 prosperitatibus
3359 1916 3578 1986 superbi
3623 1914 3837 1968 exstite-

2271 2022 2412 2079 runt,
2445 2013 2497 2068 in
2535 2010 2972 2066 tribulationibus
3000 2018 3057 2064 et
3108 2006 3382 2063 laboribus
3411 2004 3838 2059 burniliarentur.

2270 2105 2530 2160 lnﬁrmati
2557 2113 2704 2170 sunt,
2734 2103 2786 2157 id
2815 2111 2901 2157 est
2920 2117 2951 2155 a
2986 2100 3166 2156 saeculi
3208 2097 3630 2169 praesumptione
3656 2091 3838 2162 dejecti

2271 2205 2418 2252 sunt.
2453 2195 2564 2250 Nec
2606 2193 2709 2249 fuit
2739 2194 2832 2264 qui
2881 2191 3177 2260 adjuvaret,
3210 2186 3669 2246 subaudiendum,
3697 2184 3841 2245 alur,

2274 2304 2434 2345 nemo
2457 2288 2602 2343 enim
2637 2292 2860 2358 praestat
2884 2282 3230 2355 periclitanti,
3264 2279 3368 2335 nisi
3400 2278 3489 2332 cui
3519 2276 3847 2344 omnipotens

2275 2381 2415 2435 Deus
2436 2378 2772 2449 .prasceperit
2795 2374 3091 2431 subveniri.

2275 2494 2342 2547 15
2417 2490 2484 2545 Et
2510 2490 2859 2544 clamauerunt
2876 2489 2945 2542 ad
2974 2487 3257 2541 Dominum
3285 2499 3406 2539 cum
3434 2482 3839 2536 tribularentur:

2417 2579 2484 2634 Et
2510 2581 2574 2634 de
2605 2579 2998 2634 necessitatibus
3021 2593 3200 2632 eorum
3223 2574 3459 2628 liberavit
3503 2587 3612 2625 eos.

2346 2673 2388 2730 C
2413 2674 2796 2730 Clamaverunt
2825 2672 2893 2728 ad
2932 2671 3240 2736 Dominum,
3265 2668 3476 2724 scilicet
3527 2663 3741 2736 propria
3763 2662 3847 2716 de-

2276 2763 2407 2820 licta
2438 2763 2781 2819 conﬁtentes.
2815 2761 3065 2817 Silcbant
3089 2761 3240 2831 prius
3269 2760 3322 2812 in
3354 2757 3591 2812 elatione
3623 2754 3772 2826 positi
3802 2760 3849 2805 et

2278 2857 2424 2911 velut
2453 2857 2730 2911 insensata
2759 2869 2952 2924 pecora
2977 2852 3184 2907 nullum
3232 2849 3472 2905 salutare
3498 2847 3722 2902 verbum
3745 2843 3847 2897 fun-

2278 2948 2497 3004 debant.
2525 2945 2886 3016 Cbmpunctio
2915 2945 3058 2998 facta
3082 2951 3186 3009 est,
3217 2950 3271 2996 et
3301 2950 3428 2994 tunc
3463 2954 3655 2993 vocem
3680 2935 3844 2990 utilem

2277 3037 2658 3102 reddiderunt,
2694 3036 2746 3090 id
2776 3045 2862 3090 est
2886 3043 2942 3089 et
2969 3033 3225 3088 liberavit
3245 3045 3340 3085 eos
3365 3029 3456 3099 qui
3482 3028 3849 3099 premebantur

2208 3134 2254 3200 C
2284 3130 2545 3185 servitute
2567 3126 2786 3183 diaboli.

2281 3220 2349 3275 M
2422 3221 2492 3274 Et
2520 3219 2697 3274 eduxit
2723 3234 2810 3272 eos
2833 3217 2899 3271 de
2922 3215 3145 3271 tenebris
3165 3224 3213 3269 et
3239 3212 3423 3268 umbra
3450 3212 3640 3265 mortis
3662 3227 3685 3265 .°

2426 3314 2493 3368 £t
2518 3312 2722 3369 vincula
2753 3326 2931 3366 eorum
2961 3310 3204 3379 disrupit.

2357 3403 2401 3460 D
2427 3402 2625 3461 Eduxit
2647 3416 2743 3458 eos
2772 3401 2841 3456 de
2866 3399 3126 3465 tenebris,
3159 3398 3212 3452 id
3258 3404 3343 3451 est
3366 3394 3434 3450 de
3461 3393 3714 3448 caecitate
3755 3403 3852 3459 per.

2287 3494 2450 3552 ﬁdim.
2480 3493 2681 3549 Umbra
2707 3491 2900 3547 mostis
2928 3500 3013 3547 est
3038 3490 3144 3543 vita
3169 3487 3407 3559 peccatis
3432 3484 3731 3546 maculata,
3753 3494 3851 3550 qua

2287 3588 2431 3643 illius
2461 3583 2657 3640 futurae
2707 3584 2900 3638 mostis
2945 3581 3277 3637 teterrimam
3321 3585 3501 3649 portat
3556 3577 3849 3645 imaginem.

2289 3677 2532 3747 Disrupit
2554 3677 2788 3739 vincula,
2817 3675 2896 3729 sic
2915 3672 3112 3728 diaboli
3146 3671 3423 3743 tyrannica
3459 3666 3850 3738 pmeslasCliri-

2289 3781 2377 3826 sto
2408 3770 2655 3825 veniente
2683 3769 2922 3837 disrupta
2952 3775 3057 3831 est,
3108 3774 3168 3819 ut
3194 3779 3468 3832 nunquam
3499 3763 3554 3817 in
3585 3761 3735 3815 illam
3757 3769 3853 3828 qia:

2293 3863 2396 3918 fuit
2424 3862 2845 3917 dominationem
2874 3842 3057 3914 redire
3079 3873 3174 3928 pra
3190 3854 3387 3911 valeat.

2296 3957 2364 4011 15
2435 3953 2795 4022 Couﬁteantur
2825 3950 3046 4004 Domino
3070 3945 3446 4022 misericordia:
3467 3943 3586 4012 ejus
3611 3958 3632 3997 ε

2369 4034 2383 4053 ⁸
2439 4043 2505 4098 Et
2534 4016 2797 4097 mirabilia
2825 4042 2937 4110 ejus
2959 4040 3084 4110 ﬁliis
3112 4016 3400 4092 hominum.

2367 4136 2407 4192 C
2437 4137 2703 4191 Admonet
2742 4134 2885 4189 enim
2935 4131 3236 4189 Liberatori
3268 4126 3473 4198 gratias
3518 4140 3707 4197 agere,
3751 4122 3855 4194 quis

2140 4271 2198 4312 ο.
2294 4226 2491 4298 jannas
2542 4233 2888 4295 peccatorum
2942 4231 2998 4277 et
3046 4220 3306 4275 malorum
3347 4217 3593 4274 omnium
3645 4216 3853 4271 claustra

2305 4319 2474 4370 virtus
2495 4315 2676 4369 divina
2706 4312 2992 4383 confregit.

2306 4409 2372 4463 16
2446 4407 2585 4473 Quia
2613 4408 2848 4461 contrivit
2874 4415 3050 4474 portas
3077 4420 3240 4458 a'reas
3268 4420 3283 4459 :

2442 4500 2510 4554 Et
2537 4509 2697 4555 vectes
2723 4498 2916 4568 ferreos
2940 4496 3212 4567 confregit.

2371 4592 2412 4648 C
2434 4591 2609 4647 Porta!
2644 4605 2816 4654 aereae,
2841 4597 2966 4645 sunt
3012 4583 3430 4643 consuetudines
3476 4582 3758 4639 hominum
3790 4577 3855 4632 vi-

2304 4686 2475 4749 tiosa,
2501 4697 2617 4752 qua:
2641 4696 2742 4738 nos
2773 4684 2847 4735 ita
2870 4681 2923 4735 in
2953 4687 3296 4750 peccatorum
3319 4678 3474 4732 atriis
3504 4677 3787 4731 recludunt
3809 4679 3852 4723 ut

2303 4775 2531 4830 exeundi
2564 4782 2831 4842 neq‘ueant
2858 4771 3097 4842 praebere
3124 4759 3421 4823 licentiam.
3459 4768 3657 4822 Vectes
3702 4774 3854 4820 autem

2304 4864 2533 4928 ferreos,
2582 4863 2804 4934 spiritus
2860 4858 3167 4915 immundos
3213 4859 3365 4920 dicit,
3401 4858 3492 4926 qui
3535 4858 3658 4912 illas
3685 4854 3855 4924 janms

2303 4964 2672 5028 peccatorum.
2697 4969 2768 5009 ne
2795 4951 2946 5008 exire
2974 4952 3155 5017 liceat,
3201 4950 3563 5004 circumdatas
3594 4947 3855 5002 observare

2300 5061 2353 5094 M
2384 5051 2638 5094 pla-talem
2665 5040 2768 5094 n’nn
2797 5058 3029 5094 possunt.
3066 5046 3191 5094 “me.
3210 5045 3353 5094 enim
3385 5045 3491 5094 duo
3526 5044 3740 5094 metalla
3782 5054 3855 5094 ιιτο
