3986 5412
611 203 715 260 693

609 320 672 375 31
751 317 1116 388 Conﬁteantur
1141 318 1367 374 Domino
1392 322 1765 377 misericordia!
1795 323 1944 392 ejus:

755 410 824 464 Et
853 410 1112 486 mirabilia
1133 411 1248 481 ejus
1281 411 1405 480 ﬁliis
1434 413 1729 467 hominum.

606 567 610 570 _
679 501 720 555 Ε
743 500 949 574 Inspice
996 501 1083 554 hic
1113 501 1256 570 quod
1283 501 1532 556 eumdem
1570 517 1786 558 versum
1815 512 2008 575 quarto
2036 517 2194 572 repe-

610 592 748 656 tivit,
779 599 836 644 ul
875 590 1205 660 quadrifaria
1237 590 1327 645 illa
1375 592 1558 646 mundi
1597 593 1812 658 divisio,
1840 609 2002 663 quam
2034 605 2194 662 snpe-

602 669 720 740 Irius
742 683 880 738 dixit
905 700 935 737 a
966 682 1097 738 solis
1126 691 1248 736 ortu
1277 691 1332 736 et
1359 698 1580 748 occasu,
1604 684 1672 737 ab
1698 685 1950 754 aquilone
1980 692 2035 738 et
2058 681 2195 737 mari

610 775 698 830 his
727 775 1061 828 concordans
1094 773 1339 843 partibus
1389 775 1725 839 redderetur,
1757 784 2026 844 quatenus
2063 788 2196 828 con-

606 863 773 917 fessio
805 861 976 916 fidelis
1004 863 1204 932 ubique
1226 863 1435 926 eadem,
1459 862 1660 932 ubique
1693 863 2042 918 celeberrima
2065 877 2195 916 can-

609 964 818 1010 tarctur
843 972 856 1009 :
879 963 968 1019 ut,
1000 955 1142 1008 sicut
1182 953 1378 1022 ubique
1413 963 1496 1007 est
1551 970 1655 1008 una
1687 953 1934 1018 ecclesia,
1968 968 2071 1008 una
2125 952 2196 1008 sil.

602 1057 663 1111 et
691 1047 894 1118 ubique
915 1046 1208 1102 confessio.
1241 1045 1285 1100 ll
1311 1046 1684 1101 Conﬁteantur
1711 1046 1940 1102 Domino
1985 1045 2196 1100 miseri-

609 1141 808 1196 cordia:
845 1141 984 1210 ejus,
1010 1139 1204 1209 quibus
1227 1139 1460 1210 protegit
1487 1140 1781 1194 humanum
1807 1154 1975 1208 genus
2004 1145 2058 1193 et
2094 1136 2198 1194 mi-

607 1233 800 1288 rabilia
826 1231 967 1286 facta
992 1231 1114 1287 ﬁliis
1147 1231 1446 1297 hominum,
1468 1230 1593 1300 quia
1635 1230 1954 1286 mirabiliter
1982 1241 2195 1298 compe-

604 1325 711 1378 scit
741 1325 839 1379 hos
866 1322 1079 1378 ﬂuctus.

599 1416 677 1470 52
749 1419 817 1487 ὶί(
855 1416 924 1470 Ει
958 1417 976 1487 ζ
1007 1415 1236 1472 exaltent
1259 1431 1375 1470 eum
1410 1416 1464 1469 in
1499 1414 1733 1470 Ecclesia
1766 1415 1965 1485 plebis:

753 1507 824 1562 Et
850 1508 905 1562 in
932 1509 1179 1562 cathedra
1200 1507 1460 1568 seniorum
1492 1505 1704 1560 laudent
1732 1521 1872 1560 eum.

689 1593 737 1652 Ω
768 1596 1063 1657 Ecclesiam
1110 1597 1199 1652 hic
1251 1596 1488 1652 nobilem
1515 1594 1658 1650 illam
1690 1604 1745 1649 et
1769 1609 1896 1649 vera
1929 1594 2192 1667 religione

1528 203 1592 260 Β.
1638 204 1990 276 BRUNONIS
2031 205 2571 278 HERBIPOLENSIS
2610 209 2912 268 EPISCOPI

3755 213 3845 269 3C6

2222 329 2268 388 Α
2299 324 2464 380 Terra
2506 327 2622 384 sine
2668 343 2827 398 aqua,
2861 327 3136 384 incredula
3183 327 3458 398 signiﬁcat
3486 327 3663 384 .corda
3689 335 3844 398 gemi-

2294 414 2443 481 lium,
2477 434 2616 488 quae,
2656 429 2796 490 post,
2833 421 3055 491 irrigata
3078 420 3220 475 unda
3252 420 3591 489 baptismatis
3609 429 3847 478 etsmcta

2293 508 2675 576 praedicatione
2722 494 3039 565 floruerunt.
3072 509 3115 564 ll
3156 511 3342 565 Posuit
3371 514 3642 566 desertum
3676 511 3724 565 in
3753 524 3848 565 sta-

2293 614 2396 669 gna
2427 616 2715 671 aquarum,
2749 603 2997 673 praebeas
3019 596 3024 600 ’
3047 605 3100 659 in
3152 604 3389 660 Ecclesia
3428 606 3761 674 baptismum.
3791 607 3849 661 Et

2296 697 2496 745 terram
2526 692 2642 747 sine
2670 709 2806 762 aqua
2841 695 2891 748 in
2927 695 3105 749 exitus
3135 711 3339 765 aquaru
3365 714 3421 761 o,
3469 697 3521 750 id
3551 706 3652 759 est,
3680 691 3849 766 puell-

2293 791 2506 838 catores
2539 785 2590 837 in
2636 785 2915 840 nationum
2959 785 3206 842 ariditate
3241 788 3546 842 constituit.
3599 789 3660 842 Et
3699 788 3848 843 collo-

2294 876 2439 930 cavit
2491 876 2600 932 illic
2647 878 2980 944 esurientes,
3025 887 3083 932 ut
3119 879 3274 935 bonis
3322 879 3637 935 coelestibus
3685 879 3850 936 reﬁce-

2295 976 2502 1022 rentur.

2295 1057 2365 1113 36
2439 1058 2504 1112 Et
2534 1060 2805 1114 collocavit
2828 1059 2936 1114 illic
2957 1060 3240 1116 esurientes
3269 1077 3286 1117 .'

2441 1150 2506 1204 Et
2529 1153 2909 1206 constituerunt
2931 1152 3189 1206 civitatem
3212 1153 3572 1208 habitationis.

2365 1241 2405 1298 C
2446 1242 2739 1298 Collocavit
2777 1242 2885 1296 illic
2913 1243 3234 1307 esurientes,
3285 1243 3335 1297 id
3383 1253 3490 1307 est,
3521 1243 3613 1314 qui
3661 1245 3849 1299 Domini

2296 1346 2518 1386 munera
2558 1331 2717 1386 nimis
2756 1331 2986 1402 gloriosa
3018 1332 3273 1387 aviditate
3309 1333 3573 1403 complexi
3603 1343 3740 1388 sunt.
3772 1333 3850 1387 CT-

2296 1423 2434 1478 vitas
2480 1423 2827 1478 habitationis
2877 1423 3120 1478 Ecclesia
3171 1422 3437 1478 catholica
3493 1433 3611 1488 est,
3665 1423 3713 1476 in
3756 1439 3850 1492 qua

2297 1514 2523 1570 ﬁrmiter
2550 1528 2607 1569 se
2631 1515 2969 1569 constituunt
2994 1513 3086 1583 qui
3115 1514 3362 1583 supernis
3392 1513 3724 1583 jussionibus
3741 1513 3854 1567 obc-

2296 1605 2467 1658 diunt.

606 1687 897 1759 pollentem
933 1688 1098 1755 dicit,
1133 1703 1254 1759 quae
1311 1687 1599 1743 Dominum
1656 1684 1922 1756 religiosis
1979 1687 2190 1742 actibus

2296 1695 2364 1751 37
2437 1695 2507 1749 Et
2529 1695 2909 1750 seminaverunt
2938 1711 3091 1765 agros
3114 1703 3161 1749 et
3186 1691 3555 1765 plantacerunt
3587 1695 3752 1748 vineas
3776 1709 3794 1746 :
3819 1721 3826 1725 -

603 1796 828 1860 semper
854 1780 1075 1836 exaltat.
1102 1780 1170 1835 Et
1198 1779 1252 1834 in
1279 1779 1538 1834 cathedra
1569 1778 1658 1833 hic
1703 1792 1900 1833 omnes
1944 1778 2196 1834 doctores

604 1872 866 1943 przecepit
892 1871 1080 1927 laudes
1108 1869 1322 1926 Domini
1346 1883 1666 1940 personare,
1699 1869 1790 1938 qui
1835 1867 1889 1922 in
1935 1866 2194 1923 cathedra

610 1963 888 2018 seniorum
920 1963 1192 2028 resident,
1223 1961 1275 2016 id
1303 1970 1407 2027 est,
1457 1961 1546 2031 qui
1579 1975 1920 2015 successores
1951 1967 2196 2016 veterum

609 2057 926 2130 pontiﬁcum
953 2071 1073 2112 esse
1101 2063 1433 2110 meruerunt.
1463 2053 1508 2108 ll
1535 2054 1603 2108 Et
1629 2054 1848 2108 laudent
1873 2069 1995 2108 eum
2023 2053 2077 2107 in
2108 2067 2186 2107 ca-

607 2149 800 2204 thedra
829 2147 1128 2212 seniorum,
1154 2161 1262 2201 non
1297 2145 1350 2199 in
1375 2143 1463 2198 illa
1496 2144 1550 2198 in
1579 2159 1683 2214 qua
1715 2143 1920 2198 Scriliae
1968 2153 2023 2198 et
2055 2142 2199 2196 Pha-

607 2227 752 2294 risa:i
779 2239 1058 2300 sederunt,
1077 2238 1169 2307 qui
1191 2236 1432 2308 legentes
1453 2235 1648 2306 legem,
1679 2249 1786 2289 non
1812 2232 2197 2288 intellexerunt

608 2329 664 2385 in
691 2344 756 2384 ea
782 2329 1072 2383 Dominum
1110 2327 1440 2391 nuntiatum,
1469 2325 1562 2382 sed
1590 2323 1642 2378 in
1668 2323 1757 2378 illa
1777 2363 1792 2391 ,
1837 2323 1891 2377 in
1935 2337 2040 2394 qua
2071 2335 2196 2375 eum

605 2419 690 2474 vel
716 2420 994 2490 propheta:
1023 2417 1108 2472 vel
1137 2417 1465 2490 patriarchm
1500 2413 1728 2486 spiritali
1757 2413 1915 2468 oculo
1942 2420 2192 2466 contem-

603 2511 835 2590 plautas,
857 2518 1230 2580 cognoverunt
1249 2509 1302 2563 in
1342 2506 1642 2576 miraculis,
1667 2505 1753 2562 vel
1790 2503 2027 2560 oraculis
2053 2501 2196 2558 ceci~

607 2611 828 2656 tierunt.

607 2692 677 2753 33
750 2693 937 2747 Posuit
974 2692 1196 2769 ﬂumina
1235 2691 1291 2745 in
1327 2690 1635 2746 desertum:

757 2783 824 2836 Et
849 2784 1022 2836 exitus
1050 2797 1308 2851 aquarum
1326 2782 1379 2835 in
1401 2782 1562 2835 sitim.

683 2873 724 2928 C
753 2871 905 2927 Nunc
930 2887 1153 2927 causam
1185 2870 1541 2926 confessionis
1591 2878 1647 2924 et
1685 2868 2032 2925 exaliationis
2069 2870 2198 2924 sub-

606 2940 709 3029 dit,
739 2965 888 3034 quia,
915 2963 1114 3018 Judmis
1139 2963 1458 3033 reprobatis,
1485 2963 1662 3017 omnis
1685 2977 1947 3032 aquarum
1964 2961 2197 3034 Spiritus
2219 3011 2232 3020 .

609 3055 782 3112 sancti
808 3052 1083 3122 plenitudo
1123 3051 1271 3106 venit
1302 3051 1368 3104 ad
1399 3050 1649 3122 populqu
1679 3050 2068 3105 Christianum.
2102 3051 2208 3104 llla‘

606 3137 872 3214 siquidem
895 3143 1135 3208 ﬁumina,
1168 3143 1221 3198 id
1253 3152 1339 3198 est
1367 3145 1645 3214 pr0phetae
1667 3142 1750 3197 vel
1802 3141 2050 3211 apostoli,
2087 3157 2194 3196 non

607 3236 954 3291 credentibus
975 3233 1198 3299 Iudaeis,
1225 3233 1291 3288 ad
1323 3233 1534 3288 deserta
1563 3233 1803 3304 gentium
1832 3232 2192 3298 transierunt,

607 3335 662 3381 et
689 3326 833 3382 velut
860 3325 979 3381 fons
1015 3324 1252 3396 irriguus
1281 3324 1575 3392 derivatus,
1607 3325 1672 3379 ad
1701 3333 1886 3395 gentes
1915 3323 2092 3378 omnis
2121 3322 2198 3398 di-

607 3423 766 3498 vinus
791 3438 970 3478 sermo
995 3431 1078 3477 est
1107 3419 1418 3476 translatus.
1445 3420 1510 3474 Et
1533 3420 1713 3474 exitus
1742 3435 2004 3488 aquarum
2037 3420 2088 3472 in
2122 3416 2195 3471 si-

607 3516 728 3580 tim,
758 3513 812 3569 id
840 3525 922 3570 est
957 3516 1008 3568 in
1037 3523 1250 3584 gentes,
1279 3523 1338 3566 ut
1364 3527 1482 3581 qua:
1527 3511 1679 3581 prius
1719 3510 1935 3564 fuerant
1981 3510 2196 3564 siceatze

607 3599 863 3660 ariditate
891 3603 1121 3673 peccati,
1153 3603 1404 3657 caelestes
1424 3616 1594 3671 aquas
1619 3599 1868 3656 sitienter
1890 3599 2192 3656 haurirent.

601 3694 653 3748 ll
680 3694 871 3750 Merito
893 3693 1208 3750 exaltentet
1234 3695 1452 3748 laudent
1480 3693 1668 3760 Deum,
1705 3693 1796 3764 qui
1849 3693 1902 3747 in
1956 3692 2194 3750 Ecclesia

601 3802 729 3857 quae
757 3785 907 3858 prius
937 3771 1112 3840 fuerat
1143 3784 1412 3840 desertum
1431 3791 1488 3838 ct
1509 3783 1633 3837 odio
1659 3782 1841 3837 habita
1867 3783 2046 3852 posuit
2069 3797 2196 3852 apo-

598 3876 797 3945 stolos,
830 3877 921 3947 qui
953 3891 1072 3931 eam
1100 3884 1154 3928 et
1179 3873 1592 3930 consolarentur
1621 3873 1879 3945 alloquio,
1908 3883 1962 3929 et
1997 3873 2195 3928 alluvio

603 3968 986 4025 fecundareut.
1033 3968 1193 4022 Dedit
1231 3976 1287 4022 et
1331 3967 1384 4022 in
1433 3966 1642 4021 animas
1670 3967 1916 4022 sitientes
1966 3970 2194 4023 verbum

601 4053 784 4116 exitus
843 4059 1311 4130 praedicationum,
1367 4069 1422 4115 et
1471 4068 1671 4114 terram
1729 4059 2018 4130 corporis,
2074 4075 2195 4130 qua:

605 4151 756 4219 prius
775 4150 1001 4219 protulit
1023 4151 1206 4221 spinas
1237 4150 1637 4217 amaritudinis,
1672 4150 1938 4207 fructibus
1965 4150 2195 4222 replevit

605 4241 842 4295 :nternis.

607 4325 674 4380 34
751 4326 967 4381 Terram
995 4329 1322 4399 fructiferam
1346 4331 1402 4384 in
1427 4330 1741 4402 salsuginem
1763 4346 1784 4387 :

621 4428 626 4432 '
755 4419 798 4470 Α
827 4418 1034 4474 malitia
1065 4420 1471 4474 inhabitantium
1492 4422 1546 4475 in
1575 4439 1658 4476 ea.

693 4505 920 4562 CTerra
959 4507 1104 4562 enim
1157 4507 1436 4564 fructifera
1466 4507 1650 4564 Judaaa
1679 4519 1816 4573 erat.
1847 4511 2063 4581 quando
2097 4527 2192 4568 su-

609 4614 776 4668 perna
807 4598 1068 4670 religione
1115 4599 1490 4666 ﬂorebat,'sed
1538 4595 1680 4656 facta
1741 4611 1828 4657 est
1881 4603 2044 4665 salsa,
2071 4619 2192 4658 cum

609 4690 702 4746 Dei
733 4699 1000 4762 praecepta
1029 4693 1372 4761 contempsit.
1404 4692 1608 4747 llumor
1629 4693 1773 4747 enim
1798 4694 1975 4750 salsus
2005 4695 2195 4751 fructi-

610 4780 713 4835 b'us
753 4779 1012 4849 probatur
1041 4780 1333 4845 adversus,
1365 4781 1492 4851 quia
1544 4780 1852 4852 ubicunque
1882 4774 2192 4841 dominatus

607 4870 790 4937 fuerit,
848 4885 1071 4940 germen
1124 4870 1470 4929 fecunditatis
1529 4874 1820 4945 intercipit.
1877 4875 2030 4942 Quod
2088 4875 2190 4932 illis

609 4963 838 5035 contigit
866 4961 1091 5033 propter
1119 4962 1381 5018 malitiam
1434 4979 1621 5022 eorum
1642 5007 1655 5032 ,
1683 4969 1771 5037 qui
1822 4967 1915 5022 Dei
1947 4969 2192 5022 taberna-

604 5055 785 5109 culum
825 5055 1066 5112 subdolis
1095 5056 1365 5110 mentibus
1392 5057 1640 5114 habitare
1669 5060 2009 5116 videbantur.

605 5147 676 5200 55
749 5148 933 5201 Posuit
963 5149 1225 5202 desertum
1261 5148 1314 5202 in
1337 5158 1526 5218 stagna
1553 5167 1814 5221 aquarum
1841 5170 1858 5208 :

751 5237 816 5291 Et
848 5249 1041 5293 terram
1063 5239 1176 5294 sine
1199 5257 1336 5310 aqua
1372 5240 1425 5293 in
1459 5241 1630 5294 exitus
1655 5259 1932 5314 aquarum.

679 5329 720 5382 C
747 5329 855 5384 Iste
899 5347 1087 5386 versus
1112 5333 1349 5401 pertinet
1391 5331 1456 5386 ad
1487 5333 1741 5401 populum
1780 5317 2185 5408 Chrisuanum;

2221 4371 2272 4432 Β

2436 1784 2506 1838 Et
2529 1781 2760 1854 fecerunt
2784 1783 3010 1853 fructum
3035 1784 3340 1839 nativitatis.

2369 1876 2410 1932 C
2448 1874 2731 1931 Seminant
2760 1889 2920 1946 agros
2945 1883 3001 1930 et
3021 1873 3266 1944 plantam
3299 1875 3506 1937 vineas,
3533 1874 3624 1943 qui
3653 1861 3858 1944 corpora

2299 1981 2397 2023 sua
2428 1965 2702 2020 mundatis
2731 1965 2974 2020 sentibus
3005 1973 3374 2034 peccatorum,
3425 1965 3638 2020 cmlesti
3667 1965 3856 2019 instite-

2301 2057 2444 2114 tione
2469 2056 2777 2127 puriﬁcant.
2819 2055 3050 2110 Fructus
3084 2070 3112 2108 a
3159 2054 3384 2124 fruendo
3431 2055 3655 2120 dicitur,
3679 2064 3730 2110 et
3757 2056 3859 2110 idse

2301 2150 2390 2221 qui
2433 2149 2669 2204 fructum
2723 2147 3022 2217 spiritalem
3073 2146 3308 2210 faciunt,
3363 2145 3740 2200 benedictione
3777 2147 3857 2199 Dei

2299 2240 2674 2314 perfruuntur.
2727 2239 2875 2306 Quos
2932 2251 3063 2292 vero
3103 2235 3421 2291 infecundos
3470 2236 3755 2298 invenerit,
3780 2234 3860 2287 abs

2299 2334 2509 2391 scindet
2529 2339 2589 2387 ut
2613 2330 2850 2386 sterilem
2883 2329 3167 2384 ﬁculneam
3197 2327 3352 2398 (Luc.
3405 2329 3550 2396 ιηι).
3582 2327 3724 2397 Ager
3748 2340 3859 2378 vero

2299 2425 2368 2480 ab
2395 2423 2597 2496 agendo
2620 2423 2797 2477 dictus
2838 2429 2942 2486 est,
2971 2419 3114 2490 quod
3154 2417 3229 2473 ibi
3268 2418 3486 2472 diversa
3518 2417 3695 2472 victus
3721 2428 3861 2470 causa

2298 2524 2646 2586 peragantur.

2298 2607 2366 2663 '58
2440 2605 2506 2660 Et
2533 2603 2791 2660 benedixit
2821 2603 2894 2656 eis
2923 2610 2970 2655 et
2997 2599 3329 2670 multiplicati
3356 2611 3475 2652 sunt
3501 2597 3661 2651 nimis
3689 2611 3707 2649 :

2444 2697 2508 2752 Et
2529 2699 2771 2768 jumenta
2799 2710 2977 2748 eorum
3008 2709 3111 2746 non
3138 2691 3436 2746 minoravit.

2370 2789 2415 2844 ll
2446 2787 2728 2843 Benedixit
2753 2784 2896 2838 enim
2941 2783 3080 2838 Deus
3110 2781 3238 2846 illis,
3280 2779 3371 2850 qui
3419 2794 3479 2834 se
3505 2793 3535 2832 a
3565 2776 3748 2848 pravis
3785 2787 3861 2828 co-

2299 2877 2650 2951 gitationibus
2691 2873 3024 2930 custodiunt.
3067 2871 3108 2926 C
3137 2871 3207 2925 Et
3243 2867 3584 2940 multiplicati
3632 2875 3758 2922 sunt
3796 2866 3862 2917 ui-

2301 2970 2424 3033 mis,
2451 2967 2780 3023 fecunditate
2807 2963 3146 3019 meritorum.
3191 2959 3442 3015 Juu'ienta
3489 2957 3762 3029 simplices
3781 2956 3863 3010 ho-

2301 3061 2473 3114 mines
2501 3057 2760 3114 debemus
2801 3057 3064 3126 acciperc,
3119 3052 3241 3108 ﬁdei
3281 3052 3551 3123 probitate
3600 3043 3859 3121 pollentes

2300 3167 2404 3207 non
2435 3150 2847 3206 dissertitudine
2871 3147 3152 3218 gloriosos,
3182 3144 3276 3198 sed
3310 3143 3559 3198 meliores
3585 3143 3699 3196 vita
3724 3154 3861 3212 quam

2297 3243 2498 3314 lingua,
2532 3241 2824 3312 plurimum
2869 3238 3134 3304 valentes,
3163 3252 3267 3292 non
3295 3235 3500 3306 lingua,
3546 3235 3646 3290 sed
3688 3235 3860 3302 conte;

2285 3335 2351 3389 -hi
2385 3349 2491 3389 non
2536 3341 2662 3388 sunt
2691 3329 2968 3397 minorati,
2994 3329 3088 3385 sed
3125 3329 3179 3385 in
3230 3326 3425 3384 melius
3461 3327 3722 3397 reparati,
3751 3341 3864 3396 quo-

2299 3428 2442 3480 niam
2477 3440 2726 3495 magnam
2752 3425 2847 3479 Dei
2885 3423 3116 3494 gratiam
3153 3429 3278 3476 sunt
3304 3419 3603 3475 consecuti.
3636 3417 3681 3473 Η
3709 3417 3862 3472 Bene-

2297 3517 2432 3572 dixit
2460 3514 2744 3586 apostolis,
2770 3513 2898 3583 quia
2926 3527 3047 3582 qua:
3074 3517 3230 3566 erant
3278 3507 3472 3578 placita
3519 3507 3570 3562 ei
3617 3506 3863 3562 faciebant

2297 3616 2532 3677 Semper,
2563 3606 2706 3661 sicut
2735 3613 2790 3659 ct
2831 3603 2887 3658 in
2923 3617 3086 3657 manu
3134 3597 3334 3670 Ioseph
3380 3598 3661 3654 benedixit
3706 3595 3861 3653 omnia

2299 3699 2440 3753 Deus

2295 3791 2386 3846 59'
2440 3789 2507 3844 Et
2544 3790 2700 3860 pauci
2723 3788 2850 3859 facti
2879 3796 3042 3846 sunt:

2441 3877 2507 3934 Et
2533 3878 2703 3933 vexati
2733 3886 2854 3932 sunt
2883 3894 2917 3931 a
2945 3875 3282 3931 tribulatione
3304 3874 3567 3930 malorum
3594 3881 3647 3928 et
3685 3869 3860 3927 dolore.

2368 3969 2409 4025 C
2440 3969 2497 4024 ln
2536 3970 2621 4024 his
2648 3968 2856 4024 duobus
2882 3966 3164 4022 versiculis
3193 3966 3452 4023 describit
3477 3964 3608 4020 illos
3632 3963 3749 4034 qui,
3772 3961 3861 4014 ha:-

2291 4047 2464 4116 lretica
2494 4059 2762 4130 pravitate
2811 4059 3040 4128 decepti,
3078 4057 3377 4113 Ecclesium
3406 4056 3503 4112 Dei
3551 4054 3859 4124 relinquunt.

2295 4150 2388 4206 Isti
2431 4164 2563 4220 ergo
2591 4147 2748 4218 pauci
2779 4156 2926 4212 sunt,
2955 4146 3206 4216 quamvis
3237 4145 3390 4200 multi
3419 4143 3521 4200 sibi
3565 4143 3858 4201 vidcantur;

2295 4253 2423 4294 nam
2468 4239 2536 4293 ad
2595 4237 2740 4292 illam
2792 4236 3150 4292 universalem
3206 4235 3505 4291 Ecclesiam
3560 4229 3859 4304 comparati.

2299 4330 2629 4387 omnimodis
2673 4329 2974 4401 probantur
3025 4329 3228 4400 exigui.
3269 4326 3494 4387 Vexati.
3531 4326 3754 4396 quando
3789 4333 3864 4375 eos

2297 4421 2576 4476 diabolica!
2601 4419 2806 4474 insidia:
2844 4419 3210 4489 perculerunt,
3259 4420 3358 4473 hos
3393 4417 3549 4472 dolor
3575 4425 3631 4472 et
3661 4413 3859 4471 tribula-

2298 4511 2374 4566 tio
2403 4509 2778 4580 subsequitur,
2801 4509 3055 4579 quoniam
3082 4517 3358 4564 auctorem
3383 4509 3576 4562 salutis
3608 4506 3864 4577 reliquisse

2297 4612 2612 4659 noscuntur.
2646 4602 2692 4656 ll
2730 4602 2806 4658 De
2831 4597 3033 4657 ludatis
3058 4600 3300 4671 exponit,
3327 4613 3464 4669 quos
3509 4598 3643 4653 dicit
3687 4607 3863 4668 paucos

2296 4693 2490 4760 factos,
2518 4708 2584 4750 eo
2612 4695 2754 4774 quod
2790 4693 2854 4748 in'
2875 4693 3007 4762 ipsis
3033 4709 3140 4748 non
3169 4695 3276 4748 sint
3306 4692 3562 4762 deinceps
3596 4705 3759 4759 Opera
3786 4684 3859 4740 Dei

2298 4786 2670 4856 multiplicata,
2691 4784 2769 4842 'et
2791 4783 2968 4842 t'exati
3000 4801 3030 4840 a
3059 4785 3404 4841 tribulatione
3436 4785 3725 4842 malorum,
3757 4777 3857 4849 quia

2305 4879 2568 4934 insontem
2594 4879 2762 4950 iniqui
2791 4887 2917 4933 sunt
2959 4880 3252 4950 persecuti,
3285 4893 3449 4949 super
3479 4891 3707 4948 quorum
3739 4871 3858 4944 pn'n-

2301 4971 2446 5043 cipes
2471 4970 2638 5026 effusa
2681 4981 2766 5026 est
2793 4972 3124 5040 contemptio
3154 4987 3167 5026 :
3202 4979 3260 5024 ut
3306 4971 3400 5040 qui
3438 4970 3725 5036 Dominum
3757 4978 3859 5018 cou-

2301 5073 2630 5135 teinpserant
2659 5063 2759 5132 ipsi
2790 5071 3288 5128 contemnerentur,
3332 5072 3386 5116 ct
3414 5076 3602 5115 errare
3637 5059 3859 5112 ieciteos

2299 5156 2353 5210 in
2387 5157 2531 5212 invio
2558 5155 2799 5210 Satanae.

2298 5248 2369 5301 40
2444 5248 2631 5316 E/I'usa
2657 5257 2730 5301 est
2756 5248 3069 5316 contemptio
3100 5261 3254 5316 super
3276 5243 3584 5315 principes:

2445 5339 2510 5391 Et
2542 5355 2717 5392 errare
2748 5326 2866 5407 fecit
2901 5355 2987 5391 eos
3014 5339 3068 5392 in
3096 5338 3229 5392 inrio
3259 5347 3306 5389 et
3337 5353 3442 5388 non
3467 5337 3521 5387 in
3550 5334 3649 5388 uia.
