3986 5412
170 314 269 371 537

1358 308 1719 391 suosuo
1757 306 2202 397 ιιδιιιτιιοιιωι

3281 337 3403 394 ται

170 422 502 486 contendunt.
534 415 598 483 ni
623 443 720 500 per
760 429 934 485 invios
960 429 1216 501 labuntur
1248 443 1503 497 errores;
1534 431 1731 501 quippe
1759 432 1808 492 Α
1873 434 1896 488 ι
1987 434 2244 492 Paratum
2295 456 2385 495 cor
2444 457 2611 496 meum
2644 484 2658 509 ,
2723 440 2860 498 Deus
2899 454 2960 498 -ιν
3011 459 3264 515 paratum,
3312 465 3406 514 eor

170 523 253 593 qui
283 523 416 576 viam
445 520 637 578 salutis
667 521 949 591 deserunt,
998 530 1055 578 et
1095 523 1351 579 tortuosis
1396 524 1604 580 semitis
1634 523 1738 578 im-

171 621 454 686 morantur,
483 620 538 666 et
565 612 638 667 ita
668 612 847 669 littera
889 612 1200 668 Cassiodori
1242 614 1406 669 habet
1456 613 1733 675 contentio

166 702 343 772 ctejns
371 703 659 771 expositio.
703 702 809 757 Sed
834 717 1030 757 omnes
1076 702 1480 768 translationes,
1512 712 1568 758 et
1614 702 1735 758 Ori-

163 793 310 863 genis
328 801 381 846 et
405 791 720 865 Hieronymi
747 800 805 846 et
832 790 1115 863 Augustini
1144 790 1324 846 littera
1373 792 1575 847 habent
1603 806 1735 846 con—

170 884 397 953 temptio,
436 892 493 936 et
520 884 592 937 ita
625 882 914 953 exponitur
940 882 1008 936 ab
1029 884 1130 948 eis,
1166 882 1210 937 ll
1241 891 1299 937 ut
1324 883 1415 952 qni
1448 883 1731 957 Dominum

166 984 586 1044 contempserant
610 975 709 1046 ipsi
740 983 1240 1030 contemnerentur.
1272 975 1318 1028 Α
1345 973 1436 1029 Vel
1465 974 1734 1044 principes

165 1080 275 1118 esse
296 1064 601 1131 voluerunt,
633 1064 929 1135 contempti
959 1072 1165 1119 suntet
1194 1065 1262 1119 ab
1284 1064 1523 1120 Ecclesia
1549 1079 1733 1135 repro-

166 1155 286 1221 bati,
326 1165 385 1211 ut
416 1156 494 1212 sal
527 1156 874 1210 infamatum.

164 1248 215 1302 ιι
290 1248 355 1303 Et
379 1248 583 1318 adjuvit
606 1265 888 1318 pauperem
909 1248 973 1302 de
998 1248 1174 1317 inopia
1205 1261 1223 1299 :

288 1339 356 1393 Et
380 1340 557 1408 posuit
590 1340 722 1392 sicut
755 1356 870 1394 oves
899 1339 1158 1409 familias.

224 1432 264 1491 C
296 1434 453 1488 Redit
498 1433 567 1490 ad
614 1433 852 1488 humiles
898 1432 1215 1489 catholicos.
1269 1431 1487 1502 Adjuvit
1530 1448 1733 1503 paupe—

156 1541 284 1591 rem,
312 1525 357 1579 ﬂ
397 1526 450 1579 id
481 1535 589 1591 est,
618 1525 875 1597 populum
902 1524 1538 1596 Christianumdapibus
1568 1527 1733 1580 satia-

158 1615 229 1669 vit
250 1614 482 1670 :eternis.
512 1614 581 1668 Et
600 1614 783 1684 posuit
807 1615 950 1669 sicut
976 1629 1106 1670 oves
1137 1614 1389 1685 familias,
1421 1622 1480 1669 ut
1508 1615 1731 1669 audien-

154 1717 233 1763 tes
252 1723 432 1763 vocem
458 1708 573 1762 veri
600 1707 834 1776 pastoris
863 1706 969 1763 lida
996 1718 1310 1778 sequantur.
1334 1706 1376 1763 C
1410 1707 1517 1762 lste
1544 1715 1725 1762 autem

2051 544 2219 583 meum
2248 543 2270 582 .⁶

1980 619 2213 675 Cantabo
2236 634 2287 679 et
2311 624 2537 693 psallam
2563 627 2619 682 in
2652 612 2824 698 gloria
2854 648 2989 685 utea.
3370 688 3373 693 .

1866 777 1869 780 ἠ
1905 709 1947 765 C
1986 711 2212 768 Paratus
2240 715 2385 769 enim
2428 716 2680 775 Christus
2720 735 2937 791 semper
2981 731 3101 778 erat
3142 726 3213 781 ad
3254 726 3410 794 talia,

1833 801 1925 870 qui
1955 801 2022 855 ad
2049 805 2315 873 prmconia
2349 804 2525 862 Patris
2548 809 2868 878 perﬁcienda
2897 813 3233 870 obstaculnm
3279 831 3408 885 pet:-

1833 894 1939 947 cati
1998 909 2102 951 non
2158 896 2411 963 habebat.
2450 897 2744 970 Sequitur:
2777 903 3019 959 Cantabo
3044 914 3101 961 et
3139 906 3403 981 psalmum

1834 983 2031 1039 dicam.
2073 985 2263 1042 Merito
2316 988 2408 1043 ille
2443 989 2511 1043 de
2547 1004 2605 1045 se
2650 991 2775 1045 talia
2825 993 3073 1062 dicebat,
3100 996 3256 1064 cuius
3294 1013 3409 1057 scr-

1834 1090 1922 1130 mo
1942 1086 1996 1132 et
2029 1085 2181 1133 actus
2208 1077 2404 1133 divinis
2433 1080 2633 1151 regulis
2657 1084 3050 1141 consonabant.
3083 1086 3198 1156 ipsa
3228 1096 3407 1154 autem

1799 1229 1802 1232 ,
1832 1166 2125 1235 geminatio
2151 1168 2530 1227 conﬁdentiam
2574 1171 2952 1247 promissionis
2980 1175 3238 1242 ostendit,
3280 1177 3412 1245 dum

1832 1252 1917 1308 bis
1938 1254 2096 1321 dicit,
2128 1266 2378 1325 paratum
2406 1275 2502 1314 cor
2537 1275 2738 1315 meum.
2786 1260 3097 1331 HCParatus
3124 1279 3245 1320 sum
3298 1281 3410 1331 non

1830 1344 2003 1399 solum
2026 1362 2208 1417 Opere,
2237 1350 2329 1403 sed
2361 1350 2525 1404 etiam
2546 1350 2711 1406 corde
2732 1360 2787 1405 et
2812 1322 2997 1418 sensu,
3020 1354 3255 1421 cantabo
3276 1369 3412 1426 ergo

1832 1434 1885 1489 iu
1916 1437 2159 1505 cordeet
2187 1440 2410 1508 psallam
2455 1434 2509 1499 in
2548 1457 2731 1511 opere.
2778 1442 2835 1497 Si
2891 1443 2944 1509 in
2988 1445 3245 1514 psalterio
3299 1462 3408 1525 una

1794 1558 1805 1567 -
1830 1529 2030 1584 chorda
2055 1540 2209 1601 rupta
2240 1530 2420 1600 luxerit,
2452 1535 2845 1592 exterminatur
2873 1527 3234 1609 psalteriumi
3258 1550 3312 1596 et
3357 1542 3407 1596 si

1829 1619 1884 1675 in
1936 1621 2147 1677 actibus
2196 1624 2397 1682 nostris
2444 1641 2609 1679 unum
2659 1638 2984 1698 praeceptum
3037 1623 3409 1701 pnetergressi

1831 1708 2110 1772 fuerimus.
2140 1713 2456 1782 psalterium
2489 1724 2733 1771 nostrum
2763 1719 3047 1787 rumpitur.

156 1810 345 1866 panper
391 1806 498 1863 est,
529 1759 646 1867 qui,
684 1798 967 1853 mundanis
1017 1759 1286 1854 illecebris
1311 1798 1606 1862 derelictis,
1654 1798 1722 1853 ad
1756 1779 1799 1838 Β
1896 1799 2124 1855 Psallam
2141 1759 2316 1876 rigitur
2336 1803 2385 1857 in
2404 1804 2573 1873 gloria
2598 1822 2735 1869 mea,
2762 1759 2906 1877 quod
2927 1808 3071 1863 enim
3102 1801 3218 1871 tibi,
3245 1776 3407 1875 Dens,

159 1890 377 1946 caelestis
414 1891 807 1953 misericordiae
846 1890 1070 1960 januam
1116 1889 1317 1960 pulsat,
1362 1898 1421 1944 ut
1472 1889 1528 1944 in
1575 1890 1720 1944 illam

159 1982 240 2036 Dei
287 1981 550 2039 familiam
602 1993 880 2039 mereatur
923 1981 1160 2048 admitti,
1206 1996 1348 2052 qum,
1401 1981 1544 2036 sicut
1592 1996 1722 2038 oves

159 2072 393 2138 innoxiae,
422 2073 788 2143 simplicitatis
816 2073 1021 2129 honore
1047 2073 1352 2128 decoratur.

158 2161 219 2215 ἃ
296 2161 547 2217 Videbunt
584 2166 708 2219 recti
737 2173 786 2219 et
815 2163 1134 2218 laetabuntur
1159 2177 1179 2215 :

288 2252 353 2307 Et
383 2255 553 2308 omnis
573 2254 825 2325 iniquitas
856 2253 1124 2325 oppillabit
1155 2270 1212 2309 os
1239 2270 1417 2307 suum.

220 2340 260 2394 ll
284 2343 555 2399 Videbunt
586 2343 738 2408 recti,
768 2358 999 2413 quorum
1025 2352 1153 2399 sunt
1198 2343 1289 2398 isti
1341 2343 1725 2412 praedicatione

157 2435 409 2490 conversi.
447 2435 517 2491 Et
559 2435 739 2492 omnis
782 2435 1062 2506 iniquitas,
1111 2435 1165 2492 id
1208 2444 1311 2501 est,
1342 2435 1584 2491 diabolus
1612 2436 1726 2490 sive

154 2526 312 2584 ιιιόωὶ
344 2538 401 2584 et
428 2529 671 2584 haeretici
714 2536 1168 2604 commutescunt,
1198 2527 1240 2583 C
1278 2526 1494 2598 quando
1537 2525 1726 2583 electis

156 2618 355 2675 Domini
392 2636 501 2677 non
526 2622 635 2676 erit
657 2620 802 2694 quod
828 2618 999 2692 possit
1019 2621 1235 2691 opponi.

157 2713 218 2767 i3
284 2714 415 2780 Quis
445 2716 654 2785 sapiens
685 2724 736 2769 et
763 2714 1017 2769 custodiet
1042 2713 1155 2767 lucc
1172 2713 1205 2766 7,

269 2807 354 2862 Et
377 2807 630 2878 intelliget
660 2807 1050 2863 misericordias
1076 2806 1313 2863 Domini.

193 2891 237 2948 υ
279 2896 411 2964 Quis
440 2897 694 2967 sapiens?
728 2913 794 2952 ac
818 2897 863 2952 si
914 2897 1158 2953 diceret:
1205 2896 1306 2963 Qui
1339 2910 1467 2951 vere
1510 2896 1726 2965 sapiens

150 3004 231 3044 est
256 2990 494 3046 custodit
530 2991 635 3045 ista
666 3005 788 3061 qua:
807 2988 952 3044 dicta
978 2996 1123 3053 sunt,
1151 2997 1211 3043 ut
1237 2988 1439 3044 Christi
1468 3003 1528 3044 se
1553 2988 1726 3059 magis

151 3080 421 3136 velitesse
448 3095 744 3151 pauperem
787 3095 947 3149 quam
981 3079 1360 3134 haereticorum
1400 3078 1729 3149 principem.

148 3168 193 3224 ll
219 3169 277 3224 Si
309 3171 454 3225 enim
504 3170 778 3241 sapienter
807 3170 1142 3235 consideres,
1188 3176 1243 3223 et
1284 3168 1603 3238 spiritaliter
1644 3168 1726 3223 in-

147 3262 372 3332 telligas,
400 3262 610 3317 videbis
648 3263 702 3315 in
734 3260 1071 3332 hoepsalmo
1100 3260 1509 3333 misericordias
1533 3260 1729 3329 petitas

147 3367 203 3412 et
234 3357 531 3411 clementer
556 3354 810 3430 indultus.
839 3354 880 3411 C
901 3353 1002 3408 Vel
1034 3352 1244 3408 videbis
1274 3353 1326 3406 in
1355 3351 1496 3407 ctelo
1520 3351 1729 3423 miseri-

141 3445 381 3510 cordias,
408 3453 463 3499 et
488 3444 756 3517 intelliges
782 3444 1076 3509 clementer
1101 3442 1354 3503 indultus,
1383 3442 1434 3496 id
1458 3450 1564 3506 est,
1589 3442 1727 3497 acci-

146 3538 262 3608 pies
310 3536 718 3597 misericordias
766 3537 820 3592 in
869 3536 1117 3607 praunio,
1146 3550 1266 3605 quae
1314 3533 1461 3589 nullo
1505 3539 1730 3604 possunt

150 3637 390 3699 tempore
439 3627 742 3685 terminari.
782 3629 830 3682 Α
882 3626 979 3683 Vel
1018 3625 1284 3697 intelliget
1330 3623 1731 3699 misericordias

144 3718 378 3787 Domini,
408 3736 516 3776 non
548 3720 741 3776 merita
770 3732 895 3784 sua,
916 3733 1023 3774 non
1051 3718 1196 3772 vires
1222 3731 1372 3783 suas,
1401 3732 1508 3772 non
1534 3725 1730 3787 poten-

148 3808 300 3874 tiam,
322 3808 421 3865 sed
451 3818 621 3864 totum
653 3808 779 3875 sibi,
825 3805 1085 3879 quidquid
1129 3805 1258 3860 boui
1298 3807 1482 3872 habet,
1511 3805 1727 3877 miseri-

148 3901 331 3957 cordia
360 3900 574 3956 Domini
619 3900 899 3973 largitum,
925 3907 981 3955 et
1007 3906 1196 3970 gentes
1239 3913 1308 3955 es
1358 3897 1728 3955 misericordia

152 3989 216 4043 ad
237 3988 397 4045 tidem
421 3990 655 4055 venisse,
680 3997 737 4045 et
757 4003 947 4046 omnes
965 3988 1288 4064 salvatos‘et
1306 3987 1592 4044 salvandos
1615 3988 1729 4042 sola

151 4079 521 4136 misericordia
555 4093 678 4136 esse
695 4080 909 4144 beatos,
938 4071 1162 4149 propter
1191 4078 1336 4149 quod
1372 4078 1541 4133 toties
1562 4075 1733 4147 jussit

150 4168 376 4227 Domino
399 4169 807 4226 misericordias
836 4169 954 4239 ejus
974 4166 1244 4224 conﬁteri.

621 4276 821 4318 ORATIO
855 4276 925 4315 us
959 4272 1108 4315 νεΑιη
1147 4274 1257 4315 CVI.

214 4354 571 4419 Conﬁtemm‘,
597 4353 844 4418 Domine,
874 4350 1278 4407 misericordias
1310 4360 1449 4413 tuas,
1487 4347 1731 4419 quasju-

154 4446 289 4514 giter
310 4447 457 4501 circa
505 4456 725 4501 nostras
770 4457 998 4499 exerces
1042 4441 1273 4514 inopias,
1328 4450 1613 4511 precantes
1649 4449 1729 4505 nt,

149 4534 261 4603 qui,
284 4533 560 4590 exaltatus
585 4533 643 4588 in
668 4532 954 4597 Ecetes'ris,
980 4529 1191 4585 resides
1222 4530 1290 4585 ad
1315 4532 1593 4587 dexteram
1624 4529 1733 4585 Pa-
1764 4529 1773 4579 ἶ

156 4622 251 4678 tris
282 4623 337 4677 in
371 4623 593 4691 throno,
628 4621 788 4677 nobis
825 4629 988 4677 tantae
1035 4619 1406 4677 miserationis
1446 4630 1501 4675 et
1531 4618 1732 4675 intelli-

1824 1891 1997 1961 psallo
2016 1892 2101 1949 vel
2130 1904 2313 1962 canto,
2339 1911 2447 1951 non
2476 1897 2568 1952 tibi
2608 1898 2861 1968 gratiam,
2910 1901 3003 1955 sed
3054 1902 3184 1954 mihi
3238 1901 3403 1963 facio.

1825 1984 2082 2052 quoniam
2105 1985 2371 2040 bonorum
2397 2003 2640 2042 meorum
2675 2005 2779 2061 non
2806 2005 2931 2062 eges
2957 1992 3127 2061 (Psal.
3163 1994 3274 2065 xv).
3308 1994 3412 2065 lgi-

1825 2083 1913 2129 tur
1927 2075 2068 2147 quod
2090 2076 2190 2131 tibi
2214 2078 2410 2142 servio,
2428 2078 2594 2149 gloria
2619 2095 2734 2134 mea
2756 2090 2870 2146 est;
2904 2082 2947 2137 si
2985 2084 3129 2136 enim
3160 2083 3239 2138 vel
3264 2083 3408 2152 jeju-

1826 2181 1918 2233 no,
1945 2166 2029 2221 vel
2056 2167 2109 2221 in
2137 2182 2295 2223 sacco
2317 2167 2474 2238 jaceo
2505 2185 2602 2240 pro
2630 2172 2871 2239 peccatis
2913 2174 3068 2238 meis,
3111 2173 3256 2229 facto
3298 2176 3412 2247 hoc

1796 2272 1801 2281 ’
1825 2267 2031 2313 tantum
2053 2261 2147 2315 tibi
2173 2272 2389 2331 prmsto,
2410 2264 2548 2331 quod
2567 2265 2805 2320 animam
2828 2281 3000 2321 meam
3021 2269 3223 2322 salvam
3248 2269 3407 2326 facit.

1826 2349 1901 2405 De
1938 2366 2065 2419 quo,
2113 2360 2173 2407 ut
2212 2352 2387 2409 bonus
2417 2354 2684 2421 medicus,
2715 2356 2933 2425 gaudes,
2964 2358 3166 2427 gaudes
3202 2357 3267 2414 de
3317 2344 3408 2413 saL

1825 2441 2046 2495 natione
2075 2456 2218 2506 mea,
2250 2449 2305 2496 et
2325 2457 2425 2513 ego
2446 2442 2652 2513 gaudeo
2682 2446 2746 2500 de
2778 2446 3012 2502 utilitate
3040 2461 3179 2505 mea.

1824 2532 1861 2586 2
1970 2531 2227 2602 Exsurge,
2257 2533 2560 2603 psalterium
2591 2545 2639 2589 et
2664 2537 2865 2591 cit/rara
2893 2553 2911 2591 :

1965 2623 2265 2695 Exsurgam
2295 2625 2551 2682 diluculo.

1800 2732 1805 2737 '
1895 2715 1937 2771 (Σ
1974 2715 2235 2785 Exsurge,
2261 2715 2433 2786 gloria
2478 2732 2618 2783 mea,
2653 2733 2772 2789 quze
2795 2734 2893 2790 per
2918 2721 3234 2792 psalterium
3267 2723 3406 2781 indi-

1828 2815 1985 2863 catur
2012 2815 2067 2863 et
2093 2807 2383 2862 citharam.
2441 2806 2764 2863 Psalterium
2817 2809 2885 2863 ad
2926 2825 3133 2865 morum
3172 2814 3407 2883 pertinet

1825 2897 2185 2968 probitatem;
2233 2898 2445 2952 cithara
2495 2900 2563 2953 ad
2617 2898 2958 2954 aﬂlictionem
3010 2902 3278 2972 corporis,
3313 2919 3412 2974 per

1828 2990 1942 3044 haec
1967 2990 2259 3045 ostendens
2288 2999 2342 3045 et
2370 2998 2524 3045 actus
2548 2990 2845 3046 laudabiles
2876 3000 2932 3046 et
2963 2990 3408 3062 gloriosissimam

1826 3080 2151 3150 passionem.
2182 3081 2479 3153 Exsurgam
2505 3081 2758 3147 diluculo,
2793 3084 2894 3138 hoc
2923 3083 2989 3138 de
3012 3085 3410 3142 resurrectione

1830 3169 2030 3225 Christi
2056 3179 2232 3240 potest
2258 3170 2481 3240 intelligi
2508 3180 2563 3224 et
2592 3171 2657 3225 de
2699 3171 2957 3226 membris
2989 3171 3105 3241 ejus
3132 3182 3188 3229 et
3227 3173 3406 3242 quolto

1805 3258 1920 3318 ‘het
1948 3261 2109 3317 lideli.
2136 3262 2235 3330 Qui
2266 3263 2316 3316 in
2358 3261 2594 3317 Ecclesia
2619 3262 2830 3317 Domini
2856 3262 3175 3319 ‘landaturns
3203 3265 3412 3322 assistit

1829 3353 2086 3423 operibus
2116 3352 2249 3421 piis;
2280 3366 2429 3418 nam,
2453 3352 2581 3407 licet
2604 3352 2867 3422 profunda
2910 3364 3068 3421 nocte
3096 3354 3299 3421 laudet,
3331 3355 3416 3411 di-

1830 3442 2012 3497 luculo
2035 3443 2292 3512 prteconii
2322 3442 2420 3497 Dei
2446 3442 2764 3498 irradiatnr.

1828 3535 1864 3589 ὅ
1966 3532 2271 3605 'Canﬁtebor
2291 3534 2386 3588 tibi
2408 3533 2461 3589 in
2487 3533 2714 3604 populis,
2747 3533 2968 3590 Domine
2988 3550 3012 3588 τ

1976 3622 2043 3677 Et
2068 3623 2292 3693 psallam
2315 3623 2406 3677 tibi
2435 3623 2489 3677 in
2515 3624 2837 3679 nationibus.

1888 3715 1941 3772 (Ξ
1975 3714 2235 3771 Conllteri
2291 3729 2350 3771 se
2399 3715 2530 3770 dicit
2572 3715 2628 3771 in
2670 3716 2867 3785 populo
2912 3714 3263 3785 Judteorum,
3318 3717 3414 3777 ubi

1811 3792 2045 3882 propria
2082 3823 2217 3865 voce
2254 3808 2464 3864 locutus
2489 3814 2607 3872 est;
2661 3808 2891 3879 psallere
2934 3817 3113 3865 autem
3156 3812 3210 3865 in
3241 3810 3416 3882 genti-

1829 3903 1947 3966 bus,
1978 3902 2046 3957 ad
2092 3917 2228 3973 quas
2259 3901 2451 3958 directi
2497 3900 2727 3972 apostoli
2760 3899 2970 3955 D’omini
2992 3910 3265 3972 prmcepta
3308 3901 3413 3956 im-

1824 3996 2131 4075 pleverunt,
2159 4004 2214 4050 et
2244 3995 2365 4061 ideo
2397 3994 2533 4049 dicit
2571 4008 2630 4049 se
2686 3992 2938 4049 videlicet
2984 3995 3216 4063 psallere
3265 3995 3415 4064 quod

1826 4082 2234 4157 per'ministros
2283 4098 2411 4140 suos
2449 4083 2794 4154 cognoscitur
2844 4080 3110 4139 eﬂ‘ecisse.
3151 4082 3196 4138 ll
3226 4080 3411 4138 Conli-

1833 4176 1990 4232 tebor
2037 4174 2139 4230 tibi
2188 4174 2246 4229 in
2294 4172 2525 4245 populis,
2576 4172 2631 4227 id
2678 4179 2763 4227 est
2821 4170 3042 4239 Judazis,
3092 4171 3183 4241 qui
3234 4170 3412 4242 primo

1830 4264 2200 4330 crediderunt,
2228 4264 2612 4320 deinde-etiam
2647 4262 2704 4317 in
2741 4261 3049 4318 nationibus
3077 4261 3341 4335 gentium.
3376 4274 3386 4301 λ

1830 4354 1866 4410 ι
1978 4354 2241 4419 Quoniam
2288 4369 2479 4423 magna
2506 4364 2664 4421 super
2684 4350 2840 4406 ctelos
2868 4348 3233 4407 misericordia
3275 4360 3367 4407 tua
3390 4351 3412 4406 .'

1982 4444 2046 4499 Et
2074 4457 2237 4511 unus
2261 4441 2332 4494 ad
2356 4442 2517 4503 nubu
2536 4440 2729 4494 veritas
2754 4448 2872 4496 tua.
2952 4496 2957 4501 ,
3476 4446 3481 4449 ’

1901 4534 1948 4592 C
1986 4534 2325 4606 Magniﬁcam
2356 4544 2446 4590 est
2484 4531 2859 4591 misericordia
2903 4543 3076 4602 usque
3118 4531 3187 4588 ad
3216 4530 3413 4598 celos,

1835 4610 2059 4697 quando
2077 4639 2325 4696 superna:
2350 4633 2647 4695 potestates
2674 4620 2791 4692 eius
2822 4616 3102 4678 beneﬁciis
3122 4622 3414 4694 perimun-

148 4719 348 4781 {ercet
369 4711 652 4775 custodire
692 4710 964 4769 concedas
1021 4723 1302 4764 arcanum.
1350 4707 1452 4776 Qui
1497 4707 1738 4795 vivis'et
1838 4727 1946 4774 ων,
1994 4717 2178 4786 Usque
2212 4716 2286 4773 ad
2336 4717 2511 4783 nubes
2562 4714 2789 4785 quando.
2830 4713 3215 4783 pradicatores
3270 4714 3417 4769 velut

155 4816 362 4872 reginas,
394 4812 505 4859 etc.
1180 4862 1185 4867 .

686 4872 1010 4951 essurus
1042 4890 1198 4948 cvn.

582 4996 948 5042 Διςυιιειιτιιιι
980 4996 1128 5037 ιδεμ..
1166 4995 1295 5035 ονιι.

210 5072 258 5130 C
279 5071 542 5131 Christus
563 5070 705 5128 Patri
735 5074 940 5145 gratias
969 5072 1101 5141 agit,
1130 5070 1273 5141 quod
1305 5078 1426 5138 post
1461 5067 1730 5141 passionis

152 5161 490 5192 Ιοξιιηιιιιδιεπι
519 5171 821 5192 “anmals-nn.
848 5161 1146 5192 *Λαιι-κιινῖῢ
1181 5163 1232 5192 in
1266 5160 1450 5192 ηΙιιι-ἶιιι

1830 4805 2131 4862 imbrifera:
2172 4807 2346 4865 nubes
2398 4803 2649 4860 inﬁdeles
2698 4799 2929 4873 populos
2978 4801 3300 4871 irrigabant.
3348 4799 3410 4855 ﬂ

1832 4896 1977 4965 Quia
2009 4911 2205 4966 magna
2232 4893 2601 4955 misericordia
2633 4901 2724 4949 tua
2772 4905 2941 4960 super
2964 4889 3136 4946 oculos
3156 4931 3175 4956 ,
3196 4904 3307 4966 non
3334 4899 3418 4945 est

1834 4995 2085 5043 creatura
2106 5002 2233 5056 qua:
2257 4998 2364 5055 non
2410 4984 2657 5053 indigeat
2690 4978 3060 5038 misericordia
3088 4978 3209 5038 Dei.
3252 4977 3416 5033 etiam

1836 5078 2080 5143 Gabriel,
2106 5075 2355 5141 Michael,
2383 5071 2705 5137 Cherubim,
2728 5066 3035 5139 Surapbim.
3056 5065 3175 5121 Non
3196 5061 3424 5119 detraho

2271 5167 2558 5192 ’-ηηολνιηη
2609 5159 2842 5192 ηυαιιὶῖηιι
2891 5157 2960 5192 δι
3006 5170 3113 5192 mn
3142 5164 3191 5192 nl
3246 5152 3422 5192 Insue"
