3994 5370
585 175 705 240 ‘59'9

1539 184 1597 239 S.
1639 182 1990 242 BRUNONIS
2035 181 2581 244 HEllBIPOLENSIS
2609 184 2914 244 EI‘ISCOPI
3765 191 3856 245 £30

572 296 683 349 'dia
709 292 948 350 coelestia
985 291 1353 358 continentur,
1381 291 1585 364 justum
1615 304 1701 350 est
1733 302 1795 349 ut
1826 311 1988 366 super
2019 296 2184 352 caelos
2213 300 2255 360 Α
2289 311 2445 350 suam
2474 307 2527 352 et
2554 295 2900 370 Evangelium
2929 339 2944 366 ,
2975 281 3230 357 mundum
3281 299 3572 358 universali
3607 301 3856 370 praulicao

595 386 793 441 debeat
816 381 1063 439 exaltari.
1093 383 1159 437 Et
1187 397 1352 454 super
1379 399 1596 439 omnem
1633 393 1855 451 terra-ru,
1884 402 2004 440 eum
2033 386 2181 440 exal-

598 488 741 534 tatus
768 476 941 542 fuero,
976 474 1020 530 II
1057 475 1109 530 id
1139 485 1242 542 est,
1271 477 1487 546 quando
1513 476 1808 532 cruciﬁxus
1852 491 1970 541 ero,
1998 478 2180 532 omnia

571 572 808 628 -traham
838 571 905 626 ad
928 585 1013 625 me
1035 569 1218 643 (Joan.
1248 569 1369 638 xu).
1399 567 1464 624 Ut
1497 569 1796 626 liberentur
1823 570 2031 637 dilecti,
2059 570 2182 628 ideo

593 661 930 733 cruciﬁgitur
961 660 1238 726 Dominus,
1267 669 1323 716 et
1345 660 1616 716 exaltatur
1648 669 1709 716 ut
1751 661 2054 716 liberentur
2094 662 2178 717 di-

589 754 762 820 lecti,‘
795 755 997 810 factum
1026 762 1110 808 est
1141 753 1285 809 enim
1317 762 1378 809 ut
1399 753 1738 833 petivimus;
1788 754 1880 810 ille
1909 755 2181 811 exaltatus

596 854 702 908 est,
742 853 797 900 et
822 857 921 898 nos
968 841 1184 898 liberati
1225 858 1432 898 sumus.
1473 842 1730 898 Exaltare
1783 858 1950 914 super
1989 842 2177 908 eoelos,

591 933 735 990 Deus
772 947 880 988 non
921 931 1192 1010 exaltatnr
1218 932 1322 988 nisi
1348 947 1512 1004 super
1532 932 1720 999 cmlos,
1754 949 1858 989 non
1907 934 2182 989 exaltatur

591 1040 754 1097 super
810 1034 1046 1092 terram;
1077 1024 1295 1094 quando
1335 1025 1481 1081 enim
1531 1026 1732 1082 terreni
1781 1040 2009 1091 sumus,
2071 1040 2178 1081 non

588 1117 892 1174 exultamus
935 1114 1131 1182 Deum,
1179 1115 1274 1172 sed
1301 1115 1518 1186 quando
1551 1131 1737 1172 sumus
1764 1115 2178 1172 conversatione

588 1206 869 1263 caelestes.

594 1311 630 1366 6
735 1315 950 1374 Salvum
980 1318 1068 1390 [ac
1092 1319 1308 1374 dextera
1336 1327 1427 1374 tua
1451 1327 1500 1374 et
1530 1319 1726 1374 exaudi
1749 1335 1828 1374 me
1860 1336 1880 1373 :

729 1408 872 1465 Deus
891 1410 1098 1465 locutus
1129 1419 1204 1465 est
1228 1412 1282 1465 in
1304 1422 1488 1466 sancto
1513 1427 1630 1467 suo.

657 1499 701 1554 C
740 1497 962 1555 Salvum
987 1499 1091 1565 fac,
1131 1499 1341 1556 salvum
1378 1517 1436 1557 se
1462 1501 1577 1557 ﬁeri
1609 1503 1934 1571 deprecatur
1965 1501 2017 1555 in
2049 1515 2176 1572 pas-

585 1589 761 1657 sione,
792 1599 850 1645 ut
879 1589 1217 1646 credentium
1267 1591 1425 1646 turba
1459 1591 1802 1648 liberaretur.
1839 1592 1978 1647 Deus
2019 1592 2171 1647 locu-

2292 385 2451 442 tione
2472 389 2785 459 complevit,
2819 390 3134 461 alienigena!
3161 392 3306 448 enim
3336 403 3523 465 gentes
3548 403 3671 450 sunt

2303 475 2361 532 11
2439 478 2570 544 Quia
2601 480 2818 536 deducet
2847 499 2930 537 me
2957 483 3010 536 in
3037 484 3296 540 civitatem
3330 486 3586 541 munitam
3612 489 3635 540 ὲ

2436 569 2566 636 Quis
2611 571 2826 626 deducet
2849 589 2930 628 me
2959 591 3121 646 usque
3139 576 3192 631 in
3216 574 3510 632 lduma'am
3531 578 3559 633 .’

2355 657 2397 714 C
2427 657 2558 727 Quis
2586 659 2812 717 deducet
2843 679 2948 728 me,
2977 680 3005 718 a
3033 675 3187 734 parte
3213 667 3569 724 humanitatis
3589 669 3855 740 aptissima

2290 749 2641 824 interrogatio
2667 756 3014 824 praemittitur
3041 797 3064 824 ν
3094 767 3154 812 ut
3201 773 3542 831 consequens
3593 765 3856 834 reSponsio

2289 843 2679 913 subsequatur.
2712 844 2754 899 H
2785 844 2826 900 C
2853 844 3055 902 Civitas
3086 850 3290 904 munita
3319 836 3456 906 forte
3485 852 3757 924 signiﬁcat
3785 856 3851 909 in.

2282 932 2520 1000 fernum,
2549 951 2707 1007 quem
2733 937 2877 993 nulla
2905 939 2989 996 vis
3016 941 3249 996 humana
3275 944 3448 1012 potuit
3473 946 3688 1016 aperire
3711 987 3727 1012 ,
3765 948 3854 1002 nisi

2279 1025 2369 1096 qui
2399 1035 2584 1096 portas
2623 1028 2739 1098 ejus
2779 1028 2962 1102 fregit.
3009 1031 3115 1086 Ista
3159 1033 3350 1088 civitas
3380 1037 3446 1090 ad
3485 1038 3851 1107 egrediendum

2279 1117 2485 1173 munita
2515 1129 2618 1186 est,
2669 1129 2859 1191 aperta
2885 1131 2968 1178 est
2999 1124 3066 1178 ad
3098 1123 3502 1181 introeundum.
3550 1127 3595 1181 Η
3628 1127 3850 1182 ldumaza

2287 1223 2501 1279 quoque
2531 1210 2918 1282 interpretatur
2960 1218 3253 1286 sanguinea
3285 1257 3300 1282 ,
3347 1217 3664 1289 signiﬁcans
3689 1219 3853 1274 locum

2289 1315 2595 1370 poenarum,
2621 1304 2712 1358 ubi
2741 1304 3142 1361 interﬁciuntur
3179 1307 3373 1363 animae
3401 1318 3767 1380 peccatorum.

2279 1391 2350 1446 12
2423 1393 2612 1449 Nonne
2635 1405 2713 1462 tu,
2737 1395 2902 1463 Deus,
2923 1397 3014 1469 qui
3044 1399 3280 1468 repulisti
3314 1417 3406 1455 nos
3431 1415 3452 1456 :

2426 1482 2494 1538 Et
2522 1501 2624 1540 non
2656 1487 2841 1552 exibis,
2871 1487 3032 1556 Deus,
3065 1490 3120 1545 in
3145 1491 3424 1546 virtutibus
3457 1494 3674 1548 nostris.

2347 1572 2390 1629 C
2418 1572 2550 1641 Quis
2587 1577 2731 1630 enim
2757 1577 3055 1635 claustrum
3103 1583 3294 1637 mortis
3344 1582 3672 1655 infringeret
3699 1626 3713 1650 ,
3743 1586 3851 1654 quis

586 1690 674 1736 tus
697 1679 857 1736 estin
881 1687 1072 1736 sancto
1109 1695 1232 1747 suo,
1258 1680 1310 1734 id
1335 1689 1420 1735 est
1456 1681 1612 1748 Filio,
1648 1689 1708 1735 ut
1759 1681 1991 1736 Verbum
2043 1696 2160 1735 carc

2282 1664 2467 1734 ianuas
2488 1666 2709 1722 munita:
2741 1668 2975 1726 civitatis
3004 1671 3264 1741 aperiret,
3297 1673 3401 1729 nisi
3433 1675 3548 1744 ipse
3576 1673 3852 1731 Christus?

583 1770 785 1826 factum
816 1785 923 1825 una
956 1771 1235 1826 voluntate
1265 1787 1388 1826 cum
1432 1771 1594 1826 Patre
1623 1771 1957 1842 loqueretur.

587 1881 619 1938 Ἰ
728 1881 1026 1940 Εμςειιιιαὺο
1058 1895 1119 1938 +
1149 1893 1197 1938 et
1228 1881 1251 1955 ζ
1281 1883 1510 1937 dividam
1544 1881 1832 1938 Sic/rimam
1865 1901 1879 1937 :

726 1973 798 2030 Et
819 1974 1104 2030 convallem
1136 1975 1594 2032 tabernaculorum
1608 1961 1887 2031 'dimetiar.

653 2063 702 2119 II
740 2065 982 2122 Sichima
1017 2065 1404 2136 interpretatur
1445 2067 1674 2134 humeri,
1715 2068 1926 2123 humeri
1970 2077 2172 2134 autem,

579 2157 852 2230 signiﬁcat
883 2174 1084 2230 opera,
1135 2173 1326 2216 sensus
1377 2174 1506 2232 ergo
1563 2161 1686 2218 talis
1720 2169 1845 2216 est:
1885 2169 2172 2232 propterea

581 2253 893 2326 cruciﬁgor,
932 2263 992 2308 ut
1039 2268 1204 2324 opera
1239 2269 1360 2309 mea
1407 2254 1646 2309 dividam
1688 2257 1895 2311 sanctis
1927 2255 2082 2311 meis.
2131 2256 2173 2310 C

580 2343 699 2406 Vel,
733 2353 855 2414 post
877 2343 1334 2400 resurrectionem
1362 2359 1515 2400 suam
1545 2344 1856 2400 laetaturum
1902 2360 1962 2402 se
1988 2353 2046 2402 et
2084 2345 2168 2401 di-

578 2437 826 2492 visurum
856 2436 987 2491 dicit
1018 2451 1205 2506 opera,
1231 2437 1284 2491 id
1311 2445 1416 2503 est,
1447 2437 1654 2507 gratias
1679 2452 1804 2492 suas
1829 2438 2090 2508 apostolis
2116 2447 2172 2492 et

577 2526 850 2581 ﬁdelibus.
883 2525 1140 2592 Etaddit,
1164 2526 1463 2582 convallem
1490 2527 1988 2595 tabernaculorum,
2024 2528 2169 2599 quod

579 2615 851 2686 signiﬁcat
879 2613 1238 2670 humilitatem
1281 2615 1653 2672 ecclesiarum.
1690 2615 1842 2672 Hanc
1888 2631 2020 2686 ergo
2073 2618 2171 2673 hu-

575 2703 866 2780 militatem
908 2703 1131 2760 metitus
1169 2713 1252 2760 est
1291 2705 1570 2771 Dominus,
1617 2707 1832 2777 quando
1877 2707 2167 2780 unicuique

574 2774 838 2861 ﬁdelium,
860 2802 1024 2867 prout
1049 2793 1242 2860 voluit,
1267 2796 1406 2851 dona
1443 2774 1738 2853 distribuit.

561 2883 608 2942 '8
720 2885 873 2941 Meus
903 2897 978 2942 est
1005 2883 1212 2942 Galaad
1238 2895 1286 2941 et
1315 2904 1458 2942 meus
1480 2898 1557 2943 est
1599 2887 1872 2946 Mauasses
1900 2908 1916 2944 :

557 2967 561 2972 ’
716 2977 786 3032 Et
813 2978 1065 3050 Ephraim
1099 2981 1358 3052 susceptio
1382 2979 1568 3050 capitis
1595 2982 1718 3036 mei.
1815 2992 1821 2998 '

643 3069 686 3124 C
715 3067 940 3135 Galaad,
965 3069 1356 3139 interpretatur
1381 3071 1795 3141 transmigratio,
1824 3087 1928 3142 qua
1955 3071 2156 3144 migra-

551 3162 718 3231 _-tioue
741 3167 926 3231 gentes
954 3159 1164 3217 Domini
1196 3158 1481 3215 vocatione
1509 3171 1846 3231 compunctus
1883 3161 1950 3217 ad
1987 3162 2155 3216 Deum

574 3251 808 3307 feliciter
836 3250 1226 3322 migraveruut.
1255 3251 1554 3316 Manasses,
1586 3251 1773 3305 oblivio
1799 3269 1816 3318 ;
1845 3265 1952 3322 quo
1990 3251 2158 3306 verbo

2282 1755 2547 1826 Repulisti
2571 1799 2584 1824 ,
2617 1768 2782 1830 caput
2803 1775 2927 1816 cum
2956 1763 3214 1820 membris
3246 1764 3504 1836 loquitur,
3536 1767 3590 1821 id
3604 1769 3849 1823 estdism-

2280 1846 2423 1914 listi,
2463 1849 2590 1918 quia
2641 1859 2697 1907 et
2744 1851 2917 1922 ipsum
2966 1853 3241 1911 Christum
3299 1859 3366 1913 ad
3411 1858 3845 1929 gloriﬁcationetn

2281 1956 2436 1996 suam
2459 1951 2672 1998 constat
2702 1958 2825 2000 esse
2855 1945 3080 2001 dilatum
3107 1989 3122 2012 ,
3149 1963 3270 2004 cum
3314 1950 3368 2005 in
3405 1950 3506 2005 hac
3527 1953 3638 2006 vita
3669 1953 3840 2008 demo-

2279 2039 2514 2086 raretur.
2557 2033 2622 2089 Et
2652 2050 2757 2089 non
2797 2037 3112 2106 egredieris,
3146 2048 3356 2110 tempus
3390 2041 3519 2097 illud
3565 2043 3846 2114 signiﬁcat,

2277 2125 2495 2193 quando
2527 2133 2706 2183 tentus
2742 2143 2770 2180 a
2799 2126 3020 2198 Judmis,
3054 2140 3212 2202 Sputa
3244 2143 3299 2188 et
3338 2131 3549 2206 ﬂagella
3584 2139 3844 2192 sustinuit.

2279 2213 2431 2270 Tunc
2464 2216 2607 2271 enim
2639 2218 2683 2272 si
2706 2217 2965 2276 voluisset
2999 2221 3254 2278 divinitas
3283 2223 3372 2278 illa
3402 2225 3732 2296 repulisset.
3765 2228 3845 2282 sed

2278 2301 2497 2360 distulit
2521 2307 2844 2364 miraculum
2867 2311 3188 2382 ostendere,
3217 2322 3276 2368 ut
3319 2314 3570 2370 ordinem
3603 2317 3843 2388 proﬁcua

2271 2394 2543 2463 passionis
2571 2397 2842 2468 impleret.

2269 2485 2335 2539 1τ
2413 2485 2494 2540 Da
2521 2489 2668 2544 nobis
2696 2491 2954 2548 auxilium
2976 2494 3039 2549 de
3067 2495 3407 2553 tribulatione
3450 2514 3470 2554 :

2422 2577 2562 2645 Quia
2587 2597 2719 2636 rana
2746 2583 2892 2638 salus
2917 2586 3160 2644 hominis.

2337 2669 2377 2724 C
2417 2671 2492 2726 Da
2520 2674 2677 2728 nobis
2703 2676 2982 2744 auxilium,
3015 2680 3326 2738 humanitas
3357 2682 3564 2740 Christi
3613 2686 3702 2741 hic
3745 2686 3841 2742 cla-

2265 2770 2379 2816 mat
2406 2777 2530 2818 cum
2555 2766 2815 2822 membris
2847 2768 2984 2835 suis,
3014 2780 3284 2841 quatenus
3318 2776 3536 2830 tandem
3565 2776 3842 2847 aliquando

2264 2862 2564 2923 tempestas
2599 2855 2760 2926 hujus
2781 2859 2963 2914 saeculi
2993 2862 3366 2932 conquiescat.
3421 2865 3559 2932 Quia
3605 2883 3743 2922 vana
3770 2884 3844 2922 sa-

2266 2943 2352 2999 lus
2379 2944 2613 3001 hominis
2637 2989 2652 3013 ,
2686 2947 2740 3002 id
2781 2957 2885 3016 est,
2917 2948 2962 3005 II
2995 2951 3313 3009 maledictus
3347 2955 3512 3010 homo
3563 2958 3656 3026 qui
3706 2973 3840 3028 spent

2187 3016 2235 3081 (ἶ
2263 3048 2416 3090 suam
2441 3036 2593 3106 ponit.
2612 3038 2668 3094 in
2685 3039 2957 3096 hominem
2975 3040 3110 3112 (ler.
3136 3043 3293 3117 xvu),
3318 3046 3444 3117 quia
3463 3016 3842 3104 non-habemus

2261 3139 2414 3196 spem
2451 3126 2552 3183 nisi
2579 3129 2633 3184 in
2662 3130 2795 3186 Deo.

2261 3217 2328 3272 14
2401 3217 2468 3273 In
2499 3219 2607 3276 Deo
2638 3219 2893 3290 faciemus
2918 3225 3198 3284 virtutem:

2407 3308 2475 3364 Et
2500 3312 2610 3381 ipse
2639 3313 2708 3366 ad
2738 3314 2960 3371 nihilum
2984 3317 3203 3373 deducet
3222 3319 3462 3376 inimicos
3494 3335 3723 3380 nostros.
3799 3334 3804 3338 ‘

573 3341 847 3410 signiﬁcat
866 3339 1118 3412 populum
1147 3339 1453 3397 Judreorum
1479 3382 1495 3408 ,
1527 3342 1618 3412 qui
1648 3341 1846 3398 oblitus
1895 3342 2156 3398 beneﬁcia

570 3432 750 3487 divina
785 3431 1060 3487 Christum
1089 3431 1385 3498 cruciﬁxit,
1422 3432 1514 3503 qui
1560 3441 1739 3489 tamen
1787 3448 1884 3488 sua
1930 3434 2159 3489 misera-

555 3525 718 3580 tione
739 3523 812 3578 ad
841 3524 958 3594 ejus
979 3524 1249 3581 culturam
1279 3526 1558 3580 remeavit.
1589 3525 1681 3582 Sic
1718 3533 2008 3597 utrumque
2059 3542 2156 3598 po-

553 3599 780 3687 pulum,
821 3614 1100 3670 nominum
1129 3615 1359 3670 istorum
1386 3616 1904 3672 commemoratione
1931 3657 1946 3682 ,
1997 3633 2154 3673 suum

567 3719 690 3762 esse
719 3713 970 3762 testatur.
999 3705 1108 3781 HIC
1139 3705 1374 3777 Ephrem
1397 3746 1412 3772 ,
1457 3707 1797 3777 fructiﬁcatio
1822 3709 2021 3764 dicitur
2043 3748 2060 3775 ,
2101 3717 2156 3775 et

551 3793 842 3865 .siguiﬁcat
865 3795 1109 3867 spineam
1136 3782 1428 3864 coronam;
1469 3799 1584 3854 haec
1608 3799 1753 3855 enim
1789 3799 1984 3856 fertilis
2013 3799 2153 3856 ultra

549 3877 995 3962 omnesfructus
1032 3886 1131 3942 fuit
1158 3930 1174 3955 ,
1204 3888 1464 3958 quoniam
1490 3905 1590 3946 nos
1639 3889 1886 3947 liberavit
1921 3893 2025 3947 ista
2053 3894 2155 3972 hu-

544 3979 819 4052 ‘militate,
849 3988 904 4034 et
922 3979 1326 4051 susceptionem
1364 3996 1464 4052 pro
1494 3995 1693 4037 corona
1718 3983 1918 4052 posuit.
1994 3973 1997 3976 ’
2119 3980 2124 3984 ’

2333 3400 2453 3457 ΗῙιι
2487 3403 2596 3460 Deo
2617 3403 2879 3463 faciemus
2923 3419 3179 3468 Virtutem
3202 3453 3218 3479 ,
3250 3414 3365 3485 ipse
3385 3416 3493 3471 erit
3535 3418 3712 3474 virtus
3748 3411 3837 3473 no-

2236 3498 2402 3570 Istra,
2452 3491 2568 3563 ipse
2617 3495 2771 3565 panis
2794 3507 2979 3554 noster
3001 3501 3092 3571 qui
3149 3516 3247 3557 cor
3286 3502 3564 3561 confortat
3592 3547 3608 3572 ,
3640 3508 3751 3577 ipse
3790 3516 3837 3562 et

2259 3589 2441 3636 rector
2469 3582 2674 3640 noSter.
2710 3585 2776 3641 Et
2807 3588 2922 3660 ipse
2963 3592 3030 3646 ad
3056 3591 3287 3649 nihilum
3332 3596 3567 3653 deducet
3603 3599 3836 3655 inimicos

2262 3680 2480 3729 nostros
2499 3713 2514 3738 ,
2542 3675 2671 3744 quia
2708 3676 2823 3746 ipse
2850 3695 2948 3736 nos
2977 3691 3203 3738 coronat
3228 3685 3576 3742 etdiabolum
3608 3697 3831 3760 superat,

2259 3760 2374 3834 ipse
2386 3757 2600 3837 pugnat
2621 3767 2674 3823 in
2691 3769 2870 3838 nobis,
2886 3774 3056 3844 magis
3081 3786 3261 3833 autem
3280 3778 3394 3849 ipse
3413 3781 3586 3838 vincit
3603 3783 3659 3837 in
3674 3757 3829 3838 nobis.

2723 3898 2920 3942 ORATIO
2957 3903 3024 3941 EX
3063 3904 3211 3944 PSAL.
3253 3907 3381 3947 CVII.

2324 3979 2575 4057 Prmpara
2603 3989 2718 4055 tibi,
2756 3993 2982 4050 Domine
3003 4035 3019 4061 ,
3051 4012 3151 4052 cor
3188 4010 3434 4057 nostrum
3467 4004 3536 4058 ad
3579 4005 3828 4069 conﬁten-

563 4092 616 4180 9_
645 4120 650 4124 -
707 4093 876 4160 Iuda,
903 4111 993 4150 res:
1021 4111 1164 4151 meus
1187 4109 1209 4149 :-

547 4205 554 4213 -
655 4183 683 4206 ’·
713 4180 875 4243 Moab
898 4183 1040 4239 labes
1073 4186 1183 4254 spei
1205 4202 1356 4241 metu.

638 4271 680 4326 (ἶ
710 4270 902 4328 Iudam
933 4290 1114 4346 regem
1143 4293 1300 4333 suum
1346 4279 1523 4344 dixit,
1569 4278 1696 4349 quia
1721 4280 1790 4334 de
1811 4278 1929 4351 ejus
1977 4281 2158 4353 stirpe.

549 4357 867 4422 descendit.
896 4368 942 4422 II
969 4368 1125 4425 Moab
1149 4387 1216 4425 ea:
1240 4361 1391 4442 patre
1413 4373 1634 4439 dicitur,
1674 4390 1760 4429 mo
1797 4376 1943 4431 enim
1976 4376 2145 4433 inter-
2179 4379 2227 4438 D

569 4466 840 4527 pretatum
867 4458 1064 4514 dicitur
1089 4476 1185 4526 ex;
1211 4462 1276 4516 ab
1298 4477 1446 4526 vero,
1481 4471 1648 4531 pater,
1668 4457 1826 4533 quod
1847 4474 1951 4532 est,
1973 4481 2038 4520 ea:
2057 4483 2149 4536 pa-

555 4558 665 4602 tre.
691 4547 758 4602 Et
781 4548 904 4618 quis
929 4557 1014 4604 est
1037 4549 1125 4605 ille
1146 4551 1237 4620 qui
1269 4561 1357 4607 est
1377 4566 1449 4606 ex
1479 4553 1666 4623 patre?
1691 4553 1782 4608 ille
1806 4563 1892 4610 est
1911 4555 2003 4625 qui
2029 4572 2148 4612 ma-

563 4637 632 4692 lis
677 4638 934 4708 operibus
966 4639 1204 4710 perdidit
1229 4649 1438 4713 patrem
1465 4681 1482 4708 ,
1538 4657 1639 4698 nec
1673 4651 1924 4701 reversus
1951 4654 2035 4701 est
2070 4647 2148 4703 ad

562 4738 798 4801 patrem,
830 4731 1098 4799 diabolus,
1139 4732 1382 4801 scilicet;
1413 4733 1685 4806 signiﬁcat
1705 4737 1850 4792 enim
1872 4737 2143 4794 diabolum

562 4823 654 4893 qui
686 4823 832 4881 lcbes
858 4824 974 4896 spei
999 4825 1212 4881 Domini
1251 4834 1355 4882 est.
1387 4827 1563 4884 Lebes
1594 4829 1986 4901 interpretatur
2013 4832 2138 4888 olla.

561 4913 842 4980 Quomodo
877 4917 980 4971 olla
1011 4917 1124 4987 spei
1155 4918 1368 4975 Domini
1395 4921 1524 4977 est?
1561 4923 1640 4978 sic
1675 4933 1760 4979 est
1782 4963 1797 4989 ,
1827 4925 2000 4995 utqui
2033 4939 2141 4980 non

561 5013 710 5060 recte
735 5006 1016 5063 ambulant
1046 5009 1330 5066 tradantur
1384 5013 1598 5070 diabolo
1628 5055 1644 5081 ,
1676 5023 1736 5069 ut
1759 5013 1829 5069 ab
1874 5017 1990 5087 ipso
2020 5031 2147 5072 cru-

560 5095 688 5150 ciati
715 5107 1104 5155 convertantur
1131 5101 1197 5155 ad
1223 5101 1534 5160 Dominum.

562 5182 630 5236 10
701 5184 768 5239 1η
795 5187 1091 5244 Ιάαηιωαηι
1117 5191 1394 5247 extendam
1417 5195 1824 5253 calceamenlum
1847 5216 2020 5256 meum
2048 5215 2068 5252 :

707 5272 840 5328 Mihi
863 5279 1170 5350 alienigena:
1197 5283 1356 5336 amici
1387 5285 1515 5353 facti
1545 5299 1688 5342 sunt.

2245 5058 2374 5100 num
2418 5064 2431 5100 Ξ

2245 5133 2518 5193 Christum
2540 5142 2844 5201 Dominum.

2246 5223 2272 5277 1
2392 5226 2531 5284 Deus
2559 5230 2767 5288 laudem
2795 5253 2961 5292 meam
3000 5257 3064 5296 ne
3099 5247 3326 5302 tacueris
3353 5263 3373 5301 :

2259 4075 2389 4130 dum
2417 4079 2623 4134 nomini
2652 4088 2744 4137 tuo
2767 4122 2782 4148 ,
2807 4092 2868 4137 ut
2899 4093 2951 4140 te
2978 4085 3343 4160 intelligentes
3371 4097 3684 4152 surrexisse
3710 4095 3829 4151 dilu-

2256 4165 2375 4221 culo
2395 4207 2410 4231 ,
2438 4167 2567 4225 illuc
2595 4173 2880 4230 tendamus
2908 4178 3103 4234 merito
3145 4195 3254 4250 quo
3282 4192 3337 4238 tu
3365 4183 3552 4242 cluces
3580 4188 3753 4248 victor
3781 4188 3825 4240 in

2255 4267 2441 4324 regno.
2467 4256 2567 4324 Qui
2600 4260 2738 4316 vivis
2766 4270 2820 4317 et
2843 4279 3062 4335 regnas,
3096 4277 3202 4324 etc.

2770 4370 3091 4432 PSALMUS
3126 4377 3302 4436 CVIII.

2679 4489 3044 4541 sacuusurnu
3081 4503 3232 4544 psse.
3271 4507 3421 4548 cvm.

2322 4588 2364 4646 C
2385 4590 2634 4688 Christus
2662 4593 2904 4670 increpat
2931 4589 3182 4671 Judzeos,
3200 4594 3292 4678 qui
3311 4604 3427 4667 'sibi
3457 4613 3597 4669 mala
3611 4597 3722 4688 pro
3740 4615 3824 4673 bo-

2251 4681 2336 4784 nis
2361 4683 2730 4784 reddiderunt.
2762 4699 2817 4746 et
2845 4691 2996 4749 Iudae
3025 4704 3190 4769 atque
3216 4699 3387 4771 ipsius
3408 4708 3595 4778 populi
3616 4681 3823 4762 “narrat

2249 4775 2553 4830 interitum.

2531 4923 2536 4930 ,
2587 4868 2696 4924 TT.
2724 4870 2790 4926 In
2815 4887 2972 4941 [mem
3005 4879 3239 4947 psalmus
3275 4881 3466 4943 David.

2313 4953 2352 5011 C
2381 4955 2487 5013 Iste
2514 4961 2752 5060 psalmus
2801 4966 3117 5027 referendus
3164 4982 3248 5030 est
3295 4979 3365 5034 ad
3401 4995 3584 5052 regem
3638 5001 3816 5060 super

2482 5051 2738 5118 quoniam
2787 5071 2977 5114 omnes
3005 5075 3284 5120 sermones
3322 5066 3444 5138 ejus
3471 5051 3717 5130 tendunt
3757 5051 3822 5131 ad

2391 5317 2527 5370 Ouia
2558 5337 2614 5370 os
2639 5329 2923 5370 nece-alaris
2943 5340 2992 5370 pr
3012 5331 3180 5370 ΑηΙηοὸ
3197 5353 3216 5370 ρ

3222 5354 3352 5370 oena-
3371 5357 3454 5370 mn-
3479 5356 3706 5370 ---_l.._
3739 5356 3801 5370 --Ι
