3994 5370
125 330 221 387 ιυι

1298 322 1660 389 EXFOSITIO
1698 317 2139 384 PSALMORL'M.

3279 316 3410 374 ἰπὶ

121 445 302 507 decuit
331 444 476 506 enim
516 445 791 521 (quoniam
821 447 1030 505 inimici
1077 448 1356 504 mendacia
1402 448 1700 517 loqueban-
1729 447 1780 505 Α
1805 442 2053 509 liberam,
2083 443 2174 513 qui
2206 451 2349 497 totus
2399 441 2605 498 scelera
2637 439 2806 512 partis
2859 435 3091 521 sinistrae
3139 433 3408 504 perﬁciet

126 548 230 607 tur,
290 543 586 598 dicentes:
623 540 877 611 Discipuli
928 539 1099 596 furati
1139 551 1266 596 sunt
1315 555 1438 596 eum
1486 536 1700 610 (Matth.

125 637 337 705 xxvm),
366 644 427 690 ut
471 629 664 690 contra
703 649 797 689 eos
820 640 932 688 toto
959 634 1090 688 orbe
1118 631 1425 688 testimonia
1455 643 1697 686 resurreo

125 729 314 784 ctionis
341 741 666 784 caneremus
696 743 709 781 :
747 734 807 782 ut
825 725 991 783 Iudaei
1020 734 1319 798 agnoscant
1346 732 1555 780 reatum
1581 737 1702 793 per-

125 820 396 876 versitatis
438 818 690 890 propriae.
721 817 984 890 Apertum
1009 817 1196 887 utique
1221 831 1284 872 os
1306 831 1326 869 τ
1345 813 1702 872 contumelias

126 907 414 981 designari,
448 924 584 978 quas
608 906 829 980 pertulit
856 922 886 962 a
911 905 1138 974 Iudaeis;
1165 922 1313 973 nam,
1336 905 1466 962 licet
1483 903 1702 961 nomine

126 1017 282 1056 unum
324 1001 474 1056 dicat
519 998 886 1072 singulariter,
934 997 1210 1056 intellectu
1260 1005 1444 1053 tamen
1480 993 1698 1069 plurimi

124 1106 237 1147 esse
263 1100 568 1147 noscuntur
587 1091 642 1146 in
673 1105 779 1146 uno
800 1089 1016 1162 populo.

123 1202 157 1255 2
192 1198 376 1256 Loculi
407 1211 531 1256 sunt
560 1200 834 1256 adversum
857 1217 937 1254 me
960 1199 1140 1270 lingua
1177 1198 1361 1254 dolosa
1392 1215 1412 1257 .'

256 1295 329 1350 Et
352 1295 678 1349 sermonibus
704 1295 808 1348 odii
833 1293 1283 1347 circumdederunt
1312 1305 1393 1345 me
1423 1306 1442 1346 .'

157 1367 166 1378 ’
247 1383 327 1444 Et
347 1392 773 1455 expugnaverunt
796 1399 876 1437 me
903 1383 1087 1454 gratis.

159 1469 222 1528 ’ϐ
269 1472 460 1528 Locuti
487 1482 617 1527 sunt
665 1472 826 1542 igitur
867 1471 1051 1543 lingua
1079 1469 1264 1528 dolosa
1295 1487 1310 1528 :
1340 1486 1465 1527 cum
1514 1468 1701 1526 verbis

124 1563 318 1619 dolosis
359 1571 607 1618 sanctam
659 1561 873 1619 Domini
900 1560 1300 1633 simplicitatem
1349 1561 1698 1632 appetebant,

124 1653 362 1708 dicentes
393 1670 407 1706 :
440 1650 593 1706 Licet
619 1666 841 1707 censum
883 1651 999 1706 dari
1027 1651 1262 1707 Cmsari?
1292 1650 1508 1724 (Matth.
1542 1651 1700 1724 un).

124 1745 187 1798 Et
231 1743 580 1800 sermonibus
610 1743 759 1798 odii:
791 1743 1008 1814 quando
1061 1744 1244 1815 iniqua
1296 1732 1700 1814 conspiratione

124 1836 288 1906 Pilato
336 1835 590 1890 dicebant
629 1853 642 1891 :
687 1807 972 1908 Crucilige,
1011 1807 1285 1907 cruciﬁge.
1341 1807 1698 1907 Expugnavc-
1731 1807 1774 1866 θ
1800 1811 1832 1864 ⁷

125 1925 476 1995 runtgratis:
519 1941 647 1978 nam
690 1925 834 1980 sicut
876 1923 1008 1993 justi
1065 1935 1252 1981 amant
1306 1926 1473 1984 Deum
1503 1926 1704 1997 gratis,

124 2031 237 2068 cum
270 2031 392 2070 eum
425 2031 535 2071 non
575 2024 797 2092 propter
835 2015 1053 2086 aliquod
1087 2018 1404 2089 temporale,
1450 2018 1545 2073 sed
1581 2028 1698 2072 tan-

125 2114 231 2157 tum
280 2113 503 2174 propter
541 2119 694 2159 suam
736 2104 1028 2160 bonitatem
1080 2105 1308 2177 diligunt
1348 2123 1363 2160 :
1407 2108 1483 2164 ita
1541 2107 1696 2178 impii

123 2194 287 2262 gratis
313 2203 690 2260 exsecrantur,
720 2195 848 2266 quia
877 2211 1097 2252 causam
1123 2198 1232 2252 odii
1258 2197 1312 2252 in
1355 2212 1421 2253 eo
1457 2199 1698 2269 reperire

123 2300 224 2340 non
251 2297 493 2356 possunt.
522 2285 571 2341 li
590 2285 894 2358 Vel‘gratis,
926 2287 978 2343 id
1000 2297 1105 2355 est,
1131 2288 1250 2344 sine
1272 2304 1436 2345 causa
1466 2289 1554 2345 vel
1581 2290 1700 2346 sine

125 2379 376 2444 utilitate,
399 2379 492 2450 qui
524 2379 671 2434 enim
706 2378 939 2450 aliquem
969 2381 1308 2451 persequitur
1331 2389 1387 2438 et
1411 2381 1546 2438 nihil
1573 2397 1695 2452 pro-

124 2467 251 2535 licit,
287 2485 394 2525 non
422 2469 728 2540 assequitur
760 2470 1112 2532 intentionem
1147 2487 1346 2540 suam;
1397 2475 1591 2546 gratis,
1644 2475 1700 2532 id

123 2566 221 2622 est,
253 2558 454 2612 frustra
475 2567 794 2629 persecutus
817 2559 1035 2615 dicitur.

122 2657 156 2718 δ’
194 2663 298 2719 Pro
319 2683 379 2720 eo
411 2678 467 2721 ut
499 2671 569 2738 Χ
597 2686 677 2722 me
708 2669 726 2739 ζ
758 2668 1030 2740 diligerent
1052 2671 1390 2727 detrahebant
1415 2674 1541 2728 mihi
1565 2693 1583 2730 :

188 2757 301 2828 Ego
328 2771 504 2815 autem
544 2763 783 2816 orabam.

186 2852 228 2906 ll
256 2852 362 2908 Pro
388 2868 454 2910 eo
483 2863 542 2910 ut
571 2870 658 2911 me
707 2856 1013 2928 diligerent,
1041 2859 1096 2915 id
1127 2867 1235 2921 est,
1276 2875 1374 2931 pro
1418 2859 1700 2916 beneﬁciis

129 2939 244 3012 quae
269 2945 325 2998 in
361 2958 458 3000 eos
483 2946 842 3015 contuleram,
872 2949 970 3020 ipsi
995 2950 1349 3008 contumelias
1377 2952 1509 3008 mihi
1548 2952 1696 3009 fece-

124 3046 266 3101 runt,
296 3046 355 3092 et
399 3039 775 3097 retribuebant
820 3043 961 3099 mala
1011 3045 1144 3100 mihi
1201 3061 1300 3116 pro
1350 3045 1528 3102 bonis.
1584 3046 1699 3117 Ego

124 3129 551 3225 autem-orabam
580 3147 596 3225 :_
628 3131 875 3199 Domine,
905 3149 972 3190 ne
993 3143 1199 3192 statuas
1222 3135 1328 3191 illis
1353 3138 1456 3193 hoc
1497 3152 1694 3209 pecca-
1725 3161 1775 3225 ο

125 3226 228 3270 tum
257 3216 415 3288 (Luc.
446 3219 627 3292 um).
657 3221 702 3276 Η
730 3223 770 3278 C
798 3222 931 3280 Tres
961 3235 1088 3280 sunt
1113 3237 1456 3297 peccatorum
1475 3227 1696 3300 gradus,

122 3305 325 3374 primus
355 3323 464 3363 non
496 3309 724 3367 reddere
750 3311 888 3367 bona
917 3330 1013 3384 pro
1043 3315 1230 3383 bonis;
1272 3319 1542 3375 secundus
1574 3319 1700 3380 red-

123 3397 240 3454 dere
267 3399 411 3453 mala
438 3417 538 3470 pro
567 3402 752 3469 malis;
787 3405 980 3462 tertius
1027 3392 1081 3461 et
1126 3410 1416 3478 pessimus,
1467 3411 1701 3466 tribuere

124 3487 254 3541 mala
282 3505 386 3559 pro
412 3491 586 3547 bonis.
611 3493 760 3548 lllam
786 3493 955 3552 τιυόωί
989 3509 1287 3556 extremam
1327 3510 1382 3556 et
1419 3501 1702 3559 vitiosissi-

124 3591 256 3631 mam
289 3589 504 3649 partem
529 3583 828 3654 elegerunt.
860 3585 901 3641 E
929 3597 1119 3645 contra
1171 3590 1387 3646 virtutis
1433 3601 1542 3648 tres
1578 3609 1701 3663 gra-

124 3666 214 3722 dus
275 3670 522 3727 adverte.
559 3671 774 3731 Primus
827 3678 1138 3748 impendere
1164 3681 1303 3736 bona
1354 3698 1452 3754 pro
1509 3685 1698 3752 bonis;

127 3761 386 3816 secundus
411 3763 613 3818 malum
641 3781 748 3821 non
779 3770 1004 3828 reddere
1036 3787 1138 3842 pro
1181 3774 1354 3841 malo;
1407 3777 1597 3834 tertius
1644 3786 1702 3834 et

126 3850 549 3920 perfectiSs-imus
576 3857 774 3914 bonum
807 3861 1045 3920 tribuere
1081 3881 1180 3936 pro
1230 3868 1395 3924 malo.
1449 3869 1518 3924 Et
1560 3871 1705 3926 sicut

127 3937 284 4031 ludaai
327 3947 623 4018 pessimum
687 3951 940 4008 vitiorum
989 3957 1218 4027 gradum
1265 3937 1583 4031 elegerunt;
1629 3962 1705 4018 ita

126 4030 362 4120 Christus
389 4053 662 4094 summum
689 4041 835 4098 illum
868 4043 1126 4102 bonitatis
1153 4030 1376 4120 gradum
1409 4059 1592 4107 tenere
1614 4067 1707 4107 vo-

127 4119 235 4188 luit,
284 4135 346 4180 ut
385 4127 554 4183 etiam
615 4128 671 4183 in
716 4145 876 4188 cruce
908 4143 1091 4190 oraret
1133 4119 1233 4206 pro
1267 4138 1701 4196 cruciﬁxoribus.

130 4210 169 4266 ll
207 4213 320 4284 Ego
371 4227 552 4273 autem
597 4219 868 4276 orabam:
907 4219 1093 4290 Pater,
1139 4227 1354 4294 ignosce
1401 4226 1544 4295 illis;
1596 4243 1704 4285 non

129 4302 410 4360 vindictam
464 4309 712 4377 orabam,
740 4311 836 4366 scd
857 4327 1045 4370 eorum
1082 4315 1332 4372 salutem.

128 4412 161 4474 4,
189 4411 255 4467 Et
281 4430 568 4486 posuerunt
589 4421 868 4477 adversum
894 4441 974 4478 me
1005 4425 1148 4481 mala
1181 4443 1274 4497 pro
1304 4426 1449 4483 bonis
1472 4445 1490 4484 :

191 4505 257 4565 Et
283 4510 462 4563 odium
483 4528 582 4582 pro
610 4512 890 4569 dilectione
917 4532 1056 4572 mea.

193 4595 233 4650 ll
279 4598 588 4658 Pusueruut
658 4605 946 4661 adversum
987 4623 1074 4662 me
1123 4609 1266 4665 mala
1302 4627 1317 4666 :
1349 4611 1440 4667 ille
1480 4613 1705 4687 rogabat

132 4701 218 4754 pro
245 4691 707 4763 cruciﬁgentibus,
736 4697 811 4751 illi
837 4699 1089 4754 dicebant
1119 4717 1134 4754 :
1179 4700 1290 4760 Vah
1321 4703 1414 4773 qui
1465 4705 1705 4761 destruis

134 4783 376 4852 templum
411 4787 531 4852 hoc,
563 4787 713 4843 salva
748 4791 1090 4860 temetipsum
1119 4793 1335 4864 (Matth.
1384 4799 1577 4867 xxvu).
1629 4798 1700 4853 Et

134 4874 299 4928 otium
339 4892 438 4946 pro
483 4879 816 4937 dilectione:
847 4881 1174 4949 Considera,
1209 4901 1242 4940 ο
1283 4885 1593 4945 Christiane
1645 4898 1703 4944 et

135 4969 403 5033 monache,
435 4971 477 5025 si
499 4971 753 5028 Christus
785 4989 888 5044 pro
906 4973 1348 5045 cruciﬁgentibus
1377 4993 1435 5034 se
1463 4981 1649 5036 orabat
1680 4997 1698 5038 :

135 5072 223 5112 nos
257 5077 355 5131 pro
385 5062 644 5121 fratribus
671 5068 872 5123 nostris
898 5067 1033 5136 quid
1067 5067 1246 5126 facere
1269 5070 1581 5129 debeamus.

137 5165 222 5186 Pl“

1808 535 1919 590 bat.
1959 534 2051 590 Sic
2091 535 2461 605 unusquisque
2499 533 2679 590 facere
2717 531 2962 589 dicitur:
3009 518 3147 584 sicut
3171 532 3255 582 est
3282 523 3384 582 iste

1801 627 1894 696 qui
1915 625 2031 696 ejus
2059 627 2344 683 dexteram
2375 635 2542 682 tenet.

1802 719 1835 772 6
1861 717 1995 772 Cum
2013 718 2292 790 judicatur
2315 727 2463 772 exeat
2489 717 2866 772 condemnatus
2893 730 2909 769 :

1872 809 1942 864 Et
1979 810 2150 865 oratio
2177 810 2290 880 ejus
2309 809 2404 880 ﬁat
2425 809 2480 863 in
2518 817 2811 878 peccatum.
3155 858 3172 871 ,

1871 900 1914 956 C
1941 900 2056 956 Hoc
2094 898 2296 957 dicitur
2321 901 2386 957 de
2412 899 2594 956 futuro
2617 896 2856 968 judicio:
2886 897 3101 968 quando
3131 903 3385 968 peccato-

1808 1005 1898 1050 res
1925 991 2219 1048 damnandi
2243 999 2368 1047 sunt
2397 1007 2427 1047 a
2457 1005 2586 1046 voce
2607 989 2906 1060 judicantis
2921 987 3150 1042 dicentis
3175 1005 3187 1040 :
3210 987 3388 1041 Disce-

1801 1081 1911 1136 dite
1927 1096 1958 1135 a
1979 1095 2087 1150 me,
2110 1080 2398 1137 maledicti.
2425 1080 2617 1145 Exeat,
2648 1079 2855 1134 scilicet
2883 1093 2946 1134 ex
2968 1069 3404 1148 congregatione,

1799 1171 2085 1243 iustorum.
2129 1170 2176 1226 ll
2225 1170 2521 1242 Oportebat
2575 1170 2874 1226 orationem
2947 1167 3115 1239 ipsius
3159 1182 3282 1222 esse
3327 1167 3382 1221 in

1801 1261 2201 1332 paenitentiam,
2227 1270 2284 1317 et
2313 1273 2470 1330 versa
2491 1269 2575 1317 est
2599 1260 2652 1316 in
2680 1267 2985 1332 peccatum.
3015 1257 3250 1313 Audiant
3275 1257 3428 1316 hiem;

1803 1354 1964 1410 retici
2007 1363 2063 1410 et
2088 1354 2398 1422 manichaei,
2427 1353 2554 1410 licet
2579 1360 2757 1419 orent,
2781 1359 2964 1406 tamen
2985 1363 3175 1404 eorum
3207 1345 3384 1402 oratio
3418 1361 3428 1394 ε

1801 1445 2030 1502 vertitur
2055 1446 2109 1500 in
2140 1454 2450 1518 peccatum.
2494 1443 2823 1500 Pmnitentia
2867 1436 3301 1513 quoqueJudaa,
3333 1437 3390 1491 id
3426 1483 3430 1487 .

1800 1544 1885 1593 est
1919 1537 2223 1608 suspensio,
2276 1536 2454 1607 majus
2497 1544 2780 1606 peccatum
2827 1531 3134 1604 proditione
3185 1528 3420 1599 factum,

1803 1637 1919 1682 est:
1957 1626 2302 1698 magis‘enim
2327 1626 2616 1684 Dominum
2644 1624 2891 1691 oll‘endit,
2921 1623 3031 1694 qui
3063 1636 3123 1677 se
3163 1631 3390 1690 suspen-

1807 1717 1908 1784 dit,
1938 1732 2100 1788 quam
2130 1717 2220 1788 qui
2251 1717 2538 1774 Dominum
2568 1715 2826 1786 prodidit.
3091 1753 3094 1755 λ
3144 1749 3148 1756 ι
3325 1719 3330 1726 ’

1944 1811 2109 1867 Fiant
2133 1813 2244 1869 dies
2268 1812 2380 1883 ejus
2407 1811 2570 1883 pauci
2590 1824 2622 1865 :.

1943 1901 2010 1957 Et
2031 1904 2383 1974 episcopatum
2408 1902 2522 1973 ejus
2543 1900 2767 1972 accipiat
2790 1899 2946 1956 alter.
3313 1943 3334 1950 ..
3369 1943 3371 1946 ι
3397 1964 3400 1966 γ

1868 1995 1914 2049 ll
1944 1993 2072 2051 Dies
2096 1995 2214 2066 ejus
2241 1994 2399 2065 pauci
2421 2002 2549 2050 sunt
2578 2011 2595 2064 :j
2618 1991 2876 2063 quoniam
2912 1989 3155 2046 recessit
3174 1988 3244 2044 ab
3273 1987 3418 2058 ipso~

1798 2083 1879 2140 sol
1903 2084 2150 2154 justitite,
2183 2093 2238 2140 et
2269 2083 2507 2140 tenebrae
2535 2082 2588 2139 ei
2623 2081 3006 2153 multiplicatis
3041 2088 3186 2135 sunt.
3216 2077 3258 2134 C
3292 2077 3425 2132 Vel.

1797 2173 1925 2246 quia
1951 2189 2058 2230 non
2087 2175 2272 2230 tandiu
2303 2175 2356 2230 in
2396 2173 2706 2246 apostolatu
2733 2171 2895 2237 vixit,
2943 2170 3086 2226 sicut
3123 2168 3214 2223 alii
3245 2182 3383 2236 apo.

1796 2265 1945 2323 stoli.
1977 2265 2044 2320 Et
2069 2264 2440 2337 episcopatum
2471 2263 2590 2336 cjus
2612 2263 2822 2334 accepit
2855 2262 2992 2318 alter
3034 2261 3175 2332 (Act.
3207 2259 3270 2330 ι),
3320 2273 3388 2313 ne
3415 2292 3419 2297 -

1797 2368 2055 2411 numerus
2102 2354 2506 2409 sacratissimus
2537 2351 2929 2425 apostolorum,
2979 2349 3415 2410 Judamorluo,,

1797 2456 2165 2516 rumperetur.
2193 2445 2553 2518 Episcopatus
2598 2458 2845 2500 summus
2883 2443 2937 2498 in
2989 2439 3228 2498 Ecclesia
3261 2453 3387 2508 gras-

1797 2541 1898 2598 dus
1932 2539 2158 2596 :Latine
2188 2539 2596 2611 superinspectio
2619 2537 2840 2593 dicitur.

1797 2633 1832 2689 8
1942 2632 2106 2688 Fiant
2133 2632 2234 2702 ﬁlii
2254 2633 2368 2703 ejus
2391 2631 2614 2703 orphani
2640 2643 2666 2686 ε

1937 2724 2006 2781 Et
2043 2741 2190 2780 uxor-
2201 2725 2316 2797 ejus
2337 2724 2533 2780 vidua-

1869 2814 1917 2871 Δ
1952 2815 1993 2872 C
2042 2815 2305 2883 Quamvis
2358 2812 2484 2870 alibi
2525 2828 2632 2870 non
2686 2811 2898 2884 legatur
2929 2809 3123 2867 ludam
3163 2821 3406 2864 uxorem

1806 2903 2069 2962 habuisse
2111 2903 2198 2960 vel
2247 2903 2408 2970 ﬁlios,
2460 2911 2642 2959 tamen
2692 2917 2764 2958 ex
2813 2902 2918 2958 ista
2947 2898 3232 2971 praphetia
3261 2912 3386 2952 eum

1802 2997 2062 3054 habuisse
2081 2995 2244 3053 datur
2270 2995 2520 3067 intelligi.
2549 2994 2644 3051 lllo
2670 2992 2814 3049 enim
2835 3000 3052 3049 mortuo
3078 2991 3196 3047 sine
3223 2989 3393 3046 dubio

1801 3087 2049 3159 contigit,
2077 3094 2130 3142 et
2159 3095 2218 3141 ut
2237 3086 2397 3143 vidua
2425 3085 2584 3141 ﬁeret
2608 3099 2746 3140 uxor
2784 3080 2900 3152 ejus
2929 3080 3141 3147 relicta,
3189 3088 3247 3136 et
3292 3078 3417 3133 ﬁlii‘

1803 3180 2054 3250 orphani,
2103 3194 2226 3236 cum
2277 3188 2435 3250 patre
2483 3179 2810 3235 caruissent.
2861 3175 3195 3246 Spiritaliter
3251 3187 3394 3226 vero

1799 3278 1929 3326 sunt
1957 3269 2060 3340 ﬁlii
2080 3271 2196 3340 ejus
2225 3269 2350 3324 dicti
2378 3267 2558 3324 ἔκιάωὶ
2575 3309 2591 3335 ,
2629 3268 2718 3339 qui
2747 3281 2866 3322 eum
2891 3266 2947 3321 in
2983 3264 3077 3321 illa
3107 3264 3395 3319 traditione

1798 3360 1964 3414 secuti
2004 3369 2145 3414 sunt.
2187 3359 2232 3413 Η
2262 3359 2329 3414 Et
2357 3373 2630 3430 synagoga
2661 3372 2798 3413 uxor
2823 3355 2995 3421 ludas,
3049 3370 3170 3426 quae
3204 3369 3234 3408 a
3259 3353 3386 3408 viro

1801 3452 2020 3510 Christo
2041 3453 2348 3522 repudiata,
2398 3450 2551 3508 Iudae
2581 3451 2826 3508 traditori
2855 3451 3040 3506 relicta
3090 3457 3195 3505 est.
3236 3447 3278 3504 C
3308 3447 3392 3503 vel

1804 3559 1942 3601 uxor
1971 3544 2220 3602 voluntas
2244 3543 2361 3613 ejus
2385 3543 2492 3599 dici
2521 3551 2722 3615 potest,
2753 3544 2818 3598 de
2846 3558 2953 3613 qua
2976 3555 3140 3614 Opera
3163 3554 3407 3611 genera~

1803 3651 1945 3704 mus,
1976 3651 2098 3707 quae
2126 3635 2220 3690 ﬁlii
2247 3635 2353 3691 dici
2388 3645 2635 3706 possunt.

1803 3729 1838 3785 9
1949 3726 2212 3783 Nutantes
2233 3726 2625 3797 transferantur
2658 3726 2760 3797 ﬁlii
2780 3725 2897 3797 ejus
2932 3733 2982 3780 et
3005 3723 3296 3779 mendicant
3315 3737 3350 3782 .1

1951 3819 2253 3891 Ejiciantur
2277 3820 2342 3874 de
2368 3819 2780 3874 habitationibus
2818 3819 2950 3873 suis.

1835 3951 1839 3954 .
1879 3908 1923 3964 Η
1949 3907 2212 3965 Nutantes
2239 3909 2460 3965 luerunt
2487 3906 2656 3964 Judmi
2687 3915 2813 3978 post
2850 3904 3258 3964 cruciﬁxionem
3289 3902 3392 3957 Do-

1807 4001 1965 4068 mini,
2000 4000 2126 4072 quia
2159 4016 2267 4056 non
2295 4009 2419 4055 sunt
2451 3999 2502 4054 in
2524 3999 2639 4054 suis
2667 3998 2820 4053 locis.
2871 3997 3270 4053 Mendicitatem
3297 3992 3409 4048 hiat

1807 4091 1940 4147 dicit
1959 4105 2138 4146 rerum
2166 4089 2514 4160 spiritalium,
2541 4103 2654 4144 non
2676 4088 2823 4142 enim
2853 4085 3054 4140 habent
3075 4082 3394 4155 prophetas,

1808 4195 1916 4236 non
1958 4180 2162 4236 habent
2195 4179 2392 4250 legem,
2446 4193 2554 4233 non
2603 4175 2994 4241 sacerdotium,
3042 4187 3152 4229 non
3175 4172 3386 4228 sacriﬁ-

1808 4272 1951 4327 cium
1983 4289 1996 4325 :
2029 4269 2124 4326 sed
2154 4284 2284 4324 vere
2310 4267 2544 4324 mendici
2574 4275 2703 4324 sunt
2739 4265 2867 4322 facti
2896 4262 3190 4336 indigentia
3215 4261 3404 4316 bona~.

1808 4377 1930 4417 rum
1954 4377 2155 4420 rerum.
2191 4360 2345 4428 Quod
2379 4361 2669 4431 ﬁguratum
2696 4367 2780 4415 est
2803 4357 2862 4437 in
2889 4355 3047 4422 Cain,
3072 4353 3140 4410 de
3169 4368 3278 4426 quo
3305 4352 3408 4407 di-.

1810 4452 1977 4520 citur,
2021 4451 2230 4508 Exiita
2263 4450 2400 4506 facie
2437 4450 2532 4505 Dei
2574 4456 2631 4505 et
2671 4449 2940 4506 habitavit
2973 4446 3027 4502 in
3075 4455 3218 4501 terra
3251 4443 3398 4498 Naid

1727 4507 1784 4571 D
1810 4507 1976 4613 (Gen:
2018 4539 2096 4610 tv)
2132 4556 2147 4595 :
2202 4538 2338 4595 Naid
2392 4548 2576 4594 autem
2626 4538 3020 4608 interpretatur
3069 4535 3344 4589 commotio
3374 4548 3408 4588 :-

1809 4646 2060 4703 egressus
2086 4644 2217 4700 ergo
2247 4645 2276 4684 a
2301 4629 2437 4686 l‘acie
2460 4629 2577 4694 Dei,
2602 4643 2714 4685 non
2739 4627 2909 4694 stetit,
2930 4625 3026 4682 sed
3049 4623 3313 4681 habitavit
3341 4621 3411 4680 in;

1809 4723 2176 4780 commotione
2205 4732 2260 4778 et
2286 4723 2664 4780 instabilitate.

1812 4817 1880 4872 10
1952 4816 2229 4872 Scrutetur
2255 4817 2521 4887 fenerator
2541 4831 2754 4873 omnem
2774 4811 3120 4871 substantiam
3158 4810 3277 4881 ejus
3297 4820 3328 4860 τε

1951 4907 2092 4976 χει
2123 4907 2146 4978 ζ
2176 4907 2426 4978 diripiant
2453 4906 2613 4960 alieni
2646 4907 2856 4966 labores
2888 4902 3021 4969 ejus.

1882 4997 1928 5053 Η
1957 4998 2258 5053 Fenerator
2289 5011 2304 5051 :
2346 4996 2440 5052 hic
2485 4994 2760 5056 diabolus
2793 4986 3066 5056 accipitur.
3120 4985 3259 5045 Hoc
3288 4989 3433 5032 nunc

1811 5089 2054 5160 optativo
2089 5089 2252 5144 modo
2285 5088 2655 5158 prephetatur
2685 5087 2862 5148 Judae,
2909 5085 2968 5131 ut
2999 5076 3165 5130 detur
3206 5080 3267 5132 in
3292 5071 3439 5160 polo:

3022 5170 3140 5186 ΑΙ..-
3204 5167 3254 5186 ’Ἴ
3287 5145 3445 5186 Αιῖιὶιὶῖ
