3994 5370
579 189 686 248 (οῖς

582 307 644 361 Η
729 306 854 362 Non
868 309 945 377 sit
970 307 1047 362 illi
1072 308 1286 378 adjutor
1308 324 1325 361 :

723 399 837 454 Nec
865 400 930 455 sit
956 401 1048 471 qui
1070 403 1376 459 misereatur
1404 405 1617 475 pupillis
1646 407 1786 478 ejus.

651 488 693 543 H
722 488 837 544 Non
863 490 934 544 sit
988 490 1059 545 illi
1086 490 1323 559 adjutor.
1373 493 1746 567 lllo,tempore
1772 497 1961 555 habuit
1990 515 2166 571 popu-

574 582 587 634 Ι
630 596 657 637 s
695 580 1003 637 Judzeorum
1034 583 1359 655 adjutorem,
1389 590 1607 657 quando
1638 590 1738 645 fuit
1759 593 1812 648 in
1841 593 2164 665 Babylonica

571 674 892 743 captivitate
922 678 1266 748 septuaginta
1301 680 1479 744 annis,
1526 681 1715 738 habuit
1743 684 1890 740 enim
1916 686 1989 741 ibi
2024 686 2164 743 Eze-

572 770 716 824 chiel
745 779 801 826 et
826 770 1015 827 Daniel
1041 774 1334 843 prophetas
1359 792 1374 831 :
1397 785 1451 831 et
1479 777 1727 845 quamvis
1755 786 1883 835 tunc
1920 781 2164 839 colerent

573 858 740 927 idola,
774 869 955 918 tamen
978 878 1169 921 eorum
1198 867 1343 922 Deus
1365 867 1747 925 miserebatur.
1786 872 1939 928 Nunc
1980 881 2163 929 autem

576 951 954 1022 quadringenti
997 956 1123 1011 anni
1151 967 1278 1012 sunt
1320 974 1350 1013 a
1384 957 1586 1015 Christi
1625 962 1922 1031 occisione,
1972 974 2029 1021 et
2054 982 2163 1024 non

571 1039 757 1098 colunt
786 1041 970 1098 idola:
1020 1060 1194 1114 quare
1221 1047 1511 1118 dereliquit
1558 1064 1652 1107 eos
1698 1050 1982 1119 Dominus,
2032 1056 2161 1125 quia

571 1128 851 1188 Christum
905 1136 1243 1203 occiderunt,
1285 1146 1342 1194 et
1388 1139 1644 1216 ideonop
1681 1149 1768 1197 est
1815 1141 1897 1199 eis
1923 1142 2158 1213 adiutos.

567 1222 617 1275 ϐ
642 1220 837 1294 Pupilli
864 1239 995 1281 vero
1016 1223 1146 1283 ticti
1176 1235 1306 1283 sunt
1332 1231 1488 1301 quasi
1516 1232 1734 1302 pusilli,
1767 1234 1860 1305 Qui
1895 1235 2162 1306 parvitate

568 1315 750 1373 atatis
778 1317 844 1371 ad
867 1332 931 1374 se
956 1321 1223 1391 regendos
1248 1322 1551 1393 probantur
1580 1326 1803 1383 inﬁrmi.

570 1406 654 1463 η.
713 1406 878 1465 Fiant
905 1412 1017 1467 nati
1036 1413 1153 1483 ejus
1171 1411 1230 1468 in
1255 1414 1522 1473 interitum
1539 1433 1561 1473 :

616 1524 628 1532 ’
711 1499 781 1563 ιη
820 1503 1154 1573 generatione
1182 1520 1288 1561 una
1327 1507 1566 1564 deleatur
1591 1527 1778 1567 nomen
1801 1513 1937 1584 ejus.

638 1587 687 1648 ll
715 1592 761 1651 Ο
786 1595 1095 1666 prophetia,
1111 1611 1146 1652 o
1168 1611 1584 1657 sacramentum
1604 1605 1903 1675 prophetia:
1926 1607 1949 1660 te
1973 1607 2027 1661 in
2059 1622 2157 1679 ge-

565 1686 852 1742 neratione
882 1705 987 1743 una
1015 1689 1259 1747 deleatur
1296 1697 1494 1749 nomen
1520 1692 1865 1765 Iuda-orum:
1897 1706 2019 1767 post
2037 1714 2183 1769 pas-.

569 1775 779 1833 sionem
813 1778 1024 1834 Domini
1057 1780 1436 1855 quadraginta
1480 1786 1588 1841 duo
1623 1789 1754 1844 anni
1801 1791 2154 1855 transierunt,

570 1874 629 1919 et
658 1867 888 1935 popqus
924 1867 1016 1923 ille
1045 1870 1257 1927 deletus
1278 1881 1398 1939 est,
1433 1889 1496 1931 ac
1527 1874 1899 1949 Hierosolyma
1944 1880 2157 1937 destru-

570 1966 659 2011 cta
688 1968 772 2012 est
796 1978 822 2013 z
844 1960 940 2014 sed
970 1960 1023 2015 in
1052 1961 1154 2017 hoc
1187 1963 1474 2021 clementia
1500 1967 1594 2022 Dei
1622 1977 1759 2034 erat,
1777 1970 1902 2041 quia
1923 1975 2130 2043 quadra

571 2048 722 2119 ginta
749 2049 885 2106 duos
920 2066 1092 2116 annos
1135 2054 1284 2109 dedit
1318 2056 1401 2110 eis
1435 2058 1505 2111 ad
1532 2059 1926 2130 pte-nitendum,
1967 2072 2153 2133 postea
2191 2087 2194 2091 ’

567 2139 751 2197 nullus
780 2144 1041 2198 remansit
1066 2159 1136 2200 ex
1165 2145 1245 2199 eis
1269 2144 1324 2199 in
1350 2146 1441 2201 illa
1468 2149 1710 2219 regione.

568 2231 641 2289 i3
712 2233 780 2290 In
818 2238 1122 2293 memoriam
1170 2240 1348 2295 redeat
1392 2240 1645 2314 iniquitas
1686 2255 1897 2316 patrum
1942 2247 2058 2320 ejus
2097 2249 2195 2303 in.

608 2344 617 2352 '
711 2382 715 2387 .
778 2340 1051 2400 conspectu
1078 2329 1343 2388 Domini:

715 2416 783 2473 Et
813 2432 1078 2488 peccatum
1106 2424 1290 2478 matris
1316 2425 1431 2495 ejus
1470 2443 1574 2481 non
1608 2426 1871 2487 deleatur.

639 2508 687 2564 ii
711 2509 880 2566 ludas
933 2514 1297 2583 ntuledicitttr,
1338 2525 1411 2572 ut
1452 2518 1508 2572 in
1539 2518 1678 2574 Juda
1707 2517 1878 2576 Judaei
1928 2520 2177 2577 maledi—r.

564 2611 779 2654 cantur.
819 2599 1188 2657 Pcecaverunt
1212 2603 1379 2660 Judaei
1404 2606 1727 2671 in.deserto,
1763 2609 1857 2665 sed
1880 2609 2021 2666 Deus
2048 2610 2153 2666 illis

564 2683 792 2749 dimisit,
833 2701 980 2742 nunc
1006 2698 1277 2758 precatur,
1313 2700 1371 2745 ut
1397 2691 1503 2747 illis
1532 2702 1815 2769 reputetur
1839 2696 1984 2767 quod
2025 2705 2152 2753 tunc

564 2785 881 2842 peccarunt,
916 2787 1173 2849 tanquam
1198 2797 1392 2838 novum
1440 2785 1652 2850 scelus,
1682 2789 1738 2842 in
1768 2789 2065 2845 interitum.
2109 2789 2152 2846 C

565 2867 857 2924 Peccatum
895 2872 1128 2926 matris:
1185 2881 1269 2929 est
1318 2884 1446 2931 nota
1475 2880 1813 2948 protervitas
1840 2894 2155 2953 synagogze,

1529 192 1603 251 3.·
1628 195 1974 254 ΒΞῘΗΝΟΝΙΒ
2013 195 2554 271 HEllBlPOLENSlS
2592 199 2894 262 EPISCOPI

2196 313 2249 375 Δ
2278 322 2360 367 tur
2390 332 2402 369 :
2443 323 2501 372 ut
2542 317 2817 389 Stephano
2846 328 2901 375 et
2921 319 3088 401 Paulo
3117 329 3168 375 et
3217 319 3337 378 aliis
3361 335 3501 393 quos
3533 321 3704 380 Judaei
3727 338 3837 396 per-

3746 197 3839 255 ωδ

2266 409 2434 463 secuti
2459 420 2586 465 sunt
2611 412 2662 465 in
2690 412 2926 469 Christo.
3434 486 3443 493 .

2268 497 2334 559 16
2408 498 2476 552 Et
2499 500 2683 556 dilexit
2708 502 3145 572 maledictionem,
3176 516 3225 560 et
3256 517 3418 563 veniet
3444 508 3494 564 ei
3520 527 3547 565 ε

2404 589 2474 645 Ει
2515 591 2680 647 noluit
2717 594 3142 663 benedictionem,
3171 608 3223 652 et
3249 598 3581 670 elongabitur
3610 603 3675 657 ab
3698 620 3779 659 ea.

2334 682 2373 739 ϐ
2402 680 2592 740 Adhuc
2618 686 2698 741 de.
2710 688 2917 757 perﬁdo
2945 690 3142 761 populo
3169 676 3298 747 dicit
3326 710 3340 772 ς
3370 694 3498 762 quia
3522 694 3711 751 dilexit
3735 712 3834 752 ma-

2261 772 2628 845 ledictionem,
2653 780 2869 850 quando
2892 782 2971 838 ait
3002 801 3017 837 :
3075 782 3310 856 Sanguis
3337 784 3455 855 ejus
3475 802 3642 860 super
3666 805 3763 845 nos
3789 801 3835 846 et

2261 882 2426 938 super
2463 868 2603 951 ﬁlios
2632 880 2852 945 nostros
2904 873 3133 951 (Matth.
3168 878 3363 950 xxvii).
3421 878 3608 935 Noluit
3630 880 3835 937 benedio

2260 950 2544 1015 ctionem':
2606 964 2822 1030 quando
2859 964 2928 1019 ab
2962 964 3268 1039 illuminato
3315 968 3524 1024 dictum
3572 978 3659 1026 est
3712 970 3832 1037 illis,

2262 1046 2519 1119 Nnnquid
2545 1058 2600 1106 et
2629 1066 2722 1107 vos
2751 1052 2918 1109 vultis
2944 1053 3194 1127 discipuli
3215 1054 3333 1125 ejus
3358 1057 3476 1113 ﬁeri
3497 1058 3721 1129 τωρωι.
3741 1062 3834 1131 rx.)

2264 1144 2337 1197 At
2366 1143 2440 1198 illi
2472 1139 2648 1215 (quasi
2672 1146 2772 1201 sub
2801 1146 3091 1205 maledicto
3119 1150 3387 1207 acerrimo
3416 1152 3721 1227 provocati)
3766 1153 3857 1208 di-'

2262 1234 2483 1302 cebant,
2501 1228 2582 1292 Tu
2601 1236 2678 1293 sis
2700 1236 2995 1309 discipulus
3020 1239 3168 1310 ejus,
3190 1249 3491 1299 nouantem
3521 1243 3841 1318 δίοιδε-οω

2259 1324 2426 1389 dicto,
2463 1327 2782 1399 prolongata
2819 1339 2905 1386 est
2929 1332 2997 1387 ab
3025 1332 3106 1388 eis
3129 1332 3460 1401 benedictio,
3499 1339 3721 1405 quando
3740 1336 3843 1392 illis

2260 1414 2535 1473 derelictis
2564 1414 2711 1474 venit
2733 1418 2801 1475 ad
2829 1421 3072 1493 gentium
3101 1425 3283 1481 ﬁdem.

2260 1496 2329 1559 17
2402 1506 2472 1564 Et
2495 1509 2665 1564 induit
2688 1510 3104 1570 maledictionem
3132 1514 3265 1570 sicut
3285 1517 3690 1576 uestimentum:
3740 1585 3747 1592 _

2472 1611 2520 1654 et
2542 1600 2755 1657 intravit
2779 1603 2914 1659 sicut
2943 1620 3087 1675 aqua
3119 1605 3176 1659 in
3200 1607 3458 1663 interiora
3487 1607 3628 1679 ejus.

2406 1687 2475 1744 Et
2514 1692 2646 1746 sicut
2678 1692 2847 1748 oleum
2871 1694 2927 1750 in
2958 1696 3162 1751 ossibus
3182 1697 3329 1767 eius.

2328 1778 2370 1837 C
2396 1780 2573 1838 lnduit
2608 1799 2668 1840 se
2697 1785 2986 1854 pradiclus
3014 1788 3243 1860 populus
3267 1784 3650 1847 mal‘edictione
3695 1795 3833 1851 sicut

2258 1873 2582 1929 vestimento
2617 1894 2630 1929 :
2664 1877 2903 1947 quando,
2932 1879 3227 1950 instigante
3241 1881 3485 1949 diabolo,
3522 1899 3837 1942 consensum

2254 1961 2506 2033 praebuit,
2533 1974 2594 2019 ut
2623 1965 2911 2022 Dominum
2955 1966 3155 2027 Pontio
3185 1970 3358 2028 Pilato
3385 1975 3601 2031 tradere
3630 1976 3833 2031 maluis~

2253 2063 2357 2112 set.
2392 2053 2466 2111 lbi
2494 2057 2637 2113 enim
2684 2058 2905 2115 indutus
2957 2070 3041 2117 est
3080 2063 3236 2131 quasi
3280 2079 3448 2121 onere
3494 2067 3697 2123 vestis:
3728 2068 3830 2123 ubi

2256 2147 2348 2202 tali
2390 2146 2668 2205 voluntate
2705 2166 2763 2207 se
2790 2149 3033 2223 involvit.
3091 2152 3322 2210 Intravit
3362 2171 3492 2211 vero
3537 2158 3681 2213 sicut
3703 2173 3829 2229 aqua

2254 2240 2592 2297 maledictio:
2617 2242 2833 2313 quando
2853 2244 3171 2300 deliberavit
3188 2245 3391 2314 facere,
3418 2248 3564 2318 quod
3590 2249 3639 2304 ei
3669 2248 3831 2303 fuerat

2254 2331 2593 2403 iniquissima
2644 2333 3000 2405 inspiratione
3048 2347 3394 2408 suggestum,
3450 2338 3671 2410 quando
3698 2341 3829 2395 enim

2253 2436 2391 2490 aqua
2421 2422 2720 2479 visceribus
2741 2423 2973 2482 inﬁrmis
2997 2426 3278 2496 recipitur,
3303 2443 3520 2498 semper
3547 2429 3831 2499 ingreditur

2252 2514 2319 2568 ad
2365 2514 2684 2569 nocendum.
2737 2514 2927 2573 Oleum
2986 2518 3074 2574 hic
3117 2520 3388 2589 signiﬁcat
3428 2521 3831 2577 delectationem

2252 2600 2515 2659 facinoris
2548 2621 2562 2658 :
2603 2605 2745 2660 unde
2774 2614 2829 2661 et
2858 2606 3019 2663 tertio
3054 2608 3277 2664 inﬂuxit
3312 2611 3572 2682 iniquitas
3623 2613 3674 2666 in
3717 2628 3827 2668 ossn

2252 2703 2309 2749 ut
2336 2693 2543 2762 oleum,
2567 2697 2786 2765 quando
2813 2696 3064 2753 eﬁ‘ectum
3109 2700 3189 2754 rei
3218 2701 3455 2756 inaudita
3484 2703 3831 2773 perversitate

2253 2782 2574 2852 complevit,
2623 2793 2681 2838 ut
2712 2784 2825 2853 jam
2856 2803 2961 2843 non
3016 2788 3073 2842 in
3118 2788 3381 2846 interiora
3422 2793 3599 2847 solum
3643 2793 3833 2858 carnis,

2250 2873 2344 2925 sed
2376 2873 2539 2928 etiam
2570 2877 2774 2931 ossium
2804 2879 3035 2933 venerit.
3366 2874 3367 2877 “

565 2973 697 3026 quae
740 2960 1030 3029 prophetas
1084 2963 1327 3020 occidit:
1377 2974 1434 3021 et
1477 2980 1545 3022 ex
1594 2968 1685 3022 illa
1720 2980 1874 3038 parte
1913 2970 2147 3042 genitrix
2175 3009 2223 3072 Ο
2254 2965 2321 3021 18
2395 2966 2520 3022 Fiat
2558 2971 2608 3023 ei
2635 2971 2769 3025 sicut
2810 2974 3167 3030 vestimentum
3198 2994 3301 3049 quo
3331 2979 3568 3048 operitur
3594 2997 3613 3035 :

565 3047 858 3072 -ικΑΔιιΑ-Ξ..
919 3050 1049 3072 Δξᾼ.--
1090 3060 1161 3072 --ι
1247 3054 1355 3072 __,,2-
1415 3055 1429 3072 ,-
1589 3071 1597 3072 ,
1652 3060 1685 3072 .-
2005 3062 2017 3072 .
2404 3055 2463 3072 In-
2527 3061 2539 3072 ο
2618 3071 2624 3072 ,
3312 3070 3320 3072 μ
3405 3071 3410 3072 ,

563 3047 861 3113 proditoris
912 3050 1063 3106 dicta
1082 3060 1188 3117 est,
1238 3054 1364 3123 quia
1414 3055 1781 3113 innocentium
1828 3062 2147 3130 sanguinem

561 3134 707 3191 fudit
729 3156 753 3191 :.
775 3153 883 3193 non
907 3156 973 3195 ex
996 3141 1086 3195 illa
1115 3152 1267 3212 parte
1286 3144 1403 3215 ejus
1424 3158 1599 3201 mater
1625 3147 1845 3214 dicitur,
1875 3165 1979 3219 qua
2004 3152 2154 3208 viros
2179 3186 2183 3190 -

564 3236 785 3282 sanctos
814 3230 1055 3296 protulit,
1094 3234 1187 3288 sed
1214 3248 1320 3303 qua
1359 3234 1442 3306 (ut
1461 3235 1663 3291 dictum
1703 3240 1808 3310 est)
1831 3242 2150 3309 sanguinem

563 3312 708 3370 fudit
732 3335 745 3373 :
785 3318 841 3374 in
867 3335 973 3390 qua
999 3331 1151 3390 parte
1177 3339 1297 3378 eam
1326 3322 1492 3380 Judas
1523 3334 1585 3383 ut
1612 3326 1753 3383 ﬁlius
1780 3321 2022 3386 imitatus
2044 3340 2147 3386 est.

566 3402 635 3460 Μ
707 3404 757 3460 Ε
760 3408 874 3464 iant
912 3411 1404 3487 contraDominum
1429 3432 1647 3486 semper.
1685 3417 1755 3473 Et
1798 3420 2055 3487 dispereat
2087 3423 2176 3478 der

784 3510 924 3555 terra
951 3486 1201 3558 memoria
1223 3521 1401 3568 eorum
1423 3518 1445 3557 .'

656 3644 663 3649 ,
707 3585 818 3645 Pro
861 3607 923 3645 eo
962 3594 1101 3663 quod
1147 3610 1252 3651 non
1284 3604 1358 3651 est
1392 3597 1694 3654 recordatus
1731 3599 1904 3668 {acere
1950 3604 2173 3677 miseri-3

785 3683 910 3735 cord
917 3685 1043 3738 iant.

640 3772 682 3827 C
704 3772 868 3828 Fiunt
884 3790 1016 3846 ergo
1044 3788 1359 3847 peccatores
1377 3793 1566 3839 contra
1593 3786 1890 3842 Dominum
1914 3801 2150 3861 semper,

565 3865 783 3934 quando
825 3866 891 3921 de
941 3882 1110 3938 regno
1141 3868 1257 3939 ejus
1280 3872 1524 3941 alienati,
1567 3887 1623 3933 et
1648 3879 1719 3935 ab
1754 3893 1820 3933 eo
1865 3881 2060 3949 divisi,
2096 3885 2150 3940 in

568 3956 874 4025 gehennam
922 3959 1175 4017 mittendi
1203 3973 1351 4031 sunt,
1400 3982 1523 4021 nam
1554 3982 1678 4023 cum
1734 3969 1822 4026 ille
1846 3972 1919 4027 sit
1945 3984 2151 4030 aeterna

559 4045 1083 4111 beatitudo,-contra
1118 4052 1295 4121 ipsum
1335 4054 1600 4118 dicuntur,
1626 4061 1762 4124 ﬁeri,
1795 4062 1886 4132 qui
1928 4069 2149 4133 perenni

567 4133 774 4191 ultione
801 4141 1146 4198 damnantur.
1197 4143 1433 4214 Disperit
1463 4157 1644 4202 autem
1672 4154 1934 4205 memoria
1962 4167 2151 4208 eorum

564 4227 634 4282 de
659 4238 803 4283 terra
833 4232 1128 4289 viventium
1163 4238 1319 4306 :,qui
1349 4238 1403 4295 in
1426 4238 1586 4295 beata
1622 4243 1796 4311 patria
1824 4258 1933 4298 non
1963 4245 2159 4300 viden-

2396 3055 2464 3111 Et
2493 3061 2628 3114 sicut
2656 3078 2789 3115 zona
2814 3079 2916 3132 qua
2939 3081 3141 3134 semper
3162 3070 3523 3139 pra'cingitur.

2323 3150 2363 3207 ι]
2393 3152 2567 3223 Supra
2598 3152 2733 3208 dixit
2762 3155 2968 3223 induit,
3010 3159 3151 3227 quod
3179 3162 3415 3229 pertinet
3443 3163 3511 3218 ad
3550 3164 3824 3233 tunicam;

2250 3257 2396 3297 nunc
2426 3242 2558 3297 dicit
2586 3245 2865 3313 operitur,
2900 3249 3044 3316 quod
3074 3248 3288 3303 videtur
3331 3251 3495 3321 pallio
3527 3254 3824 3309 convenire.

2251 3334 2535 3391 Geminata
2582 3338 2725 3392 enim
2776 3340 2943 3395 vestis
3001 3342 3274 3412 signiﬁcat
3323 3360 3489 3399 onera
3543 3347 3824 3417 ingentium

2251 3436 2619 3498 peccatorum.
2667 3429 2736 3485 Et
2762 3429 2902 3485 sicut
2926 3447 3060 3487 zona
3082 3448 3188 3503 qua
3211 3449 3425 3504 semper
3446 3438 3790 3508 praecingitur
3810 3473 3825 3492 .

2252 3535 2356 3589 qua
2392 3521 2744 3576 similitudine
2771 3523 2923 3590 dicit,
2952 3523 3031 3580 sic
3053 3526 3290 3595 peccatis
3322 3526 3658 3597 illigantibus
3678 3528 3828 3585 fuisse

2254 3609 2417 3663 istum
2441 3610 2696 3679 populum
2718 3614 3100 3679 constrictum,
3126 3624 3181 3667 ut
3212 3630 3487 3684 nunquam
3518 3633 3549 3672 a
3571 3618 3690 3673 suis
3709 3634 3825 3674 oue-

2252 3698 2404 3754 ribus
2431 3699 2816 3757 obstinationis
2852 3702 3076 3772 perﬁdia
3103 3712 3361 3773 gravatus
3381 3716 3699 3761 emeretur.
3724 3708 3827 3761 Istat

2251 3800 2432 3845 vestes
2477 3799 2623 3857 sunt,
2651 3807 2772 3861 qua:
2807 3794 3180 3863 peccatoribus
3207 3795 3398 3851 ardere
3448 3796 3685 3864 faciunt,
3734 3813 3825 3851 non

2253 3882 2431 3937 calere
2460 3895 2477 3936 :
2505 3897 2623 3953 quae
2651 3882 2706 3937 in
2735 3882 3007 3939 ﬂammam
3037 3886 3274 3951 mittunt,
3313 3901 3419 3941 non
3450 3901 3481 3941 a
3505 3885 3714 3960 frigore
3744 3887 3822 3941 de-

2254 3972 2499 4027 tendunt.
3698 3984 3703 3989 ·

2257 4064 2325 4118 i'9
2399 4062 2520 4119 Hoc
2545 4081 2674 4135 opus
2713 4081 2893 4120 eorum
2925 4068 3016 4138 qui
3055 4066 3338 4125 detrahunt
3372 4068 3507 4122 mihi
3541 4069 3693 4139 apud
3736 4068 3826 4123 Do-

2467 4156 2716 4209 minum:
2806 4156 2811 4162 ’
2889 4165 2895 4171 ·
3598 4162 3603 4166 ’
3832 4222 3838 4228 ,

2397 4243 2466 4298 Et
2494 4246 2582 4317 qui
2606 4246 2889 4315 loquuntur
2927 4246 3068 4324 mala
3105 4250 3357 4302 adversus
3386 4249 3625 4302 animam
3649 4265 3822 4304 meum.

565 4324 675 4383 tur,
726 4336 826 4375 nec
861 4323 1022 4378 ullam
1057 4326 1281 4383 ulterius
1333 4331 1761 4387 misericordiam
1810 4347 2149 4406 consequun-
2177 4353 2239 4412 ι),
2324 4335 2364 4388 C
2393 4334 2550 4389 Hunc
2583 4348 2798 4389 versum
2830 4323 2949 4389 non
2973 4335 3146 4390 solum
3174 4345 3361 4391 contra
3391 4336 3629 4400 Iudaeos,
3661 4341 3750 4394 sed
3774 4348 3840 4391 ει·

564 4415 675 4463 tnr.
707 4408 811 4465 Pro
837 4427 905 4467 eo
931 4416 1073 4484 quod
1101 4432 1205 4471 non
1236 4429 1340 4482 est,
1370 4430 1477 4475 etc.
1509 4422 1886 4479 Dicitcausam
1926 4427 2146 4484 ultionis

557 4501 914 4572 justissima}:
958 4509 1213 4576 quoniam
1241 4511 1495 4580 pietatem
1532 4517 1638 4568 non
1678 4525 1854 4584 potest
1882 4518 2149 4586 invenire,

563 4595 656 4663 qui
687 4610 807 4650 eam
836 4596 956 4654 aliis
992 4603 1292 4657 contemnit
1320 4603 1663 4673 impendere,
1696 4622 1793 4678 per
1818 4610 2151 4681 singularem

561 4700 694 4741 vero
724 4703 1041 4755 numerum,
1071 4707 1180 4747 non
1210 4692 1383 4762 ipsum
1412 4695 1603 4751 Judam
1629 4698 1820 4764 solum,
1851 4701 1946 4755 sed
1975 4708 2149 4758 totum

563 4781 820 4850 populum
869 4785 921 4840 in
947 4786 1101 4842 Iudae
1140 4788 1338 4844 delicto
1372 4806 1535 4846 unum
1560 4790 1817 4848 debemus
1832 4794 2108 4865 accipere.

561 4868 631 4924 15
703 4869 777 4926 Et
791 4885 1090 4941 persecutus
1117 4887 1191 4932 est
1216 4879 1478 4934 hominem
1514 4882 1718 4950 inopem
1744 4892 1793 4939 et
1816 4883 2107 4939 mendicum
2125 4903 2144 4940 :

705 4959 777 5014 Et
801 4975 1166 5034 compunctum
1195 4968 1352 5022 corde
1377 4970 1716 5039 morti/icere.

632 5051 674 5108 C
710 5052 855 5111 More
889 5067 1072 5112 autem
1093 5072 1193 5114 suo
1217 5074 1506 5129 pauperem
1532 5077 1592 5118 se
1620 5062 1882 5121 Dominus
1912 5078 1968 5122 et
1997 5085 2151 5124 men-

559 5139 739 5196 dicum
768 5159 889 5201 esse
916 5158 1186 5203 memorat
1212 5166 1226 5203 :
1259 5150 1540 5207 mendicus
1562 5153 1634 5208 de
1660 5163 1875 5221 nostro,
1899 5156 2049 5213 dives
2077 5158 2145 5212 de

567 5248 683 5289 suo.
720 5236 766 5290 li
802 5238 1195 5312 Compunctum
1226 5244 1391 5300 corde
1423 5263 1435 5297 :
1473 5255 1531 5299 nt
1560 5247 1613 5299 in
1646 5246 1938 5319 Evangelia
1968 5267 1982 5304 :
2016 5251 2142 5305 Tri-

565 5322 665 5370 stis
699 5334 777 5370 est
803 5329 979 5370 animo
1012 5344 1130 5370 mm
1167 5330 1339 5370 "enim
1363 5333 1433 5370 ..ιι
1460 5344 1686 5370 Μηνιοηι
1724 5336 1918 5370 illam.
1975 5338 2120 5370 νυν-Χ

2255 4433 2446 4480 contra
2476 4439 2666 4479 omnes
2691 4425 2928 4496 perﬁdos
2957 4426 3215 4482 debemus
3241 4427 3505 4498 accipere.
3535 4428 3824 4483 Detrahunt

2254 4521 2399 4575 enim
2428 4518 2566 4574 Filio
2596 4519 2734 4590 apud
2767 4519 2981 4573 Patrem
3018 4518 3230 4585 Ariani,
3281 4521 3373 4591 qui
3398 4535 3525 4576 eum
3572 4522 3822 4575 minorem

2253 4625 2374 4666 esse
2411 4611 2616 4665 dicunt.
2670 4609 2990 4678 Loquuntur
3032 4620 3090 4667 et
3119 4612 3262 4666 mala
3293 4614 3555 4668 adversus
3599 4614 3822 4666 animam

2255 4701 2467 4756 Domini
2498 4699 2919 4769 Apollinaristtc,
2956 4701 3048 4771 qui
3079 4701 3263 4757 dicunt
3292 4700 3409 4770 ejus
3432 4703 3692 4759 deitatem
3713 4716 3826 4757 car-

2255 4810 2378 4849 nem
2400 4792 2570 4848 solam
2603 4792 2838 4848 hominis
2865 4794 3168 4863 suscepisse
3198 4809 3300 4848 non
3330 4795 3594 4850 animam.

2247 4883 2318 4938 30
2390 4883 2460 4937 Et
2485 4892 2563 4948 tu,
2596 4883 2836 4949 Domine,
2863 4881 3108 4951 Domine,
3150 4884 3238 4955 {ac
3266 4900 3470 4941 mecum
3499 4894 3710 4957 propter
3742 4901 3826 4940 no-

2424 5009 2430 5015 ο
2456 4991 2573 5030 men
2602 4985 2751 5029 tuum
2776 4988 2796 5028 ἔ

2392 5065 2532 5131 Quia
2558 5067 2732 5120 suavis
2761 5076 2834 5132 est
2858 5065 3219 5123 misericordia
3250 5078 3371 5125 tua.

2320 5158 2361 5212 ϐ
2389 5158 2454 5210 Et
2485 5166 2563 5223 tu,
2590 5155 2817 5212 Domine
2847 5175 2860 5212 :
2894 5157 3000 5214 hoc
3043 5167 3127 5213 est
3152 5174 3173 5214 :
3215 5159 3259 5213 si
3286 5157 3458 5214 Judas
3505 5160 3746 5224 tradidit,
3785 5157 3824 5212 si

2247 5245 2465 5302 Judteus
2485 5247 2759 5303 cruciﬁxit
2786 5266 2799 5302 :
2840 5256 2895 5303 tu
2922 5248 3010 5305 fac
3039 5249 3469 5307 misericordiam
3493 5293 3509 5318 ,
3537 5260 3598 5307 ut
3633 5259 3827 5307 contra

2368 5352 2489 5370 ﬂllm
2517 5338 2654 5370 fut-In
2703 5347 2824 5370 bII-\I
2858 5342 3185 5370 Dlnn-n-nannl:n
3522 5344 3801 5370 -λ-Λιιιαιαῖιιί
