3994 5370
163 157 292 213 ωδ
1379 165 1740 226 EXFOSITIO

1851 170 2222 230 iALllORlTM.
3329 179 3447 237 ωδε

163 268 229 322 in
281 267 396 324 istis
435 269 582 327 vasis
607 270 768 328 simul
800 272 930 329 facit
965 274 1128 331 Pater
1150 286 1208 332 et
1234 275 1402 333 Filius
1431 287 1485 333 et
1520 277 1754 346 Spiritus
1781 280 1829 343 Α
1859 294 2203 339 transeuntes
2226 286 2678 357 blasphemabant
2714 306 2859 345 eum.
2903 289 3068 346 Pater
3095 292 3288 348 Filium
3338 295 3430 349 be-

160 369 430 416 sanctus:
459 362 546 418 vel
584 366 793 430 suavis,
822 367 875 420 in
905 369 1089 424 carnis
1113 372 1499 441 assumptione.
1855 375 2082 440 uedixit,
2132 392 2252 430 cum
2283 379 2355 430 ait
2389 396 2402 431 :
2448 379 2513 433 Et
2552 380 2843 436 clarilicavi
2892 391 2946 437 et
2989 383 3184 438 iterhm
3235 382 3440 439 clariiii

157 449 234 505 21
311 451 499 509 Libera
529 472 612 509 me
635 458 762 527 quia
788 475 977 528 egenus
1002 470 1048 514 et
1076 478 1274 531 pauper
1309 477 1401 532 ego
1430 481 1546 518 sum
1572 478 1587 515 :
1855 465 1991 519 cabo
2012 465 2194 536 (Joau.
2220 466 2340 537 xu).
2373 468 2794 526 Insurrexerunt
2819 472 2987 528 .Iudtei
3025 475 3299 529 adversus.
3326 477 3432 529 Do-

311 542 377 597 Et
406 561 498 598 cor
523 563 694 600 meum
726 551 1090 605 conturbatum
1125 565 1200 606 est
1238 554 1376 607 intra
1400 572 1501 610 me.
1855 555 2083 620 minum,
2137 565 2196 610 ut
2251 573 2376 612 eum
2434 562 2552 615 neci
2610 563 2908 618 traderent.
2964 563 3186 620 Confusi
3251 575 3378 620 sunt
3418 583 3433 619 :

243 631 498 688 CLibera
549 651 660 702 me,
712 637 766 691 in
797 641 1051 708 passione
1093 632 1389 699 saevissima
1423 645 1749 702 Iudaeorum.
1854 648 2072 718 quando
2100 650 2516 707 resurrectionis
2559 651 2677 721 ejus
2733 654 2994 709 miracula
3041 665 3435 726 cognoverunt.

157 721 408 792 Egenum
439 734 496 778 et
519 740 812 795 pauperem
859 745 920 784 se
961 731 1094 786 dicit
1127 748 1193 787 ex
1221 733 1523 791 humilitate
1549 737 1752 792 carnis.
1855 740 2060 793 Servus
2093 753 2112 795 :
2168 739 2462 795 secundum
2491 742 2786 808 hominem,
2828 753 2889 798 ut
2929 745 3096 800 Isaias
3113 721 3247 799 vait:
3299 746 3440 800 Ecca

157 812 274 866 Cor
299 815 687 871 conturbatum
713 825 819 883 est,
851 820 994 876 sicut
1020 823 1135 892 ipse
1161 824 1438 894 professus
1475 837 1557 882 est
1591 846 1603 881 :
1633 828 1755 884 Tri-
1855 845 2044 886 servus
2072 846 2242 896 meus,
2271 833 2560 901 suscipiam
2586 849 2710 889 eum
2751 834 2885 905 (Ita.
2915 839 3072 906 χιιι).
3120 837 3166 892 ιι
3210 835 3433 892 Maledi-

156 904 264 959 stis
287 913 374 960 est
393 907 580 963 anima
608 923 726 964 mea
755 925 925 981 usque
947 914 1013 969 ad
1034 926 1264 972 mortem
1288 917 1481 988 (Marc.
1511 919 1642 992 ιιι).
1855 930 1980 976 cent
2005 921 2078 977 illi
2107 940 2120 978 :
2148 938 2316 993 usque
2347 925 2504 981 hodie
2542 925 2644 981 hoc
2673 926 2734 981 fit
2777 927 2849 982 illi
2876 904 3202 985 maledicunt
3225 929 3277 985 in
3305 943 3437 1001 syn-

155 993 239 1048 2‘3
301 994 458 1051 Sicut
488 997 676 1053 umbra
705 1016 822 1055 cum
847 1002 1078 1058 declinat
1099 1006 1308 1062 ablatus
1331 1025 1448 1063 sum
1482 1022 1503 1062 :
1856 1027 2023 1084 agoga
2049 1031 2065 1080 ;
2097 1013 2354 1071 Christus
2373 1015 2646 1072 benedicit
2672 1017 2725 1072 in
2751 1017 3013 1075 Ecclesia.

300 1085 378 1180 fit
401 1104 660 1180 excussus
677 1108 794 1147 sum
838 1093 972 1148 sicut
991 1095 1214 1154 locusta.
1855 1103 1926 1162 28
1996 1104 2300 1162 luduntur
2320 1108 2408 1178 qui
2428 1109 2710 1163 detrahunt
2738 1111 2866 1164 mihi
2889 1111 3088 1180 pudore
3108 1125 3134 1165 :

236 1174 276 1233 C
310 1176 414 1234 llic
462 1179 806 1238 velocitatem
839 1188 1237 1254 persecutionis
1284 1192 1521 1248 ostendit
1549 1211 1562 1247 :
1617 1207 1752 1264 quo-
1997 1195 2067 1250 Et
2096 1174 2399 1266 aperiantur
2425 1198 2559 1252 sicut
2583 1198 2812 1268 diploide
2835 1174 3141 1270 confusio-ie
3161 1215 3282 1256 sua.

157 1268 306 1323 niam
349 1278 502 1325 tanta
528 1271 810 1330 celeritate
835 1275 903 1331 de
933 1278 1113 1334 medio
1141 1281 1530 1353 discipulorum
1563 1294 1754 1355 raptus
1927 1287 1970 1342 ll
2008 1286 2050 1344 C
2079 1287 2373 1343 Induantur
2417 1289 2621 1359 pudore
2655 1268 2993 1346 detractores
3023 1309 3036 1341 τ
3083 1293 3185 1348 hoc
3234 1302 3318 1348 est
3377 1300 3440 1348 ut

155 1364 262 1420 est,
293 1368 501 1426 quanta
533 1359 819 1450 velocitate
852 1364 996 1421 solet
1029 1369 1220 1425 umbra
1247 1373 1424 1428 noctis
1450 1373 1750 1442 discedere,
1854 1378 2161 1450 intelligant
2185 1393 2426 1434 errorem
2451 1389 2508 1434 et
2531 1380 2935 1436 confundantur
2963 1378 3185 1449 pudom,
3232 1383 3287 1433 et
3321 1373 3446 1433 inde

125 1503 128 1505 λ
156 1445 416 1502 veniente
442 1448 574 1505 solis
600 1449 826 1508 lumine.
856 1452 1137 1513 Excussus
1162 1458 1305 1515 sicut
1341 1461 1548 1517 locusta
1578 1481 1592 1517 :
1630 1479 1754 1533 quae
1854 1445 2124 1540 incipiant
2142 1470 2326 1527 venire
2354 1471 2440 1528 ad.
2469 1472 2866 1541 paenitentiam.
2900 1445 3002 1539 Qui
3053 1445 3196 1527 enim
3239 1465 3452 1538 pudore

155 1550 356 1592 manus
382 1541 842 1609 apprehendeutis
881 1546 1110 1614 evitans,
1155 1550 1480 1620 quibusdam
1522 1553 1753 1612 saltibus
1779 1632 1820 1642 __
1855 1562 2114 1624 induitur,
2145 1576 2314 1632 prope
2341 1571 2428 1617 est
2473 1561 2638 1618 saluti
2684 1581 2699 1618 :
2751 1563 2796 1618 si
2823 1563 2946 1633 quis
2971 1562 3116 1617 enim
3153 1575 3446 1642 vere'con-

156 1628 358 1723 evolat.
395 1629 510 1723 HC
543 1632 634 1689 Sic
670 1635 921 1694 Christus
963 1654 996 1693 a
1041 1645 1508 1712 persecutionibus
1536 1648 1746 1704 crebris
1779 1632 1824 1692 Β
1850 1652 2113 1717 funditur,
2147 1628 2336 1723 inci-pit
2367 1653 2652 1722 poenitere.
2678 1651 2722 1706 Il
2746 1654 2791 1708 A
2822 1628 2862 1708 C
2884 1652 3126 1723 Diplois:
3161 1666 3330 1722 genus
3351 1638 3463 1706 est;

157 1717 394 1788 fugiens,
443 1720 564 1813 loca
611 1724 895 1782 videbatur
936 1728 1148 1785 diversa
1183 1742 1416 1800 mutare,
1455 1750 1525 1790 ne
1569 1735 1745 1792 zelum
1846 1739 2023 1811 pallii,
2078 1717 2285 1798 scilicet
2341 1717 2536 1813 duplex
2596 1742 2843 1813 pallium.
2890 1717 3119 1798 C-Petit
3163 1717 3314 1810 ergo,
3381 1747 3442 1794 ut

156 1810 843 1884 suumpopulusimpleret,
863 1827 1153 1888 antequam
1178 1821 1444 1892 ipsemori
1469 1825 1745 1882 voluisset.
1847 1810 2131 1902 utriusque
2179 1833 2314 1905 legis
2364 1810 2719 1904 intelligentia
2768 1834 3096 1898 vestiantur,
3145 1833 3237 1902 qui
3289 1846 3435 1885 nunc

156 1898 227 1954 25
299 1899 488 1995 93"“
513 1919 630 1957 ’³⁸⁸⁸
659 1905 933 1962 ίηθῖηπαία
960 1921 1083 1964 “m‘
1123 1913 1429 1982 “jejunio:
1848 1898 2078 1993 utroque
2125 1898 2383 1992 (faciente
2433 1898 2680 1995 perfidia)
2736 1924 2924 1980 nudati
2971 1932 3116 1980 sunt.
3156 1898 3453 1988 Confessio.

307 1988 376 2045 Et
402 2007 528 2047 caro
552 2011 668 2050 mea
699 1997 978 2055 immutata
1009 2012 1084 2057 est
1121 2016 1329 2074 propter
1356 2007 1548 2064 oleum.
1848 1988 2004 2088 euimv
2035 1988 2343 2069 Iudaeorum
2389 1988 2493 2080 est,
2551 1988 2722 2086 legent
2783 2031 2889 2071 non
2947 2013 3267 2084 intelligere,
3320 2026 3460 2080 quai-

223 2082 277 2137 Δ
299 2082 493 2140 Genua
518 2085 689 2144 fortes
711 2089 964 2148 videntur
990 2093 1124 2149 mihi
1160 2096 1216 2150 in
1245 2096 1511 2165 Ecclesia,
1550 2108 1608 2154 ut
1634 2099 1752 2156 fue-
1851 2084 2010 2162 toties
2039 2105 2374 2163 Salvatorem
2409 2082 2690 2178 praecinuit
2711 2108 2988 2164 advenire.
3032 2082 3160 2163 Sive
3183 2105 3439 2177 diploidc,

163 2184 293 2231 runt
317 2179 575 2248 apostoli.
594 2180 756 2254 Ergo,
786 2182 826 2239 C
848 2183 1121 2242 infirmata
1144 2197 1270 2243 sunt
1293 2205 1465 2261 genua
1491 2207 1504 2244 :
1536 2193 1753 2264 quando
1851 2195 1904 2250 id
1931 2203 2016 2250 est
2041 2195 2240 2266 duplici
2262 2197 2602 2263 confusione,
2629 2198 2839 2254 scilicet
2875 2208 3002 2254 ante
3044 2199 3210 2254 Deum
3236 2205 3294 2253 et
3338 2196 3447 2263 hae

155 2268 390 2336 apostoli
436 2269 555 2340 ejus
586 2272 639 2326 in
668 2275 923 2344 passione
951 2287 1077 2333 sunt
1119 2280 1368 2351 dispersi.
1421 2281 1561 2351 Quid
1605 2285 1749 2340 enim
1855 2285 2050 2340 mines.

111 2366 115 2367 '
153 2357 334 2425 potuit
361 2372 483 2416 esse
508 2359 801 2431 infirmius,
835 2381 998 2436 quam
1047 2379 1108 2424 ut
1146 2370 1342 2428 Petrus
1397 2384 1644 2446 negaret,
1697 2385 1753 2432 et
1850 2376 1920 2444 20
1992 2376 2288 2447 Cou/itebor
2317 2378 2542 2434 Domino
2568 2381 2721 2434 nimis
2745 2382 2798 2435 in
2823 2397 2910 2435 ore
2936 2395 3082 2435 meo:

154 2447 364 2517 reliqua
395 2452 555 2506 turba
585 2454 823 2510 fidelium
846 2455 1132 2516 latuisset?
1155 2461 1202 2516 ll
1224 2462 1414 2519 Oleum
1455 2467 1544 2521 hic
1573 2467 1753 2540 imago
1996 2467 2063 2522 Et
2085 2469 2139 2522 in
2162 2469 2332 2522 medio
2357 2467 2640 2523 multorum
2669 2469 2897 2524 laudabo
2922 2486 3063 2526 eum.

154 2548 242 2594 est
263 2541 530 2599 claritatis
564 2547 681 2603 Dei.
733 2547 775 2604 C
805 2549 933 2606 Sive
965 2555 1138 2623 gratia
1165 2557 1366 2623 divina,
1419 2574 1539 2629 qute
1569 2562 1752 2617 carnis
1921 2557 1962 2612 C
2001 2558 2112 2614 lloc
2133 2558 2333 2614 dicitur
2357 2574 2388 2613 a
2417 2571 2570 2629 parte
2593 2563 2999 2616 membrorum:
3036 2562 3293 2631 quoniam
3310 2569 3450 2631 post-

155 2631 531 2692 infirmitatem
563 2638 618 2693 in
649 2640 876 2711 gloriam
910 2646 1339 2704 immortalitatis
1372 2655 1746 2712 commutavit.
1851 2651 2312 2706 resurrectionem
2343 2661 2530 2706 sancta
2565 2650 2659 2707 Dei
2705 2651 2968 2716 Ecclesia,
3001 2661 3117 2707 toto
3154 2653 3287 2707 orbe
3331 2651 3438 2706 dif—

152 2725 198 2777 A
227 2726 421 2781 Oleum
453 2729 583 2785 illud
619 2741 704 2787 est
730 2733 1011 2804 plenitudo
1041 2741 1229 2809 gratia:
1257 2741 1311 2796 in
1341 2742 1597 2799 Christo:
1631 2760 1751 2815 quae
1850 2741 1990 2808 fusa,
2025 2743 2192 2798 Deum
2236 2744 2562 2813 deprecatur
2606 2753 2663 2799 et
2713 2759 2808 2800 ore
2857 2755 2914 2799 et
2965 2743 3331 2800 confessione.
3383 2742 3438 2796 Ir

153 2818 427 2880 mortuam
458 2827 753 2884 humanam
775 2839 1026 2888 naturam
1059 2834 1112 2890 in
1141 2836 1368 2907 gloriam
1393 2838 1750 2895 resurrectio.
1850 2835 2029 2891 medio
2075 2835 2373 2890 multorum
2413 2849 2428 2888 :
2477 2837 2648 2905 ipsam
2696 2849 2912 2906 quoque
2952 2835 3254 2891 Ecclesium
3301 2834 3418 2888 desi

153 2916 244 2968 uis
278 2920 532 2974 mutavit.
1783 2986 1820 2997 Α
1851 2934 2002 2996 gnat,
2025 2939 2168 2995 quae,
2191 2925 2595 2995 circumpositis
2634 2927 2811 2982 adhuc
2850 2926 3094 2997 perfidis,
3118 2941 3222 2981 non
3247 2924 3446 2984 desinit

159 3009 224 3064 ει
298 3011 414 3083 Ego
436 3014 607 3082 [actus
636 3033 752 3072 sum
775 3020 1109 3090 opprobrium
1139 3019 1242 3076 illis
1268 3035 1286 3075 :
1776 2986 1822 3048 Ο
1853 2986 1964 3072 Deo
1987 2986 2262 3074 confiteri.
2288 3017 2332 3071 A
2359 2986 2532 3073 Nimis
2554 3018 2664 3099 dici
2706 2986 3278 3088 solet-(consuetudine
3325 3030 3442 3070 ser-

308 3103 562 3160 Viderunt
591 3123 673 3161 me
703 3120 750 3162 et
782 3121 1050 3166 moverunt
1078 3114 1250 3184 capita
1282 3129 1401 3168 sua.
1847 3108 2029 3163 monis
2048 3107 2252 3178 Latini)
2285 3107 2428 3177 quod
2457 3107 2578 3177 plus
2601 3117 2686 3163 est
2713 3108 3066 3179 quamdebet.
3094 3107 3191 3162 Cui
3221 3114 3441 3160 contra-

224 3193 266 3251 C
290 3196 494 3254 Factus
523 3209 609 3255 est
636 3199 887 3258 Christus
934 3203 988 3257 in
1035 3205 1389 3274 opprobrium
1436 3205 1747 3263 Iudaeorum
1849 3201 1988 3255 riunt
2019 3206 2102 3254 est
2135 3213 2369 3267 parum:
2401 3199 2546 3268 quod
2593 3199 2774 3255 minus
2809 3208 2894 3253 est
2918 3213 3084 3268 quam
3113 3197 3290 3252 debet.
3327 3193 3437 3250 Sed

162 3281 455 3341 d'rzentium
489 3290 502 3340 ὲ
542 3289 658 3343 Vah
711 3291 802 3360 qui
846 3292 1080 3349 destruis
1117 3293 1371 3363 templum
1398 3296 1490 3351 Dei
1527 3297 1746 3366 (Matth.
1848 3289 2035 3354 nimis,
2074 3287 2262 3344 Graece
2306 3303 2443 3359 agan
2474 3288 2694 3344 dicitur.
2721 3289 2827 3344 lste
2852 3297 3034 3345 autem
3058 3302 3269 3350 versus,
3295 3300 3439 3354 agan

165 3378 359 3449 xxvu),
392 3387 452 3434 et
481 3389 698 3447 caetera,
731 3398 852 3452 qua:
881 3383 1086 3440 insanis
1115 3385 1385 3442 mentibus
1427 3385 1755 3444 videbantur
1849 3399 1958 3438 non
1988 3383 2172 3444 habet,
2201 3379 2296 3436 sed
2324 3381 2487 3437 habet
2532 3380 2656 3435 aian
2686 3398 2700 3434 :
2734 3380 2877 3449 quod
2905 3379 3226 3449 quandoque
3256 3376 3430 3438 valde,

163 3469 485 3538 opprobria:
524 3475 619 3530 sed
649 3474 763 3546 ipsa
789 3476 1148 3548 fueruntqute
1172 3480 1327 3536 nobis
1366 3481 1587 3550 probata
1624 3490 1750 3537 sunt
1847 3472 2178 3542 quandoque
2208 3470 2389 3536 "imis:
2429 3470 2648 3540 (ιυίάίιηι
2690 3469 2861 3526 nostri
2899 3467 3234 3539 ίηῑθινρτθιαιί
3281 3476 3430 3529 sum.

164 3559 413 3617 couierre
445 3564 796 3620 medicinam.
828 3566 1111 3623 Moverunt
1135 3571 1313 3638 capita
1350 3587 1364 3623 :
1417 3571 1485 3624 ad
1523 3586 1751 3626 consue-
1849 3563 1943 3619 sed
1974 3562 2137 3618 nimis
2167 3577 2266 3631 pro
2291 3576 2358 3617 eo
2385 3561 2526 3630 quod
2561 3569 2647 3616 est
2673 3560 2826 3615 valde
2875 3559 3208 3630 intelligatur
3237 3571 3252 3610 :
3285 3557 3457 3612 unde-

166 3649 407 3705 tudinem
436 3653 674 3722 pertinet
698 3655 862 3711 nimis
891 3657 1264 3724 irascentium,
1293 3658 1418 3728 quia
1458 3659 1534 3713 illi
1573 3661 1750 3716 turbu-
1849 3661 1904 3708 et
1941 3654 2221 3709 translatio
2263 3651 2488 3708 Hebraea
2534 3667 2643 3708 non
2694 3651 2859 3707 habet
2909 3651 3068 3705 nimis
3117 3649 3212 3705 sed
3263 3647 3428 3702 vehe-

163 3735 311 3792 lenta
345 3743 539 3812 capitis
567 3746 932 3800 commotione
961 3747 1254 3802 minantur.
1849 3753 2078 3800 menter.

162 3826 238 3882 25
313 3833 513 3902 Adjuva
534 3851 637 3901 me,
668 3835 888 3892 Domine
911 3837 1057 3892 Deus
1078 3854 1222 3892 meus
1245 3853 1264 3891 :
1849 3855 1920 3912 δι)
1990 3854 2093 3920 Qui
2113 3855 2277 3908 astitit
2305 3870 2338 3907 a
2365 3853 2563 3908 dextris
2582 3853 2827 3923 pauperis
2847 3868 2867 3909 :

312 3920 521 3979 Saluum
549 3941 632 3980 me
659 3927 747 3996 fac
768 3928 1054 3982 secundum
1083 3929 1496 3985 misericordiam
1529 3943 1693 3986 tuam.
1996 3944 2062 3999 Πι
2117 3945 2317 3999 salvam
2377 3944 2570 4013 facere:
2620 3961 2654 3997 ιι
2703 3942 3122 4014 persequentibus
3184 3938 3417 3993 animam

237 4010 280 4068 C
315 4014 567 4083 A'ljuvari
605 4031 663 4073 se
691 4018 828 4088 petit
853 4029 1103 4090 suscepta
1133 4020 1439 4076 infirmitas.
1478 4020 1524 4074 Η
1553 4023 1594 4076 C
1633 4023 1751 4093 ipse
2057 4052 2250 4090 meam,

165 4103 319 4156 enim
354 4106 780 4162 misericordiam
820 4109 976 4177 petit,
1023 4109 1114 4177 qui
1146 4119 1200 4165 et
1230 4111 1489 4164 auxiliqu
1521 4112 1747 4166 tribuit:

168 4204 331 4266 rogat
357 4207 409 4250 ut
442 4199 626 4263 homo,
658 4207 880 4268 prastat
909 4207 967 4253 ut
997 4198 1139 4254 Deus
1170 4214 1184 4252 :
1213 4201 1348 4270 petit
1392 4215 1522 4271 ergo
1569 4216 1753 4256 resur-

168 4287 464 4348 rectiqnem
495 4291 762 4360 corporis.

166 4377 238 4432 26
310 4377 380 4433 Et
401 4382 564 4437 sciant
587 4385 710 4454 quia
729 4399 914 4438 manus
941 4393 1032 4439 tua
1058 4385 1166 4440 lucc
1191 4402 1210 4442 :

308 4470 382 4525 Et
409 4484 483 4540 tu,
501 4475 743 4542 Domine,
764 4477 934 4548 fecisti
964 4495 1100 4532 eam.

235 4563 284 4619 Η
323 4567 397 4621 Et
439 4569 629 4635 sciant,
662 4569 716 4624 id
754 4580 838 4626 est
885 4571 1192 4642 intelligant
1231 4569 1447 4629 Judaei:
1491 4577 1748 4644 quoniam
1782 4583 1791 4592 ‘

167 4671 272 4710 non
305 4658 412 4727 ipsi
440 4659 916 4728 praevalueruntin
939 4661 1178 4728 Christo,
1217 4665 1312 4718 sed
1339 4678 1436 4718 sua
1474 4676 1529 4719 et
1571 4665 1750 4724 Patris
1929 4732 1970 4746 Π
2015 4731 2026 4743 ο
2179 4734 2191 4746 ,
2306 4658 2506 4746 ’,Ν
2537 4658 2614 4746 :A
2657 4658 2807 4679 tu”
3091 4730 3104 4742 ,
3226 4729 3270 4746 ,,

163 4746 419 4802 voluntas
449 4758 590 4814 erat,
621 4761 679 4807 ut
700 4753 996 4807 sustineret
1031 4768 1248 4808 crucem
1277 4769 1377 4822 pro
1415 4754 1594 4822 uobis,
1622 4760 1743 4827 quia
1929 4731 2094 4788 υηίθθ
2120 4731 2505 4798 ηιίδθηῑίθηίδν
2537 4731 2708 4800 Deus»
2740 4730 3110 4827 [ηδίεῗξὶίθιίίξηί
3132 4825 3140 4827 Ξ
3160 4730 3442 4798 “mace”

164 4854 358 4894 manus
385 4848 477 4894 tua
503 4841 636 4896 haec.
668 4843 708 4898 C
734 4845 788 4899 Id
810 4853 898 4901 est
929 4853 1170 4913 potestas
1198 4857 1311 4912 tua,
1337 4856 1394 4904 et
1420 4822 1749 4910 subaudien-

1853 4826 1946 4896 qui
2003 4827 2255 4895 dignatus
2297 4839 2378 4881 es-
2402 4837 2460 4882 ut
2501 4840 2600 4879 nos
2631 4842 2664 4881 a
2699 4823 2990 4882 maledicto
3043 4822 3176 4894 legis
3199 4836 3444 4882 erueres,

161 4930 288 4984 dum
333 4941 567 5001 operata
609 4943 689 4990 est
732 4938 866 4994 haec.
988 4937 1084 4994 Vel
1110 4954 1304 4996 manus
1339 4949 1428 4995 tua
1482 4941 1596 4999 haec
1641 4954 1748 5014 est,
1854 4926 2273 4986 “uagum-“tm
2301 4916 2471 4972 (“eius
2521 4915 2815 4976 muscum
2867 4912 3452 5014 misericordiamﬁm-

159 4999 390 5079 scilicet—
414 5024 472 5077 in
505 5026 744 5094 passione
769 5047 894 5087 mea
928 5038 988 5086 et
1015 5011 1436 5090 resurrectione.
1472 5034 1517 5086 A
1550 5036 1618 5094 Et
1645 4999 1748 5097 hoc
1855 5019 1978 5078 me"
2012 5025 2207 5064 nomen
2237 5019 2408 5073 mum’
2439 5017 2496 5063 et
2525 5006 2774 5102 dignm“
2802 5017 2966 5102 3105.?
3003 4999 3456 5102 piiseqwmii"?

154 5116 339 5170 sciam
389 5084 583 5184 posiea
625 5084 907 5180 crede—6t};
942 5084 1009 5176 ’ίη
1855 5099 2004 5152 vitiis
2053 5107 2107 5150 et
2134 5115 2164 5152 a
2193 5097 2458 5153 malorum
2512 5091 3018 5156 obtrectationibus
3047 5089 3294 5144 liberare.
3352 5084 3453 5153 Qii

152 5215 404 5276 (luunlur
433 5222 547 5262 me,
1248 5187 1277 5230 ἰ
1561 5187 1578 5199 ⁸
1855 5187 1994 5239 viris
2019 5195 2073 5239 ct
2108 5202 2323 5260 regnas,
2362 5197 2468 5244 etc.
2529 5243 2531 5245 ,

151 5273 215 5352 έΊ
291 5297 627 5353 Haledt'cent
654 5302 726 5360 illi
744 5319 790 5365 ει
814 5319 876 5364 ια
901 5307 1167 5364 benedice;
1190 5327 1207 5366 ;
2412 5277 2746 5339 PSALMUS
2773 5273 2896 5334 CIX

1921 4147 1962 4202 (ἶ
1986 4148 2127 4203 Dicit
2153 4148 2252 4202 sibi
2285 4145 2522 4202 astitisse
2546 4146 2762 4201 Patrem
2799 4164 2828 4201 a
2857 4145 3064 4203 dextris
3094 4163 3109 4204 :
3141 4147 3268 4217 quia
3291 4160 3427 4217 pecs

1853 4250 1972 4294 cata
1999 4255 2104 4294 non
2151 4238 2358 4304 habuit;
2390 4239 2485 4293 sed
2543 4247 2597 4292 et
2626 4237 2873 4295 fidelibus
2919 4239 3146 4306 assistit,
3184 4255 3305 4294 cum
3334 4239 3429 4294 de-

1779 4332 1978 4392 Dlicta
2034 4330 2325 4384 remiserit.
2391 4330 2554 4384 Salva
2609 4329 2748 4385 facta
2791 4340 2876 4385 est
2915 4346 2944 4384 a
2976 4331 3431 4400 persequentibus

1854 4422 2033 4476 anima
2063 4421 2216 4491 ejus:
2258 4422 2475 4490 quando
2517 4430 2928 4491 persecutorum
2983 4421 3234 4492 nequitiis
3285 4421 3433 4475 nulla

1853 4511 2123 4582 pravitate
2150 4511 2446 4567 consensit.

2306 4637 2506 4678 ORATIO
2544 4636 2614 4676 ΕΧ
2657 4639 2807 4679 PSAL.
2849 4636 2995 4676 ονιιι.
