3994 5370
561 297 663 364 407

1035 418 1144 474 TT.
1187 414 1438 474 Paulum:
1464 416 1657 472 David.

563 516 591 572 1
702 514 850 571 Dixit
886 511 1142 568 Dominus
1169 510 1386 565 Domino
1411 525 1525 563 meo
1552 521 1573 560 ζ

705 602 842 659 Sede
860 619 892 656 a
912 601 1110 655 dextris
1139 599 1287 654 ineia.

631 695 673 750 C
719 693 1108 750 Sanctissimus
1160 691 1459 764 Propheta,
1493 690 1545 746 in
1596 700 1864 746 secretum
1917 699 2138 746 evectus

561 785 840 840 altissima:
870 781 1370 854 contemplationis,
1401 781 1454 837 in
1497 781 1673 850 primo
1701 795 1860 836 versu
1884 789 2135 835 naturam

498 942 500 944 τ
559 876 778 932 deitatis
823 874 1062 930 ostendit
1108 873 1268 928 simul
1307 881 1364 928 et
1411 872 1783 928 humanitatis.
1823 871 1956 926 Cum
1983 872 2132 936 dicit,

557 969 706 1024 Dixit
752 966 1013 1023 Dominus
1045 974 1335 1019 :naturam
1385 965 1600 1020 deitatis
1623 963 1881 1020 ostendit.
1908 963 2136 1018 Domino

556 1075 682 1121 meo
711 1077 724 1113 :
759 1060 826 1116 de
869 1067 1140 1115 coaeterno
1194 1057 1328 1112 Filio
1357 1056 1515 1122 dixit,
1562 1057 1652 1126 qui
1683 1055 1942 1112 Dominus
1969 1054 2147 1110 David

552 1159 606 1204 ct
638 1150 781 1205 ﬁlius
808 1149 1030 1215 dicitur,
1053 1149 1179 1219 quia
1207 1165 1274 1203 ex
1303 1149 1507 1202 semine
1541 1146 1657 1216 ejus
1682 1155 1840 1203 ortus
1859 1155 1963 1202 est.
1997 1144 2143 1199 Sede

553 1255 582 1292 a
619 1242 824 1297 dextris
846 1241 1020 1296 meis:
1052 1238 1244 1295 victori
1293 1239 1454 1306 Filio,
1493 1249 1547 1297 et
1580 1255 1678 1310 per
1707 1240 2134 1295 incarnationem

561 1333 730 1387 totius
773 1332 958 1388 mundi
1011 1331 1412 1402 triumphatori,
1463 1332 1747 1388 confessus
1781 1329 2006 1386 olfertur
2037 1345 2052 1385 :
2081 1339 2138 1385 ut

561 1437 659 1499 per
689 1428 833 1484 hunc
859 1428 1045 1492 situm,
1076 1437 1339 1498 suscepta:
1367 1427 1723 1483 humanitatis
1747 1425 1919 1498 gloria
1953 1424 2136 1480 decla-

560 1528 730 1573 retur.
761 1518 805 1573 11
824 1519 950 1574 ideo
976 1528 1155 1574 autem
1181 1520 1312 1575 dicit
1339 1518 1619 1575 dexteram
1646 1517 1784 1573 Filio
1813 1517 1994 1573 datam
2025 1534 2038 1570 :
2069 1531 2138 1572 ne

564 1613 814 1668 videatur
842 1611 1014 1682 major
1035 1615 1124 1685 qui
1144 1612 1297 1684 jubet
1319 1623 1375 1671 et
1402 1613 1535 1670 dicit
1560 1611 1720 1681 Sede,
1746 1628 1907 1685 quam
1937 1611 2028 1668 ille
2051 1613 2136 1667 cui

554 1700 799 1770 jubetur.

558 1793 596 1848 2
704 1794 881 1849 Donec
901 1812 1092 1865 ponam
1115 1798 1350 1852 inimicos
1376 1807 1491 1852 tuos
1522 1809 1548 1849 θ

703 1884 1000 1941 Scabellum
1023 1888 1212 1957 pedum
1245 1897 1475 1942 tuorum.
2003 1932 2006 1935 κ

631 1973 675 2030 C
724 1974 1032 2031 Scabellum
1068 1976 1271 2031 dictum
1328 1985 1413 2032 est
1459 1974 1602 2046 quod
1631 1976 1944 2041 scandatur,
1976 1974 2029 2031 id
2059 1983 2144 2030 est

561 2070 906 2126 ascendatur.
938 2070 1120 2126 Donec
1147 2090 1164 2124 τ
1193 2070 1404 2126 ﬁnitum
1427 2079 1513 2126 cst
1539 2085 1643 2142 pro
1660 2069 1870 2125 inﬁnito
1892 2070 2140 2140 positum,

563 2165 647 2223 est
674 2165 820 2222 enim
850 2183 978 2222 usus
1009 2168 1323 2237 Scriptura,
1373 2165 1503 2220 illud
1526 2166 1750 2220 verbum
1776 2173 1830 2218 et
1866 2178 1965 2234 pro
1991 2163 2146 2218 brevi

563 2268 809 2327 tempore
838 2259 1040 2324 dicere,
1061 2266 1116 2314 et
1138 2274 1235 2329 pro
1277 2256 1589 2312 aeternitate.
1607 2256 1942 2325 depromere.
1967 2255 2139 2310 Pedes

563 2355 746 2402 autem
777 2349 987 2403 Domini
1013 2359 1273 2404 mteruam
1304 2345 1421 2413 ejus
1468 2345 1815 2400 stabilitatem
1845 2345 2139 2414 signiﬁcat,

561 2436 645 2490 his
673 2437 817 2492 enim
846 2437 1071 2508 pedibus
1099 2436 1300 2492 inimici
1331 2436 1404 2491 illi
1435 2435 1812 2505 subjiciuntur,
1850 2437 1963 2506 qui,
1989 2438 2144 2491 dere-

560 2528 710 2585 lictis
735 2529 988 2585 vitiorum
1009 2530 1272 2600 peccatis,
1309 2529 1374 2582 ad
1402 2528 1684 2583 Dominum
1711 2543 1769 2583 se
1797 2536 2138 2592 convertunt,

562 2629 619 2673 et
646 2629 902 2692 tanquam
944 2619 1237 2676 scabellum
1267 2617 1516 2690 pedibus,
1554 2619 1627 2673 ita
1663 2618 1780 2689 ejus
1803 2616 2138 2691 praedicatio-

565 2707 726 2766 nibus
761 2725 820 2764 se
841 2710 1099 2765 subdunt.

549 2800 598 2861 ,5
715 2801 932 2870 Virgam
961 2801 1168 2854 uirtutis
1192 2811 1296 2855 tua:
1325 2803 1519 2855 emittet
1548 2799 1804 2854 Dominus
1832 2815 1897 2853 e1:
1923 2797 2056 2853 Sion

711 2892 996 2947 Dominare
1021 2893 1076 2946 in
1101 2891 1269 2946 medio
1298 2891 1631 2946 inimicorum
1657 2902 1891 2946 tuorum.

635 2982 677 3038 C
709 2981 874 3053 Virga
923 2982 1138 3037 virtutis
1170 3000 1182 3035 :
1215 2989 1299 3037 est
1322 2991 1594 3053 sceptrum
1639 2981 1800 3051 regia:
1835 2979 2136 3050 potestatis,

565 3090 670 3146 qua
701 3081 973 3130 sustentat
992 3073 1176 3128 ﬁdeles
1195 3072 1448 3143 etaﬁligit
1469 3071 1791 3128 incredulos.
1811 3071 1938 3125 Tute
1965 3071 2136 3126 dixit:
2168 3107 2212 3169 ϐ

565 3168 690 3235 quia
716 3172 958 3236 potestas
985 3163 1058 3218 illi
1079 3163 1298 3219 deitatis
1319 3178 1428 3218 suae
1440 3163 1656 3233 propria
1670 3170 1754 3217 est
1776 3169 1835 3216 et-
1852 3172 2138 3216 coaeterna.

569 3257 723 3312 Hauc
749 3255 948 3310 emittit
974 3255 1228 3309 Dominus
1243 3272 1306 3309 ea:
1328 3253 1486 3309 Sion:
1511 3255 1600 3324 qui
1627 3263 1700 3308 est
1722 3253 1896 3323 utique
1909 3252 2145 3320 omnipo-

567 3359 678 3401 tens
710 3344 892 3412 Pater,
921 3345 1173 3401 Dominus
1199 3355 1374 3399 autem
1401 3360 1464 3398 ex
1496 3342 1627 3399 Sion
1660 3343 1854 3397 dicitur
1877 3349 1932 3396 et
1955 3339 2140 3396 Filius.

567 3436 720 3493 Tunc
778 3446 958 3491 autem
1015 3436 1346 3499 dominatur,
1403 3433 1618 3505 quando
1664 3433 1730 3487 ad
1763 3433 1940 3504 ipsum
1971 3430 2148 3486 delin-

566 3527 848 3598 quentium
904 3527 1064 3581 turba
1115 3527 1471 3581 convertitur.
1522 3524 1567 3579 ll
1625 3523 1916 3578 Dominare
1965 3521 2142 3577 dixit:

567 3637 677 3676 non
730 3619 864 3676 dixit
921 3619 1167 3675 interﬁce
1197 3618 1470 3682 inimicos,
1499 3617 1596 3672 sed
1624 3616 1926 3680 dominare,
1958 3614 2011 3669 id
2036 3622 2143 3679 est,

559 3709 660 3764 fac
689 3709 779 3778 qui
810 3707 1016 3763 inimici
1043 3718 1098 3762 et
1125 3706 1286 3762 alieni
1313 3717 1488 3770 erant,
1532 3705 1607 3760 tui
1636 3719 1756 3760 esse
1778 3704 2060 3772 incipiant,
2092 3702 2150 3757 id

571 3807 674 3863 est,
695 3798 919 3868 dignare
947 3813 1067 3854 esse
1098 3798 1358 3853 Dominus
1393 3797 1736 3852 inimicorum
1765 3803 2001 3850 tuorum.

567 3893 598 3945 4
719 3891 910 3946 Tecum
940 3892 1252 3961 principium
1272 3891 1327 3944 in
1356 3890 1440 3944 die
1464 3889 1668 3944 uirtutis
1697 3899 1800 3942 tua'
1821 3903 1876 3940 tn
1901 3885 2147 3956 splendo-

789 3982 934 4036 ribus
967 3989 1269 4035 sanctarum
1293 3993 1312 4032 :

717 4073 802 4128 Ea:
835 4083 981 4128 utero
1008 4082 1130 4127 ante
1154 4071 1432 4140 luciferum
1458 4070 1612 4142 genui
1642 4079 1712 4124 tet

641 4165 684 4220 C
712 4163 809 4219 Hic
828 4164 1172 4234 omnipotens
1221 4162 1385 4218 Pater
1427 4163 1492 4218 de
1521 4159 1876 4231 omnipotenti
1899 4158 2039 4215 Filio
2066 4157 2146 4212 di-

571 4257 669 4320 cit,
701 4255 906 4332 Tecum
961 4255 1306 4327 principium.
1336 4254 1498 4310 Pater
1525 4254 1668 4309 enim
1693 4251 2015 4323 principium
2041 4257 2144 4311 est,

573 4355 630 4405 ct
654 4345 824 4402 Filius
851 4346 1173 4418 principium
1201 4361 1215 4398 :
1246 4359 1434 4400 verum
1467 4358 1574 4399 non
1596 4343 1702 4399 duo
1733 4340 2016 4412 principia,
2051 4336 2146 4392 sed

573 4434 718 4492 sicut
743 4450 881 4490 unus
929 4435 1092 4502 Deus,
1123 4435 1198 4490 ita
1222 4450 1389 4489 unum
1427 4441 1510 4489 est
1542 4432 1886 4508 principium.
1916 4431 1972 4484 ln
2010 4429 2096 4484 die
2127 4445 2143 4483 :
2177 4461 2226 4520 Β

574 4524 934 4598 aeternitatem
979 4521 1265 4592 signiﬁcat,
1296 4523 1373 4578 ibi.
1398 4537 1535 4577 unus
1574 4530 1659 4577 est
1685 4522 1820 4584 dies,
1853 4518 1938 4574 ubi
1960 4517 2074 4587 jam
2113 4532 2146 4572 α

572 4613 749 4668 beatis
782 4613 1002 4668 claritas
1030 4613 1208 4669 divina
1235 4613 1582 4682 conspicitur.
1611 4611 1941 4682 Splendores
1965 4617 2144 4664 autem

575 4713 701 4757 sunt
724 4713 1033 4758 sanctorum
1068 4720 1080 4755 :
1113 4701 1328 4771 quando
1364 4701 1417 4756 in
1460 4699 1859 4755 resurrectione
1896 4698 2150 4752 lucebunt
2210 4715 2216 4721 ·

575 4794 716 4849 sicut
744 4793 917 4864 angeli
942 4793 1057 4847 Dei.
1084 4793 1159 4846 Ex
1191 4803 1342 4846 utero
1362 4790 1494 4846 dicit
1522 4789 1683 4844 Pater
1710 4788 1922 4854 Filium,
1957 4787 2010 4840 id
2040 4797 2147 4852 est,

573 4898 642 4937 cx
670 4897 868 4936 arcano
899 4882 1215 4937 substantia:
1259 4896 1410 4946 mem,
1443 4893 1509 4933 ex
1540 4880 1653 4948 ipsa
1685 4876 1893 4932 scilicet
1917 4875 2138 4930 deitate.

575 4974 619 5029 H
651 4973 786 5030 Cum
818 4989 945 5030 vero
974 4973 1124 5040 dicit,
1149 4984 1274 5029 ante
1296 4969 1578 5028 luciferum
1605 4987 1619 5022 :
1651 4982 1812 5024 unam
1840 4975 2149 5023 creaturam

575 5069 835 5132 nominat,
855 5074 910 5122 et
935 5081 1124 5122 omnes
1149 5073 1427 5121 creaturas
1450 5063 1653 5119 indicat
1672 5075 1797 5116 eum
1820 5059 2145 5132 praecedere.

581 5156 698 5214 Non
721 5160 884 5216 etiam
920 5157 1082 5214 Pater
1134 5159 1393 5229 potuitse
1431 5155 1586 5210 aliter
1614 5153 1830 5209 Patrem
1857 5165 1980 5207 esse
2003 5149 2146 5204 indi-

577 5267 721 5318 care,
750 5252 856 5308 nisi
879 5251 1129 5308 humanis
1161 5250 1342 5305 verbis
1365 5248 1693 5320 loqueretur,
1717 5243 1887 5301 Genui
1916 5251 2057 5309 te,et
2083 5257 2150 5299 ex

681 5362 734 5370 ..-
786 5347 936 5370 Α---]
971 5358 1140 5370 ---.---
1181 5347 1301 5370 ΜΛ.
1358 5361 1418 5370 ..-

1474 5352 1627 5370 ...Δ-Α
1675 5341 1806 5370 nu":
1838 5339 2150 5370 oAnnl'n'nam

1478 302 1534 360 S.
1577 299 1920 358 BRUNONIS
1958 295 2492 356 llEﬂBlPOLESSlS
2529 291 2834 356 EPISCOPI

2161 407 2448 476 AFilius,
2503 411 2594 479 qui
2651 421 2718 466 ex
2780 417 2945 464 utero
2995 407 3267 472 nascitur,
3327 405 3466 462 n’ou‘
3497 401 3794 474 adoptivus.

2167 1763 2307 1826 BG.

3700 280 3799 342 ωε

2238 502 2271 556 5
2372 502 2578 557 Jurauit
2604 501 2858 556 Dominus
2883 511 2932 555 et
2956 517 3062 555 non
3079 498 3340 570 paenitebit
3361 513 3479 552 eum
3501 509 3522 549 :

2381 591 2460 648 Tu
2485 610 2540 648 ea
2587 593 2831 648 sacerdos
2858 593 2916 647 in
2942 602 3197 649 ceterumn-
3240 587 3526 645 secundum
3571 585 3804 642 ordinent

2448 678 2847 738 Melchisedech.

2311 775 2353 832 ll
2382 775 2423 831 C
2448 774 2582 831 Cum
2602 774 2744 830 enim
2768 772 2974 844 juravit
3014 768 3296 837 Dominus,
3319 785 3424 826 non
3451 765 3503 825 ei
3537 765 3629 840 qui
3681 773 3807 825 ante

2237 868 2519 925 luciferum
2546 869 2760 939 genitus
2777 875 2882 931 est,
2914 866 3008 921 sed
3039 866 3087 920 ei
3132 863 3300 932 jurat,
3327 863 3416 933 qui
3448 871 3572 933 post
3616 859 3804 915 lucife-

2237 975 2356 1013 rum
2381 967 2536 1014 natus
2583 973 2647 1013 ex
2697 956 2914 1027 Virgine
2961 966 3064 1010 est.
3103 951 3215 1009 Nec
3263 951 3548 1022 paenitebit
3584 948 3810 1015 eum;C

2237 1047 2497 1116 Quoniam
2525 1049 2590 1103 de
2619 1056 2766 1101 tanta
2785 1061 2849 1102 ac
2892 1044 2984 1099 tali
3005 1042 3425 1112 dispensatione,
3475 1049 3671 1095 cuncta
3715 1053 3808 1107 ga-

2237 1139 2348 1193 visa
2396 1146 2541 1193 sunt.
2587 1137 2665 1193 Tu
2703 1152 2762 1192 es
2802 1135 3099 1192 sacerdos:
3148 1133 3251 1189 hoc
3297 1132 3515 1187 Christo
3541 1130 3812 1186 veraciter

2237 1229 2409 1300 aptari
2459 1229 2632 1294 decet,
2684 1227 2773 1298 qui
2823 1240 3018 1296 corpus
3061 1239 3126 1278 ac
3178 1223 3495 1293 sanguinem
3546 1233 3730 1284 suum,
3758 1219 3809 1272 in

2238 1318 2390 1386 panis
2415 1333 2479 1371 ac
2512 1317 2630 1372 uini
2644 1317 2978 1387 erogatione,
3006 1313 3293 1370 salubriter
3335 1311 3504 1367 nobis
3519 1304 3810 1366 consecra-

2238 1408 2334 1464 vit.
2375 1407 2640 1463 Sacerdos
2667 1405 2879 1476 proprie
2907 1405 3108 1460 dicitur
3137 1402 3404 1462 Christus,
3427 1399 3521 1470 qui
3564 1397 3738 1454 semel
3758 1411 3823 1452 se

2239 1512 2335 1566 pro
2380 1497 2535 1552 nobis
2592 1496 2977 1551 immolandum
3047 1492 3244 1550 obtulit
3294 1489 3479 1561 (Hebr.
3503 1488 3619 1560 Ix)-
3656 1486 3828 1543 Solus

2240 1590 2404 1645 etiam
2428 1589 2572 1646 Deus
2599 1589 2744 1644 licite
2778 1587 2948 1657 jurat,
2977 1587 3131 1658 quia.
3161 1585 3309 1641 solus
3334 1591 3513 1654 potest
3554 1580 3826 1636 exhibere

2241 1680 2380 1751 quod
2402 1681 2695 1752 promittit:
2726 1679 2887 1735 homo
2909 1695 3013 1735 non
3041 1686 3217 1749 potest
3243 1676 3344 1732 nisi
3363 1675 3484 1730 Deo
3507 1670 3834 1741 adjuvante-

2380 1771 2638 1826 Dominus
2667 1789 2699 1826 a
2724 1771 3047 1826 deminui;
3065 1785 3099 1824 :..
3156 1815 3161 1819 .
3719 1808 3730 1811 _
3754 1807 3756 1810 .
3821 1790 3823 1792 -

2383 1861 2649 1934 Confregit
2681 1864 2734 1917 in
2758 1863 2842 1917 die
2869 1863 2963 1916 ira:
2988 1878 3098 1916 sua:
3123 1876 3285 1932 reges.

2309 1956 2352 2014 ι]
2375 1957 2418 2012 ll
2453 1957 2712 2011 Dominus
2749 1971 2779 2009 a
2803 1954 3010 2009 dextris
3045 1954 3173 2008 tuis.
3206 1951 3413 2006 Dicitur
3443 1947 3496 2002 in
3528 1945 3814 2016 principio,

2243 2048 2382 2104 Sede
2428 2063 2458 2100 a
2504 2046 2712 2101 dextris
2738 2045 2909 2100 meis:
2941 2045 2982 2098 si
3034 2043 3150 2112 ipse
3205 2042 3273 2094 ad
3313 2039 3595 2094 dexteram
3643 2034 3829 2088 Patris

2242 2141 2417 2204 sedet,
2447 2137 2717 2208 quomodo
2766 2150 2978 2190 rursum
3029 2132 3190 2186 Pater
3219 2129 3380 2186 sedet
3426 2128 3496 2180 ad
3531 2125 3815 2179 dexteram

2242 2227 2404 2283 Filii?
2426 2225 2467 2281 C
2496 2224 2648 2292 Quod
2690 2223 2810 2278 ideo
2847 2223 3048 2278 dictum
3077 2228 3181 2284 est,
3212 2227 3275 2272 ut
3301 2229 3436 2272 cum
3463 2215 3582 2268 hac
3601 2208 3813 2265 vicissi-

2244 2320 2374 2375 tudo
2399 2315 2619 2388 acqualis
2648 2315 2886 2387 ponitur,
2918 2309 3094 2379 majus
3140 2309 3230 2365 hic
3254 2316 3345 2360 aut
3381 2305 3562 2359 minus
3589 2297 3828 2388 aliquid,

2241 2409 2388 2465 nullo
2435 2386 2596 2463 modo
2622 2386 2903 2462 sentiatur.
2952 2400 2998 2455 Η
3027 2399 3081 2455 ld
3109 2409 3193 2454 est
3237 2394 3392 2468 quod
3425 2389 3656 2462 {aqualis
3683 2386 3824 2441 Filio.

2240 2502 2402 2558 Pater
2422 2496 2759 2553 ostendatur.
2797 2493 2847 2550 C.
2882 2492 3089 2563 Reges;
3120 2490 3242 2544 illos
3286 2484 3578 2556 signiﬁcat,
3639 2477 3730 2548 qui
3763 2477 3822 2529 in

2241 2608 2409 2649 unum
2437 2585 3092 2647 conveneruntadvcrsus
3119 2579 3394 2637 Christum
3421 2593 3434 2628 :
3479 2575 3582 2629 hos
3605 2566 3815 2626 confre-

2240 2683 2339 2752 git,
2371 2679 2586 2751 quando
2617 2689 2803 2733 eorum
2841 2671 3148 2742 superbiam
3179 2663 3494 2739 prostravit.

2241 2774 2274 2829 Ἰ
2376 2769 2643 2827 Judicabit
2669 2767 2722 2822 in
2753 2763 3049 2820 nationibus
3065 2758 3291 2830 implebit
3313 2757 3494 2809 ruinas
3513 2768 3533 2806 :

2383 2858 2766 2932 Conquassabit
2798 2856 2970 2925 capita
2997 2855 3050 2908 in
3088 2861 3228 2905 terra
3255 2846 3559 2901 multorum.

2313 2955 2354 3011 C
2397 2953 2649 3011 Judicare
2699 2949 2943 3005 nationes
2991 2943 3261 3016 perhibet,
3323 2944 3545 3008 propter
3591 2938 3811 3002 peccata

2243 3045 2569 3104 communia.
2597 3040 2786 3110 Implet
2815 3047 2994 3092 autem
3029 3033 3214 3087 ruinas
3253 3047 3266 3082 :
3306 3024 3520 3096 quando
3551 3021 3622 3076 de
3648 3017 3813 3075 cordi-

2243 3142 2344 3194 bus
2375 3132 2623 3190 humanis
2654 3129 2782 3185 facit
2809 3133 3029 3198 peccata
3060 3134 3335 3182 corruere,
3359 3123 3414 3170 et
3434 3110 3822 3169 emendatione

2241 3229 2596 3290 saluberrima
2644 3221 2928 3292 disperirc.
2981 3216 3171 3285 Capita
3223 3205 3502 3285 quassabit
3535 3218 3554 3292 :7
3602 3201 3816 3292 illorum

2243 3287 2427 3390 utique
2449 3315 2541 3387 qui
2555 3321 2715 3386 caput
2730 3287 2843 3364 non
2858 3306 3056 3362 habent
3069 3301 3364 3360 Christum,
3388 3293 3481 3350 sed
3493 3287 3778 3390 diabolpm
3797 3303 3812 3337 :

2243 3379 2366 3468 cum
2416 3379 2901 3475 fuerint'correcti,
2943 3394 3120 3464 capite
3173 3405 3272 3446 suo
3312 3387 3431 3442 sine
3475 3379 3806 3441 dubitatione.

2243 3505 2591 3572 quassantur.
2633 3493 2799 3548 Terra
2853 3487 3144 3544 multorum
3185 3489 3290 3544 est,
3341 3491 3460 3547 quae
3503 3480 3814 3572 peccatore.

2244 3559 2580 3651 abundanter
2608 3583 2829 3644 enutrit.
2859 3580 2904 3636 ll
2935 3578 3033 3634 Vel
3061 3575 3350 3633 multorum
3394 3568 3564 3625 dicit:
3605 3579 3717 3635 quo
3752 3559 3804 3612 Id

2245 3685 2539 3741 vindictam
2569 3675 2950 3738 damnationis,
3003 3685 3108 3725 non
3144 3667 3383 3722 omnium
3416 3663 3497 3733 (ut
3529 3674 3684 3729 spem
3717 3665 3812 3710 mn.

2247 3773 2476 3844 auferat)
2507 3772 2602 3828 sed
2641 3768 2932 3824 multorum
2969 3762 3104 3818 dixit
3132 3779 3146 3815 :
3175 3759 3224 3815 si
3251 3756 3397 3813 enim
3441 3750 3695 3808 omnium
3729 3743 3801 3798 di-

2223 3863 2435 3931 xisset,
2465 3876 2623 3918 nemo
2647 3860 2813 3914 vitam
2845 3859 3107 3926 speraret.

2246 3960 2280 4014 8
2392 3957 2470 4013 De
2497 3962 2719 4009 torrente
2749 3951 2801 4004 in
2825 3948 2906 4003 via
2936 3946 3064 4000 bibet
3092 3957 3106 3996 .'

2394 4047 2674 4117 Propterea
2699 4039 2947 4098 exaltabit
2987 4043 3172 4104 caput.

2318 4137 2361 4195 C
2394 4115 2632 4192 Torrens
2669 4132 2772 4186 fuit
2808 4127 3116 4184 turbulenta
3144 4119 3445 4194 persecutio
3486 4115 3799 4176 Judzeorum,

2248 4231 2315 4286 de
2351 4242 2456 4298 qua
2486 4223 2748 4278 Dominus
2775 4219 3024 4279 Christus
3052 4215 3187 4271 bibit
3216 4213 3270 4268 in
3302 4211 3409 4275 via,
3447 4209 3499 4298 id
3535 4207 3688 4298 estin
3713 4205 3809 4264 hac

2248 4296 2382 4383 vita,
2407 4317 2534 4373 dum
2559 4327 2689 4369 eam,
2721 4311 2776 4365 in
2805 4321 3031 4377 corpore
3061 4301 3301 4376 pertulit.
3346 4296 3616 4355 Exaltabit
3638 4300 3806 4383 caput.

2254 4411 2297 4466 ll
2321 4382 2474 4465 ldest
2502 4405 2594 4475 qui
2619 4417 2679 4458 se
2710 4398 3104 4460 humiliaverat,
3135 4395 3247 4464 ipse
3272 4407 3377 4451 non
3401 4389 3539 4445 alius
3567 4382 3807 4447 exaltant

2253 4500 2358 4556 sibi
2384 4504 2567 4569 caput,
2602 4491 2693 4562 qui
2723 4499 2808 4548 est
2832 4489 3072 4544 omnium
3101 4492 3281 4555 caput.

2729 4615 2926 4657 οιιλτιο
2960 4614 3029 4653 EX
3059 4613 3206 4652 PSAL.
3240 4610 3349 4651 CIX.

2321 4722 2462 4778 Ante
2498 4716 2778 4774 luciferum
2818 4714 3016 4784 genite,
3047 4711 3139 4781 qui
3189 4726 3248 4764 es
3292 4705 3611 4778 principium
3659 4699 3800 4755 totius

2251 4822 2538 4873 creaturm,
2588 4822 2835 4876 rogamus
2883 4813 2936 4858 et
2981 4815 3308 4872 qumsumus,
3359 4807 3418 4852 ut
3458 4799 3596 4851 sicut
3621 4790 3800 4847 sanctis

2251 4906 2481 4977 pedibus
2511 4901 2620 4956 tuis
2650 4898 2897 4955 inimicos
2941 4894 3008 4949 ad
3038 4895 3313 4949 dexteram
3361 4889 3537 4945 Patris
3579 4884 3800 4939 residens

2252 4973 2549 5066 subjecisti,
2593 4991 2667 5046 ita
2691 5005 2791 5044 nos
2817 4987 2921 5042 tuis
2969 4983 3161 5039 olliciis
3179 4983 3368 5052 dignos
3412 4979 3613 5032 habeas
3638 4973 3799 5027 ablata

2252 5085 2596 5145 damnatione
2626 5079 2851 5154 peccati.
2879 5076 2981 5144 Qui
3011 5075 3150 5131 vivis
3173 5082 3228 5128 et
3261 5085 3479 5142 regnas,
3499 5078 3606 5122 etc.

2803 5191 3124 5250 PSALMUS
3159 5187 3269 5246 CX.

2714 5320 2888 5365 31:33:“
2901 5321 3080 5362 εκτωι
3106 5319 3252 5360 PSA]...
3274 5316 3363 5358 CX.
