  <div class='ocr_page' id='page_1' title='image "/cluster/home/n/w/nwhite01/storage/ocr_20150623/142/hvd.32044015471808/210.png"; bbox 0 0 3994 5370; ppageno 0'>
   <div class='ocr_carea' id='block_1_1' title="bbox 141 151 247 206">
    <p class='ocr_par' dir='ltr' id='par_1_1' title="bbox 141 151 247 206">
     <span class='ocr_line' id='line_1_1' title="bbox 141 151 247 206; baseline 0.019 -1"><span class='ocrx_word' id='word_1_1' title='bbox 141 151 247 206; x_wconf 65' lang='lat' dir='ltr'><strong>li&quot;</strong></span> 
     </span>
    </p>
   </div>
   <div class='ocr_carea' id='block_1_2' title="bbox 1348 161 2201 232">
    <p class='ocr_par' dir='ltr' id='par_1_2' title="bbox 1348 161 2201 232">
     <span class='ocr_line' id='line_1_2' title="bbox 1348 161 2201 232; baseline 0.014 -11"><span class='ocrx_word' id='word_1_2' title='bbox 1348 161 1714 224; x_wconf 73' lang='lat' dir='ltr'><strong>EXPOSI‘I&#39;IO</strong></span> <span class='ocrx_word' id='word_1_3' title='bbox 1748 165 2201 232; x_wconf 58' lang='grc' dir='ltr'>Ρθάιιιιοιιωι</span> 
     </span>
    </p>
   </div>
   <div class='ocr_carea' id='block_1_3' title="bbox 3307 186 3423 245">
    <p class='ocr_par' dir='ltr' id='par_1_3' title="bbox 3307 186 3423 245">
     <span class='ocr_line' id='line_1_3' title="bbox 3307 186 3423 245; baseline 0.026 -3"><span class='ocrx_word' id='word_1_4' title='bbox 3307 186 3423 245; x_wconf 66' lang='grc' dir='ltr'><strong>ιῖθ</strong></span> 
     </span>
    </p>
   </div>
   <div class='ocr_carea' id='block_1_4' title="bbox 146 266 3410 359">
    <p class='ocr_par' dir='ltr' id='par_1_4' title="bbox 146 266 3410 359">
     <span class='ocr_line' id='line_1_4' title="bbox 146 266 3410 359; baseline 0.011 -39"><span class='ocrx_word' id='word_1_5' title='bbox 146 287 262 327; x_wconf 65' lang='lat' dir='ltr'><strong>esse</strong></span> <span class='ocrx_word' id='word_1_6' title='bbox 315 266 595 327; x_wconf 72' lang='lat' dir='ltr'><strong>rideatur:</strong></span> <span class='ocrx_word' id='word_1_7' title='bbox 646 278 831 331; x_wconf 77' lang='lat' dir='ltr'><strong>tamen</strong></span> <span class='ocrx_word' id='word_1_8' title='bbox 872 271 949 330; x_wconf 85' lang='lat' dir='ltr'><strong>ibi</strong></span> <span class='ocrx_word' id='word_1_9' title='bbox 1000 274 1234 335; x_wconf 67' lang='lat' dir='ltr'><strong>maxime</strong></span> <span class='ocrx_word' id='word_1_10' title='bbox 1276 280 1583 352; x_wconf 70' lang='lat' dir='ltr'><strong>apponitur,</strong></span> <span class='ocrx_word' id='word_1_11' title='bbox 1632 280 1723 335; x_wconf 73' lang='lat' dir='ltr'><strong>ubi</strong></span> <span class='ocrx_word' id='word_1_12' title='bbox 1748 281 1803 342; x_wconf 73' lang='grc' dir='ltr'><strong>Α</strong></span> <span class='ocrx_word' id='word_1_13' title='bbox 1828 279 2070 354; x_wconf 78' lang='lat' dir='ltr'><strong>telligant</strong></span> <span class='ocrx_word' id='word_1_14' title='bbox 2113 299 2235 341; x_wconf 86' lang='lat' dir='ltr'><strong>eum</strong></span> <span class='ocrx_word' id='word_1_15' title='bbox 2281 303 2403 344; x_wconf 85' lang='lat' dir='ltr'><strong>esse</strong></span> <span class='ocrx_word' id='word_1_16' title='bbox 2448 288 2623 346; x_wconf 66' lang='lat' dir='ltr'><strong>Mm</strong></span> <span class='ocrx_word' id='word_1_17' title='bbox 2666 294 2978 359; x_wconf 58' lang='lat' dir='ltr'><strong>eludentes,</strong></span> <span class='ocrx_word' id='word_1_18' title='bbox 3025 306 3079 350; x_wconf 88' lang='lat' dir='ltr'><strong>et</strong></span> <span class='ocrx_word' id='word_1_19' title='bbox 3118 312 3281 353; x_wconf 82' lang='lat' dir='ltr'><strong>causa</strong></span> <span class='ocrx_word' id='word_1_20' title='bbox 3319 314 3410 357; x_wconf 81' lang='lat' dir='ltr'><strong>se-</strong></span> 
     </span>
    </p>
   </div>
   <div class='ocr_carea' id='block_1_5' title="bbox 145 363 1037 438">
    <p class='ocr_par' dir='ltr' id='par_1_5' title="bbox 145 363 1037 438">
     <span class='ocr_line' id='line_1_5' title="bbox 145 363 1037 438; baseline 0.003 -16"><span class='ocrx_word' id='word_1_21' title='bbox 145 380 336 438; x_wconf 71' lang='lat' dir='ltr'><strong>magna</strong></span> <span class='ocrx_word' id='word_1_22' title='bbox 367 363 728 422; x_wconf 70' lang='lat' dir='ltr'><strong>exsultatione</strong></span> <span class='ocrx_word' id='word_1_23' title='bbox 747 366 1037 438; x_wconf 74' lang='lat' dir='ltr'><strong>gaude-tur.</strong></span> 
     </span>
    </p>
   </div>
   <div class='ocr_carea' id='block_1_6' title="bbox 145 475 1720 551">
    <p class='ocr_par' dir='ltr' id='par_1_6' title="bbox 145 475 1720 551">
     <span class='ocr_line' id='line_1_6' title="bbox 145 475 1720 551; baseline 0.006 -21"><span class='ocrx_word' id='word_1_24' title='bbox 145 479 170 535; x_wconf 78' lang='grc' dir='ltr'><strong>ι</strong></span> <span class='ocrx_word' id='word_1_25' title='bbox 276 475 583 545; x_wconf 71' lang='lat' dir='ltr'><strong>Conﬁtebor</strong></span> <span class='ocrx_word' id='word_1_26' title='bbox 626 491 691 534; x_wconf 76' lang='grc' dir='ltr'><strong>σι-</strong></span> <span class='ocrx_word' id='word_1_27' title='bbox 714 478 806 533; x_wconf 77' lang='lat' dir='ltr'><strong>tibi</strong></span> <span class='ocrx_word' id='word_1_28' title='bbox 840 482 860 551; x_wconf 71' lang='grc' dir='ltr'>ζ</span> <span class='ocrx_word' id='word_1_29' title='bbox 889 479 1137 548; x_wconf 70' lang='lat' dir='ltr'><strong>Domine,</strong></span> <span class='ocrx_word' id='word_1_30' title='bbox 1158 483 1215 538; x_wconf 74' lang='lat' dir='ltr'><strong>in</strong></span> <span class='ocrx_word' id='word_1_31' title='bbox 1234 492 1344 541; x_wconf 73' lang='lat' dir='ltr'><strong>toto</strong></span> <span class='ocrx_word' id='word_1_32' title='bbox 1373 489 1531 541; x_wconf 74' lang='lat' dir='ltr'><strong>corde</strong></span> <span class='ocrx_word' id='word_1_33' title='bbox 1562 500 1678 541; x_wconf 70' lang='lat' dir='ltr'><strong>meo</strong></span> <span class='ocrx_word' id='word_1_34' title='bbox 1698 498 1720 539; x_wconf 88' lang='lat'><strong><em>:</em></strong></span> 
     </span>
    </p>
   </div>
   <div class='ocr_carea' id='block_1_7' title="bbox 280 565 1407 644">
    <p class='ocr_par' dir='ltr' id='par_1_7' title="bbox 280 565 1407 644">
     <span class='ocr_line' id='line_1_7' title="bbox 280 565 1407 644; baseline 0.011 -25"><span class='ocrx_word' id='word_1_35' title='bbox 280 565 353 621; x_wconf 82' lang='lat' dir='ltr'><strong>In</strong></span> <span class='ocrx_word' id='word_1_36' title='bbox 377 568 602 623; x_wconf 74' lang='lat' dir='ltr'><strong>consilio</strong></span> <span class='ocrx_word' id='word_1_37' title='bbox 616 568 887 637; x_wconf 84' lang='lat' dir='ltr'><strong>justorum</strong></span> <span class='ocrx_word' id='word_1_38' title='bbox 909 581 960 626; x_wconf 84' lang='lat' dir='ltr'><strong>et</strong></span> <span class='ocrx_word' id='word_1_39' title='bbox 980 575 1407 644; x_wconf 63' lang='lat' dir='ltr'><strong>congregatione.</strong></span> 
     </span>
    </p>
   </div>
   <div class='ocr_carea' id='block_1_8' title="bbox 212 655 1723 739">
    <p class='ocr_par' dir='ltr' id='par_1_8' title="bbox 212 655 1723 739">
     <span class='ocr_line' id='line_1_8' title="bbox 212 655 1723 739; baseline 0.008 -27"><span class='ocrx_word' id='word_1_40' title='bbox 212 656 253 712; x_wconf 87' lang='lat' dir='ltr'><strong>C</strong></span> <span class='ocrx_word' id='word_1_41' title='bbox 304 655 649 713; x_wconf 85' lang='lat' dir='ltr'><strong>Conﬁtentur</strong></span> <span class='ocrx_word' id='word_1_42' title='bbox 684 667 741 714; x_wconf 84' lang='lat' dir='ltr'><strong>et</strong></span> <span class='ocrx_word' id='word_1_43' title='bbox 782 661 874 729; x_wconf 87' lang='lat' dir='ltr'><strong>qui</strong></span> <span class='ocrx_word' id='word_1_44' title='bbox 915 672 1139 731; x_wconf 84' lang='lat' dir='ltr'><strong>peccata</strong></span> <span class='ocrx_word' id='word_1_45' title='bbox 1182 664 1488 734; x_wconf 75' lang='lat' dir='ltr'><strong>deplorant,</strong></span> <span class='ocrx_word' id='word_1_46' title='bbox 1523 675 1581 722; x_wconf 90' lang='lat' dir='ltr'><strong>et</strong></span> <span class='ocrx_word' id='word_1_47' title='bbox 1628 668 1723 739; x_wconf 84' lang='lat' dir='ltr'><strong>qui</strong></span> 
     </span>
    </p>
   </div>
   <div class='ocr_carea' id='block_1_9' title="bbox 148 748 1720 832">
    <p class='ocr_par' dir='ltr' id='par_1_9' title="bbox 148 748 1720 832">
     <span class='ocr_line' id='line_1_9' title="bbox 148 748 1720 832; baseline 0.01 -31"><span class='ocrx_word' id='word_1_48' title='bbox 148 748 364 803; x_wconf 77' lang='lat' dir='ltr'><strong>Christo</strong></span> <span class='ocrx_word' id='word_1_49' title='bbox 408 749 614 819; x_wconf 69' lang='lat' dir='ltr'><strong>gratias</strong></span> <span class='ocrx_word' id='word_1_50' title='bbox 656 750 943 808; x_wconf 76' lang='lat' dir='ltr'><strong>referunt:</strong></span> <span class='ocrx_word' id='word_1_51' title='bbox 1001 754 1099 810; x_wconf 87' lang='lat' dir='ltr'><strong>sed</strong></span> <span class='ocrx_word' id='word_1_52' title='bbox 1156 755 1283 815; x_wconf 70' lang='lat' dir='ltr'><strong>illud</strong></span> <span class='ocrx_word' id='word_1_53' title='bbox 1333 757 1391 813; x_wconf 75' lang='lat' dir='ltr'><strong>in</strong></span> <span class='ocrx_word' id='word_1_54' title='bbox 1441 758 1720 832; x_wconf 79' lang='lat' dir='ltr'><strong>lacrymis,</strong></span> 
     </span>
    </p>
   </div>
   <div class='ocr_carea' id='block_1_10' title="bbox 154 837 1723 918">
    <p class='ocr_par' dir='ltr' id='par_1_10' title="bbox 154 837 1723 918">
     <span class='ocr_line' id='line_1_10' title="bbox 154 837 1723 918; baseline 0.01 -27"><span class='ocrx_word' id='word_1_55' title='bbox 154 837 282 892; x_wconf 86' lang='lat' dir='ltr'><strong>istud</strong></span> <span class='ocrx_word' id='word_1_56' title='bbox 307 839 359 892; x_wconf 90' lang='lat' dir='ltr'><strong>iu</strong></span> <span class='ocrx_word' id='word_1_57' title='bbox 387 840 591 909; x_wconf 76' lang='lat' dir='ltr'><strong>gaudio</strong></span> <span class='ocrx_word' id='word_1_58' title='bbox 608 851 711 896; x_wconf 89' lang='lat' dir='ltr'><strong>est.</strong></span> <span class='ocrx_word' id='word_1_59' title='bbox 751 841 850 899; x_wconf 76' lang='lat' dir='ltr'><strong>llic</strong></span> <span class='ocrx_word' id='word_1_60' title='bbox 873 853 1056 901; x_wconf 76' lang='lat' dir='ltr'><strong>autem</strong></span> <span class='ocrx_word' id='word_1_61' title='bbox 1081 847 1301 918; x_wconf 66' lang='lat' dir='ltr'><strong>profusa</strong></span> <span class='ocrx_word' id='word_1_62' title='bbox 1324 849 1511 908; x_wconf 68' lang='lat' dir='ltr'><strong>laetitia</strong></span> <span class='ocrx_word' id='word_1_63' title='bbox 1540 853 1723 909; x_wconf 72' lang='lat' dir='ltr'><strong>exsul-</strong></span> 
     </span>
    </p>
   </div>
   <div class='ocr_carea' id='block_1_11' title="bbox 158 930 1722 1011">
    <p class='ocr_par' dir='ltr' id='par_1_11' title="bbox 158 930 1722 1011">
     <span class='ocr_line' id='line_1_11' title="bbox 158 930 1722 1011; baseline 0.012 -28"><span class='ocrx_word' id='word_1_64' title='bbox 158 938 227 983; x_wconf 86' lang='lat' dir='ltr'><strong>tat</strong></span> <span class='ocrx_word' id='word_1_65' title='bbox 246 930 471 999; x_wconf 86' lang='lat' dir='ltr'><strong>populus</strong></span> <span class='ocrx_word' id='word_1_66' title='bbox 508 931 706 999; x_wconf 85' lang='lat' dir='ltr'><strong>ﬁdelis,</strong></span> <span class='ocrx_word' id='word_1_67' title='bbox 730 938 1021 1004; x_wconf 81' lang='lat' dir='ltr'><strong>quamdam</strong></span> <span class='ocrx_word' id='word_1_68' title='bbox 1071 939 1362 1011; x_wconf 74' lang='lat' dir='ltr'><strong>imaginem</strong></span> <span class='ocrx_word' id='word_1_69' title='bbox 1402 942 1571 1000; x_wconf 71' lang='lat' dir='ltr'><strong>futuri</strong></span> <span class='ocrx_word' id='word_1_70' title='bbox 1618 960 1722 1000; x_wconf 72' lang='lat' dir='ltr'><strong>sa:-</strong></span> 
     </span>
    </p>
   </div>
   <div class='ocr_carea' id='block_1_12' title="bbox 159 1019 1719 1103">
    <p class='ocr_par' dir='ltr' id='par_1_12' title="bbox 159 1019 1719 1103">
     <span class='ocr_line' id='line_1_12' title="bbox 159 1019 1719 1103; baseline 0.01 -27"><span class='ocrx_word' id='word_1_71' title='bbox 159 1019 250 1076; x_wconf 86' lang='lat' dir='ltr'><strong>culi</strong></span> <span class='ocrx_word' id='word_1_72' title='bbox 287 1021 594 1092; x_wconf 75' lang='lat' dir='ltr'><strong>designans,</strong></span> <span class='ocrx_word' id='word_1_73' title='bbox 647 1024 739 1081; x_wconf 87' lang='lat' dir='ltr'><strong>ubi</strong></span> <span class='ocrx_word' id='word_1_74' title='bbox 786 1024 973 1083; x_wconf 75' lang='lat' dir='ltr'><strong>laudes</strong></span> <span class='ocrx_word' id='word_1_75' title='bbox 1013 1027 1224 1086; x_wconf 81' lang='lat' dir='ltr'><strong>Domini</strong></span> <span class='ocrx_word' id='word_1_76' title='bbox 1264 1046 1483 1103; x_wconf 74' lang='lat' dir='ltr'><strong>semper</strong></span> <span class='ocrx_word' id='word_1_77' title='bbox 1524 1035 1719 1091; x_wconf 85' lang='lat' dir='ltr'><strong>devota</strong></span> 
     </span>
    </p>
   </div>
   <div class='ocr_carea' id='block_1_13' title="bbox 160 1111 1721 1181">
    <p class='ocr_par' dir='ltr' id='par_1_13' title="bbox 160 1111 1721 1181">
     <span class='ocr_line' id='line_1_13' title="bbox 160 1111 1721 1181; baseline 0.01 -18"><span class='ocrx_word' id='word_1_78' title='bbox 160 1116 322 1164; x_wconf 81' lang='lat' dir='ltr'><strong>mente</strong></span> <span class='ocrx_word' id='word_1_79' title='bbox 341 1111 751 1179; x_wconf 82' lang='lat' dir='ltr'><strong>concelebrant,</strong></span> <span class='ocrx_word' id='word_1_80' title='bbox 787 1114 877 1170; x_wconf 90' lang='lat' dir='ltr'><strong>ubi</strong></span> <span class='ocrx_word' id='word_1_81' title='bbox 902 1125 960 1172; x_wconf 91' lang='lat' dir='ltr'><strong>et</strong></span> <span class='ocrx_word' id='word_1_82' title='bbox 986 1118 1149 1175; x_wconf 84' lang='lat' dir='ltr'><strong>verba</strong></span> <span class='ocrx_word' id='word_1_83' title='bbox 1174 1128 1230 1176; x_wconf 86' lang='lat' dir='ltr'><strong>et</strong></span> <span class='ocrx_word' id='word_1_84' title='bbox 1257 1119 1377 1177; x_wconf 66' lang='lat' dir='ltr'><strong>ista</strong></span> <span class='ocrx_word' id='word_1_85' title='bbox 1402 1136 1565 1179; x_wconf 88' lang='lat' dir='ltr'><strong>voces</strong></span> <span class='ocrx_word' id='word_1_86' title='bbox 1588 1138 1721 1181; x_wconf 66' lang='lat' dir='ltr'><strong>cono</strong></span> 
     </span>
    </p>
   </div>
   <div class='ocr_carea' id='block_1_14' title="bbox 161 1199 1719 1288">
    <p class='ocr_par' dir='ltr' id='par_1_14' title="bbox 161 1199 1719 1288">
     <span class='ocr_line' id='line_1_14' title="bbox 161 1199 1719 1288; baseline 0.012 -34"><span class='ocrx_word' id='word_1_87' title='bbox 161 1199 305 1255; x_wconf 74' lang='lat' dir='ltr'><strong>uanae</strong></span> <span class='ocrx_word' id='word_1_88' title='bbox 348 1210 495 1258; x_wconf 80' lang='lat' dir='ltr'><strong>sunt.</strong></span> <span class='ocrx_word' id='word_1_89' title='bbox 543 1202 843 1262; x_wconf 80' lang='lat' dir='ltr'><strong>Consilium</strong></span> <span class='ocrx_word' id='word_1_90' title='bbox 880 1206 1152 1277; x_wconf 87' lang='lat' dir='ltr'><strong>justorum</strong></span> <span class='ocrx_word' id='word_1_91' title='bbox 1195 1221 1297 1277; x_wconf 80' lang='lat' dir='ltr'><strong>est,</strong></span> <span class='ocrx_word' id='word_1_92' title='bbox 1329 1214 1379 1271; x_wconf 78' lang='grc' dir='ltr'><strong>Δ</strong></span> <span class='ocrx_word' id='word_1_93' title='bbox 1418 1217 1564 1284; x_wconf 68' lang='lat' dir='ltr'><strong>quod</strong></span> <span class='ocrx_word' id='word_1_94' title='bbox 1584 1217 1719 1288; x_wconf 86' lang='lat' dir='ltr'><strong>justi</strong></span> 
     </span>
    </p>
   </div>
   <div class='ocr_carea' id='block_1_15' title="bbox 157 1291 1727 1371">
    <p class='ocr_par' dir='ltr' id='par_1_15' title="bbox 157 1291 1727 1371">
     <span class='ocr_line' id='line_1_15' title="bbox 157 1291 1727 1371; baseline 0.011 -26"><span class='ocrx_word' id='word_1_95' title='bbox 157 1291 443 1347; x_wconf 81' lang='lat' dir='ltr'><strong>consulunt.</strong></span> <span class='ocrx_word' id='word_1_96' title='bbox 466 1292 817 1367; x_wconf 69' lang='lat' dir='ltr'><strong>Justiautem</strong></span> <span class='ocrx_word' id='word_1_97' title='bbox 837 1299 1146 1367; x_wconf 86' lang='lat' dir='ltr'><strong>consulunt,</strong></span> <span class='ocrx_word' id='word_1_98' title='bbox 1178 1301 1351 1359; x_wconf 80' lang='lat' dir='ltr'><strong>Deum</strong></span> <span class='ocrx_word' id='word_1_99' title='bbox 1390 1302 1631 1371; x_wconf 78' lang='lat' dir='ltr'><strong>lauthre.</strong></span> <span class='ocrx_word' id='word_1_100' title='bbox 1659 1315 1727 1363; x_wconf 84' lang='lat' dir='ltr'><strong>et</strong></span> 
     </span>
    </p>
   </div>
   <div class='ocr_carea' id='block_1_16' title="bbox 155 1381 1729 1467">
    <p class='ocr_par' dir='ltr' id='par_1_16' title="bbox 155 1381 1729 1467">
     <span class='ocr_line' id='line_1_16' title="bbox 155 1381 1729 1467; baseline 0.013 -31"><span class='ocrx_word' id='word_1_101' title='bbox 155 1381 222 1436; x_wconf 87' lang='lat' dir='ltr'><strong>illi</strong></span> <span class='ocrx_word' id='word_1_102' title='bbox 248 1385 445 1442; x_wconf 83' lang='lat' dir='ltr'><strong>servire</strong></span> <span class='ocrx_word' id='word_1_103' title='bbox 474 1402 577 1457; x_wconf 90' lang='lat' dir='ltr'><strong>pro</strong></span> <span class='ocrx_word' id='word_1_104' title='bbox 594 1390 818 1445; x_wconf 79' lang='lat' dir='ltr'><strong>:eteruis</strong></span> <span class='ocrx_word' id='word_1_105' title='bbox 838 1391 1014 1459; x_wconf 87' lang='lat' dir='ltr'><strong>bonis,</strong></span> <span class='ocrx_word' id='word_1_106' title='bbox 1043 1392 1229 1450; x_wconf 88' lang='lat' dir='ltr'><strong>laudat</strong></span> <span class='ocrx_word' id='word_1_107' title='bbox 1252 1410 1383 1467; x_wconf 73' lang='lat' dir='ltr'><strong>ergo</strong></span> <span class='ocrx_word' id='word_1_108' title='bbox 1408 1407 1466 1454; x_wconf 88' lang='lat' dir='ltr'><strong>et</strong></span> <span class='ocrx_word' id='word_1_109' title='bbox 1490 1400 1729 1457; x_wconf 51' lang='lat' dir='ltr'><strong>eonﬁte-t</strong></span> 
     </span>
    </p>
   </div>
   <div class='ocr_carea' id='block_1_17' title="bbox 154 1474 1721 1554">
    <p class='ocr_par' dir='ltr' id='par_1_17' title="bbox 154 1474 1721 1554">
     <span class='ocr_line' id='line_1_17' title="bbox 154 1474 1721 1554; baseline 0.014 -29"><span class='ocrx_word' id='word_1_110' title='bbox 154 1481 237 1526; x_wconf 87' lang='lat' dir='ltr'><strong>tur</strong></span> <span class='ocrx_word' id='word_1_111' title='bbox 274 1474 323 1529; x_wconf 89' lang='lat' dir='ltr'><strong>in</strong></span> <span class='ocrx_word' id='word_1_112' title='bbox 359 1478 587 1533; x_wconf 82' lang='lat' dir='ltr'><strong>consilio</strong></span> <span class='ocrx_word' id='word_1_113' title='bbox 626 1479 925 1549; x_wconf 78' lang='lat' dir='ltr'><strong>justorum,</strong></span> <span class='ocrx_word' id='word_1_114' title='bbox 952 1484 1045 1553; x_wconf 92' lang='lat' dir='ltr'><strong>qui</strong></span> <span class='ocrx_word' id='word_1_115' title='bbox 1085 1500 1191 1540; x_wconf 86' lang='lat' dir='ltr'><strong>nea</strong></span> <span class='ocrx_word' id='word_1_116' title='bbox 1246 1496 1471 1554; x_wconf 70' lang='lat' dir='ltr'><strong>tenuere,</strong></span> <span class='ocrx_word' id='word_1_117' title='bbox 1521 1490 1617 1547; x_wconf 82' lang='lat' dir='ltr'><strong>sed</strong></span> <span class='ocrx_word' id='word_1_118' title='bbox 1646 1504 1721 1547; x_wconf 70' lang='lat' dir='ltr'><strong>es</strong></span> 
     </span>
    </p>
   </div>
   <div class='ocr_carea' id='block_1_18' title="bbox 154 1565 1711 1648">
    <p class='ocr_par' dir='ltr' id='par_1_18' title="bbox 154 1565 1711 1648">
     <span class='ocr_line' id='line_1_18' title="bbox 154 1565 1711 1648; baseline 0.013 -31"><span class='ocrx_word' id='word_1_119' title='bbox 154 1565 344 1620; x_wconf 79' lang='lat' dir='ltr'><strong>ratione</strong></span> <span class='ocrx_word' id='word_1_120' title='bbox 365 1576 420 1620; x_wconf 90' lang='lat' dir='ltr'><strong>et</strong></span> <span class='ocrx_word' id='word_1_121' title='bbox 443 1567 835 1627; x_wconf 81' lang='lat' dir='ltr'><strong>deliberatione</strong></span> <span class='ocrx_word' id='word_1_122' title='bbox 868 1583 1082 1641; x_wconf 82' lang='lat' dir='ltr'><strong>sancta,</strong></span> <span class='ocrx_word' id='word_1_123' title='bbox 1113 1590 1213 1646; x_wconf 88' lang='lat' dir='ltr'><strong>pro</strong></span> <span class='ocrx_word' id='word_1_124' title='bbox 1245 1580 1467 1635; x_wconf 61' lang='lat' dir='ltr'><strong>atomis</strong></span> <span class='ocrx_word' id='word_1_125' title='bbox 1506 1580 1711 1648; x_wconf 75' lang='lat' dir='ltr'><strong>laudat,</strong></span> 
     </span>
    </p>
   </div>
   <div class='ocr_carea' id='block_1_19' title="bbox 152 1654 1767 1736">
    <p class='ocr_par' dir='ltr' id='par_1_19' title="bbox 152 1654 1767 1736">
     <span class='ocr_line' id='line_1_19' title="bbox 152 1654 1767 1736; baseline 0.015 -28"><span class='ocrx_word' id='word_1_126' title='bbox 152 1654 280 1709; x_wconf 66' lang='lat' dir='ltr'><strong>deut</strong></span> <span class='ocrx_word' id='word_1_127' title='bbox 297 1670 484 1714; x_wconf 82' lang='lat' dir='ltr'><strong>omnes</strong></span> <span class='ocrx_word' id='word_1_128' title='bbox 503 1658 638 1727; x_wconf 84' lang='lat' dir='ltr'><strong>justi</strong></span> <span class='ocrx_word' id='word_1_129' title='bbox 665 1661 889 1718; x_wconf 87' lang='lat' dir='ltr'><strong>faciunt.</strong></span> <span class='ocrx_word' id='word_1_130' title='bbox 914 1665 1275 1736; x_wconf 68' lang='lat' dir='ltr'><strong>Cougregatio</strong></span> <span class='ocrx_word' id='word_1_131' title='bbox 1314 1685 1446 1727; x_wconf 89' lang='lat' dir='ltr'><strong>vero</strong></span> <span class='ocrx_word' id='word_1_132' title='bbox 1471 1689 1486 1727; x_wconf 88' lang='lat'><strong>:</strong></span> <span class='ocrx_word' id='word_1_133' title='bbox 1517 1682 1599 1728; x_wconf 80' lang='lat' dir='ltr'><strong>est</strong></span> <span class='ocrx_word' id='word_1_134' title='bbox 1622 1686 1715 1731; x_wconf 87' lang='lat' dir='ltr'><strong>oo-</strong></span> <span class='ocrx_word' id='word_1_135' title='bbox 1746 1654 1767 1701; x_wconf 64' lang='grc'><strong><em>³</em></strong></span> 
     </span>
    </p>
   </div>
   <div class='ocr_carea' id='block_1_20' title="bbox 150 1747 1605 1825">
    <p class='ocr_par' dir='ltr' id='par_1_20' title="bbox 150 1747 1605 1825">
     <span class='ocr_line' id='line_1_20' title="bbox 150 1747 1605 1825; baseline 0.015 -26"><span class='ocrx_word' id='word_1_136' title='bbox 150 1759 271 1800; x_wconf 81' lang='lat' dir='ltr'><strong>mna</strong></span> <span class='ocrx_word' id='word_1_137' title='bbox 300 1747 455 1804; x_wconf 86' lang='lat' dir='ltr'><strong>beata</strong></span> <span class='ocrx_word' id='word_1_138' title='bbox 493 1752 561 1806; x_wconf 88' lang='lat' dir='ltr'><strong>de</strong></span> <span class='ocrx_word' id='word_1_139' title='bbox 581 1752 811 1810; x_wconf 80' lang='lat' dir='ltr'><strong>diversis</strong></span> <span class='ocrx_word' id='word_1_140' title='bbox 837 1756 1088 1825; x_wconf 85' lang='lat' dir='ltr'><strong>partibus</strong></span> <span class='ocrx_word' id='word_1_141' title='bbox 1118 1761 1305 1816; x_wconf 87' lang='lat' dir='ltr'><strong>mundi</strong></span> <span class='ocrx_word' id='word_1_142' title='bbox 1346 1761 1605 1821; x_wconf 82' lang='lat' dir='ltr'><strong>adunata.</strong></span> 
     </span>
    </p>
   </div>
   <div class='ocr_carea' id='block_1_21' title="bbox 146 1853 938 1929">
    <p class='ocr_par' dir='ltr' id='par_1_21' title="bbox 146 1853 938 1929">
     <span class='ocr_line' id='line_1_21' title="bbox 146 1853 938 1929; baseline 0.013 -21"><span class='ocrx_word' id='word_1_143' title='bbox 146 1853 183 1908; x_wconf 72' lang='grc'><strong>2</strong></span> <span class='ocrx_word' id='word_1_144' title='bbox 278 1856 469 1929; x_wconf 70' lang='lat' dir='ltr'><strong>lagna</strong></span> <span class='ocrx_word' id='word_1_145' title='bbox 497 1877 658 1929; x_wconf 88' lang='lat' dir='ltr'><strong>opera</strong></span> <span class='ocrx_word' id='word_1_146' title='bbox 695 1863 938 1920; x_wconf 80' lang='lat' dir='ltr'><strong>Domini:</strong></span> 
     </span>
    </p>
   </div>
   <div class='ocr_carea' id='block_1_22' title="bbox 277 1951 1327 2039">
    <p class='ocr_par' dir='ltr' id='par_1_22' title="bbox 277 1951 1327 2039">
     <span class='ocr_line' id='line_1_22' title="bbox 277 1951 1327 2039; baseline 0.017 -33"><span class='ocrx_word' id='word_1_147' title='bbox 277 1951 549 2026; x_wconf 71' lang='lat' dir='ltr'><strong>Exquisita</strong></span> <span class='ocrx_word' id='word_1_148' title='bbox 578 1959 635 2014; x_wconf 81' lang='lat' dir='ltr'><strong>in</strong></span> <span class='ocrx_word' id='word_1_149' title='bbox 664 1977 841 2016; x_wconf 81' lang='lat' dir='ltr'><strong>omnes</strong></span> <span class='ocrx_word' id='word_1_150' title='bbox 869 1964 1158 2021; x_wconf 74' lang='lat' dir='ltr'><strong>voluntates</strong></span> <span class='ocrx_word' id='word_1_151' title='bbox 1193 1967 1327 2039; x_wconf 85' lang='lat' dir='ltr'><strong>ejus.</strong></span> 
     </span>
    </p>
   </div>
   <div class='ocr_carea' id='block_1_23' title="bbox 215 2043 1714 2131">
    <p class='ocr_par' dir='ltr' id='par_1_23' title="bbox 215 2043 1714 2131">
     <span class='ocr_line' id='line_1_23' title="bbox 215 2043 1714 2131; baseline 0.012 -31"><span class='ocrx_word' id='word_1_152' title='bbox 215 2043 457 2120; x_wconf 66' lang='lat' dir='ltr'><strong>liliagna</strong></span> <span class='ocrx_word' id='word_1_153' title='bbox 500 2064 666 2121; x_wconf 86' lang='lat' dir='ltr'><strong>opera</strong></span> <span class='ocrx_word' id='word_1_154' title='bbox 714 2053 977 2110; x_wconf 86' lang='lat' dir='ltr'><strong>Domini:</strong></span> <span class='ocrx_word' id='word_1_155' title='bbox 1024 2067 1202 2114; x_wconf 88' lang='lat' dir='ltr'><strong>rectos</strong></span> <span class='ocrx_word' id='word_1_156' title='bbox 1241 2060 1395 2128; x_wconf 83' lang='lat' dir='ltr'><strong>dicit,</strong></span> <span class='ocrx_word' id='word_1_157' title='bbox 1445 2062 1538 2131; x_wconf 91' lang='lat' dir='ltr'><strong>qui</strong></span> <span class='ocrx_word' id='word_1_158' title='bbox 1587 2073 1714 2118; x_wconf 82' lang='lat' dir='ltr'><strong>ante</strong></span> 
     </span>
    </p>
   </div>
   <div class='ocr_carea' id='block_1_24' title="bbox 145 2142 1713 2221">
    <p class='ocr_par' dir='ltr' id='par_1_24' title="bbox 145 2142 1713 2221">
     <span class='ocr_line' id='line_1_24' title="bbox 145 2142 1713 2221; baseline 0.011 -31"><span class='ocrx_word' id='word_1_159' title='bbox 145 2146 438 2204; x_wconf 83' lang='lat' dir='ltr'><strong>peccatores</strong></span> <span class='ocrx_word' id='word_1_160' title='bbox 456 2149 634 2195; x_wconf 87' lang='lat' dir='ltr'><strong>erant.</strong></span> <span class='ocrx_word' id='word_1_161' title='bbox 662 2142 705 2198; x_wconf 89' lang='lat' dir='ltr'><strong>C</strong></span> <span class='ocrx_word' id='word_1_162' title='bbox 735 2142 876 2211; x_wconf 85' lang='lat' dir='ltr'><strong>Quid</strong></span> <span class='ocrx_word' id='word_1_163' title='bbox 903 2146 1049 2202; x_wconf 85' lang='lat' dir='ltr'><strong>enim</strong></span> <span class='ocrx_word' id='word_1_164' title='bbox 1080 2149 1518 2219; x_wconf 80' lang='lat' dir='ltr'><strong>magniﬁcentius</strong></span> <span class='ocrx_word' id='word_1_165' title='bbox 1547 2166 1713 2221; x_wconf 86' lang='lat' dir='ltr'><strong>quam</strong></span> 
     </span>
    </p>
   </div>
   <div class='ocr_carea' id='block_1_25' title="bbox 147 2226 1708 2312">
    <p class='ocr_par' dir='ltr' id='par_1_25' title="bbox 147 2226 1708 2312">
     <span class='ocr_line' id='line_1_25' title="bbox 147 2226 1708 2312; baseline 0.009 -29"><span class='ocrx_word' id='word_1_166' title='bbox 147 2227 211 2283; x_wconf 81' lang='lat' dir='ltr'><strong>de</strong></span> <span class='ocrx_word' id='word_1_167' title='bbox 244 2226 396 2298; x_wconf 89' lang='lat' dir='ltr'><strong>impio</strong></span> <span class='ocrx_word' id='word_1_168' title='bbox 425 2229 847 2300; x_wconf 85' lang='lat' dir='ltr'><strong>facerejustum,</strong></span> <span class='ocrx_word' id='word_1_169' title='bbox 872 2236 941 2291; x_wconf 87' lang='lat' dir='ltr'><strong>de</strong></span> <span class='ocrx_word' id='word_1_170' title='bbox 965 2238 1121 2294; x_wconf 82' lang='lat' dir='ltr'><strong>hoste</strong></span> <span class='ocrx_word' id='word_1_171' title='bbox 1159 2240 1329 2295; x_wconf 87' lang='lat' dir='ltr'><strong>ﬁlium</strong></span> <span class='ocrx_word' id='word_1_172' title='bbox 1350 2241 1375 2295; x_wconf 68' lang='grc' dir='ltr'><em>ἲ</em></span> <span class='ocrx_word' id='word_1_173' title='bbox 1400 2241 1708 2312; x_wconf 73' lang='lat' dir='ltr'><strong>Exquisita,</strong></span> 
     </span>
    </p>
   </div>
   <div class='ocr_carea' id='block_1_26' title="bbox 144 2317 1711 2404">
    <p class='ocr_par' dir='ltr' id='par_1_26' title="bbox 144 2317 1711 2404">
     <span class='ocr_line' id='line_1_26' title="bbox 144 2317 1711 2404; baseline 0.013 -35"><span class='ocrx_word' id='word_1_174' title='bbox 144 2317 194 2369; x_wconf 87' lang='lat' dir='ltr'><strong>id</strong></span> <span class='ocrx_word' id='word_1_175' title='bbox 234 2327 313 2372; x_wconf 85' lang='lat' dir='ltr'><strong>est</strong></span> <span class='ocrx_word' id='word_1_176' title='bbox 350 2319 705 2389; x_wconf 78' lang='lat' dir='ltr'><strong>singulariter</strong></span> <span class='ocrx_word' id='word_1_177' title='bbox 726 2334 943 2391; x_wconf 79' lang='lat' dir='ltr'><strong>exacta,</strong></span> <span class='ocrx_word' id='word_1_178' title='bbox 979 2328 1067 2383; x_wconf 90' lang='lat' dir='ltr'><strong>cui</strong></span> <span class='ocrx_word' id='word_1_179' title='bbox 1112 2330 1290 2386; x_wconf 87' lang='lat' dir='ltr'><strong>simile</strong></span> <span class='ocrx_word' id='word_1_180' title='bbox 1339 2332 1479 2386; x_wconf 83' lang='lat' dir='ltr'><strong>nihil</strong></span> <span class='ocrx_word' id='word_1_181' title='bbox 1529 2342 1711 2404; x_wconf 85' lang='lat' dir='ltr'><strong>potest</strong></span> 
     </span>
    </p>
   </div>
   <div class='ocr_carea' id='block_1_27' title="bbox 146 2408 1711 2487">
    <p class='ocr_par' dir='ltr' id='par_1_27' title="bbox 146 2408 1711 2487">
     <span class='ocr_line' id='line_1_27' title="bbox 146 2408 1711 2487; baseline 0.013 -27"><span class='ocrx_word' id='word_1_182' title='bbox 146 2408 376 2476; x_wconf 83' lang='lat' dir='ltr'><strong>reperiri.</strong></span> <span class='ocrx_word' id='word_1_183' title='bbox 418 2409 565 2466; x_wconf 83' lang='lat' dir='ltr'><strong>Siuit</strong></span> <span class='ocrx_word' id='word_1_184' title='bbox 586 2414 733 2468; x_wconf 88' lang='lat' dir='ltr'><strong>enim</strong></span> <span class='ocrx_word' id='word_1_185' title='bbox 783 2423 838 2471; x_wconf 88' lang='lat' dir='ltr'><strong>et</strong></span> <span class='ocrx_word' id='word_1_186' title='bbox 862 2417 1137 2473; x_wconf 89' lang='lat' dir='ltr'><strong>diabolum</strong></span> <span class='ocrx_word' id='word_1_187' title='bbox 1190 2421 1404 2487; x_wconf 72' lang='lat' dir='ltr'><strong>saevire,</strong></span> <span class='ocrx_word' id='word_1_188' title='bbox 1434 2431 1492 2477; x_wconf 92' lang='lat' dir='ltr'><strong>ut</strong></span> <span class='ocrx_word' id='word_1_189' title='bbox 1515 2437 1579 2479; x_wconf 78' lang='lat' dir='ltr'><strong>ex</strong></span> <span class='ocrx_word' id='word_1_190' title='bbox 1608 2424 1711 2479; x_wconf 82' lang='lat' dir='ltr'><strong>ini-</strong></span> 
     </span>
    </p>
   </div>
   <div class='ocr_carea' id='block_1_28' title="bbox 141 2500 1709 2575">
    <p class='ocr_par' dir='ltr' id='par_1_28' title="bbox 141 2500 1709 2575">
     <span class='ocr_line' id='line_1_28' title="bbox 141 2500 1709 2575; baseline 0.015 -23"><span class='ocrx_word' id='word_1_191' title='bbox 141 2500 333 2569; x_wconf 87' lang='lat' dir='ltr'><strong>quitate</strong></span> <span class='ocrx_word' id='word_1_192' title='bbox 354 2503 520 2572; x_wconf 87' lang='lat' dir='ltr'><strong>illius,</strong></span> <span class='ocrx_word' id='word_1_193' title='bbox 568 2505 911 2566; x_wconf 80' lang='lat' dir='ltr'><strong>ﬁdelissimos</strong></span> <span class='ocrx_word' id='word_1_194' title='bbox 937 2511 1039 2566; x_wconf 84' lang='lat' dir='ltr'><strong>sibi</strong></span> <span class='ocrx_word' id='word_1_195' title='bbox 1086 2526 1275 2570; x_wconf 89' lang='lat' dir='ltr'><strong>servos</strong></span> <span class='ocrx_word' id='word_1_196' title='bbox 1327 2515 1589 2574; x_wconf 79' lang='lat' dir='ltr'><strong>inveniat.</strong></span> <span class='ocrx_word' id='word_1_197' title='bbox 1631 2519 1709 2575; x_wconf 83' lang='lat' dir='ltr'><strong>Ita</strong></span> 
     </span>
    </p>
   </div>
   <div class='ocr_carea' id='block_1_29' title="bbox 144 2593 1709 2681">
    <p class='ocr_par' dir='ltr' id='par_1_29' title="bbox 144 2593 1709 2681">
     <span class='ocr_line' id='line_1_29' title="bbox 144 2593 1709 2681; baseline 0.016 -37"><span class='ocrx_word' id='word_1_198' title='bbox 144 2600 194 2644; x_wconf 82' lang='lat' dir='ltr'><strong>et</strong></span> <span class='ocrx_word' id='word_1_199' title='bbox 224 2593 273 2646; x_wconf 90' lang='lat' dir='ltr'><strong>in</strong></span> <span class='ocrx_word' id='word_1_200' title='bbox 301 2597 549 2651; x_wconf 87' lang='lat' dir='ltr'><strong>omnibus</strong></span> <span class='ocrx_word' id='word_1_201' title='bbox 589 2598 651 2653; x_wconf 91' lang='lat' dir='ltr'><strong>ﬁt</strong></span> <span class='ocrx_word' id='word_1_202' title='bbox 690 2603 985 2656; x_wconf 83' lang='lat' dir='ltr'><strong>secundum</strong></span> <span class='ocrx_word' id='word_1_203' title='bbox 1015 2617 1207 2660; x_wconf 90' lang='lat' dir='ltr'><strong>omnes</strong></span> <span class='ocrx_word' id='word_1_204' title='bbox 1234 2607 1541 2665; x_wconf 74' lang='lat' dir='ltr'><strong>voluntates</strong></span> <span class='ocrx_word' id='word_1_205' title='bbox 1591 2610 1709 2681; x_wconf 88' lang='lat' dir='ltr'><strong>ejus</strong></span> 
     </span>
    </p>
   </div>
   <div class='ocr_carea' id='block_1_30' title="bbox 141 2685 1709 2775">
    <p class='ocr_par' dir='ltr' id='par_1_30' title="bbox 141 2685 1709 2775">
     <span class='ocr_line' id='line_1_30' title="bbox 141 2685 1709 2775; baseline 0.016 -40"><span class='ocrx_word' id='word_1_206' title='bbox 141 2685 567 2754; x_wconf 76' lang='lat' dir='ltr'><strong>exquisitissime,</strong></span> <span class='ocrx_word' id='word_1_207' title='bbox 602 2700 660 2744; x_wconf 92' lang='lat' dir='ltr'><strong>ut</strong></span> <span class='ocrx_word' id='word_1_208' title='bbox 698 2691 752 2746; x_wconf 91' lang='lat' dir='ltr'><strong>in</strong></span> <span class='ocrx_word' id='word_1_209' title='bbox 770 2693 995 2765; x_wconf 70' lang='lat' dir='ltr'><strong>singulis</strong></span> <span class='ocrx_word' id='word_1_210' title='bbox 1022 2696 1104 2751; x_wconf 90' lang='lat' dir='ltr'><strong>vel</strong></span> <span class='ocrx_word' id='word_1_211' title='bbox 1135 2696 1329 2755; x_wconf 88' lang='lat' dir='ltr'><strong>melius</strong></span> <span class='ocrx_word' id='word_1_212' title='bbox 1353 2700 1517 2756; x_wconf 83' lang='lat' dir='ltr'><strong>etiam</strong></span> <span class='ocrx_word' id='word_1_213' title='bbox 1561 2706 1709 2775; x_wconf 72' lang='lat' dir='ltr'><strong>cogi-</strong></span> 
     </span>
    </p>
   </div>
   <div class='ocr_carea' id='block_1_31' title="bbox 145 2776 810 2853">
    <p class='ocr_par' dir='ltr' id='par_1_31' title="bbox 145 2776 810 2853">
     <span class='ocr_line' id='line_1_31' title="bbox 145 2776 810 2853; baseline 0.02 -26"><span class='ocrx_word' id='word_1_214' title='bbox 145 2776 237 2830; x_wconf 88' lang='lat' dir='ltr'><strong>tari</strong></span> <span class='ocrx_word' id='word_1_215' title='bbox 261 2778 458 2849; x_wconf 86' lang='lat' dir='ltr'><strong>aliquid</strong></span> <span class='ocrx_word' id='word_1_216' title='bbox 481 2797 587 2836; x_wconf 87' lang='lat' dir='ltr'><strong>non</strong></span> <span class='ocrx_word' id='word_1_217' title='bbox 619 2785 810 2853; x_wconf 87' lang='lat' dir='ltr'><strong>possit.</strong></span> 
     </span>
    </p>
   </div>
   <div class='ocr_carea' id='block_1_32' title="bbox 140 2886 1406 2977">
    <p class='ocr_par' dir='ltr' id='par_1_32' title="bbox 140 2886 1406 2977">
     <span class='ocr_line' id='line_1_32' title="bbox 140 2886 1406 2977; baseline 0.014 -34"><span class='ocrx_word' id='word_1_218' title='bbox 140 2886 172 2943; x_wconf 73' lang='lat'><strong>5</strong></span> <span class='ocrx_word' id='word_1_219' title='bbox 269 2888 535 2961; x_wconf 78' lang='lat' dir='ltr'><strong>Confessio</strong></span> <span class='ocrx_word' id='word_1_220' title='bbox 560 2905 610 2949; x_wconf 88' lang='lat' dir='ltr'><strong>et</strong></span> <span class='ocrx_word' id='word_1_221' title='bbox 637 2899 1025 2971; x_wconf 75' lang='lat' dir='ltr'><strong>magniﬁcentia</strong></span> <span class='ocrx_word' id='word_1_222' title='bbox 1046 2919 1177 2973; x_wconf 86' lang='lat' dir='ltr'><strong>opus</strong></span> <span class='ocrx_word' id='word_1_223' title='bbox 1197 2904 1312 2974; x_wconf 88' lang='lat' dir='ltr'><strong>ejus</strong></span> <span class='ocrx_word' id='word_1_224' title='bbox 1345 2906 1362 2977; x_wconf 69' lang='grc' dir='ltr'><strong>ξ</strong></span> <span class='ocrx_word' id='word_1_225' title='bbox 1391 2944 1406 2960; x_wconf 93' lang='grc'><strong>.</strong></span> 
     </span>
    </p>
   </div>
   <div class='ocr_carea' id='block_1_33' title="bbox 264 2982 1597 3059">
    <p class='ocr_par' dir='ltr' id='par_1_33' title="bbox 264 2982 1597 3059">
     <span class='ocr_line' id='line_1_33' title="bbox 264 2982 1597 3059; baseline 0.014 -22"><span class='ocrx_word' id='word_1_226' title='bbox 264 2982 328 3038; x_wconf 85' lang='lat' dir='ltr'><strong>Et</strong></span> <span class='ocrx_word' id='word_1_227' title='bbox 346 2985 558 3055; x_wconf 86' lang='lat' dir='ltr'><strong>justitia</strong></span> <span class='ocrx_word' id='word_1_228' title='bbox 583 2989 700 3059; x_wconf 84' lang='lat' dir='ltr'><strong>ejus</strong></span> <span class='ocrx_word' id='word_1_229' title='bbox 720 3005 893 3049; x_wconf 87' lang='lat' dir='ltr'><strong>manet</strong></span> <span class='ocrx_word' id='word_1_230' title='bbox 919 2996 974 3049; x_wconf 89' lang='lat' dir='ltr'><strong>in</strong></span> <span class='ocrx_word' id='word_1_231' title='bbox 995 2997 1246 3052; x_wconf 77' lang='lat' dir='ltr'><strong>strculum</strong></span> <span class='ocrx_word' id='word_1_232' title='bbox 1280 3014 1342 3055; x_wconf 83' lang='lat' dir='ltr'><strong>-t-</strong></span> <span class='ocrx_word' id='word_1_233' title='bbox 1367 3002 1548 3055; x_wconf 79' lang='lat' dir='ltr'><strong>steculi</strong></span> <span class='ocrx_word' id='word_1_234' title='bbox 1580 3018 1597 3057; x_wconf 93' lang='lat'><strong>:</strong></span> 
     </span>
    </p>
   </div>
   <div class='ocr_carea' id='block_1_34' title="bbox 197 3072 1703 3162">
    <p class='ocr_par' dir='ltr' id='par_1_34' title="bbox 197 3072 1703 3162">
     <span class='ocr_line' id='line_1_34' title="bbox 197 3072 1703 3162; baseline 0.015 -35"><span class='ocrx_word' id='word_1_235' title='bbox 197 3072 234 3127; x_wconf 90' lang='lat' dir='ltr'><strong>C</strong></span> <span class='ocrx_word' id='word_1_236' title='bbox 263 3074 560 3145; x_wconf 89' lang='lat' dir='ltr'><strong>Confessio,</strong></span> <span class='ocrx_word' id='word_1_237' title='bbox 594 3081 647 3134; x_wconf 88' lang='lat' dir='ltr'><strong>id</strong></span> <span class='ocrx_word' id='word_1_238' title='bbox 666 3090 772 3148; x_wconf 88' lang='lat' dir='ltr'><strong>est,</strong></span> <span class='ocrx_word' id='word_1_239' title='bbox 797 3083 916 3139; x_wconf 87' lang='lat' dir='ltr'><strong>laus</strong></span> <span class='ocrx_word' id='word_1_240' title='bbox 944 3095 996 3140; x_wconf 91' lang='lat' dir='ltr'><strong>et</strong></span> <span class='ocrx_word' id='word_1_241' title='bbox 1020 3086 1193 3157; x_wconf 77' lang='lat' dir='ltr'><strong>gloria</strong></span> <span class='ocrx_word' id='word_1_242' title='bbox 1224 3098 1278 3143; x_wconf 90' lang='lat' dir='ltr'><strong>et</strong></span> <span class='ocrx_word' id='word_1_243' title='bbox 1301 3092 1703 3162; x_wconf 77' lang='lat' dir='ltr'><strong>magniﬁcentia</strong></span> 
     </span>
    </p>
   </div>
   <div class='ocr_carea' id='block_1_35' title="bbox 136 3167 1703 3249">
    <p class='ocr_par' dir='ltr' id='par_1_35' title="bbox 136 3167 1703 3249">
     <span class='ocr_line' id='line_1_35' title="bbox 136 3167 1703 3249; baseline 0.013 -31"><span class='ocrx_word' id='word_1_244' title='bbox 136 3178 258 3231; x_wconf 86' lang='lat' dir='ltr'><strong>opus</strong></span> <span class='ocrx_word' id='word_1_245' title='bbox 286 3167 415 3237; x_wconf 86' lang='lat' dir='ltr'><strong>ejus.</strong></span> <span class='ocrx_word' id='word_1_246' title='bbox 444 3167 763 3228; x_wconf 85' lang='lat' dir='ltr'><strong>Laudabilia</strong></span> <span class='ocrx_word' id='word_1_247' title='bbox 813 3175 962 3231; x_wconf 88' lang='lat' dir='ltr'><strong>enim</strong></span> <span class='ocrx_word' id='word_1_248' title='bbox 1012 3186 1139 3232; x_wconf 88' lang='lat' dir='ltr'><strong>sunt</strong></span> <span class='ocrx_word' id='word_1_249' title='bbox 1177 3178 1333 3235; x_wconf 83' lang='lat' dir='ltr'><strong>valde</strong></span> <span class='ocrx_word' id='word_1_250' title='bbox 1378 3191 1433 3236; x_wconf 89' lang='lat' dir='ltr'><strong>et</strong></span> <span class='ocrx_word' id='word_1_251' title='bbox 1483 3181 1703 3249; x_wconf 86' lang='lat' dir='ltr'><strong>decora,</strong></span> 
     </span>
    </p>
   </div>
   <div class='ocr_carea' id='block_1_36' title="bbox 140 3258 1704 3337">
    <p class='ocr_par' dir='ltr' id='par_1_36' title="bbox 140 3258 1704 3337">
     <span class='ocr_line' id='line_1_36' title="bbox 140 3258 1704 3337; baseline 0.013 -26"><span class='ocrx_word' id='word_1_252' title='bbox 140 3272 244 3326; x_wconf 69' lang='lat' dir='ltr'><strong>qua</strong></span> <span class='ocrx_word' id='word_1_253' title='bbox 272 3258 532 3317; x_wconf 86' lang='lat' dir='ltr'><strong>Dominus</strong></span> <span class='ocrx_word' id='word_1_254' title='bbox 558 3262 705 3319; x_wconf 86' lang='lat' dir='ltr'><strong>fecit.</strong></span> <span class='ocrx_word' id='word_1_255' title='bbox 748 3263 964 3322; x_wconf 68' lang='lat' dir='ltr'><strong>iustitia</strong></span> <span class='ocrx_word' id='word_1_256' title='bbox 998 3265 1114 3337; x_wconf 78' lang='lat' dir='ltr'><strong>ejus</strong></span> <span class='ocrx_word' id='word_1_257' title='bbox 1154 3278 1338 3325; x_wconf 86' lang='lat' dir='ltr'><strong>manet</strong></span> <span class='ocrx_word' id='word_1_258' title='bbox 1365 3272 1417 3326; x_wconf 92' lang='lat' dir='ltr'><strong>in</strong></span> <span class='ocrx_word' id='word_1_259' title='bbox 1449 3274 1704 3332; x_wconf 60' lang='lat' dir='ltr'><strong>sacculum</strong></span> 
     </span>
    </p>
   </div>
   <div class='ocr_carea' id='block_1_37' title="bbox 137 3350 1717 3434">
    <p class='ocr_par' dir='ltr' id='par_1_37' title="bbox 137 3350 1717 3434">
     <span class='ocr_line' id='line_1_37' title="bbox 137 3350 1717 3434; baseline 0.011 -32"><span class='ocrx_word' id='word_1_260' title='bbox 137 3350 321 3415; x_wconf 67' lang='lat' dir='ltr'><strong>muli,</strong></span> <span class='ocrx_word' id='word_1_261' title='bbox 352 3367 473 3407; x_wconf 90' lang='lat' dir='ltr'><strong>cum</strong></span> <span class='ocrx_word' id='word_1_262' title='bbox 503 3356 885 3427; x_wconf 83' lang='lat' dir='ltr'><strong>peccatoribus</strong></span> <span class='ocrx_word' id='word_1_263' title='bbox 926 3358 1057 3415; x_wconf 89' lang='lat' dir='ltr'><strong>dicit</strong></span> <span class='ocrx_word' id='word_1_264' title='bbox 1086 3376 1099 3412; x_wconf 92' lang='lat'><strong>:</strong></span> <span class='ocrx_word' id='word_1_265' title='bbox 1129 3360 1206 3416; x_wconf 93' lang='lat' dir='ltr'><strong>lte</strong></span> <span class='ocrx_word' id='word_1_266' title='bbox 1234 3362 1286 3416; x_wconf 94' lang='lat' dir='ltr'><strong>in</strong></span> <span class='ocrx_word' id='word_1_267' title='bbox 1326 3362 1505 3434; x_wconf 76' lang='lat' dir='ltr'><strong>ignem</strong></span> <span class='ocrx_word' id='word_1_268' title='bbox 1545 3374 1717 3422; x_wconf 54' lang='lat' dir='ltr'><strong>auten</strong></span> 
     </span>
    </p>
   </div>
   <div class='ocr_carea' id='block_1_38' title="bbox 138 3443 1700 3521">
    <p class='ocr_par' dir='ltr' id='par_1_38' title="bbox 138 3443 1700 3521">
     <span class='ocr_line' id='line_1_38' title="bbox 138 3443 1700 3521; baseline 0.015 -30"><span class='ocrx_word' id='word_1_269' title='bbox 138 3454 251 3496; x_wconf 87' lang='lat' dir='ltr'><strong>num</strong></span> <span class='ocrx_word' id='word_1_270' title='bbox 300 3443 514 3513; x_wconf 70' lang='lat' dir='ltr'><strong>(Matth.</strong></span> <span class='ocrx_word' id='word_1_271' title='bbox 546 3457 720 3519; x_wconf 74' lang='lat' dir='ltr'><strong>xxv):</strong></span> <span class='ocrx_word' id='word_1_272' title='bbox 774 3450 859 3505; x_wconf 82' lang='lat' dir='ltr'><strong>vel</strong></span> <span class='ocrx_word' id='word_1_273' title='bbox 903 3454 1119 3521; x_wconf 86' lang='lat' dir='ltr'><strong>quando</strong></span> <span class='ocrx_word' id='word_1_274' title='bbox 1156 3453 1341 3511; x_wconf 88' lang='lat' dir='ltr'><strong>ﬁdeles</strong></span> <span class='ocrx_word' id='word_1_275' title='bbox 1390 3461 1700 3515; x_wconf 86' lang='lat' dir='ltr'><strong>vocaverit:</strong></span> 
     </span>
    </p>
   </div>
   <div class='ocr_carea' id='block_1_39' title="bbox 137 3529 1704 3624">
    <p class='ocr_par' dir='ltr' id='par_1_39' title="bbox 137 3529 1704 3624">
     <span class='ocr_line' id='line_1_39' title="bbox 137 3529 1704 3624; baseline 0.016 -41"><span class='ocrx_word' id='word_1_276' title='bbox 137 3529 329 3601; x_wconf 73' lang='lat' dir='ltr'><strong>Venite,</strong></span> <span class='ocrx_word' id='word_1_277' title='bbox 352 3536 618 3596; x_wconf 88' lang='lat' dir='ltr'><strong>benedicti</strong></span> <span class='ocrx_word' id='word_1_278' title='bbox 636 3539 688 3612; x_wconf 89' lang='grc'><strong>(1</strong></span> <span class='ocrx_word' id='word_1_279' title='bbox 694 3542 848 3613; x_wconf 61' lang='grc' dir='ltr'><strong>ἰδίως</strong></span> <span class='ocrx_word' id='word_1_280' title='bbox 870 3544 950 3598; x_wconf 83' lang='lat' dir='ltr'><strong>sic</strong></span> <span class='ocrx_word' id='word_1_281' title='bbox 972 3544 1024 3598; x_wconf 90' lang='lat' dir='ltr'><strong>iu</strong></span> <span class='ocrx_word' id='word_1_282' title='bbox 1051 3555 1278 3619; x_wconf 85' lang='lat' dir='ltr'><strong>utraque</strong></span> <span class='ocrx_word' id='word_1_283' title='bbox 1305 3552 1704 3624; x_wconf 84' lang='lat' dir='ltr'><strong>parte,justitia</strong></span> 
     </span>
    </p>
   </div>
   <div class='ocr_carea' id='block_1_40' title="bbox 139 3623 1419 3709">
    <p class='ocr_par' dir='ltr' id='par_1_40' title="bbox 139 3623 1419 3709">
     <span class='ocr_line' id='line_1_40' title="bbox 139 3623 1419 3709; baseline 0.01 -26"><span class='ocrx_word' id='word_1_284' title='bbox 139 3623 217 3683; x_wconf 81' lang='lat' dir='ltr'><strong>Dei</strong></span> <span class='ocrx_word' id='word_1_285' title='bbox 241 3640 493 3698; x_wconf 87' lang='lat' dir='ltr'><strong>perpetua</strong></span> <span class='ocrx_word' id='word_1_286' title='bbox 517 3643 571 3686; x_wconf 88' lang='lat' dir='ltr'><strong>et</strong></span> <span class='ocrx_word' id='word_1_287' title='bbox 600 3632 1059 3709; x_wconf 81' lang='lat' dir='ltr'><strong>incomtmttabilis</strong></span> <span class='ocrx_word' id='word_1_288' title='bbox 1086 3649 1419 3707; x_wconf 79' lang='lat' dir='ltr'><strong>perseverat.</strong></span> 
     </span>
    </p>
   </div>
   <div class='ocr_carea' id='block_1_41' title="bbox 137 3714 1704 3795">
    <p class='ocr_par' dir='ltr' id='par_1_41' title="bbox 137 3714 1704 3795">
     <span class='ocr_line' id='line_1_41' title="bbox 137 3714 1704 3795; baseline 0.011 -23"><span class='ocrx_word' id='word_1_289' title='bbox 137 3714 166 3772; x_wconf 76' lang='grc' dir='ltr'><strong>ι</strong></span> <span class='ocrx_word' id='word_1_290' title='bbox 253 3718 562 3778; x_wconf 75' lang='lat' dir='ltr'><strong>Memoriam</strong></span> <span class='ocrx_word' id='word_1_291' title='bbox 590 3723 712 3795; x_wconf 81' lang='lat' dir='ltr'><strong>fecit</strong></span> <span class='ocrx_word' id='word_1_292' title='bbox 741 3726 1061 3782; x_wconf 87' lang='lat' dir='ltr'><strong>mirabilium</strong></span> <span class='ocrx_word' id='word_1_293' title='bbox 1090 3746 1307 3789; x_wconf 85' lang='lat' dir='ltr'><strong>suorum</strong></span> <span class='ocrx_word' id='word_1_294' title='bbox 1333 3733 1629 3790; x_wconf 82' lang='lat' dir='ltr'><strong>misericors</strong></span> <span class='ocrx_word' id='word_1_295' title='bbox 1653 3744 1704 3793; x_wconf 85' lang='lat' dir='ltr'><strong>et</strong></span> 
     </span>
    </p>
   </div>
   <div class='ocr_carea' id='block_1_42' title="bbox 323 3812 928 3869">
    <p class='ocr_par' dir='ltr' id='par_1_42' title="bbox 323 3812 928 3869">
     <span class='ocr_line' id='line_1_42' title="bbox 323 3812 928 3869; baseline 0.005 -5"><span class='ocrx_word' id='word_1_296' title='bbox 323 3813 600 3866; x_wconf 86' lang='lat' dir='ltr'><strong>miserator</strong></span> <span class='ocrx_word' id='word_1_297' title='bbox 624 3812 881 3869; x_wconf 79' lang='lat' dir='ltr'><strong>Dominus</strong></span> <span class='ocrx_word' id='word_1_298' title='bbox 908 3830 928 3867; x_wconf 89' lang='lat'><strong><em>:</em></strong></span> 
     </span>
    </p>
   </div>
   <div class='ocr_carea' id='block_1_43' title="bbox 256 3900 1062 3962">
    <p class='ocr_par' dir='ltr' id='par_1_43' title="bbox 256 3900 1062 3962">
     <span class='ocr_line' id='line_1_43' title="bbox 256 3900 1062 3962; baseline 0.01 -8"><span class='ocrx_word' id='word_1_299' title='bbox 256 3900 444 3955; x_wconf 82' lang='lat' dir='ltr'><strong>Escam</strong></span> <span class='ocrx_word' id='word_1_300' title='bbox 477 3903 625 3957; x_wconf 84' lang='lat' dir='ltr'><strong>dedit</strong></span> <span class='ocrx_word' id='word_1_301' title='bbox 658 3905 959 3960; x_wconf 79' lang='lat' dir='ltr'><strong>timentibus</strong></span> <span class='ocrx_word' id='word_1_302' title='bbox 988 3923 1062 3962; x_wconf 88' lang='lat' dir='ltr'><strong>se.</strong></span> 
     </span>
    </p>
   </div>
   <div class='ocr_carea' id='block_1_44' title="bbox 194 3990 1705 4076">
    <p class='ocr_par' dir='ltr' id='par_1_44' title="bbox 194 3990 1705 4076">
     <span class='ocr_line' id='line_1_44' title="bbox 194 3990 1705 4076; baseline 0.013 -30"><span class='ocrx_word' id='word_1_303' title='bbox 194 3990 493 4048; x_wconf 81' lang='lat' dir='ltr'><strong>llemoriam</strong></span> <span class='ocrx_word' id='word_1_304' title='bbox 525 4011 659 4067; x_wconf 77' lang='lat' dir='ltr'><strong>ergo</strong></span> <span class='ocrx_word' id='word_1_305' title='bbox 684 3995 811 4051; x_wconf 83' lang='lat' dir='ltr'><strong>fecit</strong></span> <span class='ocrx_word' id='word_1_306' title='bbox 843 3999 1197 4065; x_wconf 88' lang='lat' dir='ltr'><strong>mirabilium,</strong></span> <span class='ocrx_word' id='word_1_307' title='bbox 1233 4003 1449 4073; x_wconf 85' lang='lat' dir='ltr'><strong>quando</strong></span> <span class='ocrx_word' id='word_1_308' title='bbox 1472 4006 1705 4076; x_wconf 75' lang='lat' dir='ltr'><strong>plurima</strong></span> 
     </span>
    </p>
   </div>
   <div class='ocr_carea' id='block_1_45' title="bbox 140 4085 1729 4180">
    <p class='ocr_par' dir='ltr' id='par_1_45' title="bbox 140 4085 1729 4180">
     <span class='ocr_line' id='line_1_45' title="bbox 140 4085 1729 4180; baseline 0.014 -45"><span class='ocrx_word' id='word_1_309' title='bbox 140 4097 253 4137; x_wconf 84' lang='lat' dir='ltr'><strong>nova</strong></span> <span class='ocrx_word' id='word_1_310' title='bbox 298 4085 566 4142; x_wconf 86' lang='lat' dir='ltr'><strong>mirabilia</strong></span> <span class='ocrx_word' id='word_1_311' title='bbox 596 4095 653 4142; x_wconf 90' lang='lat' dir='ltr'><strong>et</strong></span> <span class='ocrx_word' id='word_1_312' title='bbox 680 4087 936 4147; x_wconf 88' lang='lat' dir='ltr'><strong>inusitata</strong></span> <span class='ocrx_word' id='word_1_313' title='bbox 980 4096 1326 4150; x_wconf 83' lang='lat' dir='ltr'><strong>tnoustravit.</strong></span> <span class='ocrx_word' id='word_1_314' title='bbox 1371 4095 1729 4180; x_wconf 25' lang='lat' dir='ltr'><strong>Misericors&quot;</strong></span> 
     </span>
    </p>
   </div>
   <div class='ocr_carea' id='block_1_46' title="bbox 138 4177 1702 4256">
    <p class='ocr_par' dir='ltr' id='par_1_46' title="bbox 138 4177 1702 4256">
     <span class='ocr_line' id='line_1_46' title="bbox 138 4177 1702 4256; baseline 0.017 -34"><span class='ocrx_word' id='word_1_315' title='bbox 138 4184 355 4230; x_wconf 86' lang='lat' dir='ltr'><strong>naturam</strong></span> <span class='ocrx_word' id='word_1_316' title='bbox 401 4177 519 4248; x_wconf 84' lang='lat' dir='ltr'><strong>ejus</strong></span> <span class='ocrx_word' id='word_1_317' title='bbox 558 4179 777 4249; x_wconf 85' lang='lat' dir='ltr'><strong>pietatis</strong></span> <span class='ocrx_word' id='word_1_318' title='bbox 819 4185 1088 4252; x_wconf 87' lang='lat' dir='ltr'><strong>ostendit;</strong></span> <span class='ocrx_word' id='word_1_319' title='bbox 1143 4188 1450 4256; x_wconf 87' lang='lat' dir='ltr'><strong>miserator,</strong></span> <span class='ocrx_word' id='word_1_320' title='bbox 1494 4206 1617 4247; x_wconf 87' lang='lat' dir='ltr'><strong>cum</strong></span> <span class='ocrx_word' id='word_1_321' title='bbox 1648 4193 1702 4249; x_wconf 90' lang='lat' dir='ltr'><strong>in</strong></span> 
     </span>
    </p>
   </div>
   <div class='ocr_carea' id='block_1_47' title="bbox 139 4266 1705 4355">
    <p class='ocr_par' dir='ltr' id='par_1_47' title="bbox 139 4266 1705 4355">
     <span class='ocr_line' id='line_1_47' title="bbox 139 4266 1705 4355; baseline 0.015 -37"><span class='ocrx_word' id='word_1_322' title='bbox 139 4266 338 4326; x_wconf 79' lang='lat' dir='ltr'><strong>adventu</strong></span> <span class='ocrx_word' id='word_1_323' title='bbox 361 4286 461 4329; x_wconf 91' lang='lat' dir='ltr'><strong>suo</strong></span> <span class='ocrx_word' id='word_1_324' title='bbox 487 4273 727 4329; x_wconf 82' lang='lat' dir='ltr'><strong>humano</strong></span> <span class='ocrx_word' id='word_1_325' title='bbox 755 4278 939 4346; x_wconf 75' lang='lat' dir='ltr'><strong>generi</strong></span> <span class='ocrx_word' id='word_1_326' title='bbox 978 4278 1126 4350; x_wconf 80' lang='lat' dir='ltr'><strong>larga</strong></span> <span class='ocrx_word' id='word_1_327' title='bbox 1173 4282 1373 4351; x_wconf 87' lang='lat' dir='ltr'><strong>pietate</strong></span> <span class='ocrx_word' id='word_1_328' title='bbox 1417 4284 1705 4355; x_wconf 77' lang='lat' dir='ltr'><strong>subvenit;</strong></span> 
     </span>
    </p>
   </div>
   <div class='ocr_carea' id='block_1_48' title="bbox 141 4363 1698 4447">
    <p class='ocr_par' dir='ltr' id='par_1_48' title="bbox 141 4363 1698 4447">
     <span class='ocr_line' id='line_1_48' title="bbox 141 4363 1698 4447; baseline 0.013 -34"><span class='ocrx_word' id='word_1_329' title='bbox 141 4363 259 4416; x_wconf 80' lang='lat' dir='ltr'><strong>dedit</strong></span> <span class='ocrx_word' id='word_1_330' title='bbox 302 4380 503 4431; x_wconf 70' lang='lat' dir='ltr'><strong>escam,</strong></span> <span class='ocrx_word' id='word_1_331' title='bbox 557 4367 738 4424; x_wconf 81' lang='lat' dir='ltr'><strong>cibum</strong></span> <span class='ocrx_word' id='word_1_332' title='bbox 780 4371 966 4442; x_wconf 87' lang='lat' dir='ltr'><strong>utique</strong></span> <span class='ocrx_word' id='word_1_333' title='bbox 1006 4374 1335 4443; x_wconf 83' lang='lat' dir='ltr'><strong>spiritalem,</strong></span> <span class='ocrx_word' id='word_1_334' title='bbox 1380 4378 1504 4447; x_wconf 87' lang='lat' dir='ltr'><strong>quis</strong></span> <span class='ocrx_word' id='word_1_335' title='bbox 1555 4380 1698 4434; x_wconf 88' lang='lat' dir='ltr'><strong>enim</strong></span> 
     </span>
    </p>
   </div>
   <div class='ocr_carea' id='block_1_49' title="bbox 140 4464 1701 4538">
    <p class='ocr_par' dir='ltr' id='par_1_49' title="bbox 140 4464 1701 4538">
     <span class='ocr_line' id='line_1_49' title="bbox 140 4464 1701 4538; baseline 0.012 -30"><span class='ocrx_word' id='word_1_336' title='bbox 140 4469 287 4512; x_wconf 84' lang='lat' dir='ltr'><strong>escam</strong></span> <span class='ocrx_word' id='word_1_337' title='bbox 331 4474 678 4538; x_wconf 78' lang='lat' dir='ltr'><strong>communem</strong></span> <span class='ocrx_word' id='word_1_338' title='bbox 717 4471 873 4533; x_wconf 91' lang='lat' dir='ltr'><strong>putet</strong></span> <span class='ocrx_word' id='word_1_339' title='bbox 917 4464 1167 4522; x_wconf 87' lang='lat' dir='ltr'><strong>ﬁdelibus</strong></span> <span class='ocrx_word' id='word_1_340' title='bbox 1203 4468 1269 4522; x_wconf 88' lang='lat' dir='ltr'><strong>ad</strong></span> <span class='ocrx_word' id='word_1_341' title='bbox 1300 4470 1580 4538; x_wconf 68' lang='lat' dir='ltr'><strong>puerilium</strong></span> <span class='ocrx_word' id='word_1_342' title='bbox 1604 4471 1701 4527; x_wconf 87' lang='lat' dir='ltr'><strong>da-</strong></span> 
     </span>
    </p>
   </div>
   <div class='ocr_carea' id='block_1_50' title="bbox 142 4534 1699 4631">
    <p class='ocr_par' dir='ltr' id='par_1_50' title="bbox 142 4534 1699 4631">
     <span class='ocr_line' id='line_1_50' title="bbox 142 4534 1699 4631; baseline 0.014 -33"><span class='ocrx_word' id='word_1_343' title='bbox 142 4553 246 4612; x_wconf 80' lang='lat' dir='ltr'><strong>tam,</strong></span> <span class='ocrx_word' id='word_1_344' title='bbox 266 4566 381 4621; x_wconf 75' lang='lat' dir='ltr'><strong>qua:</strong></span> <span class='ocrx_word' id='word_1_345' title='bbox 408 4563 465 4607; x_wconf 91' lang='lat' dir='ltr'><strong>et</strong></span> <span class='ocrx_word' id='word_1_346' title='bbox 494 4534 875 4627; x_wconf 74' lang='lat' dir='ltr'><strong>peccatoribus</strong></span> <span class='ocrx_word' id='word_1_347' title='bbox 913 4559 1111 4625; x_wconf 88' lang='lat' dir='ltr'><strong>passim</strong></span> <span class='ocrx_word' id='word_1_348' title='bbox 1158 4561 1506 4631; x_wconf 76' lang='lat' dir='ltr'><strong>cognoscitur</strong></span> <span class='ocrx_word' id='word_1_349' title='bbox 1540 4565 1699 4620; x_wconf 84' lang='lat' dir='ltr'><strong>attri-</strong></span> 
     </span>
    </p>
   </div>
   <div class='ocr_carea' id='block_1_51' title="bbox 139 4633 1701 4725">
    <p class='ocr_par' dir='ltr' id='par_1_51' title="bbox 139 4633 1701 4725">
     <span class='ocr_line' id='line_1_51' title="bbox 139 4633 1701 4725; baseline 0.016 -38"><span class='ocrx_word' id='word_1_350' title='bbox 139 4633 277 4694; x_wconf 82' lang='lat' dir='ltr'><strong>buta?</strong></span> <span class='ocrx_word' id='word_1_351' title='bbox 328 4642 368 4697; x_wconf 92' lang='lat' dir='ltr'><strong>ll</strong></span> <span class='ocrx_word' id='word_1_352' title='bbox 417 4643 616 4699; x_wconf 63' lang='lat' dir='ltr'><strong>iiscum</strong></span> <span class='ocrx_word' id='word_1_353' title='bbox 662 4660 794 4719; x_wconf 81' lang='lat' dir='ltr'><strong>ergo</strong></span> <span class='ocrx_word' id='word_1_354' title='bbox 822 4646 991 4712; x_wconf 80' lang='lat' dir='ltr'><strong>dedit,</strong></span> <span class='ocrx_word' id='word_1_355' title='bbox 1039 4648 1094 4705; x_wconf 89' lang='lat' dir='ltr'><strong>id</strong></span> <span class='ocrx_word' id='word_1_356' title='bbox 1129 4660 1234 4714; x_wconf 87' lang='lat' dir='ltr'><strong>est,</strong></span> <span class='ocrx_word' id='word_1_357' title='bbox 1277 4665 1471 4721; x_wconf 87' lang='lat' dir='ltr'><strong>panem</strong></span> <span class='ocrx_word' id='word_1_358' title='bbox 1507 4655 1597 4725; x_wconf 88' lang='lat' dir='ltr'><strong>qui</strong></span> <span class='ocrx_word' id='word_1_359' title='bbox 1632 4657 1701 4713; x_wconf 87' lang='lat' dir='ltr'><strong>de</strong></span> 
     </span>
    </p>
   </div>
   <div class='ocr_carea' id='block_1_52' title="bbox 141 4730 586 4791">
    <p class='ocr_par' dir='ltr' id='par_1_52' title="bbox 141 4730 586 4791">
     <span class='ocr_line' id='line_1_52' title="bbox 141 4730 586 4791; baseline 0.02 -9"><span class='ocrx_word' id='word_1_360' title='bbox 141 4730 250 4787; x_wconf 65' lang='lat' dir='ltr'><strong>cutio</strong></span> <span class='ocrx_word' id='word_1_361' title='bbox 285 4735 586 4791; x_wconf 88' lang='lat' dir='ltr'><strong>descendit.</strong></span> 
     </span>
    </p>
   </div>
   <div class='ocr_carea' id='block_1_53' title="bbox 143 4837 1419 4911">
    <p class='ocr_par' dir='ltr' id='par_1_53' title="bbox 143 4837 1419 4911">
     <span class='ocr_line' id='line_1_53' title="bbox 143 4837 1419 4911; baseline 0.009 -12"><span class='ocrx_word' id='word_1_362' title='bbox 143 4837 171 4892; x_wconf 78' lang='lat'><strong>5</strong></span> <span class='ocrx_word' id='word_1_363' title='bbox 254 4844 453 4902; x_wconf 71' lang='lat' dir='ltr'><strong>Memor</strong></span> <span class='ocrx_word' id='word_1_364' title='bbox 481 4848 579 4903; x_wconf 81' lang='lat' dir='ltr'><strong>erit</strong></span> <span class='ocrx_word' id='word_1_365' title='bbox 616 4849 670 4905; x_wconf 89' lang='lat' dir='ltr'><strong>in</strong></span> <span class='ocrx_word' id='word_1_366' title='bbox 695 4848 951 4905; x_wconf 74' lang='lat' dir='ltr'><strong>steculum</strong></span> <span class='ocrx_word' id='word_1_367' title='bbox 974 4855 1269 4910; x_wconf 75' lang='lat' dir='ltr'><strong>testamenti</strong></span> <span class='ocrx_word' id='word_1_368' title='bbox 1293 4855 1419 4911; x_wconf 87' lang='lat' dir='ltr'><strong>sui:</strong></span> 
     </span>
    </p>
   </div>
   <div class='ocr_carea' id='block_1_54' title="bbox 262 4936 1691 5016">
    <p class='ocr_par' dir='ltr' id='par_1_54' title="bbox 262 4936 1691 5016">
     <span class='ocr_line' id='line_1_54' title="bbox 262 4936 1691 5016; baseline 0.013 -26"><span class='ocrx_word' id='word_1_369' title='bbox 262 4936 511 4995; x_wconf 72' lang='lat' dir='ltr'><strong>Virtutem</strong></span> <span class='ocrx_word' id='word_1_370' title='bbox 542 4956 750 5010; x_wconf 83' lang='lat' dir='ltr'><strong>operum</strong></span> <span class='ocrx_word' id='word_1_371' title='bbox 772 4957 990 4997; x_wconf 84' lang='lat' dir='ltr'><strong>suorum</strong></span> <span class='ocrx_word' id='word_1_372' title='bbox 1011 4946 1344 5001; x_wconf 82' lang='lat' dir='ltr'><strong>annuntiabit</strong></span> <span class='ocrx_word' id='word_1_373' title='bbox 1362 4948 1555 5016; x_wconf 80' lang='lat' dir='ltr'><strong>popqu</strong></span> <span class='ocrx_word' id='word_1_374' title='bbox 1574 4966 1691 5013; x_wconf 84' lang='lat' dir='ltr'><strong>suo.</strong></span> 
     </span>
    </p>
   </div>
   <div class='ocr_carea' id='block_1_55' title="bbox 197 5023 1692 5103">
    <p class='ocr_par' dir='ltr' id='par_1_55' title="bbox 197 5023 1692 5103">
     <span class='ocr_line' id='line_1_55' title="bbox 197 5023 1692 5103; baseline 0.013 -22"><span class='ocrx_word' id='word_1_375' title='bbox 197 5023 230 5081; x_wconf 73' lang='grc' dir='ltr'><strong>(ἒ</strong></span> <span class='ocrx_word' id='word_1_376' title='bbox 252 5026 303 5084; x_wconf 89' lang='lat' dir='ltr'><strong>ln</strong></span> <span class='ocrx_word' id='word_1_377' title='bbox 336 5028 620 5095; x_wconf 60' lang='lat' dir='ltr'><strong>saeculum,</strong></span> <span class='ocrx_word' id='word_1_378' title='bbox 644 5030 1009 5087; x_wconf 68' lang='lat' dir='ltr'><strong>aeternitatem</strong></span> <span class='ocrx_word' id='word_1_379' title='bbox 1051 5033 1345 5101; x_wconf 81' lang='lat' dir='ltr'><strong>signiﬁcat,</strong></span> <span class='ocrx_word' id='word_1_380' title='bbox 1375 5037 1499 5103; x_wconf 89' lang='lat' dir='ltr'><strong>quia</strong></span> <span class='ocrx_word' id='word_1_381' title='bbox 1527 5043 1692 5100; x_wconf 87' lang='lat' dir='ltr'><strong>verba</strong></span> 
     </span>
    </p>
   </div>
   <div class='ocr_carea' id='block_1_56' title="bbox 143 5119 1694 5205">
    <p class='ocr_par' dir='ltr' id='par_1_56' title="bbox 143 5119 1694 5205">
     <span class='ocr_line' id='line_1_56' title="bbox 143 5119 1694 5205; baseline 0.011 -35"><span class='ocrx_word' id='word_1_382' title='bbox 143 5121 412 5177; x_wconf 75' lang='lat' dir='ltr'><strong>testamenti</strong></span> <span class='ocrx_word' id='word_1_383' title='bbox 464 5119 571 5186; x_wconf 85' lang='lat' dir='ltr'><strong>sui,</strong></span> <span class='ocrx_word' id='word_1_384' title='bbox 615 5121 945 5178; x_wconf 83' lang='lat' dir='ltr'><strong>solidissima</strong></span> <span class='ocrx_word' id='word_1_385' title='bbox 984 5125 1208 5185; x_wconf 80' lang='lat' dir='ltr'><strong>veritate</strong></span> <span class='ocrx_word' id='word_1_386' title='bbox 1254 5129 1511 5197; x_wconf 70' lang='lat' dir='ltr'><strong>custodit,</strong></span> <span class='ocrx_word' id='word_1_387' title='bbox 1566 5138 1694 5205; x_wconf 82' lang='lat' dir='ltr'><strong>quia</strong></span> 
     </span>
    </p>
   </div>
   <div class='ocr_carea' id='block_1_57' title="bbox 144 5205 1684 5297">
    <p class='ocr_par' dir='ltr' id='par_1_57' title="bbox 144 5205 1684 5297">
     <span class='ocr_line' id='line_1_57' title="bbox 144 5205 1684 5297; baseline 0.018 -39"><span class='ocrx_word' id='word_1_388' title='bbox 144 5205 253 5263; x_wconf 85' lang='lat' dir='ltr'><strong>sicut</strong></span> <span class='ocrx_word' id='word_1_389' title='bbox 281 5211 327 5269; x_wconf 88' lang='lat' dir='ltr'><strong>in</strong></span> <span class='ocrx_word' id='word_1_390' title='bbox 359 5212 544 5270; x_wconf 75' lang='lat' dir='ltr'><strong>Veteri</strong></span> <span class='ocrx_word' id='word_1_391' title='bbox 589 5214 941 5271; x_wconf 83' lang='lat' dir='ltr'><strong>Testamento</strong></span> <span class='ocrx_word' id='word_1_392' title='bbox 967 5217 1211 5279; x_wconf 85' lang='lat' dir='ltr'><strong>Christus</strong></span> <span class='ocrx_word' id='word_1_393' title='bbox 1251 5222 1554 5295; x_wconf 88' lang='lat' dir='ltr'><strong>promissus</strong></span> <span class='ocrx_word' id='word_1_394' title='bbox 1582 5239 1684 5297; x_wconf 89' lang='lat' dir='ltr'><strong>est,</strong></span> 
     </span>
    </p>
   </div>
   <div class='ocr_carea' id='block_1_58' title="bbox 143 5296 1692 5370">
    <p class='ocr_par' dir='ltr' id='par_1_58' title="bbox 143 5296 1692 5370">
     <span class='ocr_line' id='line_1_58' title="bbox 143 5296 1692 5370; baseline 0.012 -19"><span class='ocrx_word' id='word_1_395' title='bbox 143 5296 260 5355; x_wconf 86' lang='lat' dir='ltr'><strong>itaiu</strong></span> <span class='ocrx_word' id='word_1_396' title='bbox 278 5302 423 5360; x_wconf 83' lang='lat' dir='ltr'><strong>Novo</strong></span> <span class='ocrx_word' id='word_1_397' title='bbox 452 5304 613 5362; x_wconf 89' lang='lat' dir='ltr'><strong>venit.</strong></span> <span class='ocrx_word' id='word_1_398' title='bbox 650 5307 845 5363; x_wconf 75' lang='lat' dir='ltr'><strong>Virtus</strong></span> <span class='ocrx_word' id='word_1_399' title='bbox 865 5323 1086 5370; x_wconf 85' lang='lat' dir='ltr'><strong>operum</strong></span> <span class='ocrx_word' id='word_1_400' title='bbox 1107 5313 1226 5370; x_wconf 85' lang='lat' dir='ltr'><strong>fuit.</strong></span> <span class='ocrx_word' id='word_1_401' title='bbox 1248 5329 1414 5370; x_wconf 85' lang='lat' dir='ltr'><strong>uuam</strong></span> <span class='ocrx_word' id='word_1_402' title='bbox 1437 5315 1493 5370; x_wconf 89' lang='lat' dir='ltr'><strong>in</strong></span> <span class='ocrx_word' id='word_1_403' title='bbox 1516 5317 1692 5370; x_wconf 79' lang='lat' dir='ltr'><strong>Evan-</strong></span> 
     </span>
    </p>
   </div>
   <div class='ocr_carea' id='block_1_59' title="bbox 1828 373 2027 441">
    <p class='ocr_par' dir='ltr' id='par_1_59' title="bbox 1828 373 2027 441">
     <span class='ocr_line' id='line_1_59' title="bbox 1828 373 2027 441; baseline 0.025 -16"><span class='ocrx_word' id='word_1_404' title='bbox 1828 373 2027 441; x_wconf 88' lang='lat' dir='ltr'><strong>quitur.</strong></span> 
     </span>
    </p>
   </div>
   <div class='ocr_carea' id='block_1_60' title="bbox 1826 461 2955 545">
    <p class='ocr_par' dir='ltr' id='par_1_60' title="bbox 1826 461 2955 545">
     <span class='ocr_line' id='line_1_60' title="bbox 1826 461 2955 545; baseline 0.011 -29"><span class='ocrx_word' id='word_1_405' title='bbox 1826 461 1860 517; x_wconf 87' lang='lat'><strong>6</strong></span> <span class='ocrx_word' id='word_1_406' title='bbox 1967 462 2036 519; x_wconf 88' lang='lat' dir='ltr'><strong>Ut</strong></span> <span class='ocrx_word' id='word_1_407' title='bbox 2058 466 2145 521; x_wconf 81' lang='lat' dir='ltr'><strong>det</strong></span> <span class='ocrx_word' id='word_1_408' title='bbox 2169 466 2276 524; x_wconf 76' lang='lat' dir='ltr'><strong>illis</strong></span> <span class='ocrx_word' id='word_1_409' title='bbox 2303 469 2661 528; x_wconf 66' lang='lat' dir='ltr'><strong>hereditatem</strong></span> <span class='ocrx_word' id='word_1_410' title='bbox 2678 475 2907 545; x_wconf 68' lang='lat' dir='ltr'><strong>gentium</strong></span> <span class='ocrx_word' id='word_1_411' title='bbox 2937 491 2955 528; x_wconf 91' lang='lat'><strong><em>:</em></strong></span> 
     </span>
    </p>
   </div>
   <div class='ocr_carea' id='block_1_61' title="bbox 1965 559 3146 643">
    <p class='ocr_par' dir='ltr' id='par_1_61' title="bbox 1965 559 3146 643">
     <span class='ocr_line' id='line_1_61' title="bbox 1965 559 3146 643; baseline 0.017 -29"><span class='ocrx_word' id='word_1_412' title='bbox 1965 559 2139 630; x_wconf 85' lang='lat' dir='ltr'><strong>Opera</strong></span> <span class='ocrx_word' id='word_1_413' title='bbox 2164 579 2412 619; x_wconf 83' lang='lat' dir='ltr'><strong>manuum</strong></span> <span class='ocrx_word' id='word_1_414' title='bbox 2442 566 2557 638; x_wconf 82' lang='lat' dir='ltr'><strong>ejus</strong></span> <span class='ocrx_word' id='word_1_415' title='bbox 2582 570 2772 626; x_wconf 76' lang='lat' dir='ltr'><strong>veritas</strong></span> <span class='ocrx_word' id='word_1_416' title='bbox 2800 581 2850 627; x_wconf 87' lang='lat' dir='ltr'><strong>et</strong></span> <span class='ocrx_word' id='word_1_417' title='bbox 2867 573 3146 643; x_wconf 63' lang='lat' dir='ltr'><strong>judicium</strong></span> 
     </span>
    </p>
   </div>
   <div class='ocr_carea' id='block_1_62' title="bbox 1893 650 3415 736">
    <p class='ocr_par' dir='ltr' id='par_1_62' title="bbox 1893 650 3415 736">
     <span class='ocr_line' id='line_1_62' title="bbox 1893 650 3415 736; baseline 0.013 -29"><span class='ocrx_word' id='word_1_418' title='bbox 1893 650 1941 736; x_wconf 73' lang='lat' dir='ltr'><strong>C_</strong></span> <span class='ocrx_word' id='word_1_419' title='bbox 1973 652 2127 709; x_wconf 90' lang='lat' dir='ltr'><strong>Dedit</strong></span> <span class='ocrx_word' id='word_1_420' title='bbox 2167 663 2347 712; x_wconf 87' lang='lat' dir='ltr'><strong>autem</strong></span> <span class='ocrx_word' id='word_1_421' title='bbox 2380 658 2480 723; x_wconf 87' lang='lat' dir='ltr'><strong>eis,</strong></span> <span class='ocrx_word' id='word_1_422' title='bbox 2509 660 2566 716; x_wconf 89' lang='lat' dir='ltr'><strong>id</strong></span> <span class='ocrx_word' id='word_1_423' title='bbox 2602 670 2688 718; x_wconf 87' lang='lat' dir='ltr'><strong>est</strong></span> <span class='ocrx_word' id='word_1_424' title='bbox 2714 664 2914 736; x_wconf 86' lang='lat' dir='ltr'><strong>populo</strong></span> <span class='ocrx_word' id='word_1_425' title='bbox 2939 665 3270 736; x_wconf 86' lang='lat' dir='ltr'><strong>Christiano,</strong></span> <span class='ocrx_word' id='word_1_426' title='bbox 3302 669 3415 726; x_wconf 67' lang='lat' dir='ltr'><strong>bas-</strong></span> 
     </span>
    </p>
   </div>
   <div class='ocr_carea' id='block_1_63' title="bbox 1823 734 3413 824">
    <p class='ocr_par' dir='ltr' id='par_1_63' title="bbox 1823 734 3413 824">
     <span class='ocr_line' id='line_1_63' title="bbox 1823 734 3413 824; baseline 0.011 -23"><span class='ocrx_word' id='word_1_427' title='bbox 1823 734 2102 803; x_wconf 76' lang='lat' dir='ltr'><strong>retlitatem</strong></span> <span class='ocrx_word' id='word_1_428' title='bbox 2140 750 2378 820; x_wconf 73' lang='lat' dir='ltr'><strong>gentium</strong></span> <span class='ocrx_word' id='word_1_429' title='bbox 2418 769 2433 807; x_wconf 88' lang='lat'><strong>:</strong></span> <span class='ocrx_word' id='word_1_430' title='bbox 2476 755 2692 824; x_wconf 88' lang='lat' dir='ltr'><strong>quando</strong></span> <span class='ocrx_word' id='word_1_431' title='bbox 2716 734 3038 815; x_wconf 34' lang='lat' dir='ltr'><strong>&#39;Ecclesiam</strong></span> <span class='ocrx_word' id='word_1_432' title='bbox 3087 760 3154 816; x_wconf 87' lang='lat' dir='ltr'><strong>de</strong></span> <span class='ocrx_word' id='word_1_433' title='bbox 3201 734 3413 819; x_wconf 86' lang='lat' dir='ltr'><strong>cunctis</strong></span> 
     </span>
    </p>
   </div>
   <div class='ocr_carea' id='block_1_64' title="bbox 1821 837 3415 920">
    <p class='ocr_par' dir='ltr' id='par_1_64' title="bbox 1821 837 3415 920">
     <span class='ocr_line' id='line_1_64' title="bbox 1821 837 3415 920; baseline 0.012 -30"><span class='ocrx_word' id='word_1_434' title='bbox 1821 837 2133 894; x_wconf 81' lang='lat' dir='ltr'><strong>nationibus</strong></span> <span class='ocrx_word' id='word_1_435' title='bbox 2169 841 2306 897; x_wconf 83' lang='lat' dir='ltr'><strong>vivis</strong></span> <span class='ocrx_word' id='word_1_436' title='bbox 2332 842 2601 915; x_wconf 87' lang='lat' dir='ltr'><strong>lapidibus</strong></span> <span class='ocrx_word' id='word_1_437' title='bbox 2626 846 2929 904; x_wconf 77' lang='lat' dir='ltr'><strong>fabricavit.</strong></span> <span class='ocrx_word' id='word_1_438' title='bbox 2973 849 3123 920; x_wconf 87' lang='lat' dir='ltr'><strong>Opus</strong></span> <span class='ocrx_word' id='word_1_439' title='bbox 3170 849 3289 920; x_wconf 81' lang='lat' dir='ltr'><strong>ejus</strong></span> <span class='ocrx_word' id='word_1_440' title='bbox 3324 866 3415 908; x_wconf 83' lang='lat' dir='ltr'><strong>ve-</strong></span> 
     </span>
    </p>
   </div>
   <div class='ocr_carea' id='block_1_65' title="bbox 1822 928 3412 1015">
    <p class='ocr_par' dir='ltr' id='par_1_65' title="bbox 1822 928 3412 1015">
     <span class='ocr_line' id='line_1_65' title="bbox 1822 928 3412 1015; baseline 0.012 -33"><span class='ocrx_word' id='word_1_441' title='bbox 1822 928 1955 984; x_wconf 87' lang='lat' dir='ltr'><strong>ritas</strong></span> <span class='ocrx_word' id='word_1_442' title='bbox 1997 940 2053 986; x_wconf 89' lang='lat' dir='ltr'><strong>et</strong></span> <span class='ocrx_word' id='word_1_443' title='bbox 2095 932 2393 1002; x_wconf 84' lang='lat' dir='ltr'><strong>judicium;</strong></span> <span class='ocrx_word' id='word_1_444' title='bbox 2436 939 2659 1003; x_wconf 84' lang='lat' dir='ltr'><strong>veritas,</strong></span> <span class='ocrx_word' id='word_1_445' title='bbox 2699 941 2844 1010; x_wconf 88' lang='lat' dir='ltr'><strong>quod</strong></span> <span class='ocrx_word' id='word_1_446' title='bbox 2874 942 3123 999; x_wconf 86' lang='lat' dir='ltr'><strong>ﬁdelibus</strong></span> <span class='ocrx_word' id='word_1_447' title='bbox 3145 944 3412 1015; x_wconf 79' lang='lat' dir='ltr'><strong>promissa</strong></span> 
     </span>
    </p>
   </div>
   <div class='ocr_carea' id='block_1_66' title="bbox 1820 1018 3415 1103">
    <p class='ocr_par' dir='ltr' id='par_1_66' title="bbox 1820 1018 3415 1103">
     <span class='ocr_line' id='line_1_66' title="bbox 1820 1018 3415 1103; baseline 0.011 -32"><span class='ocrx_word' id='word_1_448' title='bbox 1820 1018 2087 1085; x_wconf 87' lang='lat' dir='ltr'><strong>restituit;</strong></span> <span class='ocrx_word' id='word_1_449' title='bbox 2110 1021 2373 1091; x_wconf 86' lang='lat' dir='ltr'><strong>judicium</strong></span> <span class='ocrx_word' id='word_1_450' title='bbox 2394 1065 2411 1090; x_wconf 87' lang='lat'><strong>,</strong></span> <span class='ocrx_word' id='word_1_451' title='bbox 2437 1026 2580 1097; x_wconf 88' lang='lat' dir='ltr'><strong>quod</strong></span> <span class='ocrx_word' id='word_1_452' title='bbox 2610 1029 2791 1101; x_wconf 88' lang='lat' dir='ltr'><strong>impiis</strong></span> <span class='ocrx_word' id='word_1_453' title='bbox 2818 1030 3060 1087; x_wconf 80' lang='lat' dir='ltr'><strong>minatur</strong></span> <span class='ocrx_word' id='word_1_454' title='bbox 3085 1031 3264 1088; x_wconf 84' lang='lat' dir='ltr'><strong>futura</strong></span> <span class='ocrx_word' id='word_1_455' title='bbox 3291 1048 3415 1103; x_wconf 72' lang='lat' dir='ltr'><strong>qua</strong></span> 
     </span>
    </p>
   </div>
   <div class='ocr_carea' id='block_1_67' title="bbox 1816 1110 2576 1190">
    <p class='ocr_par' dir='ltr' id='par_1_67' title="bbox 1816 1110 2576 1190">
     <span class='ocr_line' id='line_1_67' title="bbox 1816 1110 2576 1190; baseline 0.016 -25"><span class='ocrx_word' id='word_1_456' title='bbox 1816 1110 2081 1169; x_wconf 86' lang='lat' dir='ltr'><strong>debentur</strong></span> <span class='ocrx_word' id='word_1_457' title='bbox 2106 1115 2265 1173; x_wconf 78' lang='lat' dir='ltr'><strong>malis</strong></span> <span class='ocrx_word' id='word_1_458' title='bbox 2288 1120 2576 1190; x_wconf 81' lang='lat' dir='ltr'><strong>supplicis.</strong></span> 
     </span>
    </p>
   </div>
   <div class='ocr_carea' id='block_1_68' title="bbox 1818 1205 3417 1291">
    <p class='ocr_par' dir='ltr' id='par_1_68' title="bbox 1818 1205 3417 1291">
     <span class='ocr_line' id='line_1_68' title="bbox 1818 1205 3417 1291; baseline 0.013 -31"><span class='ocrx_word' id='word_1_459' title='bbox 1818 1206 1850 1260; x_wconf 83' lang='grc'>7</span> <span class='ocrx_word' id='word_1_460' title='bbox 1956 1205 2168 1266; x_wconf 75' lang='lat' dir='ltr'><strong>Fidelia</strong></span> <span class='ocrx_word' id='word_1_461' title='bbox 2194 1215 2373 1268; x_wconf 72' lang='lat' dir='ltr'><strong>omnia</strong></span> <span class='ocrx_word' id='word_1_462' title='bbox 2403 1217 2659 1272; x_wconf 73' lang='lat' dir='ltr'><strong>mandata</strong></span> <span class='ocrx_word' id='word_1_463' title='bbox 2682 1220 2821 1290; x_wconf 82' lang='lat' dir='ltr'><strong>ejus.</strong></span> <span class='ocrx_word' id='word_1_464' title='bbox 2863 1218 3191 1291; x_wconf 79' lang='lat' dir='ltr'><strong>Confirmata</strong></span> <span class='ocrx_word' id='word_1_465' title='bbox 3225 1225 3282 1278; x_wconf 82' lang='lat' dir='ltr'><strong>in</strong></span> <span class='ocrx_word' id='word_1_466' title='bbox 3311 1239 3417 1279; x_wconf 60' lang='lat' dir='ltr'><strong>ste.</strong></span> 
     </span>
    </p>
   </div>
   <div class='ocr_carea' id='block_1_69' title="bbox 2027 1300 2437 1360">
    <p class='ocr_par' dir='ltr' id='par_1_69' title="bbox 2027 1300 2437 1360">
     <span class='ocr_line' id='line_1_69' title="bbox 2027 1300 2437 1360; baseline 0.01 -4"><span class='ocrx_word' id='word_1_467' title='bbox 2027 1300 2206 1356; x_wconf 61' lang='lat' dir='ltr'><strong>«tum</strong></span> <span class='ocrx_word' id='word_1_468' title='bbox 2231 1304 2437 1360; x_wconf 71' lang='lat' dir='ltr'><strong>surculi.</strong></span> 
     </span>
    </p>
   </div>
   <div class='ocr_carea' id='block_1_70' title="bbox 1958 1386 2925 1466">
    <p class='ocr_par' dir='ltr' id='par_1_70' title="bbox 1958 1386 2925 1466">
     <span class='ocr_line' id='line_1_70' title="bbox 1958 1386 2925 1466; baseline 0.013 -23"><span class='ocrx_word' id='word_1_469' title='bbox 1958 1386 2131 1445; x_wconf 79' lang='lat' dir='ltr'><strong>Foeta</strong></span> <span class='ocrx_word' id='word_1_470' title='bbox 2159 1392 2215 1447; x_wconf 88' lang='lat' dir='ltr'><strong>in</strong></span> <span class='ocrx_word' id='word_1_471' title='bbox 2242 1394 2524 1450; x_wconf 75' lang='lat' dir='ltr'><strong>ceritateet</strong></span> <span class='ocrx_word' id='word_1_472' title='bbox 2551 1398 2819 1466; x_wconf 68' lang='lat' dir='ltr'><strong>aequitate.</strong></span> <span class='ocrx_word' id='word_1_473' title='bbox 2866 1446 2871 1449; x_wconf 96' lang='lat'><strong>.</strong></span> <span class='ocrx_word' id='word_1_474' title='bbox 2916 1441 2925 1448; x_wconf 83' lang='lat'><strong>.</strong></span> 
     </span>
    </p>
   </div>
   <div class='ocr_carea' id='block_1_71' title="bbox 1840 1480 3409 1563">
    <p class='ocr_par' dir='ltr' id='par_1_71' title="bbox 1840 1480 3409 1563">
     <span class='ocr_line' id='line_1_71' title="bbox 1840 1480 3409 1563; baseline 0.013 -27"><span class='ocrx_word' id='word_1_475' title='bbox 1840 1524 1849 1535; x_wconf 94' lang='lat'><strong>.</strong></span> <span class='ocrx_word' id='word_1_476' title='bbox 1890 1480 1931 1537; x_wconf 90' lang='lat' dir='ltr'><strong>C</strong></span> <span class='ocrx_word' id='word_1_477' title='bbox 1959 1481 2161 1539; x_wconf 74' lang='lat' dir='ltr'><strong>Fidelis</strong></span> <span class='ocrx_word' id='word_1_478' title='bbox 2192 1485 2313 1554; x_wconf 88' lang='lat' dir='ltr'><strong>ejus</strong></span> <span class='ocrx_word' id='word_1_479' title='bbox 2339 1489 2593 1544; x_wconf 78' lang='lat' dir='ltr'><strong>mandata</strong></span> <span class='ocrx_word' id='word_1_480' title='bbox 2617 1501 2765 1559; x_wconf 86' lang='lat' dir='ltr'><strong>sunt,</strong></span> <span class='ocrx_word' id='word_1_481' title='bbox 2796 1494 3054 1563; x_wconf 83' lang='lat' dir='ltr'><strong>quoniam</strong></span> <span class='ocrx_word' id='word_1_482' title='bbox 3076 1497 3228 1554; x_wconf 88' lang='lat' dir='ltr'><strong>nullo</strong></span> <span class='ocrx_word' id='word_1_483' title='bbox 3253 1514 3409 1555; x_wconf 86' lang='lat' dir='ltr'><strong>men-</strong></span> 
     </span>
    </p>
   </div>
   <div class='ocr_carea' id='block_1_72' title="bbox 1819 1571 3413 1657">
    <p class='ocr_par' dir='ltr' id='par_1_72' title="bbox 1819 1571 3413 1657">
     <span class='ocr_line' id='line_1_72' title="bbox 1819 1571 3413 1657; baseline 0.011 -30"><span class='ocrx_word' id='word_1_484' title='bbox 1819 1571 1982 1628; x_wconf 89' lang='lat' dir='ltr'><strong>dacio</strong></span> <span class='ocrx_word' id='word_1_485' title='bbox 2008 1573 2157 1630; x_wconf 76' lang='lat' dir='ltr'><strong>dicta</strong></span> <span class='ocrx_word' id='word_1_486' title='bbox 2201 1577 2505 1643; x_wconf 81' lang='lat' dir='ltr'><strong>variantur,</strong></span> <span class='ocrx_word' id='word_1_487' title='bbox 2537 1581 2633 1636; x_wconf 86' lang='lat' dir='ltr'><strong>sed</strong></span> <span class='ocrx_word' id='word_1_488' title='bbox 2664 1580 2896 1638; x_wconf 85' lang='lat' dir='ltr'><strong>ﬁrmiter</strong></span> <span class='ocrx_word' id='word_1_489' title='bbox 2937 1600 3039 1641; x_wconf 88' lang='lat' dir='ltr'><strong>nos</strong></span> <span class='ocrx_word' id='word_1_490' title='bbox 3078 1589 3413 1657; x_wconf 84' lang='lat' dir='ltr'><strong>custodiunt,</strong></span> 
     </span>
    </p>
   </div>
   <div class='ocr_carea' id='block_1_73' title="bbox 1820 1666 3513 1735">
    <p class='ocr_par' dir='ltr' id='par_1_73' title="bbox 1820 1666 3513 1735">
     <span class='ocr_line' id='line_1_73' title="bbox 1820 1666 3513 1735; baseline 0.01 -16"><span class='ocrx_word' id='word_1_491' title='bbox 1820 1680 1944 1719; x_wconf 89' lang='lat' dir='ltr'><strong>cum</strong></span> <span class='ocrx_word' id='word_1_492' title='bbox 1985 1680 2053 1722; x_wconf 86' lang='lat' dir='ltr'><strong>ea</strong></span> <span class='ocrx_word' id='word_1_493' title='bbox 2098 1669 2379 1725; x_wconf 79' lang='lat' dir='ltr'><strong>custodire</strong></span> <span class='ocrx_word' id='word_1_494' title='bbox 2422 1670 2519 1727; x_wconf 85' lang='lat' dir='ltr'><strong>Dei</strong></span> <span class='ocrx_word' id='word_1_495' title='bbox 2562 1673 2768 1728; x_wconf 74' lang='lat' dir='ltr'><strong>auxilio</strong></span> <span class='ocrx_word' id='word_1_496' title='bbox 2802 1673 3143 1734; x_wconf 83' lang='lat' dir='ltr'><strong>festinamus.</strong></span> <span class='ocrx_word' id='word_1_497' title='bbox 3197 1668 3417 1735; x_wconf 51' lang='lat' dir='ltr'><strong>Conﬁr-l&#39;</strong></span> <span class='ocrx_word' id='word_1_498' title='bbox 3509 1666 3513 1670; x_wconf 3' lang='lat' dir='ltr'><strong>ﬁ</strong></span> 
     </span>
    </p>
   </div>
   <div class='ocr_carea' id='block_1_74' title="bbox 1815 1757 3416 1837">
    <p class='ocr_par' dir='ltr' id='par_1_74' title="bbox 1815 1757 3416 1837">
     <span class='ocr_line' id='line_1_74' title="bbox 1815 1757 3416 1837; baseline 0.011 -29"><span class='ocrx_word' id='word_1_499' title='bbox 1815 1762 1986 1820; x_wconf 87' lang='lat' dir='ltr'><strong>mata,</strong></span> <span class='ocrx_word' id='word_1_500' title='bbox 2022 1757 2198 1811; x_wconf 89' lang='lat' dir='ltr'><strong>nescit</strong></span> <span class='ocrx_word' id='word_1_501' title='bbox 2229 1759 2372 1813; x_wconf 92' lang='lat' dir='ltr'><strong>enim</strong></span> <span class='ocrx_word' id='word_1_502' title='bbox 2402 1776 2593 1821; x_wconf 84' lang='lat' dir='ltr'><strong>sermo</strong></span> <span class='ocrx_word' id='word_1_503' title='bbox 2615 1763 2869 1833; x_wconf 87' lang='lat' dir='ltr'><strong>titubare,</strong></span> <span class='ocrx_word' id='word_1_504' title='bbox 2901 1782 3062 1837; x_wconf 89' lang='lat' dir='ltr'><strong>quem</strong></span> <span class='ocrx_word' id='word_1_505' title='bbox 3099 1758 3301 1825; x_wconf 79' lang='lat' dir='ltr'><strong>veritas</strong></span> <span class='ocrx_word' id='word_1_506' title='bbox 3335 1770 3416 1825; x_wconf 88' lang='lat' dir='ltr'><strong>lo-</strong></span> 
     </span>
    </p>
   </div>
   <div class='ocr_carea' id='block_1_75' title="bbox 1813 1845 3413 1927">
    <p class='ocr_par' dir='ltr' id='par_1_75' title="bbox 1813 1845 3413 1927">
     <span class='ocr_line' id='line_1_75' title="bbox 1813 1845 3413 1927; baseline 0.011 -29"><span class='ocrx_word' id='word_1_507' title='bbox 1813 1845 2018 1916; x_wconf 86' lang='lat' dir='ltr'><strong>quitur.</strong></span> <span class='ocrx_word' id='word_1_508' title='bbox 2079 1848 2244 1904; x_wconf 85' lang='lat' dir='ltr'><strong>Facta</strong></span> <span class='ocrx_word' id='word_1_509' title='bbox 2279 1851 2417 1905; x_wconf 81' lang='lat' dir='ltr'><strong>dixit</strong></span> <span class='ocrx_word' id='word_1_510' title='bbox 2440 1868 2562 1909; x_wconf 86' lang='lat' dir='ltr'><strong>esse</strong></span> <span class='ocrx_word' id='word_1_511' title='bbox 2586 1854 2641 1909; x_wconf 91' lang='lat' dir='ltr'><strong>in</strong></span> <span class='ocrx_word' id='word_1_512' title='bbox 2665 1857 2915 1923; x_wconf 80' lang='lat' dir='ltr'><strong>veritate,</strong></span> <span class='ocrx_word' id='word_1_513' title='bbox 2943 1859 3070 1927; x_wconf 85' lang='lat' dir='ltr'><strong>quia</strong></span> <span class='ocrx_word' id='word_1_514' title='bbox 3097 1859 3242 1915; x_wconf 87' lang='lat' dir='ltr'><strong>dicta</strong></span> <span class='ocrx_word' id='word_1_515' title='bbox 3264 1850 3413 1916; x_wconf 75' lang='lat' dir='ltr'><strong>eoin-</strong></span> 
     </span>
    </p>
   </div>
   <div class='ocr_carea' id='block_1_76' title="bbox 1813 1936 3417 2020">
    <p class='ocr_par' dir='ltr' id='par_1_76' title="bbox 1813 1936 3417 2020">
     <span class='ocr_line' id='line_1_76' title="bbox 1813 1936 3417 2020; baseline 0.01 -30"><span class='ocrx_word' id='word_1_516' title='bbox 1813 1936 2046 2006; x_wconf 88' lang='lat' dir='ltr'><strong>plentur,</strong></span> <span class='ocrx_word' id='word_1_517' title='bbox 2081 1947 2138 1993; x_wconf 89' lang='lat' dir='ltr'><strong>et</strong></span> <span class='ocrx_word' id='word_1_518' title='bbox 2165 1942 2440 2011; x_wconf 65' lang='lat' dir='ltr'><strong>aequitate,</strong></span> <span class='ocrx_word' id='word_1_519' title='bbox 2470 1946 2728 2013; x_wconf 87' lang='lat' dir='ltr'><strong>quoniam</strong></span> <span class='ocrx_word' id='word_1_520' title='bbox 2771 1949 3012 2016; x_wconf 89' lang='lat' dir='ltr'><strong>pondere</strong></span> <span class='ocrx_word' id='word_1_521' title='bbox 3025 1947 3252 2017; x_wconf 57' lang='lat' dir='ltr'><strong>iustitia;</strong></span> <span class='ocrx_word' id='word_1_522' title='bbox 3274 1962 3417 2020; x_wconf 71' lang='grc' dir='ltr'><strong>ιποά</strong></span> 
     </span>
    </p>
   </div>
   <div class='ocr_carea' id='block_1_77' title="bbox 1813 2025 3416 2108">
    <p class='ocr_par' dir='ltr' id='par_1_77' title="bbox 1813 2025 3416 2108">
     <span class='ocr_line' id='line_1_77' title="bbox 1813 2025 3416 2108; baseline 0.008 -25"><span class='ocrx_word' id='word_1_523' title='bbox 1813 2025 2090 2094; x_wconf 84' lang='lat' dir='ltr'><strong>feruntur;</strong></span> <span class='ocrx_word' id='word_1_524' title='bbox 2121 2030 2323 2087; x_wconf 87' lang='lat' dir='ltr'><strong>habent</strong></span> <span class='ocrx_word' id='word_1_525' title='bbox 2340 2033 2485 2089; x_wconf 90' lang='lat' dir='ltr'><strong>enim</strong></span> <span class='ocrx_word' id='word_1_526' title='bbox 2503 2037 2689 2092; x_wconf 86' lang='lat' dir='ltr'><strong>omnia</strong></span> <span class='ocrx_word' id='word_1_527' title='bbox 2717 2039 2972 2094; x_wconf 86' lang='lat' dir='ltr'><strong>mandata</strong></span> <span class='ocrx_word' id='word_1_528' title='bbox 3007 2038 3127 2108; x_wconf 86' lang='lat' dir='ltr'><strong>ejus</strong></span> <span class='ocrx_word' id='word_1_529' title='bbox 3169 2049 3228 2096; x_wconf 88' lang='lat' dir='ltr'><strong>et</strong></span> <span class='ocrx_word' id='word_1_530' title='bbox 3269 2037 3416 2096; x_wconf 83' lang='lat' dir='ltr'><strong>veri-</strong></span> 
     </span>
    </p>
   </div>
   <div class='ocr_carea' id='block_1_78' title="bbox 1813 2120 2680 2195">
    <p class='ocr_par' dir='ltr' id='par_1_78' title="bbox 1813 2120 2680 2195">
     <span class='ocr_line' id='line_1_78' title="bbox 1813 2120 2680 2195; baseline 0.015 -27"><span class='ocrx_word' id='word_1_531' title='bbox 1813 2123 1975 2171; x_wconf 81' lang='lat' dir='ltr'><strong>tatem</strong></span> <span class='ocrx_word' id='word_1_532' title='bbox 2008 2126 2061 2174; x_wconf 87' lang='lat' dir='ltr'><strong>et</strong></span> <span class='ocrx_word' id='word_1_533' title='bbox 2091 2120 2405 2195; x_wconf 73' lang='lat' dir='ltr'><strong>(equitatem</strong></span> <span class='ocrx_word' id='word_1_534' title='bbox 2435 2122 2680 2190; x_wconf 77' lang='lat' dir='ltr'><strong>justitite.</strong></span> 
     </span>
    </p>
   </div>
   <div class='ocr_carea' id='block_1_79' title="bbox 1809 2207 3196 2288">
    <p class='ocr_par' dir='ltr' id='par_1_79' title="bbox 1809 2207 3196 2288">
     <span class='ocr_line' id='line_1_79' title="bbox 1809 2207 3196 2288; baseline 0.009 -27"><span class='ocrx_word' id='word_1_535' title='bbox 1809 2208 1844 2263; x_wconf 87' lang='lat'><strong>8</strong></span> <span class='ocrx_word' id='word_1_536' title='bbox 1953 2207 2373 2281; x_wconf 78' lang='lat' dir='ltr'><strong>Redemptionetn</strong></span> <span class='ocrx_word' id='word_1_537' title='bbox 2398 2214 2540 2268; x_wconf 84' lang='lat' dir='ltr'><strong>misit</strong></span> <span class='ocrx_word' id='word_1_538' title='bbox 2568 2215 2827 2271; x_wconf 76' lang='lat' dir='ltr'><strong>Dominus</strong></span> <span class='ocrx_word' id='word_1_539' title='bbox 2846 2218 3041 2288; x_wconf 84' lang='lat' dir='ltr'><strong>popqu</strong></span> <span class='ocrx_word' id='word_1_540' title='bbox 3057 2235 3153 2273; x_wconf 79' lang='lat' dir='ltr'><strong>suo</strong></span> <span class='ocrx_word' id='word_1_541' title='bbox 3177 2258 3196 2275; x_wconf 95' lang='lat'><strong>.</strong></span> 
     </span>
    </p>
   </div>
   <div class='ocr_carea' id='block_1_80' title="bbox 1952 2299 3169 2362">
    <p class='ocr_par' dir='ltr' id='par_1_80' title="bbox 1952 2299 3169 2362">
     <span class='ocr_line' id='line_1_80' title="bbox 1952 2299 3169 2362; baseline 0.005 -7"><span class='ocrx_word' id='word_1_542' title='bbox 1952 2299 2225 2356; x_wconf 72' lang='lat' dir='ltr'><strong>Mandurit</strong></span> <span class='ocrx_word' id='word_1_543' title='bbox 2248 2302 2301 2356; x_wconf 89' lang='lat' dir='ltr'><strong>in</strong></span> <span class='ocrx_word' id='word_1_544' title='bbox 2323 2312 2578 2358; x_wconf 78' lang='lat' dir='ltr'><strong>teternum</strong></span> <span class='ocrx_word' id='word_1_545' title='bbox 2601 2314 2964 2361; x_wconf 78' lang='lat' dir='ltr'><strong>testamentum</strong></span> <span class='ocrx_word' id='word_1_546' title='bbox 2991 2324 3169 2362; x_wconf 82' lang='lat' dir='ltr'><strong>suum.</strong></span> 
     </span>
    </p>
   </div>
   <div class='ocr_carea' id='block_1_81' title="bbox 1879 2388 3412 2468">
    <p class='ocr_par' dir='ltr' id='par_1_81' title="bbox 1879 2388 3412 2468">
     <span class='ocr_line' id='line_1_81' title="bbox 1879 2388 3412 2468; baseline 0.007 -22"><span class='ocrx_word' id='word_1_547' title='bbox 1879 2388 1922 2446; x_wconf 91' lang='lat' dir='ltr'><strong>C</strong></span> <span class='ocrx_word' id='word_1_548' title='bbox 1949 2389 2095 2445; x_wconf 75' lang='lat' dir='ltr'><strong>Misit</strong></span> <span class='ocrx_word' id='word_1_549' title='bbox 2122 2392 2267 2445; x_wconf 85' lang='lat' dir='ltr'><strong>enim</strong></span> <span class='ocrx_word' id='word_1_550' title='bbox 2298 2391 2493 2448; x_wconf 77' lang='lat' dir='ltr'><strong>Filium</strong></span> <span class='ocrx_word' id='word_1_551' title='bbox 2532 2392 2699 2448; x_wconf 87' lang='lat' dir='ltr'><strong>Pater</strong></span> <span class='ocrx_word' id='word_1_552' title='bbox 2724 2396 2792 2450; x_wconf 86' lang='lat' dir='ltr'><strong>ad</strong></span> <span class='ocrx_word' id='word_1_553' title='bbox 2830 2395 3204 2452; x_wconf 84' lang='lat' dir='ltr'><strong>redimendum</strong></span> <span class='ocrx_word' id='word_1_554' title='bbox 3235 2413 3412 2468; x_wconf 76' lang='lat' dir='ltr'><strong>genus</strong></span> 
     </span>
    </p>
   </div>
   <div class='ocr_carea' id='block_1_82' title="bbox 1810 2482 3413 2557">
    <p class='ocr_par' dir='ltr' id='par_1_82' title="bbox 1810 2482 3413 2557">
     <span class='ocr_line' id='line_1_82' title="bbox 1810 2482 3413 2557; baseline 0.005 -19"><span class='ocrx_word' id='word_1_555' title='bbox 1810 2482 2129 2538; x_wconf 81' lang='lat' dir='ltr'><strong>humanum.</strong></span> <span class='ocrx_word' id='word_1_556' title='bbox 2169 2483 2443 2540; x_wconf 58' lang='lat' dir='ltr'><strong>mandavit</strong></span> <span class='ocrx_word' id='word_1_557' title='bbox 2472 2486 2525 2540; x_wconf 88' lang='lat' dir='ltr'><strong>in</strong></span> <span class='ocrx_word' id='word_1_558' title='bbox 2559 2496 2845 2553; x_wconf 74' lang='lat' dir='ltr'><strong>mternum,</strong></span> <span class='ocrx_word' id='word_1_559' title='bbox 2873 2489 3137 2544; x_wconf 79' lang='lat' dir='ltr'><strong>mandare</strong></span> <span class='ocrx_word' id='word_1_560' title='bbox 3156 2489 3413 2557; x_wconf 72' lang='lat' dir='ltr'><strong>disimos,</strong></span> 
     </span>
    </p>
   </div>
   <div class='ocr_carea' id='block_1_83' title="bbox 1809 2575 3407 2650">
    <p class='ocr_par' dir='ltr' id='par_1_83' title="bbox 1809 2575 3407 2650">
     <span class='ocr_line' id='line_1_83' title="bbox 1809 2575 3407 2650; baseline 0.006 -22"><span class='ocrx_word' id='word_1_561' title='bbox 1809 2575 2125 2630; x_wconf 87' lang='lat' dir='ltr'><strong>absentibus</strong></span> <span class='ocrx_word' id='word_1_562' title='bbox 2178 2577 2342 2632; x_wconf 86' lang='lat' dir='ltr'><strong>verba</strong></span> <span class='ocrx_word' id='word_1_563' title='bbox 2402 2593 2499 2648; x_wconf 86' lang='lat' dir='ltr'><strong>per</strong></span> <span class='ocrx_word' id='word_1_564' title='bbox 2549 2578 2754 2634; x_wconf 83' lang='lat' dir='ltr'><strong>medias</strong></span> <span class='ocrx_word' id='word_1_565' title='bbox 2802 2580 3076 2634; x_wconf 87' lang='lat' dir='ltr'><strong>destinare</strong></span> <span class='ocrx_word' id='word_1_566' title='bbox 3120 2594 3407 2650; x_wconf 81' lang='lat' dir='ltr'><strong>personas.</strong></span> 
     </span>
    </p>
   </div>
   <div class='ocr_carea' id='block_1_84' title="bbox 1809 2663 3411 2738">
    <p class='ocr_par' dir='ltr' id='par_1_84' title="bbox 1809 2663 3411 2738">
     <span class='ocr_line' id='line_1_84' title="bbox 1809 2663 3411 2738; baseline 0.006 -21"><span class='ocrx_word' id='word_1_567' title='bbox 1809 2663 1963 2731; x_wconf 84' lang='lat' dir='ltr'><strong>Quod</strong></span> <span class='ocrx_word' id='word_1_568' title='bbox 1999 2664 2200 2720; x_wconf 86' lang='lat' dir='ltr'><strong>factum</strong></span> <span class='ocrx_word' id='word_1_569' title='bbox 2228 2676 2463 2733; x_wconf 87' lang='lat' dir='ltr'><strong>constat,</strong></span> <span class='ocrx_word' id='word_1_570' title='bbox 2511 2670 2729 2738; x_wconf 89' lang='lat' dir='ltr'><strong>quando</strong></span> <span class='ocrx_word' id='word_1_571' title='bbox 2776 2677 3159 2726; x_wconf 85' lang='lat' dir='ltr'><strong>testamentum</strong></span> <span class='ocrx_word' id='word_1_572' title='bbox 3203 2685 3411 2727; x_wconf 81' lang='lat' dir='ltr'><strong>novum</strong></span> 
     </span>
    </p>
   </div>
   <div class='ocr_carea' id='block_1_85' title="bbox 1810 2755 3410 2830">
    <p class='ocr_par' dir='ltr' id='par_1_85' title="bbox 1810 2755 3410 2830">
     <span class='ocr_line' id='line_1_85' title="bbox 1810 2755 3410 2830; baseline 0.003 -22"><span class='ocrx_word' id='word_1_573' title='bbox 1810 2769 1906 2825; x_wconf 87' lang='lat' dir='ltr'><strong>per</strong></span> <span class='ocrx_word' id='word_1_574' title='bbox 1927 2755 2202 2825; x_wconf 87' lang='lat' dir='ltr'><strong>apostolos</strong></span> <span class='ocrx_word' id='word_1_575' title='bbox 2225 2758 2528 2812; x_wconf 86' lang='lat' dir='ltr'><strong>transmisit</strong></span> <span class='ocrx_word' id='word_1_576' title='bbox 2547 2760 2614 2812; x_wconf 90' lang='lat' dir='ltr'><strong>ad</strong></span> <span class='ocrx_word' id='word_1_577' title='bbox 2643 2769 2857 2830; x_wconf 78' lang='lat' dir='ltr'><strong>gentes,</strong></span> <span class='ocrx_word' id='word_1_578' title='bbox 2883 2769 2943 2814; x_wconf 92' lang='lat' dir='ltr'><strong>ut</strong></span> <span class='ocrx_word' id='word_1_579' title='bbox 2973 2775 3144 2830; x_wconf 84' lang='lat' dir='ltr'><strong>usque</strong></span> <span class='ocrx_word' id='word_1_580' title='bbox 3170 2760 3225 2815; x_wconf 90' lang='lat' dir='ltr'><strong>in</strong></span> <span class='ocrx_word' id='word_1_581' title='bbox 3249 2768 3410 2815; x_wconf 71' lang='lat' dir='ltr'><strong>teter-</strong></span> 
     </span>
    </p>
   </div>
   <div class='ocr_carea' id='block_1_86' title="bbox 1810 2847 3405 2917">
    <p class='ocr_par' dir='ltr' id='par_1_86' title="bbox 1810 2847 3405 2917">
     <span class='ocr_line' id='line_1_86' title="bbox 1810 2847 3405 2917; baseline 0.003 -16"><span class='ocrx_word' id='word_1_582' title='bbox 1810 2861 1939 2901; x_wconf 90' lang='lat' dir='ltr'><strong>num</strong></span> <span class='ocrx_word' id='word_1_583' title='bbox 1959 2861 1989 2899; x_wconf 89' lang='lat' dir='ltr'><strong>a</strong></span> <span class='ocrx_word' id='word_1_584' title='bbox 2013 2847 2418 2903; x_wconf 82' lang='lat' dir='ltr'><strong>successoribus</strong></span> <span class='ocrx_word' id='word_1_585' title='bbox 2440 2849 2863 2917; x_wconf 70' lang='lat' dir='ltr'><strong>praedicaretur;</strong></span> <span class='ocrx_word' id='word_1_586' title='bbox 2893 2865 2998 2904; x_wconf 88' lang='lat' dir='ltr'><strong>non</strong></span> <span class='ocrx_word' id='word_1_587' title='bbox 3027 2849 3175 2904; x_wconf 89' lang='lat' dir='ltr'><strong>enim</strong></span> <span class='ocrx_word' id='word_1_588' title='bbox 3204 2849 3256 2905; x_wconf 91' lang='lat' dir='ltr'><strong>ei</strong></span> <span class='ocrx_word' id='word_1_589' title='bbox 3278 2864 3405 2905; x_wconf 81' lang='lat' dir='ltr'><strong>suc-</strong></span> 
     </span>
    </p>
   </div>
   <div class='ocr_carea' id='block_1_87' title="bbox 1811 2936 3406 2994">
    <p class='ocr_par' dir='ltr' id='par_1_87' title="bbox 1811 2936 3406 2994">
     <span class='ocr_line' id='line_1_87' title="bbox 1811 2936 3406 2994; baseline 0.001 -3"><span class='ocrx_word' id='word_1_590' title='bbox 1811 2937 1953 2992; x_wconf 86' lang='lat' dir='ltr'><strong>cedit</strong></span> <span class='ocrx_word' id='word_1_591' title='bbox 1974 2936 2118 2992; x_wconf 90' lang='lat' dir='ltr'><strong>aliud</strong></span> <span class='ocrx_word' id='word_1_592' title='bbox 2141 2945 2523 2993; x_wconf 85' lang='lat' dir='ltr'><strong>testamentum</strong></span> <span class='ocrx_word' id='word_1_593' title='bbox 2545 2939 2688 2993; x_wconf 91' lang='lat' dir='ltr'><strong>sicut</strong></span> <span class='ocrx_word' id='word_1_594' title='bbox 2707 2938 2875 2994; x_wconf 87' lang='lat' dir='ltr'><strong>veteri</strong></span> <span class='ocrx_word' id='word_1_595' title='bbox 2905 2954 3102 2994; x_wconf 88' lang='lat' dir='ltr'><strong>novum</strong></span> <span class='ocrx_word' id='word_1_596' title='bbox 3122 2938 3406 2994; x_wconf 81' lang='lat' dir='ltr'><strong>successit-</strong></span> 
     </span>
    </p>
   </div>
   <div class='ocr_carea' id='block_1_88' title="bbox 1814 3026 3414 3100">
    <p class='ocr_par' dir='ltr' id='par_1_88' title="bbox 1814 3026 3414 3100">
     <span class='ocr_line' id='line_1_88' title="bbox 1814 3026 3414 3100; baseline 0.003 -19"><span class='ocrx_word' id='word_1_597' title='bbox 1814 3026 2003 3082; x_wconf 73' lang='lat' dir='ltr'><strong>Merito</strong></span> <span class='ocrx_word' id='word_1_598' title='bbox 2029 3043 2161 3098; x_wconf 80' lang='lat' dir='ltr'><strong>ergo</strong></span> <span class='ocrx_word' id='word_1_599' title='bbox 2197 3037 2464 3083; x_wconf 69' lang='lat' dir='ltr'><strong>aeternum</strong></span> <span class='ocrx_word' id='word_1_600' title='bbox 2503 3027 2728 3095; x_wconf 86' lang='lat' dir='ltr'><strong>dicitur,</strong></span> <span class='ocrx_word' id='word_1_601' title='bbox 2772 3030 2918 3100; x_wconf 84' lang='lat' dir='ltr'><strong>quod</strong></span> <span class='ocrx_word' id='word_1_602' title='bbox 2955 3027 3103 3085; x_wconf 87' lang='lat' dir='ltr'><strong>nullo</strong></span> <span class='ocrx_word' id='word_1_603' title='bbox 3133 3028 3244 3085; x_wconf 86' lang='lat' dir='ltr'><strong>alio</strong></span> <span class='ocrx_word' id='word_1_604' title='bbox 3274 3026 3414 3085; x_wconf 79' lang='lat' dir='ltr'><strong>indi-</strong></span> 
     </span>
    </p>
   </div>
   <div class='ocr_carea' id='block_1_89' title="bbox 1807 3108 2601 3189">
    <p class='ocr_par' dir='ltr' id='par_1_89' title="bbox 1807 3108 2601 3189">
     <span class='ocr_line' id='line_1_89' title="bbox 1807 3108 2601 3189; baseline 0.003 -16"><span class='ocrx_word' id='word_1_605' title='bbox 1807 3132 1935 3187; x_wconf 73' lang='lat' dir='ltr'><strong>gere</strong></span> <span class='ocrx_word' id='word_1_606' title='bbox 1961 3117 2323 3189; x_wconf 78' lang='lat' dir='ltr'><strong>cognoscitur.</strong></span> <span class='ocrx_word' id='word_1_607' title='bbox 2592 3108 2601 3119; x_wconf 76' lang='grc'><em>’</em></span> 
     </span>
    </p>
   </div>
   <div class='ocr_carea' id='block_1_90' title="bbox 1806 3204 2942 3281">
    <p class='ocr_par' dir='ltr' id='par_1_90' title="bbox 1806 3204 2942 3281">
     <span class='ocr_line' id='line_1_90' title="bbox 1806 3204 2942 3281; baseline 0.004 -19"><span class='ocrx_word' id='word_1_608' title='bbox 1806 3205 1840 3262; x_wconf 88' lang='lat'><strong>9</strong></span> <span class='ocrx_word' id='word_1_609' title='bbox 1948 3204 2200 3262; x_wconf 84' lang='lat' dir='ltr'><strong>Sanctum</strong></span> <span class='ocrx_word' id='word_1_610' title='bbox 2225 3217 2275 3261; x_wconf 86' lang='lat' dir='ltr'><strong>et</strong></span> <span class='ocrx_word' id='word_1_611' title='bbox 2302 3207 2534 3263; x_wconf 84' lang='lat' dir='ltr'><strong>terribile</strong></span> <span class='ocrx_word' id='word_1_612' title='bbox 2562 3225 2749 3265; x_wconf 85' lang='lat' dir='ltr'><strong>nomen</strong></span> <span class='ocrx_word' id='word_1_613' title='bbox 2786 3210 2901 3281; x_wconf 86' lang='lat' dir='ltr'><strong>ejus</strong></span> <span class='ocrx_word' id='word_1_614' title='bbox 2922 3249 2942 3267; x_wconf 89' lang='lat'><strong>.</strong></span> 
     </span>
    </p>
   </div>
   <div class='ocr_carea' id='block_1_91' title="bbox 1947 3293 2923 3367">
    <p class='ocr_par' dir='ltr' id='par_1_91' title="bbox 1947 3293 2923 3367">
     <span class='ocr_line' id='line_1_91' title="bbox 1947 3293 2923 3367; baseline 0.004 -17"><span class='ocrx_word' id='word_1_615' title='bbox 1947 3293 2168 3350; x_wconf 74' lang='lat' dir='ltr'><strong>Initium</strong></span> <span class='ocrx_word' id='word_1_616' title='bbox 2197 3298 2469 3367; x_wconf 78' lang='lat' dir='ltr'><strong>sapientia:</strong></span> <span class='ocrx_word' id='word_1_617' title='bbox 2505 3298 2663 3351; x_wconf 88' lang='lat' dir='ltr'><strong>timor</strong></span> <span class='ocrx_word' id='word_1_618' title='bbox 2687 3298 2923 3354; x_wconf 85' lang='lat' dir='ltr'><strong>Domini.</strong></span> 
     </span>
    </p>
   </div>
   <div class='ocr_carea' id='block_1_92' title="bbox 1875 3386 3408 3458">
    <p class='ocr_par' dir='ltr' id='par_1_92' title="bbox 1875 3386 3408 3458">
     <span class='ocr_line' id='line_1_92' title="bbox 1875 3386 3408 3458; baseline -0.001 -11"><span class='ocrx_word' id='word_1_619' title='bbox 1875 3386 1919 3447; x_wconf 88' lang='lat' dir='ltr'><strong>C</strong></span> <span class='ocrx_word' id='word_1_620' title='bbox 1955 3386 2237 3452; x_wconf 84' lang='lat' dir='ltr'><strong>Sanctum,</strong></span> <span class='ocrx_word' id='word_1_621' title='bbox 2267 3402 2463 3443; x_wconf 85' lang='lat' dir='ltr'><strong>nomen</strong></span> <span class='ocrx_word' id='word_1_622' title='bbox 2484 3389 2720 3458; x_wconf 89' lang='lat' dir='ltr'><strong>pertinet</strong></span> <span class='ocrx_word' id='word_1_623' title='bbox 2745 3390 2817 3445; x_wconf 87' lang='lat' dir='ltr'><strong>ad</strong></span> <span class='ocrx_word' id='word_1_624' title='bbox 2844 3390 3280 3445; x_wconf 88' lang='lat' dir='ltr'><strong>incarnationem</strong></span> <span class='ocrx_word' id='word_1_625' title='bbox 3305 3390 3408 3446; x_wconf 87' lang='lat' dir='ltr'><strong>sic-</strong></span> 
     </span>
    </p>
   </div>
   <div class='ocr_carea' id='block_1_93' title="bbox 1808 3478 3401 3551">
    <p class='ocr_par' dir='ltr' id='par_1_93' title="bbox 1808 3478 3401 3551">
     <span class='ocr_line' id='line_1_93' title="bbox 1808 3478 3401 3551; baseline 0.002 -18"><span class='ocrx_word' id='word_1_626' title='bbox 1808 3489 1866 3533; x_wconf 89' lang='lat' dir='ltr'><strong>ut</strong></span> <span class='ocrx_word' id='word_1_627' title='bbox 1894 3479 1971 3533; x_wconf 88' lang='lat' dir='ltr'><strong>ait</strong></span> <span class='ocrx_word' id='word_1_628' title='bbox 1997 3497 2011 3532; x_wconf 90' lang='lat'>:</span> <span class='ocrx_word' id='word_1_629' title='bbox 2039 3478 2262 3535; x_wconf 86' lang='lat' dir='ltr'><strong>Custodi</strong></span> <span class='ocrx_word' id='word_1_630' title='bbox 2288 3479 2526 3533; x_wconf 81' lang='lat' dir='ltr'><strong>animum</strong></span> <span class='ocrx_word' id='word_1_631' title='bbox 2552 3495 2727 3534; x_wconf 89' lang='lat' dir='ltr'><strong>meam</strong></span> <span class='ocrx_word' id='word_1_632' title='bbox 2749 3481 3006 3551; x_wconf 84' lang='lat' dir='ltr'><strong>quoniam</strong></span> <span class='ocrx_word' id='word_1_633' title='bbox 3034 3489 3254 3537; x_wconf 88' lang='lat' dir='ltr'><strong>sanctus</strong></span> <span class='ocrx_word' id='word_1_634' title='bbox 3275 3495 3401 3537; x_wconf 84' lang='lat' dir='ltr'><strong>sum</strong></span> 
     </span>
    </p>
   </div>
   <div class='ocr_carea' id='block_1_94' title="bbox 1804 3567 3395 3641">
    <p class='ocr_par' dir='ltr' id='par_1_94' title="bbox 1804 3567 3395 3641">
     <span class='ocr_line' id='line_1_94' title="bbox 1804 3567 3395 3641; baseline 0 -18"><span class='ocrx_word' id='word_1_635' title='bbox 1804 3567 1979 3641; x_wconf 81' lang='lat' dir='ltr'><strong>(Psal.</strong></span> <span class='ocrx_word' id='word_1_636' title='bbox 2015 3568 2235 3641; x_wconf 66' lang='lat' dir='ltr'><strong>cxsxv).</strong></span> <span class='ocrx_word' id='word_1_637' title='bbox 2274 3568 2558 3634; x_wconf 85' lang='lat' dir='ltr'><strong>Terribile,</strong></span> <span class='ocrx_word' id='word_1_638' title='bbox 2582 3569 2647 3623; x_wconf 89' lang='lat' dir='ltr'><strong>ad</strong></span> <span class='ocrx_word' id='word_1_639' title='bbox 2673 3571 3118 3641; x_wconf 86' lang='lat' dir='ltr'><strong>omnipotentiam</strong></span> <span class='ocrx_word' id='word_1_640' title='bbox 3147 3570 3395 3627; x_wconf 84' lang='lat' dir='ltr'><strong>deitatis.</strong></span> 
     </span>
    </p>
   </div>
   <div class='ocr_carea' id='block_1_95' title="bbox 1805 3659 3401 3730">
    <p class='ocr_par' dir='ltr' id='par_1_95' title="bbox 1805 3659 3401 3730">
     <span class='ocr_line' id='line_1_95' title="bbox 1805 3659 3401 3730; baseline 0 -14"><span class='ocrx_word' id='word_1_641' title='bbox 1805 3660 2057 3717; x_wconf 65' lang='lat' dir='ltr'><strong>llwcduo</strong></span> <span class='ocrx_word' id='word_1_642' title='bbox 2082 3659 2370 3730; x_wconf 88' lang='lat' dir='ltr'><strong>conjuncta</strong></span> <span class='ocrx_word' id='word_1_643' title='bbox 2397 3669 2544 3725; x_wconf 89' lang='lat' dir='ltr'><strong>sunt,</strong></span> <span class='ocrx_word' id='word_1_644' title='bbox 2575 3676 2643 3717; x_wconf 86' lang='lat' dir='ltr'><strong>ne</strong></span> <span class='ocrx_word' id='word_1_645' title='bbox 2666 3676 2764 3716; x_wconf 94' lang='lat' dir='ltr'><strong>uos</strong></span> <span class='ocrx_word' id='word_1_646' title='bbox 2795 3671 2891 3716; x_wconf 87' lang='lat' dir='ltr'><strong>aut</strong></span> <span class='ocrx_word' id='word_1_647' title='bbox 2923 3661 3071 3719; x_wconf 89' lang='lat' dir='ltr'><strong>solus</strong></span> <span class='ocrx_word' id='word_1_648' title='bbox 3111 3677 3266 3719; x_wconf 88' lang='lat' dir='ltr'><strong>amor</strong></span> <span class='ocrx_word' id='word_1_649' title='bbox 3299 3677 3401 3717; x_wconf 91' lang='lat' dir='ltr'><strong>ne-</strong></span> 
     </span>
    </p>
   </div>
   <div class='ocr_carea' id='block_1_96' title="bbox 1805 3750 3403 3824">
    <p class='ocr_par' dir='ltr' id='par_1_96' title="bbox 1805 3750 3403 3824">
     <span class='ocr_line' id='line_1_96' title="bbox 1805 3750 3403 3824; baseline 0.001 -20"><span class='ocrx_word' id='word_1_650' title='bbox 1805 3751 2068 3822; x_wconf 75' lang='lat' dir='ltr'><strong>gligentes</strong></span> <span class='ocrx_word' id='word_1_651' title='bbox 2092 3751 2303 3815; x_wconf 88' lang='lat' dir='ltr'><strong>reddat,</strong></span> <span class='ocrx_word' id='word_1_652' title='bbox 2328 3759 2421 3804; x_wconf 88' lang='lat' dir='ltr'><strong>aut</strong></span> <span class='ocrx_word' id='word_1_653' title='bbox 2446 3758 2626 3806; x_wconf 86' lang='lat' dir='ltr'><strong>tantus</strong></span> <span class='ocrx_word' id='word_1_654' title='bbox 2655 3751 2816 3807; x_wconf 82' lang='lat' dir='ltr'><strong>tiumr</strong></span> <span class='ocrx_word' id='word_1_655' title='bbox 2838 3753 3153 3824; x_wconf 84' lang='lat' dir='ltr'><strong>desperatos</strong></span> <span class='ocrx_word' id='word_1_656' title='bbox 3179 3750 3403 3806; x_wconf 83' lang='lat' dir='ltr'><strong>eﬁiciat.</strong></span> 
     </span>
    </p>
   </div>
   <div class='ocr_carea' id='block_1_97' title="bbox 1805 3840 3403 3909">
    <p class='ocr_par' dir='ltr' id='par_1_97' title="bbox 1805 3840 3403 3909">
     <span class='ocr_line' id='line_1_97' title="bbox 1805 3840 3403 3909; baseline 0 -14"><span class='ocrx_word' id='word_1_657' title='bbox 1805 3840 1945 3909; x_wconf 85' lang='lat' dir='ltr'><strong>Quid</strong></span> <span class='ocrx_word' id='word_1_658' title='bbox 1994 3856 2122 3896; x_wconf 87' lang='lat' dir='ltr'><strong>vero</strong></span> <span class='ocrx_word' id='word_1_659' title='bbox 2173 3841 2245 3895; x_wconf 89' lang='lat' dir='ltr'><strong>sit</strong></span> <span class='ocrx_word' id='word_1_660' title='bbox 2291 3841 2454 3897; x_wconf 89' lang='lat' dir='ltr'><strong>timor</strong></span> <span class='ocrx_word' id='word_1_661' title='bbox 2496 3843 2751 3907; x_wconf 88' lang='lat' dir='ltr'><strong>ostendit,</strong></span> <span class='ocrx_word' id='word_1_662' title='bbox 2798 3842 3007 3899; x_wconf 87' lang='lat' dir='ltr'><strong>scilicet</strong></span> <span class='ocrx_word' id='word_1_663' title='bbox 3051 3843 3263 3899; x_wconf 86' lang='lat' dir='ltr'><strong>initium</strong></span> <span class='ocrx_word' id='word_1_664' title='bbox 3308 3855 3403 3898; x_wconf 87' lang='lat' dir='ltr'><strong>sa-</strong></span> 
     </span>
    </p>
   </div>
   <div class='ocr_carea' id='block_1_98' title="bbox 1801 3931 3353 4025">
    <p class='ocr_par' dir='ltr' id='par_1_98' title="bbox 1801 3931 3353 4025">
     <span class='ocr_line' id='line_1_98' title="bbox 1801 3931 3353 4025; baseline 0.011 -41"><span class='ocrx_word' id='word_1_665' title='bbox 1801 3931 2038 4003; x_wconf 67' lang='lat' dir='ltr'><strong>pientiae.</strong></span> <span class='ocrx_word' id='word_1_666' title='bbox 2978 4024 2983 4025; x_wconf 12' lang='grc' dir='ltr'><em>γ</em></span> <span class='ocrx_word' id='word_1_667' title='bbox 3293 4016 3305 4025; x_wconf 40' lang='grc'>.</span> <span class='ocrx_word' id='word_1_668' title='bbox 3352 4004 3353 4009; x_wconf 32' lang='grc' dir='ltr'><strong>η</strong></span> 
     </span>
    </p>
   </div>
   <div class='ocr_carea' id='block_1_99' title="bbox 1805 4022 3268 4093">
    <p class='ocr_par' dir='ltr' id='par_1_99' title="bbox 1805 4022 3268 4093">
     <span class='ocr_line' id='line_1_99' title="bbox 1805 4022 3268 4093; baseline -0.001 -13"><span class='ocrx_word' id='word_1_669' title='bbox 1805 4026 1873 4080; x_wconf 80' lang='grc'><strong>10</strong></span> <span class='ocrx_word' id='word_1_670' title='bbox 1944 4023 2251 4080; x_wconf 74' lang='lat' dir='ltr'><strong>intellectus</strong></span> <span class='ocrx_word' id='word_1_671' title='bbox 2278 4028 2442 4079; x_wconf 85' lang='lat' dir='ltr'><strong>bonus</strong></span> <span class='ocrx_word' id='word_1_672' title='bbox 2477 4024 2715 4079; x_wconf 82' lang='lat' dir='ltr'><strong>omnibus</strong></span> <span class='ocrx_word' id='word_1_673' title='bbox 2747 4022 3061 4093; x_wconf 79' lang='lat' dir='ltr'><strong>facientibus</strong></span> <span class='ocrx_word' id='word_1_674' title='bbox 3097 4041 3216 4080; x_wconf 85' lang='lat' dir='ltr'><strong>eum</strong></span> <span class='ocrx_word' id='word_1_675' title='bbox 3246 4038 3268 4078; x_wconf 91' lang='lat'><strong><em>:</em></strong></span> 
     </span>
    </p>
   </div>
   <div class='ocr_carea' id='block_1_100' title="bbox 1939 4114 3323 4189">
    <p class='ocr_par' dir='ltr' id='par_1_100' title="bbox 1939 4114 3323 4189">
     <span class='ocr_line' id='line_1_100' title="bbox 1939 4114 3323 4189; baseline 0.002 -19"><span class='ocrx_word' id='word_1_676' title='bbox 1939 4114 2205 4171; x_wconf 80' lang='lat' dir='ltr'><strong>Laudtttio</strong></span> <span class='ocrx_word' id='word_1_677' title='bbox 2232 4115 2348 4185; x_wconf 86' lang='lat' dir='ltr'><strong>ejus</strong></span> <span class='ocrx_word' id='word_1_678' title='bbox 2373 4125 2543 4179; x_wconf 77' lang='lat' dir='ltr'><strong>manet</strong></span> <span class='ocrx_word' id='word_1_679' title='bbox 2565 4116 2619 4169; x_wconf 84' lang='lat' dir='ltr'><strong>in</strong></span> <span class='ocrx_word' id='word_1_680' title='bbox 2639 4114 2889 4168; x_wconf 77' lang='lat' dir='ltr'><strong>stecuium</strong></span> <span class='ocrx_word' id='word_1_681' title='bbox 2923 4128 2986 4170; x_wconf 78' lang='grc' dir='ltr'><strong>-ι-</strong></span> <span class='ocrx_word' id='word_1_682' title='bbox 3018 4115 3200 4169; x_wconf 80' lang='lat' dir='ltr'><strong>steculi</strong></span> <span class='ocrx_word' id='word_1_683' title='bbox 3256 4117 3274 4189; x_wconf 71' lang='grc' dir='ltr'>ζ</span> <span class='ocrx_word' id='word_1_684' title='bbox 3306 4154 3323 4173; x_wconf 86' lang='grc'><strong>.</strong></span> 
     </span>
    </p>
   </div>
   <div class='ocr_carea' id='block_1_101' title="bbox 1868 4204 3405 4279">
    <p class='ocr_par' dir='ltr' id='par_1_101' title="bbox 1868 4204 3405 4279">
     <span class='ocr_line' id='line_1_101' title="bbox 1868 4204 3405 4279; baseline -0.001 -14"><span class='ocrx_word' id='word_1_685' title='bbox 1868 4204 1916 4265; x_wconf 85' lang='lat' dir='ltr'><strong>.C</strong></span> <span class='ocrx_word' id='word_1_686' title='bbox 1938 4206 2044 4263; x_wconf 84' lang='lat' dir='ltr'><strong>lste</strong></span> <span class='ocrx_word' id='word_1_687' title='bbox 2069 4223 2199 4279; x_wconf 75' lang='lat' dir='ltr'><strong>ergo</strong></span> <span class='ocrx_word' id='word_1_688' title='bbox 2227 4205 2526 4262; x_wconf 85' lang='lat' dir='ltr'><strong>intellectus</strong></span> <span class='ocrx_word' id='word_1_689' title='bbox 2550 4206 2746 4270; x_wconf 88' lang='lat' dir='ltr'><strong>bonus,</strong></span> <span class='ocrx_word' id='word_1_690' title='bbox 2789 4205 2843 4260; x_wconf 88' lang='lat' dir='ltr'><strong>id</strong></span> <span class='ocrx_word' id='word_1_691' title='bbox 2884 4214 2986 4269; x_wconf 87' lang='lat' dir='ltr'><strong>cst,</strong></span> <span class='ocrx_word' id='word_1_692' title='bbox 3038 4221 3199 4262; x_wconf 83' lang='lat' dir='ltr'><strong>verus</strong></span> <span class='ocrx_word' id='word_1_693' title='bbox 3228 4216 3284 4263; x_wconf 89' lang='lat' dir='ltr'><strong>et</strong></span> <span class='ocrx_word' id='word_1_694' title='bbox 3317 4220 3405 4263; x_wconf 85' lang='lat' dir='ltr'><strong>sa-</strong></span> 
     </span>
    </p>
   </div>
   <div class='ocr_carea' id='block_1_102' title="bbox 1805 4295 3404 4369">
    <p class='ocr_par' dir='ltr' id='par_1_102' title="bbox 1805 4295 3404 4369">
     <span class='ocr_line' id='line_1_102' title="bbox 1805 4295 3404 4369; baseline 0.003 -19"><span class='ocrx_word' id='word_1_695' title='bbox 1805 4296 2033 4363; x_wconf 87' lang='lat' dir='ltr'><strong>lutaris,</strong></span> <span class='ocrx_word' id='word_1_696' title='bbox 2075 4298 2167 4368; x_wconf 84' lang='lat' dir='ltr'><strong>qui</strong></span> <span class='ocrx_word' id='word_1_697' title='bbox 2217 4298 2268 4351; x_wconf 91' lang='lat' dir='ltr'><strong>in</strong></span> <span class='ocrx_word' id='word_1_698' title='bbox 2316 4297 2509 4351; x_wconf 87' lang='lat' dir='ltr'><strong>timore</strong></span> <span class='ocrx_word' id='word_1_699' title='bbox 2557 4295 2771 4351; x_wconf 87' lang='lat' dir='ltr'><strong>Domini</strong></span> <span class='ocrx_word' id='word_1_700' title='bbox 2818 4297 3079 4368; x_wconf 86' lang='lat' dir='ltr'><strong>probatur</strong></span> <span class='ocrx_word' id='word_1_701' title='bbox 3121 4299 3404 4369; x_wconf 82' lang='lat' dir='ltr'><strong>intentus;</strong></span> 
     </span>
    </p>
   </div>
   <div class='ocr_carea' id='block_1_103' title="bbox 1809 4388 3407 4458">
    <p class='ocr_par' dir='ltr' id='par_1_103' title="bbox 1809 4388 3407 4458">
     <span class='ocr_line' id='line_1_103' title="bbox 1809 4388 3407 4458; baseline 0.004 -16"><span class='ocrx_word' id='word_1_702' title='bbox 1809 4388 1955 4443; x_wconf 81' lang='lat' dir='ltr'><strong>utilis</strong></span> <span class='ocrx_word' id='word_1_703' title='bbox 1997 4397 2161 4457; x_wconf 84' lang='lat' dir='ltr'><strong>atque</strong></span> <span class='ocrx_word' id='word_1_704' title='bbox 2201 4388 2513 4442; x_wconf 83' lang='lat' dir='ltr'><strong>fructuosus</strong></span> <span class='ocrx_word' id='word_1_705' title='bbox 2558 4397 2663 4453; x_wconf 91' lang='lat' dir='ltr'><strong>est,</strong></span> <span class='ocrx_word' id='word_1_706' title='bbox 2707 4391 2964 4458; x_wconf 87' lang='lat' dir='ltr'><strong>quoniam</strong></span> <span class='ocrx_word' id='word_1_707' title='bbox 3002 4389 3126 4445; x_wconf 87' lang='lat' dir='ltr'><strong>inde</strong></span> <span class='ocrx_word' id='word_1_708' title='bbox 3157 4392 3407 4449; x_wconf 86' lang='lat' dir='ltr'><strong>nascitur</strong></span> 
     </span>
    </p>
   </div>
   <div class='ocr_carea' id='block_1_104' title="bbox 1807 4478 3404 4552">
    <p class='ocr_par' dir='ltr' id='par_1_104' title="bbox 1807 4478 3404 4552">
     <span class='ocr_line' id='line_1_104' title="bbox 1807 4478 3404 4552; baseline 0.004 -20"><span class='ocrx_word' id='word_1_709' title='bbox 1807 4479 1951 4549; x_wconf 86' lang='lat' dir='ltr'><strong>quod</strong></span> <span class='ocrx_word' id='word_1_710' title='bbox 2007 4479 2103 4534; x_wconf 88' lang='lat' dir='ltr'><strong>ad.</strong></span> <span class='ocrx_word' id='word_1_711' title='bbox 2134 4493 2426 4548; x_wconf 86' lang='lat' dir='ltr'><strong>perennem</strong></span> <span class='ocrx_word' id='word_1_712' title='bbox 2480 4478 2710 4548; x_wconf 70' lang='lat' dir='ltr'><strong>gloriam</strong></span> <span class='ocrx_word' id='word_1_713' title='bbox 2760 4481 3057 4550; x_wconf 83' lang='lat' dir='ltr'><strong>perducere</strong></span> <span class='ocrx_word' id='word_1_714' title='bbox 3119 4483 3404 4552; x_wconf 85' lang='lat' dir='ltr'><strong>probatur.</strong></span> 
     </span>
    </p>
   </div>
   <div class='ocr_carea' id='block_1_105' title="bbox 1810 4572 3403 4644">
    <p class='ocr_par' dir='ltr' id='par_1_105' title="bbox 1810 4572 3403 4644">
     <span class='ocr_line' id='line_1_105' title="bbox 1810 4572 3403 4644; baseline 0.003 -18"><span class='ocrx_word' id='word_1_715' title='bbox 1810 4572 2073 4628; x_wconf 83' lang='lat' dir='ltr'><strong>Laudatio</strong></span> <span class='ocrx_word' id='word_1_716' title='bbox 2095 4572 2212 4641; x_wconf 88' lang='lat' dir='ltr'><strong>ejus</strong></span> <span class='ocrx_word' id='word_1_717' title='bbox 2237 4572 2398 4644; x_wconf 80' lang='lat' dir='ltr'><strong>digna</strong></span> <span class='ocrx_word' id='word_1_718' title='bbox 2438 4582 2540 4635; x_wconf 80' lang='lat' dir='ltr'><strong>est,</strong></span> <span class='ocrx_word' id='word_1_719' title='bbox 2570 4572 2697 4643; x_wconf 86' lang='lat' dir='ltr'><strong>quia</strong></span> <span class='ocrx_word' id='word_1_720' title='bbox 2726 4582 3042 4642; x_wconf 87' lang='lat' dir='ltr'><strong>peccatores</strong></span> <span class='ocrx_word' id='word_1_721' title='bbox 3069 4574 3262 4629; x_wconf 85' lang='lat' dir='ltr'><strong>liberat</strong></span> <span class='ocrx_word' id='word_1_722' title='bbox 3291 4576 3403 4642; x_wconf 82' lang='lat' dir='ltr'><strong>hic,</strong></span> 
     </span>
    </p>
   </div>
   <div class='ocr_carea' id='block_1_106' title="bbox 1808 4664 3411 4738">
    <p class='ocr_par' dir='ltr' id='par_1_106' title="bbox 1808 4664 3411 4738">
     <span class='ocr_line' id='line_1_106' title="bbox 1808 4664 3411 4738; baseline 0.001 -17"><span class='ocrx_word' id='word_1_723' title='bbox 1808 4677 1861 4721; x_wconf 83' lang='lat' dir='ltr'><strong>ct</strong></span> <span class='ocrx_word' id='word_1_724' title='bbox 1885 4667 1941 4720; x_wconf 89' lang='lat' dir='ltr'><strong>in</strong></span> <span class='ocrx_word' id='word_1_725' title='bbox 1966 4665 2147 4720; x_wconf 86' lang='lat' dir='ltr'><strong>futuro</strong></span> <span class='ocrx_word' id='word_1_726' title='bbox 2170 4676 2431 4733; x_wconf 76' lang='lat' dir='ltr'><strong>coronat;</strong></span> <span class='ocrx_word' id='word_1_727' title='bbox 2465 4664 2704 4722; x_wconf 84' lang='lat' dir='ltr'><strong>laudatio</strong></span> <span class='ocrx_word' id='word_1_728' title='bbox 2737 4682 2863 4721; x_wconf 84' lang='lat' dir='ltr'><strong>vero</strong></span> <span class='ocrx_word' id='word_1_729' title='bbox 2900 4669 3019 4738; x_wconf 85' lang='lat' dir='ltr'><strong>ejus</strong></span> <span class='ocrx_word' id='word_1_730' title='bbox 3054 4684 3161 4723; x_wconf 91' lang='lat' dir='ltr'><strong>non</strong></span> <span class='ocrx_word' id='word_1_731' title='bbox 3201 4668 3411 4723; x_wconf 86' lang='lat' dir='ltr'><strong>claudi-</strong></span> 
     </span>
    </p>
   </div>
   <div class='ocr_carea' id='block_1_107' title="bbox 1812 4758 3405 4840">
    <p class='ocr_par' dir='ltr' id='par_1_107' title="bbox 1812 4758 3405 4840">
     <span class='ocr_line' id='line_1_107' title="bbox 1812 4758 3405 4840; baseline -0.001 -26"><span class='ocrx_word' id='word_1_732' title='bbox 1812 4770 1898 4815; x_wconf 85' lang='lat' dir='ltr'><strong>tur</strong></span> <span class='ocrx_word' id='word_1_733' title='bbox 1922 4758 2171 4822; x_wconf 87' lang='lat' dir='ltr'><strong>termino,</strong></span> <span class='ocrx_word' id='word_1_734' title='bbox 2198 4758 2323 4828; x_wconf 87' lang='lat' dir='ltr'><strong>quia</strong></span> <span class='ocrx_word' id='word_1_735' title='bbox 2351 4774 2452 4813; x_wconf 88' lang='lat' dir='ltr'><strong>uec</strong></span> <span class='ocrx_word' id='word_1_736' title='bbox 2480 4760 2640 4812; x_wconf 85' lang='lat' dir='ltr'><strong>linem</strong></span> <span class='ocrx_word' id='word_1_737' title='bbox 2663 4758 2861 4813; x_wconf 87' lang='lat' dir='ltr'><strong>habere</strong></span> <span class='ocrx_word' id='word_1_738' title='bbox 2879 4769 3056 4828; x_wconf 87' lang='lat' dir='ltr'><strong>potest</strong></span> <span class='ocrx_word' id='word_1_739' title='bbox 3076 4758 3405 4840; x_wconf 86' lang='lat' dir='ltr'><strong>beneﬁcium</strong></span> 
     </span>
    </p>
   </div>
   <div class='ocr_carea' id='block_1_108' title="bbox 1812 4846 3405 4917">
    <p class='ocr_par' dir='ltr' id='par_1_108' title="bbox 1812 4846 3405 4917">
     <span class='ocr_line' id='line_1_108' title="bbox 1812 4846 3405 4917; baseline -0.004 -13"><span class='ocrx_word' id='word_1_740' title='bbox 1812 4851 2014 4904; x_wconf 82' lang='lat' dir='ltr'><strong>datum.</strong></span> <span class='ocrx_word' id='word_1_741' title='bbox 2064 4848 2109 4902; x_wconf 91' lang='lat' dir='ltr'><strong>ll</strong></span> <span class='ocrx_word' id='word_1_742' title='bbox 2148 4846 2190 4903; x_wconf 92' lang='lat' dir='ltr'><strong>C</strong></span> <span class='ocrx_word' id='word_1_743' title='bbox 2235 4847 2428 4905; x_wconf 68' lang='lat' dir='ltr'><strong>Morio</strong></span> <span class='ocrx_word' id='word_1_744' title='bbox 2470 4862 2599 4917; x_wconf 84' lang='lat' dir='ltr'><strong>ergo</strong></span> <span class='ocrx_word' id='word_1_745' title='bbox 2628 4848 2681 4901; x_wconf 90' lang='lat' dir='ltr'><strong>iu</strong></span> <span class='ocrx_word' id='word_1_746' title='bbox 2714 4846 2868 4899; x_wconf 74' lang='lat' dir='ltr'><strong>titulo</strong></span> <span class='ocrx_word' id='word_1_747' title='bbox 2896 4847 3114 4903; x_wconf 84' lang='lat' dir='ltr'><strong>alleluia</strong></span> <span class='ocrx_word' id='word_1_748' title='bbox 3144 4849 3405 4914; x_wconf 85' lang='lat' dir='ltr'><strong>scriptum</strong></span> 
     </span>
    </p>
   </div>
   <div class='ocr_carea' id='block_1_109' title="bbox 1809 4933 3412 5011">
    <p class='ocr_par' dir='ltr' id='par_1_109' title="bbox 1809 4933 3412 5011">
     <span class='ocr_line' id='line_1_109' title="bbox 1809 4933 3412 5011; baseline -0.004 -17"><span class='ocrx_word' id='word_1_749' title='bbox 1809 4951 1909 5006; x_wconf 76' lang='lat' dir='ltr'><strong>cst,</strong></span> <span class='ocrx_word' id='word_1_750' title='bbox 1937 4938 2062 5011; x_wconf 75' lang='lat' dir='ltr'><strong>quia</strong></span> <span class='ocrx_word' id='word_1_751' title='bbox 2094 4948 2151 4993; x_wconf 87' lang='lat' dir='ltr'><strong>et</strong></span> <span class='ocrx_word' id='word_1_752' title='bbox 2172 4939 2387 4997; x_wconf 86' lang='lat' dir='ltr'><strong>laudem</strong></span> <span class='ocrx_word' id='word_1_753' title='bbox 2412 4939 2506 4994; x_wconf 84' lang='lat' dir='ltr'><strong>Dei</strong></span> <span class='ocrx_word' id='word_1_754' title='bbox 2529 4938 2657 4993; x_wconf 81' lang='lat' dir='ltr'><strong>fecit</strong></span> <span class='ocrx_word' id='word_1_755' title='bbox 2684 4934 2916 5003; x_wconf 86' lang='lat' dir='ltr'><strong>initium,</strong></span> <span class='ocrx_word' id='word_1_756' title='bbox 2946 4945 3003 4990; x_wconf 87' lang='lat' dir='ltr'><strong>et</strong></span> <span class='ocrx_word' id='word_1_757' title='bbox 3032 4939 3085 4992; x_wconf 88' lang='lat' dir='ltr'><strong>in</strong></span> <span class='ocrx_word' id='word_1_758' title='bbox 3112 4933 3229 5003; x_wconf 88' lang='lat' dir='ltr'><strong>cjus</strong></span> <span class='ocrx_word' id='word_1_759' title='bbox 3248 4933 3412 4987; x_wconf 81' lang='lat' dir='ltr'><strong>laude</strong></span> 
     </span>
    </p>
   </div>
   <div class='ocr_carea' id='block_1_110' title="bbox 1809 5031 2386 5102">
    <p class='ocr_par' dir='ltr' id='par_1_110' title="bbox 1809 5031 2386 5102">
     <span class='ocr_line' id='line_1_110' title="bbox 1809 5031 2386 5102; baseline -0.002 -14"><span class='ocrx_word' id='word_1_760' title='bbox 1809 5034 1994 5089; x_wconf 88' lang='lat' dir='ltr'><strong>ﬁnitus</strong></span> <span class='ocrx_word' id='word_1_761' title='bbox 2016 5041 2102 5088; x_wconf 87' lang='lat' dir='ltr'><strong>est</strong></span> <span class='ocrx_word' id='word_1_762' title='bbox 2127 5031 2386 5102; x_wconf 81' lang='lat' dir='ltr'><strong>psalmus.</strong></span> 
     </span>
    </p>
   </div>
   <div class='ocr_carea' id='block_1_111' title="bbox 2276 5135 2941 5180">
    <p class='ocr_par' dir='ltr' id='par_1_111' title="bbox 2276 5135 2941 5180">
     <span class='ocr_line' id='line_1_111' title="bbox 2276 5135 2941 5180; baseline -0.011 -2"><span class='ocrx_word' id='word_1_763' title='bbox 2276 5135 2481 5180; x_wconf 73' lang='lat' dir='ltr'><strong>ORATIO</strong></span> <span class='ocrx_word' id='word_1_764' title='bbox 2533 5137 2604 5177; x_wconf 72' lang='lat' dir='ltr'><strong>EX</strong></span> <span class='ocrx_word' id='word_1_765' title='bbox 2655 5136 2804 5176; x_wconf 68' lang='lat' dir='ltr'><strong>PSA!»</strong></span> <span class='ocrx_word' id='word_1_766' title='bbox 2854 5135 2941 5174; x_wconf 69' lang='lat' dir='ltr'><strong>CI.</strong></span> 
     </span>
    </p>
   </div>
   <div class='ocr_carea' id='block_1_112' title="bbox 1884 5202 3413 5285">
    <p class='ocr_par' dir='ltr' id='par_1_112' title="bbox 1884 5202 3413 5285">
     <span class='ocr_line' id='line_1_112' title="bbox 1884 5202 3413 5285; baseline -0.006 -16"><span class='ocrx_word' id='word_1_767' title='bbox 1884 5213 2207 5271; x_wconf 81' lang='lat' dir='ltr'><strong>Sanctorum</strong></span> <span class='ocrx_word' id='word_1_768' title='bbox 2267 5216 2514 5272; x_wconf 86' lang='lat' dir='ltr'><strong>omnium</strong></span> <span class='ocrx_word' id='word_1_769' title='bbox 2573 5215 2805 5285; x_wconf 79' lang='lat' dir='ltr'><strong>gloriosa</strong></span> <span class='ocrx_word' id='word_1_770' title='bbox 2865 5207 3174 5270; x_wconf 85' lang='lat' dir='ltr'><strong>confessio,</strong></span> <span class='ocrx_word' id='word_1_771' title='bbox 3235 5202 3413 5260; x_wconf 85' lang='lat' dir='ltr'><strong>tribue</strong></span> 
     </span>
    </p>
   </div>
   <div class='ocr_carea' id='block_1_113' title="bbox 1806 5294 3409 5370">
    <p class='ocr_par' dir='ltr' id='par_1_113' title="bbox 1806 5294 3409 5370">
     <span class='ocr_line' id='line_1_113' title="bbox 1806 5294 3409 5370; baseline -0.007 -7"><span class='ocrx_word' id='word_1_772' title='bbox 1806 5306 1962 5367; x_wconf 71' lang='lat' dir='ltr'><strong>nobis</strong></span> <span class='ocrx_word' id='word_1_773' title='bbox 2028 5307 2278 5363; x_wconf 81' lang='lat' dir='ltr'><strong>timorem</strong></span> <span class='ocrx_word' id='word_1_774' title='bbox 2324 5302 2564 5364; x_wconf 76' lang='lat' dir='ltr'><strong>nominis</strong></span> <span class='ocrx_word' id='word_1_775' title='bbox 2632 5306 2707 5360; x_wconf 89' lang='lat' dir='ltr'><strong>tui</strong></span> <span class='ocrx_word' id='word_1_776' title='bbox 2774 5299 2950 5370; x_wconf 86' lang='lat' dir='ltr'><strong>(quod</strong></span> <span class='ocrx_word' id='word_1_777' title='bbox 3009 5312 3131 5353; x_wconf 83' lang='lat' dir='ltr'><strong>esse</strong></span> <span class='ocrx_word' id='word_1_778' title='bbox 3192 5294 3409 5351; x_wconf 84' lang='lat' dir='ltr'><strong>initium</strong></span> 
     </span>
    </p>
   </div>
  </div>
