3994 5370
511 237 631 301 ἀεὶ

1053 355 1395 412 ιιδΑωιυε.
1415 356 1548 413 CXI.
1642 392 1647 393 ί

947 485 1311 527 Αιισυωεκτυδι
1357 487 1503 527 ρεΑι..
1549 489 1658 527 CXI.

582 587 623 641 C
652 584 919 653 Pmpheta
946 578 1187 654 loquitur
1207 584 1273 639 de
1300 585 1635 640 beatitudine
1655 583 1811 654 justi,
1840 592 1895 639 et
1924 584 1990 640 de
2017 584 2101 639 in-

512 676 829 730 rarnatiou'e
856 672 1080 741 Christi,
1114 686 1277 746 atque
1311 675 1658 732 damnatione
1682 676 1988 747 impiorum.

684 785 912 841 Alleluia
937 801 1001 842 αι-
1028 788 1378 843 conversionis
1403 764 1585 861 Δί]θωὶ
1609 797 1657 844 et
1687 786 1964 847 Zachariae
1994 790 2015 864 ξ
2048 827 2061 844 .

584 902 626 957 C
670 901 797 958 Ideo
845 901 975 958 huic
1018 902 1178 959 titulo
1216 902 1612 969 conversionis,
1646 918 1741 959 seu
1774 904 2103 961 reversionis

512 994 700 1065 Αεκωί
727 1002 782 1048 et
811 992 1090 1050 Zachariae
1120 994 1405 1060 intexitur,
1429 996 1553 1065 quia
1581 995 1723 1052 sicut
1743 996 1839 1062 illi,
1867 1012 1896 1052 a
1927 997 2102 1069 Baby-

516 1086 691 1158 lonica
716 1085 1033 1157 captivitate
1057 1086 1279 1151 reversi,
1311 1086 1570 1156 templum
1619 1087 1833 1144 Domini
1859 1090 2105 1160 reparari

516 1176 781 1244 videntes,
809 1176 998 1232 laudes
1018 1177 1230 1233 Domini
1256 1193 1450 1249 magna
1487 1177 1845 1248 profuderunt
1868 1180 2107 1236 exsulta-

515 1269 686 1335 tione,
712 1270 786 1325 ita
812 1276 936 1340 post
982 1279 1325 1345 peccatorum
1368 1271 1785 1338 absolutionem,
1821 1287 1851 1327 a
1874 1273 2108 1343 captivi-

520 1370 632 1417 tate
681 1361 881 1418 diaboli
930 1363 1136 1418 reversi
1182 1362 1235 1418 in
1267 1362 1364 1418 Dei
1396 1364 1653 1435 gratiam,
1698 1363 2106 1435 perfectissima

517 1452 755 1509 debeant
778 1450 1074 1510 Christiani
1109 1453 1394 1510 alacritate
1423 1464 1664 1510 cantare.
1684 1454 1935 1513 Ostendit
1961 1455 2106 1511 enim

518 1542 761 1613 psalmus
812 1542 935 1607 iste,
982 1551 1106 1613 post
1129 1542 1506 1600 liberationem
1538 1544 1879 1609 delictorum,
1903 1552 2107 1617 quanta

519 1631 627 1709 sint
647 1632 790 1689 bona
816 1632 1056 1690 ﬁdelium
1085 1640 1285 1704 etquae
1315 1633 1601 1691 retributio
1627 1642 1995 1705 peccatorum.

522 1724 555 1779 1
628 1723 825 1780 Beatus
855 1725 934 1780 vir
960 1725 1052 1797 qui
1073 1725 1217 1783 timet
1242 1725 1529 1780 Dominum
1555 1737 1574 1777 :

664 1816 732 1872 In
758 1818 1024 1873 mandatis
1048 1819 1164 1889 ejus
1188 1818 1322 1874 uolet
1350 1818 1533 1881 nimis.
2130 1886 2135 1893 δ

534 1949 551 1960 .
592 1908 639 1964 ll
663 1909 911 1966 Nondum
934 1911 1086 1976 dicit,
1128 1912 1321 1967 beatus
1368 1912 1451 1966 vir
1473 1912 1564 1982 qui
1582 1910 2107 1983 diligitDOmintt‘n;

523 2000 770 2056 virorum
797 2000 943 2056 enim
987 2008 1074 2056 est
1120 2000 1498 2070 incipientium
1538 2002 1732 2057 timere
1760 2001 1965 2068 Deum;
1991 2016 2115 2072 per-

524 2098 791 2153 fecturum
832 2103 1039 2162 autem,
1088 2094 1332 2166 diligere.
1389 2095 1446 2151 ln
1499 2094 1773 2151 mandatis
1821 2093 1939 2163 ejus
1970 2094 2114 2150 volet

523 2190 712 2255 nimis,
741 2189 833 2259 qui
883 2190 1028 2245 enim
1077 2190 1231 2246 timet
1258 2191 1571 2259 Dominum,
1597 2199 1651 2247 et
1677 2192 1770 2261 qui
1793 2193 1983 2248 beatus
2006 2199 2111 2257 est,

525 2282 780 2336 mandata
813 2282 983 2352 ipsius
1026 2281 1260 2339 libenter
1301 2283 1539 2339 custodit
1577 2290 1634 2338 et
1663 2282 1812 2338 iacit.
1840 2281 1946 2337 Sed
1992 2282 2116 2336 vide

528 2375 657 2443 quia
709 2374 871 2429 etiam
914 2389 1018 2429 non
1047 2375 1206 2440 dixit,
1249 2375 1505 2429 mandata
1531 2375 1650 2445 ejus
1672 2372 1822 2439 facit,
1847 2373 1942 2429 sed
1970 2372 2116 2429 volet

526 2466 707 2521 nimis.
764 2466 911 2521 Multi
943 2467 1088 2521 enim
1142 2468 1306 2522 etiam
1357 2465 1566 2521 faciunt
1606 2466 1885 2530 mandata,
1927 2465 2021 2520 sed
2050 2465 2118 2519 ti-

526 2571 679 2613 more
702 2570 899 2626 poenae,
922 2572 1029 2611 non
1059 2557 1353 2613 voluntatis
1374 2556 1690 2627 cupiditate.
1714 2556 1912 2612 Beatus
1933 2562 2131 2610 autem;

528 2649 694 2703 etiam
726 2649 841 2703 vult
866 2664 950 2713 ea,
983 2658 1039 2704 et
1065 2650 1213 2719 cupit
1243 2666 1307 2705 ea
1344 2651 1546 2706 facere.

527 2739 566 2793 2
672 2738 870 2794 Potens
895 2742 948 2794 in
974 2750 1112 2795 terra
1142 2742 1238 2795 erit
1262 2758 1436 2795 semen
1456 2743 1573 2811 ejus
1603 2754 1623 2793 .'

674 2832 956 2885 Generatia
980 2842 1238 2886 rectorum
1265 2833 1616 2886 benedicetur.

548 2944 557 2951 ν
601 2920 642 2977 C
664 2921 982 2989 Quzeramus
1006 2930 1206 2983 autem.
1234 2922 1287 2977 in
1311 2938 1417 2992 qua
1449 2929 1591 2977 terra
1609 2921 1743 2990 justi
1766 2921 2016 2991 potentes
2040 2920 2122 2975 di-

533 3019 731 3066 cantur
753 3009 913 3077 edici,
944 3012 1068 3082 quia
1100 3013 1190 3068 hic
1210 3013 1518 3083 probantur
1538 3027 1658 3067 esse
1674 3011 1892 3066 derisui.
1922 3010 1979 3066 in
2004 3011 2115 3077 illa,

533 3106 742 3162 scilicet
774 3106 827 3160 in
859 3120 1132 3176 quacum
1186 3106 1415 3160 Domino
1458 3104 1734 3175 regnaturi
1760 3111 1886 3158 sunt
1920 3103 2116 3157 sancti.

534 3195 733 3251 Semen
787 3212 944 3263 vero,
984 3212 1149 3266 opera
1198 3196 1467 3267 signillcat
1508 3196 1670 3260 bona,
1716 3209 1836 3265 quae
1865 3193 1951 3248 bic
1976 3192 2125 3249 velut

538 3286 1069 3355 seminajaciuntur,
1101 3295 1160 3342 ut
1210 3285 1418 3342 fructus
1460 3285 1654 3341 futurae
1708 3285 1903 3341 messis
1933 3284 2124 3339 adole-

537 3383 674 3429 scat.
690 3376 987 3432 Generatio
1012 3392 1228 3446 quoque
1253 3384 1548 3441 rectorum,
1573 3384 1777 3431 nonest
1797 3376 1898 3430 ista
1919 3374 2124 3440 carnis,

538 3466 634 3517 sed
665 3465 755 3521 illa
784 3480 904 3535 quae
927 3466 1231 3522 imitatione
1253 3467 1548 3537 justorum,
1577 3480 1677 3536 per
1716 3464 2125 3521 similitudinem
2227 3470 2239 3483 ‘

539 3568 763 3626 operum
790 3557 1037 3611 noscitur
1053 3570 1173 3612 esse
1192 3564 1514 3627 propagata.

541 3668 577 3721 5
685 3668 871 3724 Gloria
895 3677 944 3722 et
972 3668 1166 3722 divitia:
1186 3668 1237 3721 in
1259 3668 1415 3721 domo
1445 3672 1560 3735 ejus
1594 3679 1613 3717 :

552 3752 561 3758 ”
688 3757 754 3813 Et
774 3756 989 3828 justitia
1013 3757 1126 3826 ejus
1152 3765 1325 3811 manet
1354 3755 1405 3810 in
1427 3753 1678 3809 sa'culum
1704 3768 1766 3809 4η
1791 3752 1971 3808 stcculi
2001 3752 2019 3824 ζ
2055 3791 2069 3806 .
2128 3762 2135 3769 '

613 3846 655 3903 C
710 3845 863 3901 Beati
893 3845 1109 3910 domus,
1136 3854 1220 3899 est
1241 3843 1442 3899 mentis
1464 3850 1757 3906 secretum,
1792 3841 1882 3895 ubi
1911 3840 2131 3897 divitias

545 3935 766 3992 sanctas
794 3944 848 3991 et
869 3933 1096 4005 gloriam
1143 3940 1464 4002 perpetuam
1492 3932 1726 4001 reponit,
1756 3929 2001 3999 quisquis
2025 3929 2131 3983 Do-

546 4030 678 4087 mini
709 4037 980 4100 praecepta
1032 4024 1403 4096 compleverit.
1447 4023 1662 4079 Justitia
1693 4031 1872 4077 autem
1898 4021 2132 4076 hominis

547 4107 768 4183 (icitur,
793 4132 912 4189 qua:
944 4117 1173 4172 Domino
1210 4116 1475 4188 largiente
1523 4121 1832 4184 praestatur,
1867 4120 1922 4166 et
1945 4126 2012 4166 ne
2035 4110 2133 4165 alia

467 4260 475 4265 .
549 4212 757 4279 qius-se
778 4211 1119 4268 existimaret
1143 4209 1236 4263 Dei
1268 4216 1535 4278 prmcepta
1562 4204 1827 4260 servando
1853 4201 1968 4257 ﬁeri
1998 4209 2134 4257 tem-

552 4298 813 4369 poralitcr
846 4298 1083 4362 beatum,
1135 4296 1362 4359 addidit,
1389 4302 1573 4351 manet
1602 4293 1655 4347 in
1680 4293 1933 4348 saeculum
1965 4305 2136 4347 saecu-

1441 242 1498 298 s.
1542 234 1891 300 nnuno‘ms
1932 230 2476 302 HERBIPOLENSIS
2517 221 2819 305 sétscort

3668 212 3767 305 tri

2126 351 2175 419 Α
2204 368 2476 428 acceptus,
2522 375 2684 430 quam
2716 361 2826 417 Deo
2849 370 3054 431 gratus.
3084 362 3187 431 Qui
3242 363 3552 428 miseretur,
3582 364 3631 418 id
3666 376 3764 428 est,

2203 451 2296 519 qui
2333 454 2619 523 egentibus
2647 456 2786 511 bona
2840 465 2936 511 sua
2961 457 3168 513 tribuit.
3204 458 3569 515 Commodare
3600 468 3766 516 autem

2202 543 2437 613 videtur,
2460 548 2679 616 quando
2698 550 2791 605 dat
2840 549 3002 605 homo
3039 546 3356 622 temporalia
3383 558 3438 606 et
3468 562 3775 622 recepturus

2203 644 2290 692 est
2338 646 2561 692 aeterna.
2619 637 2899 710 Disponet,
2940 654 3071 695 vero
3121 640 3270 696 dicit.
3301 640 3354 697 id
3379 649 3466 696 est
3493 642 3771 702 tranquillo

2203 726 2387 781 animo
2406 726 2678 798 judicabit
2706 746 2720 783 :
2753 730 3026 799 quomodo
3076 729 3336 786 talentum
3366 730 3470 785 sibi
3500 745 3533 785 a
3561 732 3773 788 nomino

2204 817 2464 872 traditum
2490 814 2881 891 duplicethse
2904 834 3034 891 ergo
3060 819 3302 891 disponit
3330 835 3615 876 sermones
3635 835 3774 887 suos,

2205 907 2297 976 qui
2325 922 2385 964 se
2411 909 2549 965 bona
2594 909 2689 965 Dei
2720 910 3028 982 geminasse
3052 910 3387 981 probaverit,
3426 910 3653 966 dicens:
3679 912 3775 966 Do-

2205 999 2371 1068 mine,
2398 1001 2638 1073 quinque
2669 1002 2869 1058 talenta
2915 1003 3182 1059 tradidisti
3221 1003 3353 1058 mibi
3392 1001 3612 1075 (Matth.
3634 1005 3777 1071 xxv).

2206 1090 2324 1149 Non
2349 1094 2804 1160 commovebitur,
2837 1093 2891 1148 id
2932 1102 3017 1151 est
3046 1107 3077 1150 a
3108 1094 3279 1167 gloria
3310 1093 3532 1150 Domini
3567 1094 3789 1151 nullateo'

2205 1197 2310 1238 nus
2343 1182 2705 1253 separabitur.
2739 1181 2785 1238 Η
2823 1182 2865 1238 C
2907 1183 3161 1254 Disponit
3209 1183 3374 1239 etiam
3408 1197 3688 1240 sermones
3731 1182 3780 1237 in

2203 1274 2428 1346 judicio,
2457 1275 2550 1346 qui
2575 1274 2790 1331 divinas
2820 1275 3132 1346 Scripturas
3162 1274 3423 1347 prtedicat
3446 1275 3703 1339 discrete,
3729 1282 3787 1327 ut

2208 1382 2317 1424 non
2340 1366 2595 1438 projiciat
2627 1367 2956 1438 margaritas
2999 1376 3128 1423 ante
3169 1381 3365 1437 porcos
3415 1365 3640 1438 (Matth.
3667 1362 3781 1435 vn),

2207 1474 2312 1517 nec
2338 1461 2496 1516 bonis
2517 1474 2640 1530 qua:
2661 1474 2857 1530 capere
2891 1468 3121 1529 possunt
3148 1457 3379 1514 tacendo
3412 1457 3715 1513 subtrahat.

2208 1550 2245 1607 ϐ
2321 1546 2412 1605 ’1η
2439 1550 2696 1605 memoria
2719 1559 2915 1605 caterua
2936 1551 3033 1604 erit
3045 1549 3226 1619 justus
3242 1566 3263 1606 .'

2352 1644 2431 1698 Ab
2453 1644 2722 1699 auditione
2747 1640 2890 1698 mala
2917 1659 3019 1698 non
3043 1643 3259 1698 timebit.

2139 1713 2188 1779 Β
2281 1735 2324 1791 C
2354 1735 2411 1789 In
2439 1734 2701 1789 memoria
2725 1742 2930 1789 :eterna
2970 1733 3077 1788 erit
3095 1735 3297 1801 justus,
3321 1731 3452 1802 quia
3477 1741 3706 1786 vocatur
3724 1729 3797 1784 ad

2160 1896 2163 1897 ν
2211 1826 2521 1899 praemium,
2549 1824 2729 1895 impiis
2752 1824 2900 1880 enim
2936 1823 3137 1879 dicitur
3172 1842 3186 1878 :
3219 1822 3414 1879 Nescio
3445 1837 3567 1877 vos.
3597 1822 3678 1876 Ab
3704 1819 3789 1875 illo

2213 1917 2399 1974 auditu
2436 1916 2579 1971 malo
2610 1931 2718 1971 non
2770 1914 3207 1985 timebit,.quem
3258 1913 3497 1969 audituri
3528 1919 3656 1967 sunt
3704 1911 3793 1964 imo

2213 2011 2287 2081 pii
2320 2025 2334 2065 :
2362 2008 2442 2065 Ite
2487 2010 2542 2064 in
2588 2009 2769 2079 ignem
2798 2016 3098 2073 :eternum;
3147 2006 3322 2061 malus
3347 2005 3495 2061 enim
3545 2004 3652 2059 illis
3702 2002 3786 2057 ille

2215 2103 2433 2158 auditus
2453 2101 2694 2166 videtur,
2724 2100 2815 2171 qui
2837 2099 2984 2170 justa
3035 2099 3328 2155 severitate
3358 2095 3621 2167 puniendi
3648 2100 3795 2150 sunt.

2215 2195 2247 2250 7
2355 2191 2618 2248 Paratum
2641 2208 2733 2247 cor
2759 2191 2873 2262 ejus
2901 2206 3111 2261 sperare
3132 2191 3185 2244 in
3212 2188 3440 2244 Domino
3466 2201 3485 2238 :

2358 2282 2738 2352 Con/innatum
2764 2292 2837 2337 est
2869 2297 2960 2335 cor
2980 2280 3094 2351 ejus
3129 2293 3149 2332 :
3181 2295 3288 2333 non
3325 2275 3732 2332 commovebitur

2359 2375 2537 2430 Donec
2566 2374 2816 2446 despiciat
2842 2371 3081 2428 inimicos
3103 2388 3247 2426 suos.

2288 2467 2330 2524 (ἶ
2359 2466 2468 2524 Cor
2517 2467 2662 2523 enim
2712 2467 2801 2522 hic
2855 2464 3091 2536 positum
3142 2471 3225 2519 est
3253 2477 3354 2534 pro
3397 2460 3601 2517 all'ectu
3645 2467 3807 2515 rectae

2218 2560 2439 2616 mentis.
2492 2557 2885 2614 (lonlirmatum
2962 2563 3049 2611 est
3095 2568 3224 2624 ergo
3277 2567 3373 2607 cor
3448 2551 3630 2620 justi,
3680 2563 3797 2604 cum

2220 2650 2363 2706 nulla
2421 2648 2603 2705 saeculi
2674 2646 2933 2704 felicitate
3006 2644 3289 2701 mollescit.
3360 2643 3547 2698 Donec
3622 2638 3794 2708 despi-

2219 2743 2330 2799 ciat
2354 2740 2625 2805 inimicos,
2652 2738 2707 2794 id
2739 2747 2824 2793 est
2873 2738 2929 2792 in
2981 2736 3083 2813 illa
3112 2735 3295 2796 futura
3328 2733 3668 2805 judicatione
3713 2730 3799 2784 de-

2222 2832 2395 2904 specti
2422 2840 2551 2887 sunt
2579 2829 2896 2886 omnimodo
2938 2826 3263 2891 adversarii,
3290 2825 3382 2896 qui
3428 2824 3522 2879 hic
3546 2822 3801 2892 despexe-

2223 2932 2357 2979 runt
2376 2921 2665 2993 justos..ln
2694 2921 2798 2976 hoc
2817 2919 2962 2976 enim
3004 2918 3208 2974 mundo
3237 2919 3381 2973 Deus
3406 2915 3615 2986 patitur
3638 2913 3803 2983 justus

2225 3029 2353 3070 suos
2391 3007 2582 3069 videre
2628 3010 2885 3066 inimicos
2923 3025 3049 3065 suos
3079 3015 3328 3081 potentes
3357 3020 3501 3070 esse,
3526 3011 3591 3057 ut
3619 3002 3693 3057 ibi
3719 3015 3802 3055 eos

2223 3104 2435 3174 pussint
2472 3103 2788 3159 humiliatos
2813 3102 3077 3172 aspicere.
3119 3097 3165 3153 ll
3203 3097 3298 3153 Vel
3342 3094 3616 3157 inimicos,
3656 3092 3706 3146 id
3728 3098 3803 3145 est

2221 3203 2467 3267 peccata,
2513 3193 2826 3259 haereticos,
2876 3189 3151 3246 diabolum
3203 3196 3259 3242 ct
3320 3192 3625 3257 potestates
3678 3179 3803 3250 ejus,

2222 3292 2561 3353 peccatores,
2596 3281 2809 3337 scilicet
2831 3279 3112 3350 despiciet.

2223 3376 2257 3432 8
2363 3372 2623 3445 Dispersit
2660 3371 2801 3426 dedit
2848 3369 3210 3440 pauperibus:

2364 3464 2585 3519 Iustitia
2606 3462 2721 3533 ejus
2748 3470 2917 3515 manet
2950 3460 3005 3511 iu
3034 3458 3284 3512 sa’culum
3309 3452 3576 3512 +sa'culi
3605 3452 3627 3525 ζ
3655 3467 3673 3509 :

2368 3557 2545 3612 Cornu
2573 3555 2687 3625 ejus
2714 3551 3037 3609 exaltabitur
3067 3551 3125 3603 in
3156 3548 3347 3619 gloria.

2297 3649 2339 3705 C
2368 3647 2654 3718 Dispersit,
2682 3643 2799 3699 haec
2828 3639 3098 3698 sententia
3142 3637 3377 3708 pertinet
3405 3635 3470 3689 ad
3501 3632 3637 3688 illud
3682 3647 3808 3703 pra:-

2228 3749 2491 3811 ceptum:
2531 3738 2679 3793 Vade
2721 3742 2778 3790 et
2820 3733 2990 3789 vende
3033 3730 3214 3787 omnia
3268 3737 3325 3783 et
3373 3728 3441 3781 da
3488 3724 3810 3797 pauperibus

2231 3830 2446 3901 (Matth.
2499 3827 2638 3897 XIX).
2679 3824 2781 3892 Qui
2818 3823 2935 3878 hrec
2984 3820 3201 3884 fecerit,
3230 3816 3494 3889 justitiam
3542 3822 3807 3884 operatur,

2230 3920 2358 3993 quia
2404 3918 2618 3974 Domini
2661 3922 2932 3986 praecepta
2972 3909 3285 3981 complevit.
3321 3906 3366 3962 ll
3398 3904 3464 3960 Et
3508 3904 3614 3959 ista
3646 3909 3812 3993 manet

2232 3992 2286 4067 in
2311 4010 2565 4070 szeculum
2604 4005 2808 4071 saeculi,
2856 4004 2909 4060 id
2950 4011 3033 4059 cst
3062 4015 3224 4072 opera
3257 3998 3373 4069 ipsa
3412 4003 3751 4067 permanent.
3774 3992 3809 4046 (Ζ

2234 4102 2329 4158 Vel
2362 4101 2487 4172 quia
2517 4098 2800 4170 praemium
2827 4109 3015 4151 eorum
3041 4087 3372 4147 :cternaliter
3392 4092 3601 4149 manet,
3632 4085 3803 4137 dicun-

2222 4202 2322 4248 tur
2343 4205 2566 4248 manere
2582 4190 2641 4244 in
2664 4186 2920 4244 saaculum
2949 4182 3151 4239 saeculi.
3185 4178 3229 4234 ll
3257 4180 3434 4235 Cornu
3464 4176 3609 4245 eius,
3639 4174 3690 4228 id
3719 4180 3806 4234 est,

2234 4298 2461 4356 regnum
2489 4283 2657 4354 ipsius
2686 4278 3020 4337 exaltabitur
3068 4275 3120 4329 in
3164 4274 3354 4345 gloria,
3393 4269 3522 4340 quia
3556 4283 3685 4323 cum
3721 4265 3804 4319 Do-

554 4358 611 4443 li.
642 4387 876 4444 Causam
902 4403 1031 4444 vero
1056 4358 1209 4443 istius
1237 4358 1590 4443 beatitudinis
1613 4384 1797 4440 subdit
1827 4395 1841 4436 :
1870 4381 2132 4437 Exortum
2159 4407 2213 4469 Β
2240 4379 2388 4432 mino
2417 4389 2634 4445 semper
2662 4371 2928 4445 regnabit.
2969 4368 3216 4469 CiCorn‘u
3248 4364 3388 4469 enim
3421 4375 3523 4469 pro
3562 4358 3809 4469 potestate

555 4490 659 4543 εει,
688 4486 794 4534 ctc.

554 4573 591 4627 ι
702 4570 958 4625 Exortum
994 4577 1070 4623 est
1099 4570 1152 4623 in
1174 4569 1397 4624 tenebris
1419 4568 1593 4622 lumen
1617 4567 1768 4621 rectis
1791 4581 1811 4621 :

700 4660 1003 4716 Misericors
1022 4668 1069 4714 et
1092 4659 1372 4713 miserator
1398 4668 1446 4713 et
1476 4659 1678 4729 justus.

548 4761 564 4770 '
628 4756 668 4811 C
698 4753 862 4809 Venit
890 4753 1033 4809 enim
1065 4753 1176 4816 lux,
1204 4768 1324 4821 qum
1350 4761 1572 4822 superat
1614 4764 1828 4805 omnem
1855 4749 2051 4815 lucem,
2083 4757 2141 4805 et

556 4858 621 4901 rt
651 4845 858 4919 gratior
878 4854 1029 4902 esset
1051 4845 1155 4900 ista
1182 4844 1295 4909 lux,
1318 4843 1525 4898 addidit
1552 4843 1607 4898 in
1641 4840 1899 4906 tenebris,
1935 4840 2032 4895 sed
2060 4840 2145 4894 in-

558 4950 650 4993 tus
694 4942 821 4992 sunt
862 4935 917 4990 iu
950 4935 1112 4991 corde
1168 4934 1287 4989 istae
1336 4935 1586 4997 tenebrae,
1618 4931 1710 4986 ubi
1735 4931 1815 4988 sol
1839 4930 2143 4985 mundanus

560 5042 668 5060 διιπ-
693 5036 869 5060 nnlnor
900 5026 1161 5060 ηηηοιὶηυια
1212 5041 1345 5060 nunc
1375 5024 1502 5060 ἶΠιικΙ
1532 5025 1729 5060 νιιηγιοη
1773 5022 1971 5060 ονηηΙῖΙ
1998 5021 2142 5060 ηηΛιΙ

2241 4468 2484 4541 ponitur,
2511 4466 2625 4521 sive
2650 4478 2751 4535 pro
2777 4476 2963 4532 regno,
2990 4459 3131 4515 sicut
3161 4456 3295 4511 dicit
3318 4451 3508 4508 Daniel
3536 4469 3550 4505 :
3586 4449 3819 4538 Quatuor.

2245 4567 2427 4614 autem
2459 4569 2683 4620 cornua,
2714 4561 2948 4622 quatuor
2977 4562 3138 4620 P9803
3178 4553 3323 4603 sunt.

2244 4654 2279 4709 9
2386 4650 2640 4705 Peccator
2665 4632 2851 4703 videbit
2888 4654 2936 4698 et
2965 4643 3219 4697 irascetur
3251 4655 3269 4694 :
3307 4636 3546 4692 dentibus
3572 4635 3686 4689 suis
3722 4632 3808 4701 {re-

2458 4750 2561 4795 met
2583 4749 2629 4793 et
2660 4738 2905 4791 tabescet.

2393 4830 2717 4885 Desiderium
2738 4835 3067 4898 peccatorum
3087 4820 3289 4892 peribit.

2317 4923 2358 4980 C
2404 4919 2612 4977 Videbit
2645 4925 2898 4990 peccator
2925 4916 2979 4969 iu
3007 4914 3096 4969 die
3119 4909 3306 4983 judicii
3338 4918 3693 4962 remunerare
3718 4903 3803 4957 Do-

2248 5014 2451 5060 mimum
2476 5009 2677 5060 electos
2724 5019 2869 5060 suos.
2925 5003 3184 5060 Tuncque
3233 4998 3525 5060 irascetur,
3574 4994 3803 5060 quoniam
