3994 5370
196 332 309 389 διδ,

194 553 430 608 spot-gere
465 539 517 594 in
543 540 645 595 hoc
688 542 888 597 saeculo
911 550 969 596 ut
995 556 1285 598 caveamus
1328 540 1571 595 auditum
1595 551 1752 605 aspc-

195 646 300 685 rum
329 630 380 685 io
408 631 608 688 futuro.
639 632 745 689 Per
773 634 1060 689 Dominum
1104 644 1346 690 nostrum
1374 633 1560 689 Iesum
1599 628 1785 684 Cbri-,

192 732 340 790 stum,
371 735 474 781 etc.

451 824 457 831 ’
703 820 829 877 PSA
840 820 1026 877 [Δίυὸ
1061 819 1220 877 CXII.

596 949 959 992 IRGUIENTUI‘
996 950 1144 992 PSAL.
1195 949 1325 991 CI".

224 1128 231 1133 _
257 1048 295 1104 ε
342 1045 613 1119 Propheta
640 1060 824 1105 monet
847 1049 1075 1106 devotos
1102 1062 1162 1105 ut
1201 1047 1389 1106 laudes
1418 1044 1530 1103 Deo
1547 1045 1755 1119 iugiter

191 1154 219 1193 ι
250 1140 447 1197 cunctis
476 1141 666 1197 mundi
701 1142 952 1214 partibus
979 1142 1186 1198 dicant.

746 1256 857 1311 TT.
921 1257 1171 1314 Alleluia.

220 1414 221 1419 η
252 1345 291 1403 ο
323 1345 460 1402 Ecce
487 1348 651 1404 verba
685 1349 825 1405 tituli
854 1351 935 1407 sui
959 1352 1298 1422 subsequens
1324 1350 1568 1420 psalmus
1587 1365 1756 1420 espo—

190 1438 279 1502 nit,
303 1453 427 1492 nam
462 1454 590 1495 cum
621 1440 715 1505 sit,
750 1441 987 1504 alleluia.
1016 1443 1233 1499 laudate
1262 1443 1574 1507 Dominum.
1601 1444 1677 1499 ita
1700 1452 1757 1499 et

189 1530 293 1587 lose
318 1528 441 1585 facit
465 1530 704 1599 initium,
743 1542 799 1588 ut
830 1548 929 1587 suo
968 1533 1133 1590 initio
1157 1542 1397 1604 exponat
1442 1534 1655 1590 titulum
1708 1533 1756 1589 Β

190 1620 253 1675 Et
285 1620 370 1675 hic
409 1621 653 1694 psalmus
696 1624 874 1687 docet.
921 1633 1005 1689 ut,
1051 1625 1293 1705 deposita
1338 1626 1509 1681 veteri
1550 1625 1754 1683 malitia

187 1710 238 1770 ll
265 1709 400 1768 Petr.
440 1713 525 1773 ιιι.
570 1723 825 1784 tanquam
857 1718 1019 1772 modo
1062 1716 1230 1790 geniti
1281 1716 1518 1775 infantes
1560 1717 1614 1774 in
1658 1715 1753 1773 Dei

188 1799 419 1858 laudibus
445 1804 764 1874 gloriemur.

190 1917 219 1974 ι
316 1916 575 1980 Laudate.
615 1922 788 1990 pueri,
822 1921 1104 1996 Dominum
1134 1939 1158 1977 :

320 2013 557 2069 Laudare
575 2032 765 2071 nomen
795 2016 1027 2071 Domini.

252 2106 291 2163 ϐ
318 2105 495 2170 Pueri.
526 2108 661 2162 dicti
704 2116 831 2164 sunt
876 2124 1068 2165 omnes
1118 2109 1304 2165 ﬁdeles
1351 2111 1692 2172 innocentes,
1724 2120 1755 2161 ιι

185 2198 411 2268 puritate
461 2199 661 2256 mentis
716 2209 878 2267 atque
925 2215 955 2255 a
1008 2201 1358 2270 simplicitate
1400 2201 1611 2262 cordis:
1645 2213 1755 2252 non

184 2292 316 2347 enim
338 2292 429 2349 hic
453 2301 587 2349 telas
614 2302 701 2348 est
726 2294 921 2357 electa,
952 2294 1046 2348 sed
1069 2294 1298 2362 paritas.
1322 2293 1535 2349 Laudat
1557 2303 1756 2346 nomen

184 2385 410 2445 Domini.
441 2387 532 2453 qui
562 2386 795 2441 virtutes
834 2385 951 2453 eius
979 2395 1165 2440 saneta
1196 2386 1581 2455 prmdicatione
1621 2398 1757 2440 con-

183 2478 433 2542 celebrat,
479 2478 767 2533 Dominum
802 2494 930 2535 ven)
974 2477 1177 2544 laudat,
1206 2479 1298 2548 qui
1340 2492 1461 2532 cum
1489 2475 1756 2548 probabili

182 2570 381 2624 actione
411 2586 477 2626 eo
501 2588 507 2594 ’
537 2572 778 2625 mendat.

179 2678 210 2733 ι
311 2680 392 2733 Si!
420 2698 607 2735 nomen
657 2681 868 2735 Domini
898 2682 1221 2735 benedictum
1255 2697 1274 2735 :

314 2773 398 2826 Ex-
420 2774 517 2826 Ιιοσ
542 2790 680 2826 nunc
709 2782 757 2825 et
788 2790 947 2835 usque
980 2772 1032 2826 in
1070 2773 1340 2828 sa‘cnlum.

238 2862 285 2917 ll
325 2863 410 2917 Sit
462 2878 657 2917 nomen
706 2863 921 2918 Domini
976 2864 1361 2925 benedictum,
1411 2863 1756 2919 benedictum

178 2955 273 3009 fuit
311 2964 457 3013 ante.
493 2964 704 3010 tantum
737 2955 790 3010 in
832 2971 937 3010 una
972 2964 1130 3023 gente
1169 2953 1498 3015 Judteornm.
1527 2956 1651 3024 quia
1681 2955 1755 3010 illi

178 3055 378 3100 tantum
406 3046 806 3102 benedicebant
827 3054 881 3100 et
904 3046 1218 3107 credebant.
1243 3046 1335 3101 sed
1366 3047 1526 3101 modo
1557 3046 1610 3100 in
1641 3062 1757 3100 om-

180 3138 329 3192 nibus
357 3138 610 3200 gentibus
635 3139 876 3193 creditur
900 3147 956 3193 et
978 3137 1349 3203 benedicitur;
1383 3154 1449 3192 ex
1489 3139 1617 3199 hoc.
1649 3137 1756 3193 sci-

180 3227 295 3282 licet
342 3238 583 3295 tempore
613 3245 722 3297 quo
765 3229 988 3283 credere
1032 3236 1344 3295 eruperunt:
1377 3245 1554 3294 nunc,
1599 3229 1651 3284 id
1680 3240 1763 3285 est

181 3318 232 3373 in
259 3320 536 3386 pmsenti,
569 3320 623 3375 in
652 3320 925 3381 saeculum,
958 3321 1065 3376 hoc
1093 3327 1177 3375 est
1202 3320 1320 3376 sine
1349 3319 1477 3376 line.

178 3431 210 3486 3
314 3433 355 3486 Α
381 3431 509 3486 solis
538 3441 656 3485 orm
687 3448 848 3500 usque
876 3431 945 3484 ad
970 3447 1212 3486 occasum
1236 3443 1258 3487 .‘

316 3522 607 3601 Landabile
647 3540 834 3578 nomen
872 3522 1101 3579 Domini.

243 3614 283 3670 C
317 3616 365 3672 A
394 3616 526 3671 solis
547 3625 694 3677 ortu,
735 3632 833 3686 per
862 3631 1081 3673 cursum
1117 3616 1262 3671 enim
1306 3615 1437 3671 solis
1467 3615 1557 3671 hic
1583 3614 1764 3669 decla-

177 3716 325 3763 ratus
378 3714 465 3762 est
523 3715 670 3761 totus
713 3708 969 3771 mundus,
1025 3715 1079 3762 et
1124 3708 1278 3778 quasi
1332 3723 1432 3777 per
1475 3707 1762 3775 quamdam

179 3800 375 3855 lineam
413 3799 754 3867 significatus
776 3808 857 3853 est
884 3800 1139 3862 mundus,
1186 3799 1277 3868 qui
1310 3799 1556 3867 designat
1577 3798 1762 3852 Eccle-

178 3892 335 3955 siam,
365 3891 421 3945 in
458 3906 561 3960 qua
606 3906 705 3959 per
731 3898 900 3945 totum
944 3889 1203 3945 mundum
1250 3890 1516 3959 prteconia
1563 3888 1766 3946 Christi

176 3996 473 4052 personare
493 3988 761 4036 monstrat
792 3981 990 4035 debere
1022 3979 1231 4036 ﬁdeles.

174 4090 210 4147 ι
317 4090 573 4146 Excelsae
603 4107 762 4150 super
790 4107 967 4146 omnes
1006 4100 1180 4159 gentes
1218 4090 1514 4147 Dominus:

327 4182 397 4236 Et
419 4200 579 4252 super
604 4183 760 4238 caelos
791 4182 960 4252 gloria
1000 4182 1134 4250 ejus.
1512 4228 1513 4231 η

246 4273 288 4329 C
324 4273 588 4331 Excelsus
627 4288 793 4340 super
825 4289 1015 4329 omnes
1040 4283 1244 4344 gentes.
1269 4274 1322 4327 id
1344 4282 1450 4335 est,
1480 4289 1643 4342 super
1662 4272 1767 4329 ho-

178 4366 361 4422 mines
394 4365 660 4422 carnales.
706 4363 888 4420 leos
910 4379 1040 4419 vero
1074 4364 1349 4434 spiritales
1388 4364 1651 4430 debemus
1675 4379 1769 4420 ac-

181 4458 383 4524 cipere,
413 4465 474 4510 ut
512 4473 672 4524 supra
707 4471 899 4518 omnes
925 4464 1205 4512 creaturas
1236 4455 1542 4511 Altissimus
1570 4455 1771 4511 scotia-

180 4555 285 4606 tv-r.
352 4546 444 4615 qui
503 4554 823 4601 cunctarum
870 4559 1052 4599 rerum
1107 4544 1354 4599 conditor
1405 4559 1525 4600 esse
1578 4545 1769 4615 digno-

179 4638 369 4692 5rilnr.
710 4652 715 4657 ‘

179 4747 212 4802 5
321 4746 453 4812 Quis
474 4748 607 4801 sicut
643 4746 899 4813 Dominus
928 4744 1067 4799 Dens
1096 4753 1270 4800 noster
1303 4747 1396 4817 qui
1422 4746 1476 4799 in
1513 4745 1632 4800 altis
1668 4748 1766 4800 Im-

390 4843 517 4894 bilat
559 4859 577 4895 :

327 4934 391 4989 Et
419 4935 640 4988 humilia
665 4936 873 4989 resuicit
900 4931 953 4986 in
976 4932 1100 4985 coe'o
1127 4939 1175 4985 et
1197 4931 1249 4985 in
1273 4943 1412 4985 terra
1429 4932 1454 4984 .9

246 5027 382 5095 Quis
424 5026 563 5081 sicut
587 5025 871 5083 Dominus.
905 5022 951 5077 ll
994 5020 1036 5074 C
1071 5021 1149 5076 Ac
1181 5022 1226 5075 si
1270 5020 1436 5083 dicat,
1482 5018 1661 5075 nullus
1688 5027 1766 5077 ta-

181 5117 266 5166 iis.
299 5115 402 5166 nui
425 5115 633 5166 habitat
659 5114 709 5166 in
738 5114 921 5166 caelis.
959 5110 1005 5165 ll
1034 5110 1088 5164 id
1117 5120 1199 5166 est
1233 5112 1288 5166 in
1320 5109 1546 5166 sanctis.
1580 5108 1647 5164 Et
1668 5112 1771 5166 hu-

1379 329 1745 391 EXPOSITIO
1778 328 2231 388 PSALMORUM.

196 443 485 501 ccdcnobis
518 444 762 518 diligere,
804 457 895 502 tua
918 447 1088 519 gloria
1125 446 1433 514 iucundari,
1459 456 1516 502 et
1552 446 1632 501 sic
1669 442 1753 496 di-
1784 443 1830 500 Α
1859 437 1892 492 6

3338 328 3455 388 ιιι·

2000 437 2273 496 Snscitans
2297 458 2327 493 a
2348 452 2488 494 terra
2513 442 2714 511 lnopent
2742 450 2763 491 .'

2003 529 2069 584 Et
2108 531 2172 584 de
2197 541 2423 586 stercore
2458 531 2658 602 erigens
2684 545 2981 602 pauperem.

1925 622 1968 678 C
2000 621 2112 676 Hoc
2141 621 2459 678 beneﬁcium
2512 638 2617 677 non
2683 622 2781 678 soli
2810 623 2912 677 sibi
2955 623 3142 692 inopes
3198 632 3252 678 et
3294 627 3464 694 pan-5

1854 725 2014 781 peres
2040 711 2336 778 vindicent,
2368 727 2491 767 nam
2521 711 2588 767 de
2612 721 2852 767 stercore
2879 719 2934 764 et
2967 719 3284 782 pattpcrtatc
3322 713 3435 767 eri-

1856 804 2018 875 gitur,
2046 804 2299 875 quisquis
2317 804 2382 858 de
2412 804 2515 859 hac
2542 803 2660 860 labe
2687 805 2932 874 corporis
2954 818 3050 874 per
3077 804 3171 859 Dei
3202 804 3434 875 gratiam
3460 822 3463 827 π

1856 896 2186 952 sublevatur.
2212 895 2327 951 Rex
2356 896 2589 965 denique
2617 897 2920 952 mundanus
2949 897 3105 966 inops
3131 905 3220 951 est
3246 912 3438 951 moneo
3464 930 3467 933 -

1855 1002 1977 1041 rum
2036 987 2155 1052 Dei,
2209 997 2266 1043 et
2300 988 2354 1043 iu
2400 994 2647 1043 stercore
2682 987 2936 1054 volvitur,
2966 987 3054 1044 cui
3084 988 3267 1043 carnis
3303 987 3469 1043 vitiat

1857 1076 2221 1133 dominantur.

1858 1165 1892 1219 7
1997 1165 2065 1222 Ut
2094 1168 2307 1224 collucet
2337 1185 2455 1224 eum
2472 1184 2591 1225 cum
2612 1169 2933 1239 principibus
2955 1206 2973 1224 .

1998 1257 2132 1314 Cum
2157 1260 2478 1330 principibus
2506 1260 2687 1332 populi
2706 1262 2811 1317 sui.

1926 1348 1969 1405 (ἒ
1998 1348 2281 1420 Principes
2304 1360 2485 1407 autem
2524 1351 2706 1423 populi
2730 1360 2858 1409 sunt
2879 1352 3205 1425 patriarcha:
3228 1361 3284 1409 et
3311 1368 3441 1425 pro-

1857 1440 2055 1511 phetaz.
2082 1440 2309 1510 apostoli
2338 1451 2395 1498 et
2421 1443 2736 1513 quicunque
2762 1441 2874 1500 Deo
2909 1442 3175 1513 probabili
3214 1457 3467 1499 conver-.

1860 1532 2072 1591 satione
2094 1532 2453 1602 placuerunt;
2490 1534 2565 1590 ibi
2597 1535 2744 1591 enim
2769 1528 3129 1593 collocinbitur
3158 1549 3366 1606 psttper
3384 1543 3443 1589 et

1859 1624 2019 1693 inops
2043 1622 2270 1680 Christi.
2298 1624 2465 1682 Addit
2497 1624 2681 1696 populi
2712 1626 2833 1691 sui,
2863 1624 3011 1695 quod
3040 1623 3316 1696 signiﬁcat
3341 1623 3444 1678 Eo-

1861 1713 2104 1770 clesiam.
2137 1710 2256 1770 Non
2290 1721 2474 1773 autem
2510 1715 2875 1784 principatum
2909 1714 3000 1770 hic
3025 1715 3315 1776 honorem.
3343 1711 3443 1766 bo-

1781 1790 1832 1852 Β
1862 1806 2067 1863 minum
2116 1804 2503 1878 sull‘ragatione
2557 1806 2949 1877 conquisitum,
2997 1805 3291 1876 intelligas,
3345 1804 3440 1857 sed

1861 1898 2011 1953 illum
2040 1898 2131 1968 qui
2161 1898 2390 1955 Domino
2410 1897 2676 1969 largiente
2698 1897 3116 1970 prmatatur,qui
3138 1894 3445 1950 humilitate

1862 1988 2005 2045 altus
2030 1997 2135 2044 est.

1893 2080 1929 2136 8
2001 2079 2105 2145 Qui
2131 2079 2372 2137 habitare
2396 2079 2526 2149 facit
2549 2078 2778 2135 sterilem
2804 2079 2860 2134 in
2890 2078 3083 2133 domo:

2002 2169 2228 2226 Matrem
2254 2171 2491 2239 ﬁliorum
2520 2170 2805 2226 (celantem.

1931 2258 1972 2314 C
2008 2259 2129 2313 Fuit
2155 2260 2299 2314 enim
2324 2259 2525 2315 sterilis
2555 2269 2742 2316 sancta
2776 2259 3016 2315 Ecclesia
3067 2268 3192 2315 ante
3237 2260 3467 2314 adven»

1862 2358 1976 2405 tum
2002 2348 2187 2419 sponsi
2216 2350 2324 2417 sui,
2356 2348 2449 2405 sed
2479 2348 2621 2407 facta
2647 2359 2734 2405 est
2779 2360 2955 2404 mater
3004 2350 3125 2405 laeto
3184 2349 3473 2409 ﬁliorum...

1861 2426 2666 2511 przedicationeapostolorum,
2697 2455 2838 2510 aqua
2893 2450 2947 2495 et
2998 2441 3203 2510 Spiritu
3252 2449 3444 2494 sancto

1862 2547 2211 2604 regeneratus,
2253 2547 2415 2601 quam
2464 2533 2727 2588 Dominus
2770 2533 2823 2587 in
2857 2532 3019 2587 thtllO
3045 2547 3168 2595 sua,
3200 2531 3241 2585 ll
3275 2532 3326 2584 id
3361 2539 3445 2585 est

1861 2626 2039 2693 seipsa
2065 2625 2314 2679 habitare
2346 2624 2495 2680 facit.
2529 2625 2571 2681 C
2599 2624 2895 2681 Lactantem
2925 2623 2992 2680 de
3029 2635 3209 2694 partu,
3233 2622 3445 2678 scilicet
3460 2643 3471 2664 ’-

1862 2726 1918 2774 et
1945 2718 2333 2775 numerositate
2353 2725 2685 2772 sanctorum.

2321 2823 2521 2867 οιιΑτιο
2556 2824 2626 2863 ΒΧ
2664 2824 2812 2864 ΡεΑι..
2850 2824 2982 2863 CXII.

1934 2902 2241 2965 Laudantes
2273 2902 2620 2958 benedictum
2662 2915 2861 2957 nomen
2903 2910 3078 2964 tuum,
3104 2897 3470 2967 omnipotens:

1864 2992 2031 3058 Deus,
2054 3006 2340 3063 rogamus,
2369 2999 2428 3045 ut
2458 2990 2513 3045 in
2546 2991 2673 3045 sinu
2701 2988 2894 3045 matris
2921 2987 3178 3044 Ecclesia;
3208 2986 3473 3042 colluca-.

1864 3095 1969 3148 tos,
2001 3085 2286 3147 charitatis
2318 3092 2424 3140 tuae
2454 3083 2623 3139 facias
2670 3083 2966 3138 stabilitate
3013 3081 3284 3137 connecti.
3342 3078 3448 3133 Per

1789 3156 1831 3218 C
1866 3178 2154 3234 Dominum
2186 3154 2436 3232 nostrum
2450 3175 2634 3231 Iesum
2670 3174 2968 3240 Christum,
2997 3181 3105 3229 etc.

2386 3286 2708 3344 PSALMUS
2745 3284 2929 3340 CXlll.

2287 3415 2648 3456 ABGUMENTUM
2682 3412 2829 3451 PSAL.
2869 3409 3019 3450 CXIII.

1936 3519 1976 3573 C
2007 3517 2268 3573 Memorat
2293 3513 2561 3584 PrOpheta
2601 3525 2721 3580 qua:
2747 3506 3009 3563 beneficia
3055 3502 3312 3559 Dominus
3342 3484 3471 3571 lle?~

1864 3592 2350 3677 hrzeisprazstiterit
2383 3611 2437 3656 et
2464 3600 2659 3671 papulo
2688 3596 3026 3661 Christiano;
3056 3600 3112 3648 et
3146 3589 3285 3647 idola
3317 3603 3465 3675 gen:

1870 3701 1999 3754 tium
2028 3713 2164 3753 vana
2205 3710 2324 3752 esse
2354 3694 2708 3748 demonstrat.

2457 3802 2569 3857 TT.
2601 3800 2842 3857 Alleluia.
3390 3840 3395 3845 .

1937 3902 1979 3960 C
2009 3902 2412 3959 Commemorat
2462 3894 2733 3965 Propheta
2766 3909 2886 3963 qua:
2907 3889 3165 3945 beneﬁcia
3188 3887 3449 3945 Dominus

1865 3992 2108 4050 Hebraeis
2138 3972 2483 4061 pt'teStiterit;
2543 3994 2599 4041 et
2647 3984 2788 4039 idola
2847 3982 3085 4051 gentium
3135 3995 3270 4032 vana
3323 3990 3467 4029 esse-

1867 4088 2224 4151 demonstrat,
2273 4089 2328 4134 et
2375 4076 2598 4147 exponit
2644 4082 3039 4142 consequenter
3078 4076 3337 4138 quantum
3376 4067 3448 4119 sit

1866 4175 2048 4232 vitalis
2074 4181 2131 4228 et
2152 4168 2523 4247 saluberrima
2545 4165 2734 4237 religio
2763 4162 2974 4219 Domini
3004 4159 3241 4231 propriis
3269 4156 3448 4212 θιιιιο-
3533 4221 3548 4233 μ

1867 4269 2038 4324 ribus.
2552 4296 2555 4299 ι

1869 4358 1896 4414 1
2011 4356 2076 4412 In
2106 4356 2249 4410 exitu
2271 4349 2441 4408 Israel
2461 4349 2524 4402 tle
2548 4346 2781 4417 Egi/pro
2812 4359 2831 4399 :

2049 4448 2246 4503 Domus
2267 4442 2433 4498 Iacob
2459 4441 2522 4495 de
2544 4438 2734 4510 populo
2757 4435 2999 4489 barbaro.
3449 4484 3457 4493 ,

1943 4542 1983 4597 C
2020 4540 2117 4595 llic
2142 4537 2346 4593 exitum
2379 4533 2527 4588 illum
2563 4531 2820 4586 debemus
2838 4524 3457 4595 accipere,quandones

1871 4651 1901 4690 ιι
1930 4641 2276 4705 peccatorum
2302 4625 2530 4697 vinculis
2555 4623 2819 4694 contingit
2845 4620 3014 4675 exire.
3032 4616 3185 4673 Tunc
3209 4616 3351 4707 enim
3383 4616 3457 4707 ab

1874 4704 2276 4796 Egyptiorum,
2308 4719 2362 4774 id
2389 4726 2473 4773 est.
2515 4714 2755 4770 tenebris
2803 4709 3123 4781 ignorantia:
3186 4704 3243 4762 et
3288 4704 3461 4796 turba

1872 4795 2174 4869 daemonum
2202 4809 2521 4866 liberamur.
2551 4804 2825 4860 Barbarus
2872 4808 3050 4853 autem
3104 4815 3135 4852 a
3183 4795 3343 4850 barba
3399 4802 3469 4859 et;

1874 4923 1995 4961 rure
2021 4905 2195 4959 dictus
2215 4910 2318 4964 est,
2352 4899 2493 4971 quod
2524 4909 2803 4965 nunquam
2857 4890 2908 4942 in
2933 4889 3066 4942 urbe
3111 4885 3329 4948 vixerit,
3362 4882 3459 4935 sed

1878 5012 2090 5068 semper
2118 5005 2178 5050 ut
2206 4994 2318 5049 l‘era
2352 4993 2409 5049 in
2437 4989 2587 5061 agris
2607 4989 2893 5043 habitasse
2932 4991 3209 5035 noscatur.
3244 4974 3459 5068 Damus

1878 5065 2053 5144 autem
2075 5084 2244 5142 .lacob
2272 5083 2563 5143 efﬁcimur,
2592 5078 2817 5146 quando
2857 5079 3132 5139 Drmcepta
3168 5065 3258 5120 Dei
3283 5074 3465 5114 serva-
