3994 5370
485 157 589 216 H5

1424 157 1479 213 S.
1520 157 1868 215 ΒΜ]ΝοΝῶ
1904 156 2442 218 ηειιιςιινοιειιδιε
2479 159 2783 218 EPISCOPI

3653 143 3762 198 tto

488 271 633 325 enim
662 265 827 323 Iudas
859 267 1108 323 Salvator
1136 275 1220 321 est
1250 264 1531 332 Datianus,
1563 270 1614 322 in
1673 283 1780 337 quo
1826 277 2065 338 potestas
2093 276 2138 335 Α
2169 269 2233 324 da
2263 279 2318 324 et
2361 271 2498 327 dura
2541 271 2700 328 corda
2746 268 3048 342 gentilium,
3095 264 3262 322 divinl
3304 260 3504 334 eloquii
3536 272 3765 317 manare

489 357 878 420 lsraelitarttm,
910 355 961 408 id
980 365 1082 418 est,
1113 354 1394 409 videntium
1418 354 1582 410 Deum
1613 356 1854 410 noscitur
1879 369 2067 426 perpe-

489 458 580 502 tua
613 461 754 501 esse.
789 444 976 514 Itaque
1003 444 1093 513 qui
1123 459 1245 498 eum
1275 444 1600 500 circumciso
1635 443 1804 500 corde
1833 459 2069 514 sequun-

490 547 598 600 tur,
641 535 806 591 Israel
857 535 1197 606 appellantur
1243 535 1530 591 veraciter.
1581 536 1745 591 Israel
1785 536 1936 592 enim
1989 533 2071 590 uir

488 628 665 682 ridens
711 628 880 682 Deum
935 630 1350 700 interpretatur,
1405 630 1450 684 Α
1507 630 1591 686 vel
1645 631 1828 686 verius
1885 629 2071 686 videns

487 717 678 774 Deum.

486 811 524 865 5
629 811 782 867 Mare
809 813 933 867 vidit
957 823 1006 868 et
1027 813 1166 885 fugit
1193 823 1211 868 ε

634 902 886 960 Iordanis
913 922 1190 961 conuersus
1215 915 1289 960 est
1327 917 1631 961 retrorsum.

557 995 600 1052 C
628 996 794 1062 Mare,
824 997 878 1052 id
906 1009 989 1053 est
1008 998 1304 1069 gentilitas,
1337 997 1469 1052 vidit
1496 1005 1716 1053 sanctos
1755 995 2072 1068 supplanta-

489 1098 638 1145 tores
665 1090 938 1154 vitiorum,
977 1091 1030 1146 id
1057 1104 1141 1148 est
1163 1093 1569 1161 praedicatores,
1608 1099 1662 1145 et
1703 1089 1860 1161 fugit,
1890 1090 2072 1153 idest,

491 1200 599 1239 non
622 1185 799 1254 potuit
821 1185 1078 1241 resistere
1099 1186 1380 1256 apostolis,
1399 1185 1526 1257 quia
1549 1185 1690 1240 Deus
1719 1185 1769 1238 in
1804 1184 1904 1238 illis
1931 1193 2070 1239 erat.

489 1273 743 1330 Iordanis
771 1276 1161 1347 interpretatur
1193 1278 1460 1332 descensio
1487 1293 1691 1343 eorum,
1722 1276 1932 1331 scilicet
1979 1276 2074 1330 ba-

489 1367 836 1438 ptizatorum,
884 1368 976 1437 qui
1005 1361 1343 1424 descendunt
1387 1367 1443 1423 in
1489 1368 1849 1437 baptismum,
1886 1367 1938 1420 id
1968 1377 2075 1432 est,

491 1455 852 1510 humiliantur
877 1456 1158 1527 baptizati,
1186 1457 1262 1512 illi
1297 1458 1546 1514 conversi
1591 1467 1719 1512 sunt
1753 1467 2075 1520 retrorsum,

490 1541 537 1594 A
578 1542 787 1599 scilicet
816 1543 880 1601 ad
913 1542 1080 1599 Deum
1111 1546 1256 1602 unde
1284 1547 1390 1600 orti
1427 1555 1605 1612 erant,
1663 1555 1718 1601 et
1755 1562 1784 1600 a
1825 1561 1933 1616 quo
1981 1561 2088 1616 per

2167 359 2295 417 fecit
2321 361 2500 420 fontes
2531 364 2782 434 irriguos.

2168 454 2202 509 9
2309 453 2434 509 Non
2461 455 2630 523 nobis,
2656 455 2902 520 Donnne,
2929 471 3030 509 non
3061 452 3209 509 nobis
3249 465 3268 507 :

2309 544 2419 601 Sed
2441 548 2640 602 nomini
2669 557 2760 602 tuo
2788 548 2859 602 da
2892 547 3134 618 gloriam.

2240 635 2281 692 C
2315 635 2431 694 Non
2463 639 2652 705 nobis,
2684 638 2909 694 Domine
2930 679 2946 706 ,
2992 653 3118 694 nam
3149 652 3271 694 cum
3304 637 3445 692 bona
3498 634 3768 706 largiatur

2171 726 2477 795 immeritis,
2510 728 2680 800 ipsius
2707 729 2892 800 gloria:
2915 730 3177 800 probatur
3203 744 3348 796 esse,
3380 743 3486 782 non
3517 726 3764 792 aliunde,

2170 819 2313 887 quod
2343 819 2610 875 concedit.
2643 819 2710 874 Et
2749 828 2833 875 est
2860 819 3155 876 aﬂ'ectuosa
3184 827 3240 873 et
3277 818 3436 872 nimis
3467 832 3598 873 vera
3625 819 3765 888 peti-

2174 908 2270 972 tio,
2300 917 2360 964 ut
2399 919 2620 980 propter
2651 925 2844 966 nomen
2883 925 3038 966 suum
3085 917 3369 982 prtestaret
3399 907 3638 963 humano
3665 923 3764 978 ge-

2173 999 2289 1054 neri
2322 999 2494 1064 utilia,
2523 1000 2613 1072 qui
2645 1016 2750 1056 non
2779 1009 2990 1070 poterat
3028 1001 3079 1054 in
3114 998 3490 1070 peccatoribus
3520 997 3774 1052 invenire

2175 1091 2366 1146 merita
2411 1093 2542 1147 ulla.
2584 1093 2738 1150 Unde
2781 1103 2836 1150 et
2882 1094 3108 1150 subdit:
3143 1094 3320 1165 Super
3361 1103 3494 1159 etc.,
3541 1102 3766 1163 propter

2175 1183 2606 1239 misericordiam
2633 1192 2690 1240 et
2717 1185 3000 1242 veritatem
3029 1185 3097 1241 da
3129 1184 3356 1256 gloﬁam
3403 1183 3610 1240 nomini
3651 1193 3768 1250 tuo,

2176 1279 2230 1326 et
2257 1271 2342 1328 fac
2373 1273 2664 1331 mirabilia.
3584 1284 3588 1287 ’
3779 1267 3791 1277 ’

2180 1362 2247 1418 ιο
2318 1363 2494 1435 Super
2517 1367 2881 1422 misericordia
2910 1377 3003 1422 tua
3027 1378 3079 1423 et
3106 1368 3322 1424 veritate
3346 1367 3473 1423 tua!

2325 1454 2408 1512 Ne
2447 1472 2506 1514 οι»-
2537 1459 2747 1529 quando
2783 1460 2799 1529 ξ
2841 1459 3019 1515 dico-nt
3065 1468 3240 1531 gentes
3289 1473 3310 1512 :
3353 1457 3455 1514 Ubi
3501 1469 3586 1514 est
3628 1452 3778 1514 θεαί

2389 1565 2571 1604 eorum
2610 1551 2636 1604 .9

493 1645 713 1704 peccata
743 1647 1108 1692 recesserunt.
1135 1638 1178 1692 ll
1212 1637 1367 1693 Multi
1401 1639 1548 1694 enim
1575 1640 1669 1709 qui
1706 1639 2076 1704 crediderunt,
2111 1634 2158 1694 Β
2252 1639 2293 1695 C
2327 1639 2694 1697 Misericordia
2730 1652 2815 1699 est
2856 1643 3020 1709 enim,
3053 1659 3178 1700 cum
3224 1644 3438 1700 miseris
3485 1659 3553 1699 ac
3595 1643 3774 1698 delin-

493 1729 712 1796 quando
767 1730 1017 1786 viderunt
1072 1741 1342 1802 martyres
1396 1748 1609 1803 passos,
1657 1733 1912 1788 conversi
1956 1741 2083 1788 sunt

495 1829 817 1884 retrorsum,
844 1822 896 1876 id
918 1832 1002 1876 est
1027 1838 1056 1877 a
1088 1824 1389 1893 gentilitate
1419 1826 1485 1880 ad
1517 1825 1772 1890 fidem,et
1800 1824 1978 1880 factus
2002 1833 2086 1880 est

495 1909 602 1965 illis
659 1912 801 1967 Deus
841 1922 966 1967 ante
1013 1929 1174 1982 quem
1221 1924 1343 1984 po;~.t
1391 1925 1600 1986 tergum
1642 1925 1970 1986 posuerunt;
2031 1922 2086 1970 et

494 2005 575 2059 sic
604 2007 962 2074 posteriorum
991 2019 1341 2078 peccatorum
1371 2010 1558 2077 obliti,
1597 2011 1652 2065 itt
1687 2025 1751 2066 ea
1797 2025 1916 2080 quae
1962 2018 2088 2064 sunt

496 2104 623 2150 ante
651 2099 1012 2153 extenderunt
1041 2098 1266 2171 (Philip.
1297 2102 1406 2173 tu).

495 2187 532 2243 ι
636 2191 704 2258 >κ
736 2188 941 2246 Montes
976 2193 1364 2248 exsultaverunt
1395 2203 1452 2249 ut
1475 2196 1663 2250 arietes
1695 2195 1714 2265 ζ
1745 2211 1764 2251 :

643 2280 711 2334 Et
738 2281 898 2337 colles
927 2285 1060 2337 sicut
1088 2285 1211 2354 agni
1238 2287 1432 2341 ovium.

567 2370 608 2424 C
647 2369 854 2427 Montes
881 2413 896 2437 ,
945 2373 1218 2442 apostolos
1264 2375 1395 2430 dicit
1427 2375 1520 2445 qui
1568 2374 1982 2430 exsultaverunt
2031 2373 2087 2428 in

495 2461 754 2530 operibus
783 2464 916 2528 suis,
949 2473 1204 2534 tanquam
1235 2466 1442 2532 arietis,
1473 2466 1526 2520 id
1560 2475 1646 2520 est
1682 2464 2088 2536 praedicatores,

498 2553 566 2606 ad
614 2554 799 2608 caulas
840 2554 1052 2608 Domini
1100 2556 1310 2612 fidelem
1351 2572 1566 2628 gregem
1599 2559 1874 2612 ducentes.
1912 2556 2092 2613 Colles

500 2642 628 2696 dicti
667 2654 796 2698 sunt
827 2660 854 2697 a
888 2644 1130 2711 colendo,
1160 2657 1214 2700 ct
1240 2648 1510 2719 signiﬁcat
1535 2649 1838 2705 mediocres
1866 2647 1934 2703 ab
1964 2663 2085 2719 apo‘

497 2733 653 2787 stolis
682 2749 996 2800 conversos,
1027 2736 1270 2792 colentes
1304 2738 1587 2794 Dominum
1622 2741 1675 2795 in
1704 2740 1954 2796 veritate.

498 2823 536 2877 δ
645 2823 785 2890 Quid
813 2835 886 2879 est
914 2830 982 2895 ὶί
1011 2827 1105 2880 tibi
1130 2844 1151 2882 :
1181 2844 1326 2882 mare
1349 2831 1488 2900 quod
1518 2830 1741 2900 fugisti?

640 2911 709 2967 Et
735 2925 790 2968 tu
818 2914 1072 2970 Iordanis
1097 2918 1222 2988 quia
1249 2935 1608 2992 conversuses
1645 2924 1972 2977 retrorsum?

2182 1733 2472 1803 quentibus
2501 1743 2720 1804 peccata
2758 1735 3024 1798 demittit:
3068 1737 3295 1801 veritas,
3325 1752 3450 1792 cum
3481 1733 3785 1795 beatitudis'

2184 1824 2451 1894 promissa
2482 1825 2740 1880 restituit.
2774 1824 2874 1882 Ubi
2923 1835 3005 1881 est
3033 1827 3176 1882 Deus
3203 1826 3430 1881 eorum?
3475 1825 3550 1879 ita
3589 1825 3775 1879 dicunt

2183 1923 2560 1983 persecutores
2582 1915 2876 1985 justorum.
2920 1915 3057 1971 Nam
3095 1916 3316 1986 quoties
3339 1923 3611 1986 martyres
3639 1913 3774 1967 adli-

2186 2013 2406 2076 guntur,
2438 2005 2553 2075 ipsa
2595 2015 2679 2061 est
2711 2021 2812 2061 vox
2843 2016 3215 2078 tyrannorum.
3246 2003 3348 2060 Ubi
3387 2013 3472 2059 est
3503 2004 3645 2058 Deus
3683 2018 3787 2058 eo--

2186 2099 2347 2152 rum?
2390 2099 2546 2168 quasi
2592 2113 2696 2154 non
2743 2100 2916 2170 possit
2957 2100 3204 2170 eripere,
3240 2113 3378 2170 quos
3425 2107 3485 2151 ut
3529 2107 3773 2158 coronet,

2191 2196 2453 2244 tormenta
2501 2191 2706 2260 patitur
2751 2190 3040 2245 sustinere.
3088 2189 3157 2244 Et
3203 2197 3421 2259 propter
3463 2187 3566 2241 hoc
3613 2186 3787 2241 etiam

2187 2276 2319 2335 fecit
2345 2278 2488 2336 Deus
2517 2280 2782 2335 mirabilia
2813 2281 2865 2334 in
2909 2280 3035 2335 ﬁliis
3059 2278 3248 2345 lsrael,
3292 2285 3350 2332 ut
3379 2292 3486 2332 nou
3537 2276 3776 2330 dicerent

2187 2379 2378 2440 gentes
2413 2389 2426 2425 :
2463 2367 2561 2426 Ubi
2588 2378 2674 2425 est
2701 2370 2842 2426 Deus
2869 2369 3095 2427 eorum?

2191 2463 2250 2517 ll
2329 2462 2471 2518 Deus
2503 2474 2676 2517 autem
2703 2473 2877 2518 noster
2906 2463 2961 2517 in
2998 2461 3125 2516 caelo
3157 2477 3174 2515 :

2336 2554 2527 2607 Omnia
2560 2568 2880 2623 quiscunque
2910 2551 3069 2606 coluit
3100 2551 3245 2621 fecit.
3289 2549 3628 2620 Diapsalma.

2259 2643 2300 2698 C
2338 2642 2535 2699 Contra
2569 2642 2901 2698 dementiam
2932 2641 3132 2708 verba,
3155 2641 3248 2712 qui
3295 2640 3480 2695 dicunt
3513 2658 3526 2692 :
3570 2639 3666 2694 lLbi
3697 2649 3780 2692 est

2189 2735 2331 2790 Deus
2363 2743 2506 2800 tuus,
2538 2733 2886 2788 veraeissima
2920 2731 3154 2788 infertur
3183 2732 3433 2795 scientia,
3487 2731 3654 2784 Deum
3687 2743 3779 2782 no-

2187 2835 2358 2881 strum
2387 2840 2506 2881 esse
2547 2824 2599 2878 in
2641 2822 2801 2888 coelo,
2838 2833 2892 2879 et
2941 2823 3122 2878 omnia
3165 2837 3502 2894 quaecunque
3545 2819 3681 2884 vult,
3725 2819 3788 2874 in

2187 2915 2326 2971 coelo
2355 2925 2408 2970 et
2439 2917 2491 2970 in
2526 2925 2672 2969 terra
2703 2913 2967 2984 perlicere
2998 2929 3180 2984 posse.

572 3004 618 3059 Η
657 3004 924 3076 PrOpheta
973 3008 1321 3079 semetipsum
1375 3011 1692 3082 interrogat,
1742 3021 1798 3068 ει
1852 3014 1964 3083 ipse
2003 3028 2090 3068 το..
2115 2993 2160 3055 C
2195 3007 2261 3060 li.
2335 3005 2637 3061 Simulacra
2665 3005 2893 3075 gentium
2917 3015 3190 3076 argentum
3216 3013 3264 3057 et
3297 3016 3532 3057 aurum:

501 3095 748 3163 spondet,
790 3113 854 3151 ac
883 3097 927 3152 si
961 3098 1108 3152 dicat
1142 3116 1155 3152 :
1200 3098 1338 3165 Quid
1381 3101 1475 3155 tibi
1517 3100 1619 3156 fuit
1646 3102 1920 3173 gentilitas
1945 3101 2090 3172 quod

501 3184 719 3256 fugisti?
759 3195 813 3242 et
842 3195 898 3241 tu
927 3186 1197 3254 Jordauis,
1229 3189 1332 3244 hoc
1363 3200 1473 3254 est,
1506 3201 1560 3247 et
1585 3192 1736 3246 vobis
1765 3191 2091 3247 Christianis

505 3280 635 3346 quid
684 3278 822 3345 fuit,
877 3282 1020 3350 quod
1069 3282 1316 3336 conversi
1368 3280 1545 3337 fuistis
1596 3285 1930 3338 retrorsum?
1977 3284 2089 3339 scio

505 3371 633 3440 quia
665 3371 874 3426 vidistis
911 3381 1128 3427 sanctos
1158 3373 1538 3442 praedicatores
1564 3382 1618 3428 et
1645 3374 1899 3429 timuistis

509 3457 544 3516 6
654 3463 722 3530 3K
775 3461 981 3516 Montes
1011 3463 1311 3518 exsultastis
1345 3464 1478 3518 sicut
1503 3464 1689 3519 arietes
1717 3477 1736 3515 .'

651 3555 722 3608 Et
756 3555 910 3610 colles
939 3557 1069 3610 sicut
1106 3559 1230 3627 agni
1258 3556 1473 3612 ovium?

580 3643 625 3697 ll
664 3644 1082 3699 Exsultaverunt
1109 3657 1343 3712 montes,
1371 3646 1424 3700 id
1448 3653 1552 3712 est,
1575 3645 1751 3701 sancti
1779 3645 2095 3717 praedicato-

510 3747 619 3797 res,
649 3734 867 3802 quando
894 3734 1140 3788 viderunt
1193 3734 1310 3789 illos
1356 3749 1666 3801 conversos,
1697 3737 1788 3806 qui
1826 3745 1952 3792 ante
1982 3736 2097 3792 bla-

510 3825 717 3892 spltemi
751 3823 985 3879 fuerunt.
1021 3825 1438 3880 Exsultavernnt
1465 3827 1691 3892 arietes,
1725 3827 1778 3882 id
1811 3843 1918 3894 e5t,
1948 3830 2099 3898 prin-

511 3917 660 3985 cipes
688 3931 929 3988 gregum,
959 3917 1049 3986 qui
1083 3926 1340 3987 generant
1364 3932 1582 3988 greges,
1617 3919 1668 3972 id
1696 3928 1822 3973 sunt
1846 3921 2095 3989 apostoli,

511 4026 742 4078 quorum
789 4027 927 4066 unus
973 4013 1093 4066 ait:
1139 4012 1312 4068 Filioli
1365 4013 1502 4076 mei,
1549 4028 1685 4083 quos
1727 4014 1922 4068 iterum
1971 4029 2098 4084 par-

513 4102 656 4155 tttrio
687 4099 828 4170 (Gul.
860 4104 964 4174 tv);
999 4113 1055 4160 et
1090 4105 1283 4160 iterum
1313 4106 1387 4159 ait
1422 4122 1435 4159 :
1480 4103 1588 4160 Per
1615 4105 1964 4178 Evangelium
2003 4121 2100 4161 vos

516 4195 674 4260 genui
709 4195 759 4262 (1
788 4195 910 4251 Cor.
942 4197 1037 4268 tv).

517 4279 548 4333 7
660 4284 704 4336 Α
740 4285 873 4353 {acie
906 4286 1114 4341 Domini
1144 4299 1284 4342 mota
1314 4299 1388 4343 est
1421 4299 1560 4344 terra
1595 4306 1612 4320 ·

662 4377 704 4430 Α
740 4376 875 4445 facie
903 4378 996 4430 Dei
1022 4378 1208 4433 Iacob.

593 4465 636 4522 C
669 4465 949 4522 Commota
989 4481 1072 4523 est
1102 4477 1244 4523 terra
1272 4511 1286 4534 ,
1327 4473 1540 4537 audite,
1585 4473 1867 4536 conversi,
1901 4473 2102 4538 audite,

522 4557 705 4612 ﬁdeles
748 4559 1062 4624 Christiani,
1101 4563 1516 4618 commotionem
1563 4564 1742 4628 istam,
1781 4565 1832 4618 id
1869 4573 1949 4618 est
1983 4579 2106 4633 per-

522 4648 906 4715 mutationem,
957 4665 1076 4720 quae
1127 4651 1376 4708 humanae
1425 4663 1585 4710 terra:
1629 4655 1855 4711 feliciter
1903 4657 2104 4722 evenit,

522 4757 627 4796 non
656 4751 889 4797 tremore
913 4745 1197 4809 montium,
1221 4747 1312 4799 sed
1342 4762 1598 4817 prospera
1625 4752 1978 4804 conversione
2012 4763 2107 4817 po-

522 4832 791 4905 pulorum,
824 4845 881 4889 ut
911 4836 963 4890 in
990 4837 1256 4892 culturam
1301 4839 1393 4894 Dei
1441 4857 1725 4907 conversa,
1758 4843 1858 4896 lixa
1888 4857 2102 4912 perma-

523 4936 694 4980 neret.
728 4928 794 4982 Et
823 4931 924 4982 ista
953 4938 1035 4984 est
1079 4941 1389 5000 competens
1425 4934 1664 5005 utrisque
1696 4935 1940 4988 versibus
1967 4947 2101 5002 prae-

523 5019 836 5074 cedentibus
880 5031 1065 5076 secuta
1115 5025 1413 5092 responsio,
1465 5026 1586 5093 quia
1639 5036 1867 5094 uterque
1917 5037 2108 5079 versus

523 5108 802 5174 qumsitive
829 5111 1083 5181 legendus
1109 5122 1190 5167 est
1219 5116 1512 5169 secundum
1542 5117 1943 5171 Cassiodorum.

525 5199 559 5251 8
668 5199 770 5264 Qui
796 5206 1043 5257 convertit
1081 5215 1279 5274 petram
1308 5207 1362 5258 in
1389 5217 1574 5274 stagna
1605 5224 1861 5274 aquarum
1898 5223 1914 5259 :

670 5289 737 5342 Et
764 5309 940 5360 rnpent
967 5296 1020 5347 in
1054 5296 1218 5362 fontes
1251 5312 1530 5364 aquarum.

2167 4917 2273 4972 ,15

2336 3098 2508 3168 Opera
2537 3114 2786 3152 manuum
2814 3097 3106 3151 hominum.

2263 3187 2306 3243 ll
2345 3185 2706 3242 Simulacrum
2733 3185 2852 3241 ideo
2875 3184 3094 3249 dicitur,
3123 3183 3249 3254 quia
3276 3183 3344 3238 ad
3368 3182 3788 3242 similitudinem.

2191 3276 2417 3347 alicujus
2445 3276 2679 3332 hominis
2721 3269 3039 3331 fabricatur.
3071 3274 3112 3329 C
3152 3272 3284 3327 Nam
3332 3272 3458 3328 licet
3503 3273 3782 3327 invenian-

2192 3378 2281 3422 tur
2307 3382 2454 3422 aanea
2484 3375 2538 3421 et
2567 3365 2742 3436 lignea
2774 3365 3084 3427 simulacra,
3118 3374 3296 3419 tamen
3328 3363 3455 3418 illud
3486 3362 3654 3433 elegit
3684 3363 3783 3415 uti-

2193 3457 2316 3522 lius,
2352 3457 2494 3526 quod
2525 3456 2798 3527 gentilitas
2839 3455 3120 3525 judicabat
3167 3454 3506 3509 reverentius
3548 3454 3781 3508 adoran-

2193 3551 2347 3616 dum,
2374 3559 2432 3604 ut
2459 3548 2845 3603 erubescerent
2871 3546 3050 3602 colere
3073 3546 3286 3612 viliora,
3311 3559 3542 3615 quorum
3569 3553 3628 3599 et
3659 3557 3790 3612 pnes

2196 3642 2330 3696 tiosa
2361 3641 2661 3711 probantur
2692 3640 2869 3695 irrisa.

2197 3733 2264 3788 15
2338 3731 2411 3788 Os
2437 3733 2624 3786 habent
2656 3741 2702 3785 et
2729 3748 2833 3785 non
2864 3730 3141 3798 loquentur
3166 3743 3185 3782 :

2341 3821 2534 3878 Oculos
2565 3823 2753 3876 habent
2783 3831 2829 3875 et
2863 3838 2966 3876 non
3001 3821 3265 3876 videbunt.

2268 3916 2309 3971 C
2347 3916 2419 3972 Os
2469 3914 2706 3979 habent,
2753 3913 3038 3968 verissime
3085 3913 3170 3967 his
3217 3911 3461 3966 versibus
3511 3909 3684 3964 notati
3734 3918 3788 3963 et

2200 4007 2344 4062 irrisi
2377 4017 2503 4061 sunt
2540 4004 2800 4060 idolorum
2831 4002 3088 4058 cultores.
3132 4001 3266 4057 Nam
3303 4001 3433 4070 quid
3463 4015 3618 4070 nego,
3655 4015 3786 4070 opus

2201 4097 2304 4151 fuit
2330 4096 2434 4151 illis
2463 4111 2546 4160 os,
2576 4095 2668 4165 qui
2700 4093 2846 4164 loqui
2881 4109 2986 4149 non
3031 4101 3300 4164 poterant,
3329 4092 3458 4162 quid
3493 4092 3662 4158 oculi,
3700 4093 3783 4161 qui

2203 4186 2336 4242 nihil
2367 4186 2616 4241 valebant
2656 4183 3010 4254 conspicere?
3056 4191 3111 4237 et
3147 4182 3255 4235 alia
3297 4181 3566 4244 membra,
3596 4181 3788 4250 quibus

2203 4294 2462 4335 exercere
2491 4278 2695 4333 nullum
2721 4291 2857 4348 Opus
2888 4275 3158 4340 valebant,
3189 4273 3317 4344 quid
3354 4271 3696 4342 proderant?

2125 4355 2180 4414 D
2207 4371 2272 4425 M
2343 4371 2511 4424 Aures
2537 4369 2728 4423 habent
2757 4377 2804 4423 et
2833 4384 2936 4421 non
2966 4366 3180 4420 audient
3219 4378 3238 4417 :

2350 4459 2521 4515 Nares
2550 4460 2738 4514 habent
2769 4468 2814 4513 et
2848 4474 2951 4513 non
2981 4456 3297 4510 odorabunt.

2274 4553 2316 4608 C
2355 4551 2494 4620 Quid
2523 4552 2688 4607 etiam
2734 4548 2883 4604 auris
2917 4547 3118 4618 profuit
3149 4546 3242 4608 illi,
3273 4545 3362 4615 qui
3411 4561 3519 4601 non
3550 4553 3672 4612 erat
3701 4560 3786 4599 au-

2207 4643 2452 4698 diturus?
2482 4641 2612 4713 quid
2632 4641 2800 4703 naris,
2825 4639 2915 4708 qui
2946 4620 3251 4692 nullatenus
3269 4637 3567 4707 fragrantia
3596 4637 3784 4691 sentie-

2207 4735 2336 4790 bat?
2371 4733 2541 4789 Nares
2573 4750 2605 4788 a
2632 4732 2893 4802 gnaritate
2921 4731 3080 4786 dictae
3109 4738 3256 4796 sunt,
3283 4729 3427 4800 quod
3455 4745 3558 4785 nos
3593 4729 3786 4784 faciant

2201 4827 2460 4881 odoratus
2487 4839 2804 4895 agnoscere.

2382 4916 2576 4972 Manus
2605 4916 2792 4970 habent
2837 4925 2885 4970 et
2917 4931 3020 4969 non
3055 4915 3362 4985 palpabunt.
3393 4910 3564 4968 Pedes
3607 4913 3784 4967 habent

2417 5021 2465 5064 et
2494 5027 2595 5062 non
2624 5008 2962 5062 ambulabunt
2992 5021 3010 5058 :

2351 5101 2471 5155 Non
2503 5101 2802 5156 clamabunt
2825 5103 2879 5155 in
2908 5109 3113 5170 gutture
3141 5117 3256 5154 suo.

2283 5193 2322 5247 C
2358 5193 2496 5259 Quid
2523 5207 2736 5262 quoque
2767 5199 2991 5262 prosunt
3021 5207 3214 5246 manus
3245 5190 3338 5255 illi,
3365 5191 3458 5259 qui
3493 5205 3582 5246 res
3610 5191 3782 5260 palpa-

2212 5287 2348 5340 biles
2378 5287 2695 5356 ignorabat?
2721 5287 2849 5354 quid
2880 5303 2991 5356 pes,
3023 5287 3114 5355 qui
3160 5301 3219 5340 se
3247 5299 3463 5339 movere
3490 5299 3598 5337 non
3645 5293 3784 5354 pote-
