3994 5370
111 262 253 320 ,417

1367 245 1730 304 I‘XPOSITIO
1766 245 2215 304 PSALHORCM.

3325 249 3428 302 H8

145 369 488 429 srticulatum
520 367 834 431 clamorem,
866 380 964 421 nec
987 362 1292 426 confusum,
1327 373 1385 416 ut
1427 362 1610 417 bestia:
1640 363 1729 414 lia.
1766 364 1809 422 Β
1841 359 2052 414 tleralcs
2090 360 2176 414 hic
2203 360 2518 425 descendit,
2553 360 2644 416 ubi
2683 358 2844 415 simul
2879 374 3070 416 omnes
3099 360 3272 417 bencd
3295 377 3432 416 cuu-

144 467 293 521 bent.

146 561 212 616 16
286 557 505 616 Similes
535 557 638 610 illis
668 555 798 625 [iant
829 554 918 625 qui
945 550 1147 621 faciunt
1175 565 1236 603 ea
1272 561 1291 601 :

289 652 359 705 Et
391 667 569 704 omnes
596 649 684 718 qui
715 646 984 714 conﬁdunt
1013 645 1068 696 in
1096 642 1192 696 eis.

214 743 258 799 C
297 742 521 798 Similes
559 740 666 795 illis
699 738 835 792 ﬁunt
874 737 963 805 qui
993 735 1352 789 decreverunt
1386 731 1512 785 talia
1543 730 1694 800 sequi
1727 746 1740 783 ε

149 833 488 892 insensibilia
553 838 855 900 sequuntur
899 836 955 882 et
1012 824 1355 880 insensibiles
1417 822 1545 877 facti
1600 831 1744 876 sunt.

149 926 409 997 Quisquis
451 923 599 978 enim
649 919 898 990 Sequitur
933 932 1132 987 pravos
1181 929 1360 969 mores
1405 913 1645 976 alterius,
1693 911 1746 965 in

151 1019 255 1074 illis
284 1015 549 1072 confusus
595 1012 736 1068 male
769 1010 1062 1081 obligatur.
1108 1007 1357 1063 Cultores
1384 1006 1548 1075 igitur
1573 1014 1627 1060 et
1662 1019 1751 1057 eo-

153 1127 276 1166 rum
301 1109 660 1164 fabricatores
688 1103 806 1174 pari
836 1101 993 1173 culpa
1029 1099 1496 1169 constringuntur.
1544 1095 1749 1151 Simifis

153 1204 292 1257 enim
317 1210 404 1256 est
439 1198 723 1268 iniquitas,
763 1194 900 1250 alios
944 1193 1059 1248 suis
1105 1191 1362 1263 operibus
1403 1189 1652 1260 decipere
1698 1196 1753 1242 et

154 1293 386 1348 culturis
415 1305 478 1346 se
505 1287 759 1361 pessimis
779 1287 1046 1356 obligare.

159 1385 224 1439 17
302 1383 588 1440 +Domus
621 1383 640 1454 ζ
672 1377 843 1434 Israel
866 1376 1087 1447 speravit
1117 1375 1170 1428 in
1195 1372 1418 1428 Domino
1448 1385 1468 1424 :

302 1475 534 1545 Adjutor
557 1490 737 1528 eorum
763 1481 810 1526 et
839 1479 1102 1540 protector
1127 1483 1309 1521 eorum
1335 1476 1433 1520 est.

227 1566 272 1622 C
306 1568 511 1621 Domus
554 1563 752 1626 Israel,
781 1560 1068 1617 ecclesiam
1096 1557 1390 1630 significat,
1420 1571 1542 1627 qua:
1575 1565 1757 1612 mente

161 1660 306 1713 videt
339 1657 530 1712 Deum.
564 1655 810 1724 Adjutor,
840 1653 966 1724 quia
996 1667 1162 1708 carne
1205 1649 1518 1706 laborantes
1553 1650 1605 1704 in
1655 1650 1756 1704 hoc

161 1750 386 1812 mundo,
419 1750 472 1804 in
503 1759 768 1818 quantum
799 1746 930 1800 utile
971 1743 1138 1806 novit,
1170 1743 1410 1814 adjuvat.
1449 1742 1750 1807 Protector,
1787 1740 1829 1798 Β

160 1842 418 1912 quoniam
449 1841 662 1895 animas
689 1848 910 1894 sanctas
942 1835 1088 1891 nulla
1117 1833 1248 1891 sinit
1277 1833 1540 1890 diabolica
1569 1832 1761 1887 fraude

162 1933 428 1988 subverti.

165 2023 231 2077 18
305 2021 506 2076 Domus
538 2017 717 2074 Aaron
745 2017 974 2091 speravit
1003 2018 1057 2072 in
1085 2016 1310 2072 Domino
1339 2029 1360 2067 :

305 2112 537 2181 Adjntor
564 2127 745 2166 eorum
769 2121 817 2164 et
847 2119 1107 2180 protector
1134 2124 1316 2163 eorum
1342 2115 1439 2162 est.

234 2202 278 2259 (Ζ
321 2205 524 2259 Domus
577 2216 796 2272 quoque
848 2202 1066 2268 Aaron,
1127 2199 1330 2255 Christi
1387 2197 1570 2252 ﬁdeles
1617 2205 1760 2258 sunt.

166 2296 294 2366 quia
343 2295 474 2350 fecit
518 2311 619 2350 nos
667 2309 892 2366 regnum
937 2303 991 2348 et
1039 2292 1352 2347 sacerdotes
1391 2291 1502 2344 Deo
1526 2297 1581 2343 et
1616 2288 1765 2343 Patri

165 2405 266 2444 suo
287 2388 473 2461 (Apoc.
500 2387 580 2457 t);
614 2397 670 2442 et
699 2388 894 2442 iterum
921 2401 936 2439 ε
970 2387 1075 2440 Vos
1097 2395 1277 2438 autem
1310 2400 1479 2455 genus
1510 2383 1765 2447 electum,

165 2479 348 2551 regale
365 2478 730 2535 sacerdotium
753 2477 804 2548 (1
833 2477 976 2531 Petr.
1006 2476 1086 2546 ιι).
1117 2476 1253 2543 Quia
1278 2476 1457 2529 Aaron
1487 2475 1540 2528 in
1571 2473 1768 2544 pepulo

166 2569 477 2624 Judzeorum
523 2568 733 2639 primus
764 2566 1020 2622 sacerdos
1045 2565 1249 2620 electus
1293 2575 1377 2620 est
1408 2582 1421 2617 :
1458 2565 1610 2631 Quod
1636 2579 1768 2635 ergo

167 2660 320 2728 prius
357 2657 686 2728 generaliter
717 2657 886 2720 dixit,
935 2655 1041 2711 hoc
1089 2668 1234 2708 nunc
1283 2652 1352 2707 de
1396 2653 1769 2706 sacerdotibus

148 2751 369 2804 decora
411 2748 700 2802 iteratione
735 2746 986 2808 retexuit,
1015 2754 1075 2799 ut
1101 2743 1350 2798 excelsus
1378 2743 1513 2798 ordo
1556 2742 1771 2812 pontiﬁ-

169 2855 295 2894 cum
326 2838 548 2908 speciali
573 2837 845 2908 prazconio
872 2835 1210 2890 laudaretur.

171 2930 239 2983 19
315 2929 420 2995 Qui
459 2930 638 2982 timent
669 2927 950 2981 Dominum
977 2935 1312 2995 speraverunt
1341 2925 1395 2980 in
1426 2923 1652 2979 Domino
1680 2939 1699 2979 .'

318 3021 549 3091 Adjutor
573 3037 753 3074 eorum
784 3029 830 3074 et
865 3028 1131 3089 protector
1155 3034 1334 3072 eorum
1364 3027 1461 3072 est.

243 3113 289 3168 11
330 3113 434 3182 Qui
467 3116 658 3170 timent
687 3114 993 3176 Dominum,
1024 3127 1214 3169 omnes
1267 3114 1358 3182 qui
1401 3114 1592 3168 timent
1619 3111 1769 3166 illum
1800 3106 1844 3166 C

173 3215 228 3258 et
254 3215 445 3260 amant
477 3216 534 3260 et
562 3214 785 3275 sperant
818 3206 872 3259 in
897 3221 1045 3271 eum,
1069 3220 1199 3260 vera
1227 3205 1567 3276 proiectione
1594 3214 1776 3276 prote-

172 3296 273 3364 git,
313 3304 370 3349 et
413 3293 653 3349 defendit
697 3295 838 3350 illos.
868 3294 909 3350 C
935 3295 1171 3365 Exponit
1197 3311 1327 3366 ergo
1355 3295 1497 3364 quod
1529 3295 1778 3364 superius

177 3386 315 3438 dixit
340 3404 352 3438 :
387 3386 580 3440 domus
604 3385 768 3440 Israel
805 3395 862 3440 et
887 3387 1082 3441 domus
1108 3387 1306 3441 Aaron.
1335 3379 1441 3455 Ipsi
1473 3387 1622 3440 enim
1650 3393 1779 3440 sunt

176 3479 273 3546 qui
319 3479 516 3533 timent
559 3479 882 3546 Dominum,
921 3488 976 3535 et
1019 3489 1243 3552 sperant
1269 3481 1324 3534 in
1370 3495 1459 3546 eo,
1502 3481 1607 3535 duo
1630 3479 1778 3533 enim

181 3571 284 3625 ista
313 3579 466 3634 sunt,
513 3586 634 3640 qua:
659 3572 849 3626 beatos
876 3570 1104 3637 faciunt,
1137 3587 1275 3642 quos
1300 3573 1462 3626 etiam
1490 3571 1779 3638 consequi-

182 3671 271 3715 tur
300 3661 447 3732 quod
473 3661 610 3716 dixit
639 3670 698 3717 ut
733 3661 815 3718 eis
839 3670 895 3717 et
933 3661 1148 3733 adjutor
1173 3662 1245 3718 sit
1273 3661 1533 3717 Dominus
1558 3670 1615 3716 et
1654 3674 1780 3732 pro-

182 3762 380 3807 tector.

180 3842 252 3898 20
325 3843 586 3900 Dominus
615 3859 816 3898 memor
842 3842 939 3912 fuit
970 3843 1137 3897 nostri
1163 3859 1182 3897 :

331 3933 402 3987 Et
454 3933 716 3988 benedixit
751 3947 813 3989 -ε-
859 3934 1004 4003 nobis
1037 3937 1056 4006 ξ
1088 3933 1418 4003 Diapsalnta.

178 4021 182 4024 ’
249 4023 291 4078 C
325 4022 465 4078 Cum
495 4015 628 4078 dicit
675 4039 888 4080 memor
929 4025 1029 4078 l‘uit
1079 4024 1281 4089 nostri,
1327 4022 1558 4093 gratiam
1591 4020 1785 4075 divinas

177 4109 406 4183 pietatis
453 4115 723 4179 ostendit,
762 4114 1018 4184 quoniam
1065 4113 1263 4168 Filium
1309 4129 1463 4178 suum
1511 4111 1784 4188 incarnari

178 4191 360 4268 *niisit.
383 4195 477 4277 qui
508 4207 632 4263 ideo
657 4193 825 4273 venit,
856 4216 915 4261 ut
940 4202 1184 4263 errantes
1213 4202 1438 4278 populos
1469 4206 1709 4276 doceret,
1733 4213 1787 4258 et

191 4313 482 4354 conversos
507 4314 606 4354 sua
648 4298 1311 4370 benedictioue'salvaret.
1348 4297 1392 4352 H
1422 4296 1629 4352 Memor
1656 4286 1788 4366 ergo

191 4387 288 4442 fuit
325 4389 532 4454 nostri,
571 4403 697 4444 cum
729 4403 832 4443 nos
870 4388 1154 4451 liberavit,
1190 4397 1246 4442 et
1293 4387 1486 4441 Filium
1528 4387 1698 4452 misit,
1734 4395 1788 4441 et

193 4479 465 4535 benedixit
491 4495 594 4536 nos
627 4481 778 4534 omni
810 4479 1189 4535 benedictione
1224 4479 1475 4550 spiritali.

191 4570 254 4630 21
329 4572 610 4628 Benedixit
652 4573 834 4627 domui
872 4571 1044 4626 Israel
1082 4585 1101 4623 :

328 4665 612 4721 Benedixit
641 4667 822 4721 domui
851 4667 1056 4722 Aaron.

269 4759 310 4816 C
339 4760 632 4815 Benedixit
661 4760 843 4815 domui
873 4759 1042 4815 Israel
1070 4759 1135 4814 de
1162 4766 1347 4813 sancta
1385 4757 1552 4813 Maria
1585 4757 1792 4828 virgine

199 4851 489 4906 nascendo.
520 4849 804 4908 Benedixit
827 4849 1012 4908 domui
1042 4850 1245 4911 Aaron,
1269 4847 1558 4904 sacerdotii
1586 4847 1792 4902 honore

197 4943 542 5011 przecinctus,
570 4950 627 4996 ut
649 4943 714 4997 de
741 4943 859 5015 ipso
886 4943 941 4997 in
975 4938 1084 4993 alio
1107 4939 1314 5007 psalmo
1335 4940 1538 4995 dictum
1567 4937 1688 4991 est?
1712 4935 1790 4991 Tu

197 5049 254 5088 es
287 5033 548 5089 sacerdos
575 5033 628 5086 in
659 5043 922 5092 :eternunt
951 5030 1262 5086 secundum
1283 5032 1531 5088 ordinem
1570 5027 1792 5084 Melchi-

197 5129 392 5184 sedech
423 5125 603 5198 (Psal.
633 5129 754 5200 cu).

195 5221 264 5277 22
333 5220 621 5275 Benedi'xit
650 5221 976 5280 +omnibus
1013 5217 1030 5286 ζ
1061 5215 1151 5286 qui
1185 5216 1362 5273 timent
1401 5215 1686 5273 Dominum
1715 5231 1734 5268 :

332 5311 563 5368 Pusillis
595 5329 705 5368 cum
740 5310 1072 5370 maioribus.

1844 459 1949 504 tur.
1999 449 2044 506 11
2094 449 2318 515 Pusilli,
2366 451 2421 506 id
2467 459 2551 506 est
2603 451 2891 506 inferiores
2940 451 3168 517 merito,
3201 451 3436 522 majores

1843 557 2058 613 quoque
2086 542 2280 596 merito
2307 542 2720 597 benedicuntur.

1843 653 1915 708 25
1987 653 2216 724 Adjiciat
2247 653 2500 708 Dominus
2529 672 2683 725 super
2711 673 2796 709 vos
2827 669 2843 708 :

1989 751 2056 817 χ(
2102 747 2274 818 Super
2301 765 2387 803 vos
2421 747 2439 817 ζ
2471 759 2516 802 et
2547 765 2702 812 super
2728 751 2864 817 filios
2895 761 3105 805 vestros.

1918 859 1960 913 C
2000 859 2233 928 Adjiciat
2255 900 2270 925 ,
2304 860 2418 915 sive
2454 861 2924 928 benedictionem,
2967 879 3060 918 seu
3092 863 3310 934 adjiciat
3341 879 3440 918 nu-

1849 965 2003 1006 mero
2033 960 2218 1007 nostro
2254 951 2478 1021 populos
2507 951 2714 1017 ﬁdeles,
2743 954 2882 1022 quod
2913 964 2967 1008 et
2994 955 3046 1008 in
3080 955 3278 1010 nostris
3306 965 3442 1009 tem-

1851 1040 2072 1110 poribus
2117 1038 2266 1105 facit,
2299 1052 2354 1095 et
2393 1057 2565 1111 usque
2610 1042 2663 1096 in
2696 1045 2858 1097 ﬁnem
2903 1045 3082 1099 seculi
3115 1061 3218 1099 non
3245 1045 3445 1099 desinit

1852 1134 2103 1204 operari,
2130 1150 2413 1206 quousque
2441 1151 2631 1190 omnes
2663 1137 2845 1192 ﬁdeles
2865 1177 2880 1199 ,
2916 1138 2967 1191 in
3012 1154 3176 1192 unum
3225 1155 3441 1210 gregem

1853 1223 2089 1288 collecti,
2123 1225 2284 1280 simul
2313 1228 2602 1295 gaudeant.
2647 1226 2688 1280 11
2719 1225 2817 1282 Vel
2848 1227 3067 1297 adjiciat
3092 1229 3224 1284 alios
3252 1231 3444 1298 prmdi:

1855 1327 2069 1372 calores
2095 1332 2224 1372 suos
2253 1334 2416 1389 super
2446 1335 2559 1382 vos,
2588 1319 2711 1390 quia
2737 1321 2988 1390 primitus
3011 1321 3170 1393 pauci
3202 1322 3454 1391 fuerunt,

1855 1415 2040 1476 postea
2071 1407 2222 1462 multi
2251 1406 2378 1463 lacti
2407 1418 2552 1466 sunt.

1854 1519 1926 1573 24
1999 1518 2271 1574 Benedicti
2302 1537 2385 1576 vos
2417 1538 2448 1575 a
2483 1521 2706 1576 Domino
2738 1565 2750 1577 .

2004 1611 2109 1678 Qui
2135 1613 2256 1680 fecit
2284 1613 2471 1667 uelum
2503 1624 2550 1668 et
2581 1625 2793 1669 terram.

1929 1703 1974 1760 11
2010 1705 2050 1760 C
2075 1704 2350 1760 Benedicti
2377 1721 2491 1771 vos,
2520 1707 2728 1762 scilicet
2747 1707 2878 1775 justi
2905 1717 2960 1764 et
2987 1710 3182 1774 sancti,
3203 1711 3450 1767 Domino.

1861 1796 1902 1852 C
1933 1796 2065 1851 Vide
2105 1812 2276 1867 genus
2330 1796 2759 1865 benedictionis;
2812 1800 3041 1856 Domino
3094 1804 3296 1872 posuit,
3325 1803 3451 1874 quia

1865 1887 1980 1956 ipsa
2020 1896 2103 1942 est
2139 1886 2376 1958 perfecta
2409 1887 2738 1956 benedictio,
2775 1908 2880 1946 non
2911 1893 3012 1948 sibi
3044 1894 3329 1962 prmparati
3359 1895 3455 1950 sed

1864 1977 2115 2043 Domino,
2143 1978 2286 2031 unde
2314 1977 2492 2032 futura
2516 1978 2793 2034 beatitudo
2817 1984 3105 2051 provenire
3131 1993 3326 2052 potest.
3357 1984 3457 2038 [’er

1864 2067 2064 2122 celum
2102 2077 2157 2124 et
2189 2078 2389 2123 terram
2411 2110 2425 2134 ,
2457 2071 2684 2138 pusillos
2709 2082 2764 2127 et
2795 2071 3030 2141 majores
3059 2075 3345 2144 signiﬁcat.

1864 2175 1935 2231 25
2009 2176 2208 2232 Caelum
2233 2178 2347 2232 caeli
2377 2197 2409 2233 a
2444 2179 2667 2234 Domino
2693 2196 2711 2234 :

2017 2266 2238 2321 Terram
2266 2281 2440 2323 autent
2467 2271 2607 2324 dedit
2630 2271 2759 2340 filiis
2780 2272 3070 2334 hominum.

1939 2380 1984 2436 11
2014 2380 2224 2436 Ctelum
2273 2382 2435 2438 altius
2492 2384 2771 2454 apostolos
2811 2385 3029 2456 signat,
3081 2403 3206 2456 quia
3241 2389 3308 2444 ab
3342 2389 3461 2459 ipso

1868 2471 2086 2528 Christo
2114 2473 2402 2529 audierunt
2429 2477 2900 2544 prazdicationem,
2928 2489 2984 2534 et
3010 2480 3458 2538 illuminationem

1871 2562 2107 2634 Spiritus
2139 2566 2310 2620 sancti
2339 2578 2688 2634 acceperunt.
2730 2567 2941 2624 Casium
2967 2571 3161 2626 iterum
3190 2584 3316 2627 sunt
3339 2589 3462 2630 suc-

1869 2673 2115 2714 cessores
2141 2659 2530 2728 apostolorum,
2560 2676 2697 2729 quos
2721 2661 2792 2716 illi
2816 2665 3273 2731 pmtlicaveruut.
3296 2667 3464 2721 Terra

1871 2752 2146 2821 simplices
2177 2753 2468 2822 signiﬁcat,
2494 2756 2585 2823 qui
2617 2759 2834 2811 terreni
2877 2769 3055 2824 erant,
3083 2758 3219 2814 lacte
3251 2761 3465 2826 nutriti,

1873 2859 1978 2897 non
2029 2844 2209 2898 adhuc
2245 2843 2418 2899 solido
2454 2844 2577 2899 cibo
2608 2843 2932 2918 (Illorum).
2961 2848 3002 2905 C
3041 2850 3249 2905 (Icelum
3283 2861 3466 2908 autent

1873 2933 2075 2986 dictum
2107 2944 2212 2998 est,
2238 2935 2382 3004 quod
2410 2935 2551 2988 intra
2583 2951 2643 2990 se
2669 2938 2823 2992 caclct
2848 2941 3122 2995 uiiiversa.

1873 3048 1944 3102 26
2019 3047 2142 3102 Νοη
2166 3051 2358 3102 mortui
2382 3049 2677 3104 laudabunt
2702 3061 2771 3116 te,
2801 3054 3028 3108 Domine
3052 3072 3072 3108 :

2023 3137 2208 3211 Neque
2238 3157 2416 3195 omnes
2449 3143 2540 3212 qui
2564 3144 2883 3199 descendunt
2907 3149 2959 3201 in
2983 3149 3264 3217 infantum.

1949 3233 1990 3288 C
2026 3233 2142 3287 Non
2167 3235 2364 3288 mortui
2387 3250 2400 3287 :
2425 3236 2530 3290 hoc
2544 3249 2662 3290 sunt
2684 3253 2802 3307 pec:
2824 3248 3020 3306 πίονες,
3051 3253 3302 3309 peccator
3324 3243 3470 3298 euiin

1881 3340 2004 3378 cum
2042 3326 2249 3378 venerit
2280 3324 2332 3378 in
2371 3325 2697 3394 profundum
2729 3331 2996 3384 malorum
3027 3335 3345 3387 contemnit.
3371 3334 3472 3387 Ne-

1879 3428 1986 3484 que
2033 3429 2223 3469 oumes
2273 3415 2397 3483 (hoc
2429 3423 2512 3470 est
2548 3417 2884 3474 habitatores
2908 3418 3133 3492 inferni)
3175 3422 3474 3479 laudabunt

1882 3523 2078 3562 nomen
2103 3508 2338 3563 Domini.

1881 3621 1952 3676 27
2030 3621 2137 3677 Sed
2160 3639 2252 3677 nos
2286 3636 2348 3679 σε·
2378 3624 2470 3694 qui
2523 3625 2736 3680 vicimus
2767 3627 2788 3696 ζ
2821 3626 3172 3683 benedicimus
3200 3629 3424 3684 Domino
3454 3647 3474 3686 :

2027 3715 2113 3770 Ex
2132 3716 2230 3770 hoc
2263 3733 2401 3772 nunc
2427 3727 2475 3773 et
2519 3735 2684 3777 usque
2706 3720 2760 3774 in
2786 3721 3056 3778 swculum.

1955 3823 2002 3880 C
2058 3825 2314 3879 Vivorum
2367 3827 2511 3881 enim
2559 3837 2643 3883 est
2693 3829 2951 3885 Dominus
2988 3833 3103 3886 sive
3133 3825 3302 3896 Deus,
3335 3843 3392 3887 ut
3421 3838 3476 3890 in

1884 3915 2183 3986 Evangelio
2212 3915 2426 3985 legitur,
2457 3933 2561 3972 non
2589 3929 2922 3975 mortuorum
2955 3921 3170 3992 (.llattli.
3202 3924 3360 3996 xm).
3380 3926 3474 3996 Vi-

1884 4021 2075 4060 vorum
2107 4021 2234 4060 vero
2261 4007 2634 4076 accipiendum
2658 4017 2763 4074 est,
2791 4027 2894 4064 non
2920 4010 3020 4066 ista
3045 4013 3150 4067 vita
3178 3995 3474 4070 viventium

1884 4099 2162 4153 communi
2212 4095 2368 4154 benis
2419 4101 2703 4170 malisque,
2758 4105 2852 4157 sed
2886 4104 2976 4158 illa
3009 4105 3075 4160 de
3105 4122 3207 4174 qua
3254 4106 3474 4175 dicitur,

1888 4187 2124 4245 Placebo
2157 4189 2385 4244 Domino
2434 4191 2485 4246 in
2542 4193 2762 4263 regione
2811 4198 3052 4252 vivorum
3103 4195 3276 4266 (Psal.
3307 4195 3476 4271 cxrv)‘.

1877 4279 1933 4337 .H
1958 4277 2067 4334 Nos
2087 4279 2232 4335 enim
2263 4279 2449 4335 ﬁdeles
2489 4281 2580 4350 qui
2611 4283 2862 4350 vivimus,
2891 4285 2942 4340 id
2973 4287 3165 4357 estqui
3205 4289 3364 4344 ﬁdem
3397 4307 3480 4346 re-

1890 4379 2036 4426 ctam
2072 4380 2316 4426 tenemus
2347 4382 2399 4425 et
2426 4387 2592 4442 Opera
2651 4373 2936 4439 habemus,
2984 4377 3264 4434 laudamus
3300 4381 3483 4435 Domi-

1799 4458 1865 4515 τε)
1893 4480 2042 4518 num.
2083 4463 2161 4518 Ex
2188 4464 2312 4524 hoc.
2343 4463 2576 4528 scilicet,
2618 4481 2725 4536 quo
2784 4468 3105 4539 incmpimus
3159 4471 3479 4544 intelligere.

1880 4558 2070 4625 Nunc,
2089 4559 2190 4613 hoc
2205 4567 2291 4614 est
2305 4561 2486 4625 modo,
2504 4575 2674 4630 usque
2698 4561 2750 4614 in
2767 4561 3042 4627 saeculum,
3061 4564 3110 4617 id
3128 4573 3210 4620 rst
3227 4566 3342 4620 sine
3357 4568 3482 4622 ﬁne.

2352 4697 2549 4737 ORATIO
2583 4698 2652 4735 ΕΧ
2694 4698 2840 4737 PSAL.
2883 4699 3033 4740 CXIII.

1969 4794 2244 4851 ineffabile
2276 4794 2459 4850 lumen
2487 4794 2728 4850 Trinitas
2750 4795 2912 4858 Deus,
2945 4797 3035 4865 qui
3068 4793 3266 4853 ﬁuenta
3303 4797 3491 4853 Jorda-

1900 4888 1983 4943 nis
2013 4897 2233 4958 aspectu
2259 4885 2478 4942 luminis
2509 4886 2776 4951 terruisti,
2801 4895 3019 4956 praesta,
3040 4897 3102 4942 ut
3123 4905 3258 4958 quos
3285 4888 3493 4940 ablutus

1900 4997 2057 5036 sacro
2105 4979 2431 5048 baptismate
2491 4980 2800 5044 reuovasti,
2849 4992 3123 5046 nunquam
3179 4977 3403 5047 patiaris
3464 4993 3492 5028 a

1901 5074 2086 5128 vetitis
2140 5069 2561 5130 simulacrorum
2615 5067 2774 5124 idolis
2825 5067 3104 5122 maculari.
3148 5065 3250 5132 Qui
3281 5065 3414 5118 vivis
3443 5073 3534 5119 et~

1901 5178 2124 5233 regnas,
2153 5168 2257 5213 etc.

2441 5268 2763 5327 PSALMUS
2777 5265 2956 5327 CXIV.
