3994 5370
540 235 676 289 ἰἶο

530 396 541 403 .
852 359 857 365 ’
1118 350 1127 361 ”
1163 340 1278 396 TT.
1306 338 1555 399 Alleluia.

573 435 595 489 i
716 431 887 501 Diluti
912 448 930 487 :
961 431 1211 499 quoniam
1240 428 1484 487 exaudiet
1520 426 1775 487 Dominus

719 525 908 579 Vocem
933 524 1189 577 orationis
1212 538 1364 579 ntere.

640 619 681 672 C
712 617 882 670 David
931 631 1035 669 non
1071 615 1129 669 in
1151 611 1505 683 amplitudine
1540 608 1713 680 regni,
1745 619 1838 663 aut
1863 607 2046 663 mundi
2077 605 2155 681 ie-

567 708 773 762 lieitale
799 706 952 771 lzetus
977 691 1233 768 exsultat,
1260 703 1353 758 sed
1375 701 1573 771 gaudet
1598 700 1899 755 orationem
1928 713 2081 753 suam
2105 696 2158 750 in

565 796 832 867 angustiis
863 812 889 849 τι
920 793 1345 849 clementissimo
1374 789 1600 845 Domino
1626 789 1793 846 fuisse
1815 800 2155 860 susceptam;

528 888 710 959 ‘quod
757 886 857 941 sibi
899 886 1156 956 prodesse
1197 895 1457 956 perpetuo
1486 882 1773 937 sentiebat.
1826 881 1883 936 ln
1927 896 1992 936 eo
2031 896 2160 954 ergo

532 981 711 1049 'quod
740 980 873 1033 dicit
906 997 920 1032 :
957 978 1152 1043 Dilexi,
1186 986 1418 1032 teStatur
1442 991 1499 1031 se
1535 975 1790 1031 habuisse
1818 972 2159 1032 dilectionem

565 1073 660 1127 Dei
688 1072 742 1125 in
771 1072 953 1126 corde.
985 1070 1028 1126 ll
1057 1071 1162 1126 Sed
1191 1070 1311 1126 vide
1351 1069 1495 1139 quod
1536 1085 1643 1123 non
1691 1069 1823 1126 dicit
1851 1087 1863 1123 :
1903 1069 2155 1141 Diligam,

569 1163 664 1217 sed
693 1162 880 1217 dilexi.
935 1161 1054 1216 Non
1085 1161 1335 1233 promisit
1361 1176 1420 1215 se
1458 1159 1658 1226 facere,
1690 1160 1785 1217 sed
1814 1161 2027 1216 fecisse.
2052 1160 2161 1216 Sed

565 1269 739 1323 quare
773 1253 999 1308 dilexit?
1032 1253 1287 1323 quoniam
1320 1252 1574 1307 eXaudiet
1599 1267 1685 1307 me
1712 1252 1765 1307 in
1797 1251 2161 1306 tribulationi-

538 1342 669 1399 bus
694 1354 962 1399 orantem.
995 1343 1106 1399 Nec
1131 1344 1262 1400 dicit
1288 1342 1543 1414 quoniam
1577 1343 1876 1409 exaudivit,
1901 1344 1996 1398 sed
2027 1359 2154 1415 quo~

565 1436 714 1490 niam
741 1436 1011 1492 exaudiet.
1051 1435 1244 1508 Magna
1273 1435 1456 1505 itaque
1482 1434 1584 1488 fuit
1610 1435 1712 1489 ista
1738 1433 1976 1490 dilectio.

563 1550 601 1603 2
713 1550 853 1617 Quia
880 1551 1147 1607 inclinavit
1175 1558 1353 1606 aurem
1375 1565 1525 1604 suam
1554 1549 1681 1603 mihi
1708 1565 1728 1604 .'

709 1646 779 1699 Et
808 1647 863 1717 in
893 1632 1075 1700 diebus
1104 1628 1231 1700 meis
1261 1644 1533 1698 invocabo.
2040 1686 2045 1689 ς

566 1730 573 1737 ’
636 1737 678 1792 C
710 1737 895 1801 Auris.
924 1737 1067 1804 dicta
1108 1744 1193 1792 est
1224 1735 1293 1791 ab
1329 1736 1517 1790 auditu
1549 1748 1712 1805 quam
1738 1734 1938 1790 merito
1966 1733 2032 1789 ad
2057 1749 2155 1788 nos

568 1828 856 1897 inclinare,
886 1830 1088 1885 dicitur
1127 1830 1290 1895 Deus,
1321 1830 1445 1899 quia
1470 1837 1527 1883 ut
1550 1810 1649 1884 nos
1673 1829 1922 1900 dignetur
1947 1828 2155 1895 audire,

563 1922 709 1976 nulla
762 1923 999 1978 humana
1040 1923 1230 1977 merita
1261 1922 1329 1976 ad
1356 1922 1532 1991 ipsum
1562 1920 1817 1976 videntur
1845 1920 2112 1991 attingere
2140 1938 2153 1972 :

562 2012 850 2069 inclinavit
893 2023 1071 2067 autem
1103 2028 1290 2067 aurem
1321 2012 1557 2082 pietatis,
1585 2011 1802 2082 quando
1843 2010 2157 2083 incarnatus

564 2115 670 2160 est.
696 2106 764 2160 Et
790 2106 915 2175 quia
946 2105 1092 2160 circa
1115 2120 1173 2160 se
1197 2104 1417 2159 uberem
1447 2103 1617 2158 sensit
1651 2104 1928 2173 pietatem.
1956 2117 2079 2157 cum
2103 2102 2156 2158 in

563 2194 752 2251 multis
776 2195 1139 2250 tribulationis
1161 2203 1308 2250 esset
1337 2194 1689 2259 conslitutus,
1724 2194 1776 2247 in
1814 2193 2005 2248 diebus
2043 2191 2156 2247 suis

562 2301 623 2342 se
654 2286 787 2342 dicit
836 2287 1241 2352 invocaturum;
1275 2294 1491 2341 nostros
1521 2286 1666 2340 enim
1708 2285 1823 2341 dies
1870 2284 1989 2341 illos
2017 2284 2154 2339 dici-

538 2393 708 2443 .inus,
740 2377 830 2434 ubi
862 2379 1080 2449 propria
1105 2379 1389 2451 iniquitate
1416 2393 1724 2450 peccamus,
1757 2385 1811 2433 et
1838 2378 2156 2434 anxiosrdo-
2231 2402 2239 2415 ο

561 2466 708 2524 iores
736 2468 791 2523 in
824 2470 1007 2540 pravis
1036 2470 1459 2540 cogitationibus
1489 2470 1848 2525 sustinemus.

563 2578 602 2633 5
711 2579 1177 2635 (.‘ircumdederunt
1211 2599 1291 2636 nte
1327 2582 1532 2636 dolores
1556 2584 1739 2637 mortis
1769 2597 1789 2637 :

712 2673 777 2726 Et
810 2672 1044 2741 pericula
1074 2672 1269 2740 inferni
1294 2674 1600 2727 invenerunt
1639 2689 1740 2726 me.

544 2812 549 2817 .
638 2761 685 2818 ii
716 2763 939 2819 Dolores
972 2764 1183 2831 mortis,
1229 2764 1384 2819 mala:
1429 2766 1789 2834 cogitationes
1823 2773 1968 2819 sunt.
2000 2764 2153 2825 Peri-

542 2858 687 2914 .enla
713 2859 938 2925 inferni,
956 2873 1119 2928 opera
1149 2874 1476 2929 prava,qua:
1497 2860 1733 2913 animam
1757 2858 2157 2915 circumeuntes

565 2966 797 3021 peccare
828 2953 1075 3007 suadent.
1098 2952 1154 3006 in
1181 2953 1373 3023 primis
1399 2951 1544 3007 enim
1574 2950 1728 3006 dolor
1753 2961 1806 3005 et
1832 2951 2151 3021 parturitio;

572 3044 660 3097 hic
694 3053 897 3111 autem,
920 3045 1128 3100 scilicet
1153 3044 1205 3100 in
1233 3044 1490 3115 operibus
1518 3044 1720 3114 pravis,
1748 3042 2049 3113 periculum
2074 3052 2156 3099 est

561 3134 804 3201 vicinum
836 3137 1023 3193 morti.

560 3244 598 3297 4
711 3244 1127 3303 Tribulationem
1150 3256 1195 3302 et
1222 3247 1455 3302 dolorem
1478 3245 1650 3301 inveni
1679 3288 1693 3302 .

706 3358 767 3398 οε-
792 3341 859 3399 Et
891 3343 912 3415 ζ
943 3359 1131 3399 nomen
1152 3342 1369 3397 Domini
1401 3343 1653 3396 invocari.

632 3432 677 3488 il
705 3433 942 3491 Sanctus
965 3434 1195 3505 quisque
1220 3450 1326 3489 non
1350 3432 1594 3502 requiem
1627 3433 1721 3488 sed
1751 3434 2153 3492 tribulationem

561 3529 801 3597 quaerit;
842 3528 991 3583 novit
1023 3526 1167 3583 enim
1200 3525 1460 3596 quoniam
1515 3524 1798 3579 tribulatio
1832 3527 2153 3596 patientiam

562 3626 857 3690 operatur,
899 3618 1162 3689 patientia
1207 3627 1390 3672 autem
1440 3615 1851 3687 probationem,
1904 3619 2154 3687 probatio

560 3719 741 3765 autem
772 3725 942 3781 spem,
968 3723 1094 3780 qua:
1124 3725 1231 3764 non
1258 3706 1740 3779 confunditmom.
1761 3706 1838 3782 v).
1863 3709 1932 3764 Et
1956 3726 2152 3766 nomen

552 3801 784 3865 ,Domini
818 3801 1089 3857 invocavi.
1118 3800 1158 3857 C
1203 3800 1321 3868 Quo
1356 3809 1669 3872 praestante,
1695 3809 1751 3857 et
1786 3801 1941 3857 dolor
1972 3809 2028 3857 et
2050 3802 2156 3856 tri-

557 3895 766 3952 h'ulatio
790 3894 1138 3955 vincerentur
1166 3894 1476 3951 eelebriter.
1507 3892 1554 3949 il
1583 3891 1718 3949 item
1745 3893 1930 3963 itaque
1956 3908 2152 3949 novam

558 3988 695 4043 dicit
731 4007 748 4043 ;
789 4001 896 4043 non
929 3986 1062 4043 dicit
1091 4000 1107 4041 :
1136 3982 1402 4057 Requiem
1434 3984 1618 4041 inveni
1650 3990 1745 4041 aut
1786 3984 2153 4052 saturitatem,

560 4078 658 4135 sed
688 4078 1118 4136 tribulationem.
1146 4076 1403 4146 Quaslvit
1425 4091 1558 4149 ergo
1584 4075 2013 4144 tribulationem,
2044 4092 2153 4132 non

560 4171 708 4225 enim
736 4171 1041 4237 invenitur,
1061 4170 1167 4226 nisi
1190 4170 1336 4241 quod
1363 4170 1651 4241 quaeritur.

595 4262 633 4318 5
707 4261 752 4319 Ο
796 4263 1047 4330 Domine,
1093 4262 1259 4320 libero
1314 4262 1547 4320 animum
1594 4277 1785 4317 meam.
1852 4258 2155 4318 Misericors

773 4352 1036 4409 Dominus
1065 4363 1112 4407 et
1128 4353 1310 4424 justus
1333 4368 1352 4406 :

707 4442 776 4501 Et
805 4441 947 4497 Deus
975 4452 1151 4498 noster
1173 4443 1469 4503 miseretur.

636 4533 681 4591 (Σ
719 4532 856 4588 Cum
900 4532 1036 4589 dicit
1079 4532 1352 4611 Propheta
1394 4552 1407 4587 ε
1442 4533 1613 4597 libera
1665 4535 1907 4592 animam
1958 4550 2155 4602 meam,

558 4614 857 4700 iconlitetur
897 4640 1020 4682 eam
1059 4627 1176 4683 sine
1219 4626 1386 4683 dubio
1432 4642 1554 4684 esse
1601 4642 1819 4700 semper
1865 4630 2160 4700 captivam.

563 4721 895 4786 Misericors,
929 4720 1058 4792 quia
1098 4708 1381 4778 inclinavit
1411 4721 1486 4776 illi
1527 4738 1715 4779 aurem
1754 4739 1930 4792 suam,
1954 4723 2160 4796 justus,

563 4800 822 4886 quoniam
853 4812 1119 4883 corripuit
1145 4821 1487 4883 peccatorem
1518 4815 1587 4870 ad
1624 4815 1835 4870 veniam
1870 4816 2159 4885 requiren-

560 4906 710 4961 dam.
758 4903 1064 4970 Miseretur,
1097 4921 1221 4962 cum
1263 4906 1460 4976 recipit
1507 4905 1676 4961 lilium
1717 4921 1876 4977 quem
1920 4906 2155 4979 ﬂagellat

562 4993 748 5064 (Prov.
776 4995 885 5068 ιιι).

559 5085 596 5141 6
703 5088 1017 5146 Custodiens
1045 5090 1293 5161 parvulos
1329 5089 1627 5146 Dominus:

707 5183 1034 5239 Ilumiliatus
1063 5201 1179 5239 sum
1210 5193 1256 5238 et
1289 5182 1522 5238 liberarit
1555 5201 1655 5240 me.

638 5272 680 5328 C
716 5275 929 5332 Parvuli
962 5285 1110 5343 sunt,
1164 5275 1258 5346 qui
1289 5277 1591 5333 certissime
1621 5277 1722 5334 sibi
1765 5279 2014 5335 videntur
2038 5279 2153 5335 exi-

1465 227 1521 282 S.
1563 216 2502 283 BRUNONIS'HERBIPOLENSIS
2538 216 2847 275 EPiSCOPi

2197 330 2238 388 Α
2268 327 2299 380 7
2373 326 2703 396 Convertere,
2731 329 2913 385 anime
2942 344 3078 397 mea,
3109 331 3164 385 in
3190 322 3422 403 requietis
3451 320 3635 387 tuam.‘

2179 4447 2237 4510 Β
2334 4404 2337 4409 ,

3704 211 3841 276 ἠο

2409 419 2547 485 Quia
2579 420 2836 476 Dominus
2866 422 3116 492 benefecit
3145 423 3259 479 tibi.

2333 508 2374 563 C
2412 510 2607 566 Cantet
2639 512 2743 567 hoc
2765 514 3000 584 populus
3027 514 3277 581 devotus,
3306 514 3398 585 qui
3440 516 3683 586 pretioso
3717 518 3839 573 san-

2262 599 2424 670 guine
2464 609 2549 655 est
2594 602 2929 674 redemptus,
2962 605 3053 673 qui
3091 605 3161 660 ad
3198 606 3567 661 desideratam
3611 609 3840 677 requiem

2226 722 2235 756 ε
2262 690 2553 760 pervenire
2581 692 2796 749 Domini
2829 694 3081 765 largitate
3104 698 3427 767 promeruit,
3458 698 3586 770 ideo
3619 694 3844 755 animam

2224 797 2416 845 ,suam
2462 783 2713 840 hortatur
2759 785 3052 857 Propheta,
3092 796 3152 843 ut
3192 798 3545 844 convertatur
3572 790 3641 845 ad
3671 791 3843 846 Domi-

2262 889 2414 940 num,
2438 876 2582 932 unde
2614 876 2692 932 illi
2711 886 2769 932 et
2789 877 3079 947 tranquilla
3108 878 3258 933 venit
3286 879 3527 949 requies,
3550 890 3609 934 et
3634 881 3844 937 abolitio

2236 980 2627 1040 peccatorum.
2670 970 2838 1027 Suam
2883 987 3013 1027 vero
3053 973 3294 1044 requiem
3325 973 3457 1028 dicit
3483 974 3840 1040 conscientite,

2226 1112 2233 1117 .
2262 1076 2384 1133 qua:
2413 1063 2487 1119 illi
2519 1067 2645 1121 data
2673 1075 2757 1122 est
2783 1081 2883 1136 per
2908 1066 3164 1137 gratiam,
3206 1081 3316 1121 non
3356 1070 3677 1121 meritorum
3705 1078 3848 1123 eom-

2225 1203 2229 1207 .
2262 1157 2581 1226 pensatione
2606 1172 2881 1228 possessa.
2909 1158 3035 1213 Ideo
3059 1158 3229 1223 addit,
3252 1158 3383 1229 quia
3410 1158 3673 1214 Dominus
3697 1158 3844 1213 boue-

2261 1245 2391 1302 fecit
2426 1248 2542 1303 tibi.
2585 1247 2631 1302 ii
2664 1249 2899 1320 ltequies
2945 1249 3111 1304 etiam
3143 1259 3328 1305 nostra
3363 1249 3621 1306 Christus
3648 1259 3747 1306 est.
3788 1250 3843 1305 Si

2261 1340 2480 1409 quando
2522 1341 2582 1395 in
2636 1341 2886 1413 angustia
2945 1341 3210 1399 fuerimus
3256 1342 3501 1413 pe¢cati,
3554 1344 3840 1399 dicamus:

2260 1430 2611 1515 Convertere,
2641 1434 2823 1487 anima
2856 1447 2996 1500 mea,
3028 1434 3081 1488 iu
3114 1435 3360 1505 requiem
3398 1444 3569 1490 tuam.

2230 1554 2233 1559 ν
2259 1522 2293 1578 8
2404 1521 2544 1588 Quia
2570 1522 2759 1594 eripuit
2788 1524 3021 1578 animam
3049 1541 3217 1579 nteant
3242 1525 3308 1581 de
3335 1535 3503 1580 morte
3531 1538 3552 1577 :

2399 1611 2595 1669 Oculos
2622 1630 2765 1668 meos
2791 1631 2824 1668 a
2851 1613 3120 1686 lacrymis.

2402 1699 2570 1759 Pedes
2598 1719 2736 1758 meos
2761 1721 2794 1758 a
2821 1703 2995 1775 lapsu.

2329 1792 2371 1849 C
2409 1792 2566 1850 Nune
2607 1809 2803 1851 causas
2828 1796 2994 1866 .pouit
3035 1811 3135 1851 cur
3172 1796 3376 1853 dixerit
3423 1796 3554 1868 quia
3594 1798 3843 1857 Dominus

2258 1885 2530 1943 benefeeit
2570 1887 2689 1944 tibi.
2734 1888 2978 1958 Eripuit,
3021 1888 3343 1945 beneficium
3389 1891 3592 1947 divinae
3636 1895 3843 1952 virtutis

2258 1977 2514 2032 ostendit.
2550 1977 2687 2043 Quia
2727 1977 2831 2031 nisi
2868 1992 2967 2047 per
2999 1979 3118 2050 ejus
3156 1988 3505 2048 potestatem,
3539 1982 3717 2038 nullus
3752 2000 3840 2039 va-

2259 2066 2449 2121 luisset
2493 2082 2524 2121 a
2554 2076 2750 2125 morte
2796 2079 3056 2138 perpetua
3097 2069 3339 2125 liberari.
3380 2070 3582 2127 Oculos
3625 2088 3772 2129 meos
3813 2092 3839 2127 a

2254 2158 2542 2229 lacrymis.
2576 2159 2625 2216 Il
2658 2160 2729 2216 id.
2751 2172 2854 2229 est,
2898 2162 3125 2232 ploravi,
3157 2172 3218 2217 ut
3263 2163 3501 2228 rideam;
3537 2165 3669 2233 lusi,
3699 2175 3759 2220 ut
3795 2169 3841 2221 in

2259 2250 2651 2320 sempiternum
2699 2254 2993 2323 gaudeam;
3033 2254 3128 2323 qui
3176 2254 3323 2309 enim
3362 2255 3415 2308 in
3458 2258 3711 2327 praesenti
3744 2273 3839 2312 non

2258 2340 2461 2411 plorat,
2490 2341 2544 2396 in
2576 2342 2759 2399 futuro
2790 2344 3196 2415 lacrymabitur.
3228 2345 3270 2400 C
3294 2345 3429 2401 Cum
3458 2348 3595 2403 dicit
3621 2364 3651 2402 a
3680 2349 3840 2420 lapsu,

2260 2429 2498 2484 ostendit
2540 2430 2809 2488 lubricum
2858 2443 2913 2488 et
2951 2449 3180 2502 pronum
3221 2449 3344 2490 esse
3376 2446 3681 2506 peccatum,
3713 2441 3843 2493 unde

2260 2535 2319 2578 se
2358 2523 2529 2579 credit
2570 2532 2839 2595 ereptum.
2879 2524 2925 2578 li
2955 2526 2994 2581 C
3024 2524 3174 2579 Illam
3210 2535 3394 2581 autem
3422 2529 3781 2599 ereptionem,
3809 2548 3835 2582 a

2234 2668 2238 2675 ,
2263 2622 2455 2681 morte,
2485 2630 2517 2669 a
2543 2614 2818 2687 lacrymis,
2846 2632 2878 2671 τι
2908 2617 3082 2687 lapsu,
3110 2617 3238 2672 ditit
3263 2617 3536 2689 PrOpheta
3563 2623 3839 2690 pr.cseicn-

2263 2704 2349 2759 tiai
2377 2706 2597 2774 virtute,
2633 2707 2701 2763 de
2728 2706 2913 2763 futuro
2944 2709 2997 2762 in
3031 2708 3256 2780 regione
3296 2710 3569 2775 vivorum,
3597 2712 3686 2767 hic
3710 2714 3839 2766 enim

2263 2809 2368 2849 non
2398 2795 2556 2866 plene
2576 2798 2645 2852 ah
2675 2798 2760 2853 his
2788 2799 3070 2870 eripimur.

2262 2886 2321 2947 9,
2372 2884 2596 2943 l’laceb‘o
2628 2888 2857 2943 Domino
2880 2904 2903 2943 ς

2410 2977 2478 3033 In
2515 2978 2723 3050 regione
2748 2982 3004 3037 virorum.

2184 3078 2230 3139 C
2330 3076 2371 3133 (Ζ
2408 3076 2660 3141 Placebo,
2707 3079 2860 3142 dixit,
2903 3080 3112 3136 scilicet
3155 3081 3267 3152 jam
3315 3094 3572 3150 securus,
3613 3084 3841 3154 quamvis

2257 3166 2402 3222 enim
2431 3176 2487 3221 et
2513 3167 2602 3222 hic
2631 3168 2861 3224 Domino
2890 3171 3139 3240 placeant
3177 3173 3335 3242 justi,
3367 3182 3554 3230 tamen
3586 3177 3837 3238 insecuri;

2256 3257 2434 3313 securi
2468 3266 2650 3313 autem
2688 3266 2817 3314 tunc
2849 3258 2983 3327 justi
3020 3258 3313 3330 placebunt
3347 3263 3606 3329 Domino,
3641 3266 3839 3336 quando

2236 3351 2491 3409 .ulterius
2515 3350 2584 3406 de
2603 3346 2961 3421 peccatorum
2996 3355 3325 3410 adversitate
3365 3356 3441 3410 nil
3484 3366 3753 3413 metuent.
3790 3357 3836 3411 ln

2262 3443 2484 3511 regione
2509 3444 2778 3509 vivorum,
2794 3444 2848 3499 id
2877 3454 2964 3501 est
2988 3444 3044 3499 in
3073 3447 3492 3518 congregatione
3511 3458 3836 3510 sanctorum,

2257 3534 2350 3587 ubi
2373 3532 2553 3588 omnis
2577 3533 2765 3589 vivens
2788 3549 2978 3591 revera
2999 3534 3276 3607 colligitur
3297 3546 3353 3592 et
3379 3552 3409 3591 a
3434 3547 3591 3594 sorte
3620 3540 3837 3594 morien-

2256 3624 2391 3701 tium
2426 3633 2737 3695 separatur.

2731 3752 2932 3793 οιιιιτιο
2960 3754 3031 3794 ΒΧ
3059 3754 3207 3795 νειι.
3233 3754 3378 3795 CXIV.

2325 3846 2555 3905 Ablutor
2578 3848 2977 3919 peccaminum,
2994 3848 3242 3917 Domine,
3257 3851 3383 3921 quia
3405 3851 3642 3908 nimium
3657 3863 3710 3908 te
3722 3851 3832 3905 iide-

2254 3939 2379 3996 liter
2423 3941 2769 3996 invocantem
2801 3940 3064 3996 velociter
3109 3941 3430 4008 consolaris,
3474 3957 3752 4014 rogamus.
3784 3948 3831 3994 ut

2260 4045 2362 4086 nos
2401 4046 2431 4085 a
2474 4029 2968 4101 periculis'inl'erni
3013 4038 3221 4098 erutos,
3249 4031 3304 4086 in
3330 4030 3556 4102 regione
3579 4033 3832 4099 vivorum,

2255 4121 2433 4178 ablata
2462 4121 2674 4196 peccati
2703 4130 2898 4191 morte,
2929 4122 3206 4179 restituas.
3235 4120 3338 4197 Qui
3365 4121 3507 4179 vivis
3544 4132 3603 4193 et
3634 4138 3831 4199 Vreguas.

2253 4223 2365 4270 etc.

2790 4305 3111 4367 PSALMUS
3146 4303 3305 4365 CXV.

2699 4435 3062 4483 Αιιαυιιειιτωι
3102 4434 3248 4475 PS“...
3278 4434 3400 4475 ιιχν.

2330 4542 2372 4596 C
2400 4542 2515 4597 Vox
2546 4549 2845 4610 martyrum
2875 4538 3217 4605 invictarum,
3242 4538 3339 4608 qui
3367 4539 3667 4610 gloriosam
3706 4552 3833 4595 mor-

2263 4641 2371 4687 tem
2400 4648 2497 4699 pro
2526 4630 2727 4687 Christi
2762 4630 2984 4686 nomine
3013 4631 3409 4685 sustinuerunt.

2840 4719 2954 4776 ΤΤ.
2993 4721 3243 4777 Alleluia.
3342 4734 3347 4738 ‘
3811 4764 3825 4776 .

2333 4816 2378 4871 (Σ
2403 4814 2652 4878 Alleluia,
2676 4829 2780 4869 vos
2818 4811 3081 4876 ﬁdelium,
3110 4827 3295 4869 sermo
3324 4811 3633 4875 beatorum,
3669 4811 3834 4866 modu-

2263 4908 2394 4961 latio
2434 4914 2622 4961 sancta
2663 4904 2997 4961 canentium.
3042 4901 3198 4960 Unde
3224 4912 3283 4959 et
3310 4902 3530 4958 auditus
3570 4903 3828 4961 delinitur,

2250 5008 2313 5053 et
2340 4998 2520 5052 an'una
2546 4995 2689 5050 fessa
2722 5002 3024 5049 recreatur.

2260 5091 2288 5145 1
2400 5087 2637 5155 Credidi,
2663 5096 2876 5158 propter
2895 5087 3037 5159 quod
3058 5086 3264 5141 locutus
3287 5101 3403 5142 sunt
3432 5098 3450 5138 :

2398 5183 2512 5252 Ego
2539 5195 2602 5237 -ι-
2628 5192 2804 5235 autem
2838 5181 2855 5252 ζ
2888 5178 3198 5234 humiliatus
3223 5176 3547 5234 sunt'nimis.

2328 5273 2375 5330 il
2414 5273 2650 5339 Credidi,
2681 5273 2846 5342 quid?
2873 5271 2999 5343 quia
3037 5271 3192 5341 prior
3225 5272 3466 5349 psaltrias
3505 5268 3585 5324 ita
3635 5266 3827 5325 ﬁnivit;
