  <div class='ocr_page' id='page_1' title='image "/cluster/home/n/w/nwhite01/storage/ocr_20150623/142/hvd.32044015471808/217.png"; bbox 0 0 3994 5370; ppageno 0'>
   <div class='ocr_carea' id='block_1_1' title="bbox 555 339 662 394">
    <p class='ocr_par' dir='ltr' id='par_1_1' title="bbox 555 339 662 394">
     <span class='ocr_line' id='line_1_1' title="bbox 555 339 662 394; baseline 0.019 -2"><span class='ocrx_word' id='word_1_1' title='bbox 555 339 662 394; x_wconf 67' lang='grc'><strong>423</strong></span> 
     </span>
    </p>
   </div>
   <div class='ocr_carea' id='block_1_2' title="bbox 701 447 1973 521">
    <p class='ocr_par' dir='ltr' id='par_1_2' title="bbox 701 447 1973 521">
     <span class='ocr_line' id='line_1_2' title="bbox 701 447 1973 521; baseline -0.002 -16"><span class='ocrx_word' id='word_1_2' title='bbox 701 450 770 505; x_wconf 86' lang='lat' dir='ltr'><strong>Et</strong></span> <span class='ocrx_word' id='word_1_3' title='bbox 800 451 986 505; x_wconf 69' lang='lat' dir='ltr'><strong>veritas</strong></span> <span class='ocrx_word' id='word_1_4' title='bbox 1017 447 1232 503; x_wconf 88' lang='lat' dir='ltr'><strong>Domini</strong></span> <span class='ocrx_word' id='word_1_5' title='bbox 1267 463 1323 505; x_wconf 67' lang='grc' dir='ltr'><strong>οι-</strong></span> <span class='ocrx_word' id='word_1_6' title='bbox 1360 461 1531 506; x_wconf 79' lang='lat' dir='ltr'><strong>manet</strong></span> <span class='ocrx_word' id='word_1_7' title='bbox 1565 449 1583 521; x_wconf 72' lang='grc' dir='ltr'>ζ</span> <span class='ocrx_word' id='word_1_8' title='bbox 1614 452 1667 504; x_wconf 86' lang='lat' dir='ltr'><strong>in</strong></span> <span class='ocrx_word' id='word_1_9' title='bbox 1699 460 1973 504; x_wconf 73' lang='lat' dir='ltr'><strong>alernum.</strong></span> 
     </span>
    </p>
   </div>
   <div class='ocr_carea' id='block_1_3' title="bbox 631 540 2149 611">
    <p class='ocr_par' dir='ltr' id='par_1_3' title="bbox 631 540 2149 611">
     <span class='ocr_line' id='line_1_3' title="bbox 631 540 2149 611; baseline -0.003 -11"><span class='ocrx_word' id='word_1_10' title='bbox 631 542 672 599; x_wconf 90' lang='lat' dir='ltr'><strong>C</strong></span> <span class='ocrx_word' id='word_1_11' title='bbox 723 540 1051 598; x_wconf 87' lang='lat' dir='ltr'><strong>Conllrmata</strong></span> <span class='ocrx_word' id='word_1_12' title='bbox 1099 550 1185 595; x_wconf 89' lang='lat' dir='ltr'><strong>est</strong></span> <span class='ocrx_word' id='word_1_13' title='bbox 1251 541 1626 596; x_wconf 89' lang='lat' dir='ltr'><strong>misericordia</strong></span> <span class='ocrx_word' id='word_1_14' title='bbox 1693 540 1812 608; x_wconf 86' lang='lat' dir='ltr'><strong>ejus</strong></span> <span class='ocrx_word' id='word_1_15' title='bbox 1857 541 1910 595; x_wconf 90' lang='lat' dir='ltr'><strong>in</strong></span> <span class='ocrx_word' id='word_1_16' title='bbox 1955 540 2149 611; x_wconf 89' lang='lat' dir='ltr'><strong>populo</strong></span> 
     </span>
    </p>
   </div>
   <div class='ocr_carea' id='block_1_4' title="bbox 558 632 2150 703">
    <p class='ocr_par' dir='ltr' id='par_1_4' title="bbox 558 632 2150 703">
     <span class='ocr_line' id='line_1_4' title="bbox 558 632 2150 703; baseline -0.003 -11"><span class='ocrx_word' id='word_1_17' title='bbox 558 634 891 697; x_wconf 87' lang='lat' dir='ltr'><strong>Christiano,</strong></span> <span class='ocrx_word' id='word_1_18' title='bbox 915 632 1130 702; x_wconf 82' lang='lat' dir='ltr'><strong>quando</strong></span> <span class='ocrx_word' id='word_1_19' title='bbox 1155 632 1246 703; x_wconf 87' lang='lat' dir='ltr'><strong>qui</strong></span> <span class='ocrx_word' id='word_1_20' title='bbox 1269 633 1543 701; x_wconf 67' lang='lat' dir='ltr'><strong>pra-stitit,</strong></span> <span class='ocrx_word' id='word_1_21' title='bbox 1568 633 1680 702; x_wconf 91' lang='lat' dir='ltr'><strong>ipse</strong></span> <span class='ocrx_word' id='word_1_22' title='bbox 1704 648 1800 686; x_wconf 92' lang='lat' dir='ltr'><strong>nos</strong></span> <span class='ocrx_word' id='word_1_23' title='bbox 1815 647 1911 685; x_wconf 89' lang='lat' dir='ltr'><strong>sua</strong></span> <span class='ocrx_word' id='word_1_24' title='bbox 1940 633 2150 688; x_wconf 85' lang='lat' dir='ltr'><strong>miseri-</strong></span> 
     </span>
    </p>
   </div>
   <div class='ocr_carea' id='block_1_5' title="bbox 558 722 2149 790">
    <p class='ocr_par' dir='ltr' id='par_1_5' title="bbox 558 722 2149 790">
     <span class='ocr_line' id='line_1_5' title="bbox 558 722 2149 790; baseline -0.004 -9"><span class='ocrx_word' id='word_1_25' title='bbox 558 726 742 782; x_wconf 82' lang='lat' dir='ltr'><strong>cordia</strong></span> <span class='ocrx_word' id='word_1_26' title='bbox 770 724 1024 780; x_wconf 82' lang='lat' dir='ltr'><strong>custodit.</strong></span> <span class='ocrx_word' id='word_1_27' title='bbox 1056 722 1153 778; x_wconf 83' lang='lat' dir='ltr'><strong>Hic</strong></span> <span class='ocrx_word' id='word_1_28' title='bbox 1193 724 1394 777; x_wconf 84' lang='lat' dir='ltr'><strong>veritas</strong></span> <span class='ocrx_word' id='word_1_29' title='bbox 1422 723 1651 786; x_wconf 88' lang='lat' dir='ltr'><strong>Domini,</strong></span> <span class='ocrx_word' id='word_1_30' title='bbox 1679 722 1846 777; x_wconf 84' lang='lat' dir='ltr'><strong>Filius</strong></span> <span class='ocrx_word' id='word_1_31' title='bbox 1875 722 2149 790; x_wconf 79' lang='lat' dir='ltr'><strong>significa-</strong></span> 
     </span>
    </p>
   </div>
   <div class='ocr_carea' id='block_1_6' title="bbox 556 815 2149 887">
    <p class='ocr_par' dir='ltr' id='par_1_6' title="bbox 556 815 2149 887">
     <span class='ocr_line' id='line_1_6' title="bbox 556 815 2149 887; baseline -0.004 -13"><span class='ocrx_word' id='word_1_32' title='bbox 556 829 668 884; x_wconf 85' lang='lat' dir='ltr'><strong>tur,</strong></span> <span class='ocrx_word' id='word_1_33' title='bbox 706 819 847 873; x_wconf 84' lang='lat' dir='ltr'><strong>sicut</strong></span> <span class='ocrx_word' id='word_1_34' title='bbox 889 817 1006 887; x_wconf 88' lang='lat' dir='ltr'><strong>ipse</strong></span> <span class='ocrx_word' id='word_1_35' title='bbox 1039 817 1142 874; x_wconf 89' lang='lat' dir='ltr'><strong>ait.</strong></span> <span class='ocrx_word' id='word_1_36' title='bbox 1198 835 1214 866; x_wconf 77' lang='grc' dir='ltr'>ι</span> <span class='ocrx_word' id='word_1_37' title='bbox 1255 816 1368 886; x_wconf 81' lang='lat' dir='ltr'><strong>Ego</strong></span> <span class='ocrx_word' id='word_1_38' title='bbox 1394 832 1510 870; x_wconf 91' lang='lat' dir='ltr'><strong>sum</strong></span> <span class='ocrx_word' id='word_1_39' title='bbox 1544 816 1626 868; x_wconf 88' lang='lat' dir='ltr'><strong>via</strong></span> <span class='ocrx_word' id='word_1_40' title='bbox 1661 825 1714 869; x_wconf 91' lang='lat' dir='ltr'><strong>et</strong></span> <span class='ocrx_word' id='word_1_41' title='bbox 1741 815 1938 868; x_wconf 84' lang='lat' dir='ltr'><strong>veritas</strong></span> <span class='ocrx_word' id='word_1_42' title='bbox 1963 823 2018 868; x_wconf 93' lang='lat' dir='ltr'><strong>ct</strong></span> <span class='ocrx_word' id='word_1_43' title='bbox 2045 815 2149 867; x_wconf 82' lang='lat' dir='ltr'><strong>vita</strong></span> 
     </span>
    </p>
   </div>
   <div class='ocr_carea' id='block_1_7' title="bbox 558 903 2143 979">
    <p class='ocr_par' dir='ltr' id='par_1_7' title="bbox 558 903 2143 979">
     <span class='ocr_line' id='line_1_7' title="bbox 558 903 2143 979; baseline -0.003 -16"><span class='ocrx_word' id='word_1_44' title='bbox 558 909 746 974; x_wconf 83' lang='lat' dir='ltr'><strong>(Joan.</strong></span> <span class='ocrx_word' id='word_1_45' title='bbox 775 906 913 979; x_wconf 66' lang='grc' dir='ltr'><strong>κεν).</strong></span> <span class='ocrx_word' id='word_1_46' title='bbox 947 926 966 959; x_wconf 72' lang='grc' dir='ltr'><strong><em>ι</em></strong></span> <span class='ocrx_word' id='word_1_47' title='bbox 1003 905 1268 961; x_wconf 78' lang='lat' dir='ltr'><strong>Convenit</strong></span> <span class='ocrx_word' id='word_1_48' title='bbox 1296 906 1443 959; x_wconf 90' lang='lat' dir='ltr'><strong>enim</strong></span> <span class='ocrx_word' id='word_1_49' title='bbox 1462 915 1516 959; x_wconf 90' lang='lat' dir='ltr'><strong>et</strong></span> <span class='ocrx_word' id='word_1_50' title='bbox 1543 903 1703 959; x_wconf 90' lang='lat' dir='ltr'><strong>saluti</strong></span> <span class='ocrx_word' id='word_1_51' title='bbox 1739 913 1940 958; x_wconf 77' lang='lat' dir='ltr'><strong>nostra:</strong></span> <span class='ocrx_word' id='word_1_52' title='bbox 1969 913 2024 957; x_wconf 88' lang='lat' dir='ltr'><strong>et</strong></span> <span class='ocrx_word' id='word_1_53' title='bbox 2053 918 2143 958; x_wconf 86' lang='lat' dir='ltr'><strong>ve-</strong></span> 
     </span>
    </p>
   </div>
   <div class='ocr_carea' id='block_1_8' title="bbox 557 997 2150 1066">
    <p class='ocr_par' dir='ltr' id='par_1_8' title="bbox 557 997 2150 1066">
     <span class='ocr_line' id='line_1_8' title="bbox 557 997 2150 1066; baseline -0.003 -11"><span class='ocrx_word' id='word_1_54' title='bbox 557 1000 707 1056; x_wconf 91' lang='lat' dir='ltr'><strong>ritati</strong></span> <span class='ocrx_word' id='word_1_55' title='bbox 750 999 1000 1053; x_wconf 83' lang='lat' dir='ltr'><strong>confiteri</strong></span> <span class='ocrx_word' id='word_1_56' title='bbox 1039 1006 1367 1052; x_wconf 73' lang='lat' dir='ltr'><strong>comtermun</strong></span> <span class='ocrx_word' id='word_1_57' title='bbox 1402 1004 1456 1052; x_wconf 88' lang='lat' dir='ltr'><strong>et</strong></span> <span class='ocrx_word' id='word_1_58' title='bbox 1501 997 2018 1052; x_wconf 88' lang='lat' dir='ltr'><strong>consubstantialem</strong></span> <span class='ocrx_word' id='word_1_59' title='bbox 2054 1009 2150 1066; x_wconf 90' lang='lat' dir='ltr'><strong>per</strong></span> 
     </span>
    </p>
   </div>
   <div class='ocr_carea' id='block_1_9' title="bbox 556 1089 1160 1146">
    <p class='ocr_par' dir='ltr' id='par_1_9' title="bbox 556 1089 1160 1146">
     <span class='ocr_line' id='line_1_9' title="bbox 556 1089 1160 1146; baseline -0.008 0"><span class='ocrx_word' id='word_1_60' title='bbox 556 1092 742 1146; x_wconf 84' lang='lat' dir='ltr'><strong>omnia</strong></span> <span class='ocrx_word' id='word_1_61' title='bbox 767 1090 914 1144; x_wconf 86' lang='lat' dir='ltr'><strong>Patri</strong></span> <span class='ocrx_word' id='word_1_62' title='bbox 947 1089 1160 1144; x_wconf 82' lang='lat' dir='ltr'><strong>Filium.</strong></span> 
     </span>
    </p>
   </div>
   <div class='ocr_carea' id='block_1_10' title="bbox 1025 1214 1681 1257">
    <p class='ocr_par' dir='ltr' id='par_1_10' title="bbox 1025 1214 1681 1257">
     <span class='ocr_line' id='line_1_10' title="bbox 1025 1214 1681 1257; baseline -0.003 -1"><span class='ocrx_word' id='word_1_63' title='bbox 1025 1215 1224 1257; x_wconf 76' lang='lat' dir='ltr'><strong>ORATIO</strong></span> <span class='ocrx_word' id='word_1_64' title='bbox 1266 1217 1333 1256; x_wconf 77' lang='grc' dir='ltr'><strong>ΒΧ</strong></span> <span class='ocrx_word' id='word_1_65' title='bbox 1359 1216 1506 1256; x_wconf 74' lang='grc' dir='ltr'><strong>ΡΞΑΙ..</strong></span> <span class='ocrx_word' id='word_1_66' title='bbox 1538 1214 1681 1256; x_wconf 66' lang='lat' dir='ltr'><strong>CXVI.</strong></span> 
     </span>
    </p>
   </div>
   <div class='ocr_carea' id='block_1_11' title="bbox 626 1312 2146 1386">
    <p class='ocr_par' dir='ltr' id='par_1_11' title="bbox 626 1312 2146 1386">
     <span class='ocr_line' id='line_1_11' title="bbox 626 1312 2146 1386; baseline -0.005 -12"><span class='ocrx_word' id='word_1_67' title='bbox 626 1313 1166 1386; x_wconf 88' lang='lat' dir='ltr'><strong>Omnipotentissime</strong></span> <span class='ocrx_word' id='word_1_68' title='bbox 1223 1313 1579 1376; x_wconf 86' lang='lat' dir='ltr'><strong>Dominator,</strong></span> <span class='ocrx_word' id='word_1_69' title='bbox 1630 1313 1719 1384; x_wconf 91' lang='lat' dir='ltr'><strong>qui</strong></span> <span class='ocrx_word' id='word_1_70' title='bbox 1790 1313 1858 1368; x_wconf 84' lang='lat' dir='ltr'><strong>ab</strong></span> <span class='ocrx_word' id='word_1_71' title='bbox 1905 1312 2146 1369; x_wconf 87' lang='lat' dir='ltr'><strong>omnium</strong></span> 
     </span>
    </p>
   </div>
   <div class='ocr_carea' id='block_1_12' title="bbox 560 1402 2148 1480">
    <p class='ocr_par' dir='ltr' id='par_1_12' title="bbox 560 1402 2148 1480">
     <span class='ocr_line' id='line_1_12' title="bbox 560 1402 2148 1480; baseline -0.003 -18"><span class='ocrx_word' id='word_1_72' title='bbox 560 1409 805 1480; x_wconf 77' lang='lat' dir='ltr'><strong>gentium</strong></span> <span class='ocrx_word' id='word_1_73' title='bbox 841 1423 938 1463; x_wconf 91' lang='lat' dir='ltr'><strong>ore</strong></span> <span class='ocrx_word' id='word_1_74' title='bbox 966 1405 1226 1470; x_wconf 86' lang='lat' dir='ltr'><strong>laudaris,</strong></span> <span class='ocrx_word' id='word_1_75' title='bbox 1271 1420 1578 1475; x_wconf 88' lang='lat' dir='ltr'><strong>precanmr,</strong></span> <span class='ocrx_word' id='word_1_76' title='bbox 1606 1413 1664 1456; x_wconf 92' lang='lat' dir='ltr'><strong>ut</strong></span> <span class='ocrx_word' id='word_1_77' title='bbox 1689 1402 1883 1458; x_wconf 90' lang='lat' dir='ltr'><strong>dilates</strong></span> <span class='ocrx_word' id='word_1_78' title='bbox 1923 1405 2148 1458; x_wconf 76' lang='lat' dir='ltr'><strong>veritate</strong></span> 
     </span>
    </p>
   </div>
   <div class='ocr_carea' id='block_1_13' title="bbox 555 1495 2148 1566">
    <p class='ocr_par' dir='ltr' id='par_1_13' title="bbox 555 1495 2148 1566">
     <span class='ocr_line' id='line_1_13' title="bbox 555 1495 2148 1566; baseline -0.003 -12"><span class='ocrx_word' id='word_1_79' title='bbox 555 1509 648 1554; x_wconf 88' lang='lat' dir='ltr'><strong>tua</strong></span> <span class='ocrx_word' id='word_1_80' title='bbox 690 1508 929 1554; x_wconf 87' lang='lat' dir='ltr'><strong>mentem</strong></span> <span class='ocrx_word' id='word_1_81' title='bbox 963 1506 1229 1560; x_wconf 90' lang='lat' dir='ltr'><strong>nostram,</strong></span> <span class='ocrx_word' id='word_1_82' title='bbox 1263 1505 1319 1551; x_wconf 91' lang='lat' dir='ltr'><strong>et</strong></span> <span class='ocrx_word' id='word_1_83' title='bbox 1351 1495 1640 1550; x_wconf 84' lang='lat' dir='ltr'><strong>confirmes</strong></span> <span class='ocrx_word' id='word_1_84' title='bbox 1666 1511 1830 1566; x_wconf 86' lang='lat' dir='ltr'><strong>super</strong></span> <span class='ocrx_word' id='word_1_85' title='bbox 1855 1511 1954 1551; x_wconf 91' lang='lat' dir='ltr'><strong>nos</strong></span> <span class='ocrx_word' id='word_1_86' title='bbox 1989 1497 2148 1550; x_wconf 89' lang='lat' dir='ltr'><strong>mise-</strong></span> 
     </span>
    </p>
   </div>
   <div class='ocr_carea' id='block_1_14' title="bbox 554 1589 2143 1654">
    <p class='ocr_par' dir='ltr' id='par_1_14' title="bbox 554 1589 2143 1654">
     <span class='ocr_line' id='line_1_14' title="bbox 554 1589 2143 1654; baseline -0.004 -4"><span class='ocrx_word' id='word_1_87' title='bbox 554 1593 848 1651; x_wconf 86' lang='lat' dir='ltr'><strong>ricordiam</strong></span> <span class='ocrx_word' id='word_1_88' title='bbox 880 1603 1048 1650; x_wconf 87' lang='lat' dir='ltr'><strong>tuam.</strong></span> <span class='ocrx_word' id='word_1_89' title='bbox 1082 1592 1188 1648; x_wconf 85' lang='lat' dir='ltr'><strong>Per</strong></span> <span class='ocrx_word' id='word_1_90' title='bbox 1219 1591 1504 1646; x_wconf 89' lang='lat' dir='ltr'><strong>Dominum</strong></span> <span class='ocrx_word' id='word_1_91' title='bbox 1535 1600 1779 1646; x_wconf 89' lang='lat' dir='ltr'><strong>nostrum</strong></span> <span class='ocrx_word' id='word_1_92' title='bbox 1803 1589 2009 1654; x_wconf 82' lang='lat' dir='ltr'><strong>Jesum,</strong></span> <span class='ocrx_word' id='word_1_93' title='bbox 2037 1599 2143 1644; x_wconf 89' lang='lat' dir='ltr'><strong>etc.</strong></span> 
     </span>
    </p>
   </div>
   <div class='ocr_carea' id='block_1_15' title="bbox 1072 1699 1624 1759">
    <p class='ocr_par' dir='ltr' id='par_1_15' title="bbox 1072 1699 1624 1759">
     <span class='ocr_line' id='line_1_15' title="bbox 1072 1699 1624 1759; baseline -0.007 0"><span class='ocrx_word' id='word_1_94' title='bbox 1072 1702 1294 1759; x_wconf 76' lang='lat' dir='ltr'><strong>PSALM</strong></span> <span class='ocrx_word' id='word_1_95' title='bbox 1306 1701 1391 1758; x_wconf 86' lang='lat' dir='ltr'><strong>US</strong></span> <span class='ocrx_word' id='word_1_96' title='bbox 1422 1699 1624 1758; x_wconf 76' lang='lat' dir='ltr'><strong>CXVII.</strong></span> 
     </span>
    </p>
   </div>
   <div class='ocr_carea' id='block_1_16' title="bbox 986 1829 1719 1873">
    <p class='ocr_par' dir='ltr' id='par_1_16' title="bbox 986 1829 1719 1873">
     <span class='ocr_line' id='line_1_16' title="bbox 986 1829 1719 1873; baseline -0.007 0"><span class='ocrx_word' id='word_1_97' title='bbox 986 1832 1351 1873; x_wconf 71' lang='lat' dir='ltr'><strong>ABGUIENTUII</strong></span> <span class='ocrx_word' id='word_1_98' title='bbox 1373 1832 1522 1871; x_wconf 72' lang='grc' dir='ltr'><strong>ΡςΑι..</strong></span> <span class='ocrx_word' id='word_1_99' title='bbox 1546 1829 1719 1870; x_wconf 73' lang='lat' dir='ltr'><strong>CXVII.</strong></span> 
     </span>
    </p>
   </div>
   <div class='ocr_carea' id='block_1_17' title="bbox 623 1921 2147 1985">
    <p class='ocr_par' dir='ltr' id='par_1_17' title="bbox 623 1921 2147 1985">
     <span class='ocr_line' id='line_1_17' title="bbox 623 1921 2147 1985; baseline -0.005 -4"><span class='ocrx_word' id='word_1_100' title='bbox 623 1925 666 1981; x_wconf 89' lang='lat' dir='ltr'><strong>C</strong></span> <span class='ocrx_word' id='word_1_101' title='bbox 705 1925 817 1980; x_wconf 77' lang='lat' dir='ltr'><strong>Vox</strong></span> <span class='ocrx_word' id='word_1_102' title='bbox 866 1923 1103 1979; x_wconf 86' lang='lat' dir='ltr'><strong>fidelium</strong></span> <span class='ocrx_word' id='word_1_103' title='bbox 1155 1923 1385 1978; x_wconf 90' lang='lat' dir='ltr'><strong>Domino</strong></span> <span class='ocrx_word' id='word_1_104' title='bbox 1433 1922 1806 1977; x_wconf 89' lang='lat' dir='ltr'><strong>conlitentium</strong></span> <span class='ocrx_word' id='word_1_105' title='bbox 1837 1962 1852 1985; x_wconf 86' lang='lat'><strong>,</strong></span> <span class='ocrx_word' id='word_1_106' title='bbox 1888 1929 1943 1974; x_wconf 89' lang='lat' dir='ltr'><strong>et</strong></span> <span class='ocrx_word' id='word_1_107' title='bbox 1990 1921 2043 1975; x_wconf 89' lang='lat' dir='ltr'><strong>in</strong></span> <span class='ocrx_word' id='word_1_108' title='bbox 2081 1935 2147 1976; x_wconf 91' lang='lat' dir='ltr'><strong>eo</strong></span> 
     </span>
    </p>
   </div>
   <div class='ocr_carea' id='block_1_18' title="bbox 554 2012 2148 2084">
    <p class='ocr_par' dir='ltr' id='par_1_18' title="bbox 554 2012 2148 2084">
     <span class='ocr_line' id='line_1_18' title="bbox 554 2012 2148 2084; baseline -0.004 -13"><span class='ocrx_word' id='word_1_109' title='bbox 554 2016 900 2072; x_wconf 77' lang='lat' dir='ltr'><strong>solummodo</strong></span> <span class='ocrx_word' id='word_1_110' title='bbox 945 2015 1372 2078; x_wconf 79' lang='lat' dir='ltr'><strong>confidentiam,</strong></span> <span class='ocrx_word' id='word_1_111' title='bbox 1425 2015 1515 2084; x_wconf 85' lang='lat' dir='ltr'><strong>qui</strong></span> <span class='ocrx_word' id='word_1_112' title='bbox 1564 2013 1764 2083; x_wconf 86' lang='lat' dir='ltr'><strong>aperiri</strong></span> <span class='ocrx_word' id='word_1_113' title='bbox 1813 2012 1914 2066; x_wconf 86' lang='lat' dir='ltr'><strong>sibi</strong></span> <span class='ocrx_word' id='word_1_114' title='bbox 1963 2023 2148 2081; x_wconf 86' lang='lat' dir='ltr'><strong>portas</strong></span> 
     </span>
    </p>
   </div>
   <div class='ocr_carea' id='block_1_19' title="bbox 551 2104 2150 2182">
    <p class='ocr_par' dir='ltr' id='par_1_19' title="bbox 551 2104 2150 2182">
     <span class='ocr_line' id='line_1_19' title="bbox 551 2104 2150 2182; baseline -0.006 -16"><span class='ocrx_word' id='word_1_115' title='bbox 551 2110 775 2182; x_wconf 47' lang='lat' dir='ltr'><strong>Iustitia:</strong></span> <span class='ocrx_word' id='word_1_116' title='bbox 814 2112 1209 2180; x_wconf 90' lang='lat' dir='ltr'><strong>deprecantur,</strong></span> <span class='ocrx_word' id='word_1_117' title='bbox 1259 2110 1324 2162; x_wconf 92' lang='lat' dir='ltr'><strong>de</strong></span> <span class='ocrx_word' id='word_1_118' title='bbox 1372 2107 1616 2176; x_wconf 83' lang='lat' dir='ltr'><strong>angulari</strong></span> <span class='ocrx_word' id='word_1_119' title='bbox 1667 2105 1876 2174; x_wconf 87' lang='lat' dir='ltr'><strong>lapide,</strong></span> <span class='ocrx_word' id='word_1_120' title='bbox 1917 2104 2022 2158; x_wconf 91' lang='lat' dir='ltr'><strong>hoc</strong></span> <span class='ocrx_word' id='word_1_121' title='bbox 2065 2110 2150 2157; x_wconf 84' lang='lat' dir='ltr'><strong>est</strong></span> 
     </span>
    </p>
   </div>
   <div class='ocr_carea' id='block_1_20' title="bbox 553 2201 1553 2271">
    <p class='ocr_par' dir='ltr' id='par_1_20' title="bbox 553 2201 1553 2271">
     <span class='ocr_line' id='line_1_20' title="bbox 553 2201 1553 2271; baseline -0.004 -13"><span class='ocrx_word' id='word_1_122' title='bbox 553 2203 787 2260; x_wconf 90' lang='lat' dir='ltr'><strong>Domino</strong></span> <span class='ocrx_word' id='word_1_123' title='bbox 814 2205 1115 2270; x_wconf 88' lang='lat' dir='ltr'><strong>Salvatore,</strong></span> <span class='ocrx_word' id='word_1_124' title='bbox 1147 2201 1553 2271; x_wconf 84' lang='lat' dir='ltr'><strong>subjungcntes.</strong></span> 
     </span>
    </p>
   </div>
   <div class='ocr_carea' id='block_1_21' title="bbox 1147 2311 1551 2367">
    <p class='ocr_par' dir='ltr' id='par_1_21' title="bbox 1147 2311 1551 2367">
     <span class='ocr_line' id='line_1_21' title="bbox 1147 2311 1551 2367; baseline -0.007 0"><span class='ocrx_word' id='word_1_125' title='bbox 1147 2313 1258 2367; x_wconf 86' lang='grc' dir='ltr'><strong>ἸΤ.</strong></span> <span class='ocrx_word' id='word_1_126' title='bbox 1300 2311 1551 2366; x_wconf 80' lang='lat' dir='ltr'><strong>Alleluia.</strong></span> 
     </span>
    </p>
   </div>
   <div class='ocr_carea' id='block_1_22' title="bbox 625 2426 2143 2500">
    <p class='ocr_par' dir='ltr' id='par_1_22' title="bbox 625 2426 2143 2500">
     <span class='ocr_line' id='line_1_22' title="bbox 625 2426 2143 2500; baseline -0.005 -15"><span class='ocrx_word' id='word_1_127' title='bbox 625 2429 757 2496; x_wconf 54' lang='lat' dir='ltr'><strong>Ciln</strong></span> <span class='ocrx_word' id='word_1_128' title='bbox 781 2429 1048 2500; x_wconf 89' lang='lat' dir='ltr'><strong>principio</strong></span> <span class='ocrx_word' id='word_1_129' title='bbox 1075 2429 1275 2499; x_wconf 87' lang='lat' dir='ltr'><strong>quippe</strong></span> <span class='ocrx_word' id='word_1_130' title='bbox 1321 2427 1477 2484; x_wconf 87' lang='lat' dir='ltr'><strong>istius</strong></span> <span class='ocrx_word' id='word_1_131' title='bbox 1516 2426 1732 2498; x_wconf 85' lang='lat' dir='ltr'><strong>psalmi,</strong></span> <span class='ocrx_word' id='word_1_132' title='bbox 1759 2434 1992 2496; x_wconf 88' lang='lat' dir='ltr'><strong>quatuor</strong></span> <span class='ocrx_word' id='word_1_133' title='bbox 2018 2440 2143 2480; x_wconf 87' lang='lat' dir='ltr'><strong>ver-</strong></span> 
     </span>
    </p>
   </div>
   <div class='ocr_carea' id='block_1_23' title="bbox 556 2519 2143 2592">
    <p class='ocr_par' dir='ltr' id='par_1_23' title="bbox 556 2519 2143 2592">
     <span class='ocr_line' id='line_1_23' title="bbox 556 2519 2143 2592; baseline -0.005 -14"><span class='ocrx_word' id='word_1_134' title='bbox 556 2538 649 2578; x_wconf 86' lang='lat' dir='ltr'><strong>sus</strong></span> <span class='ocrx_word' id='word_1_135' title='bbox 679 2522 798 2592; x_wconf 90' lang='lat' dir='ltr'><strong>pari</strong></span> <span class='ocrx_word' id='word_1_136' title='bbox 830 2521 939 2576; x_wconf 85' lang='lat' dir='ltr'><strong>line</strong></span> <span class='ocrx_word' id='word_1_137' title='bbox 965 2521 1257 2582; x_wconf 90' lang='lat' dir='ltr'><strong>concludit,</strong></span> <span class='ocrx_word' id='word_1_138' title='bbox 1290 2530 1348 2574; x_wconf 88' lang='lat' dir='ltr'><strong>ut</strong></span> <span class='ocrx_word' id='word_1_139' title='bbox 1374 2519 1685 2589; x_wconf 85' lang='lat' dir='ltr'><strong>evangelico</strong></span> <span class='ocrx_word' id='word_1_140' title='bbox 1717 2533 1941 2572; x_wconf 90' lang='lat' dir='ltr'><strong>numero</strong></span> <span class='ocrx_word' id='word_1_141' title='bbox 1974 2527 2143 2572; x_wconf 87' lang='lat' dir='ltr'><strong>totum</strong></span> 
     </span>
    </p>
   </div>
   <div class='ocr_carea' id='block_1_24' title="bbox 555 2611 2147 2667">
    <p class='ocr_par' dir='ltr' id='par_1_24' title="bbox 555 2611 2147 2667">
     <span class='ocr_line' id='line_1_24' title="bbox 555 2611 2147 2667; baseline -0.002 0"><span class='ocrx_word' id='word_1_142' title='bbox 555 2613 817 2667; x_wconf 87' lang='lat' dir='ltr'><strong>mundum</strong></span> <span class='ocrx_word' id='word_1_143' title='bbox 844 2613 938 2666; x_wconf 89' lang='lat' dir='ltr'><strong>uni</strong></span> <span class='ocrx_word' id='word_1_144' title='bbox 959 2613 1190 2667; x_wconf 86' lang='lat' dir='ltr'><strong>Domino</strong></span> <span class='ocrx_word' id='word_1_145' title='bbox 1213 2612 1400 2666; x_wconf 88' lang='lat' dir='ltr'><strong>Iaudes</strong></span> <span class='ocrx_word' id='word_1_146' title='bbox 1429 2613 1655 2666; x_wconf 89' lang='lat' dir='ltr'><strong>reddere</strong></span> <span class='ocrx_word' id='word_1_147' title='bbox 1681 2611 1879 2664; x_wconf 82' lang='lat' dir='ltr'><strong>debere</strong></span> <span class='ocrx_word' id='word_1_148' title='bbox 1906 2625 2147 2664; x_wconf 90' lang='lat' dir='ltr'><strong>commo-</strong></span> 
     </span>
    </p>
   </div>
   <div class='ocr_carea' id='block_1_25' title="bbox 553 2703 2146 2774">
    <p class='ocr_par' dir='ltr' id='par_1_25' title="bbox 553 2703 2146 2774">
     <span class='ocr_line' id='line_1_25' title="bbox 553 2703 2146 2774; baseline -0.002 -13"><span class='ocrx_word' id='word_1_149' title='bbox 553 2717 739 2773; x_wconf 88' lang='lat' dir='ltr'><strong>neret;</strong></span> <span class='ocrx_word' id='word_1_150' title='bbox 775 2707 877 2762; x_wconf 91' lang='lat' dir='ltr'><strong>hoc</strong></span> <span class='ocrx_word' id='word_1_151' title='bbox 911 2715 967 2762; x_wconf 88' lang='lat' dir='ltr'><strong>et</strong></span> <span class='ocrx_word' id='word_1_152' title='bbox 997 2707 1052 2760; x_wconf 91' lang='lat' dir='ltr'><strong>in</strong></span> <span class='ocrx_word' id='word_1_153' title='bbox 1091 2707 1388 2761; x_wconf 85' lang='lat' dir='ltr'><strong>centesimo</strong></span> <span class='ocrx_word' id='word_1_154' title='bbox 1419 2705 1693 2759; x_wconf 89' lang='lat' dir='ltr'><strong>tricesimo</strong></span> <span class='ocrx_word' id='word_1_155' title='bbox 1719 2707 1907 2773; x_wconf 84' lang='lat' dir='ltr'><strong>quinto</strong></span> <span class='ocrx_word' id='word_1_156' title='bbox 1937 2703 2146 2774; x_wconf 84' lang='lat' dir='ltr'><strong>psalmo</strong></span> 
     </span>
    </p>
   </div>
   <div class='ocr_carea' id='block_1_26' title="bbox 553 2797 1768 2870">
    <p class='ocr_par' dir='ltr' id='par_1_26' title="bbox 553 2797 1768 2870">
     <span class='ocr_line' id='line_1_26' title="bbox 553 2797 1768 2870; baseline -0.002 -17"><span class='ocrx_word' id='word_1_157' title='bbox 553 2814 653 2870; x_wconf 89' lang='lat' dir='ltr'><strong>per</strong></span> <span class='ocrx_word' id='word_1_158' title='bbox 681 2813 870 2854; x_wconf 89' lang='lat' dir='ltr'><strong>omnes</strong></span> <span class='ocrx_word' id='word_1_159' title='bbox 897 2813 1088 2852; x_wconf 89' lang='lat' dir='ltr'><strong>versus</strong></span> <span class='ocrx_word' id='word_1_160' title='bbox 1116 2799 1362 2852; x_wconf 89' lang='lat' dir='ltr'><strong>absolute</strong></span> <span class='ocrx_word' id='word_1_161' title='bbox 1394 2797 1635 2850; x_wconf 92' lang='lat' dir='ltr'><strong>facturus</strong></span> <span class='ocrx_word' id='word_1_162' title='bbox 1665 2804 1768 2850; x_wconf 87' lang='lat' dir='ltr'><strong>est.</strong></span> 
     </span>
    </p>
   </div>
   <div class='ocr_carea' id='block_1_27' title="bbox 554 2903 1811 2975">
    <p class='ocr_par' dir='ltr' id='par_1_27' title="bbox 554 2903 1811 2975">
     <span class='ocr_line' id='line_1_27' title="bbox 554 2903 1811 2975; baseline -0.005 -15"><span class='ocrx_word' id='word_1_163' title='bbox 554 2906 582 2960; x_wconf 74' lang='grc'><strong>1</strong></span> <span class='ocrx_word' id='word_1_164' title='bbox 699 2907 1031 2975; x_wconf 72' lang='lat' dir='ltr'><strong>Conﬁtemini</strong></span> <span class='ocrx_word' id='word_1_165' title='bbox 1060 2905 1284 2960; x_wconf 87' lang='lat' dir='ltr'><strong>Domino</strong></span> <span class='ocrx_word' id='word_1_166' title='bbox 1315 2905 1565 2975; x_wconf 87' lang='lat' dir='ltr'><strong>quoniam</strong></span> <span class='ocrx_word' id='word_1_167' title='bbox 1595 2903 1759 2956; x_wconf 84' lang='lat' dir='ltr'><strong>bonus</strong></span> <span class='ocrx_word' id='word_1_168' title='bbox 1791 2914 1811 2953; x_wconf 90' lang='lat'><strong><em>:</em></strong></span> 
     </span>
    </p>
   </div>
   <div class='ocr_carea' id='block_1_28' title="bbox 701 2991 1872 3061">
    <p class='ocr_par' dir='ltr' id='par_1_28' title="bbox 701 2991 1872 3061">
     <span class='ocr_line' id='line_1_28' title="bbox 701 2991 1872 3061; baseline -0.006 -11"><span class='ocrx_word' id='word_1_169' title='bbox 701 2996 963 3061; x_wconf 70' lang='lat' dir='ltr'><strong>Quoniam</strong></span> <span class='ocrx_word' id='word_1_170' title='bbox 988 2999 1042 3049; x_wconf 89' lang='lat' dir='ltr'><strong>in</strong></span> <span class='ocrx_word' id='word_1_171' title='bbox 1065 2995 1316 3049; x_wconf 69' lang='lat' dir='ltr'><strong>sa&#39;culum</strong></span> <span class='ocrx_word' id='word_1_172' title='bbox 1347 2992 1706 3047; x_wconf 77' lang='lat' dir='ltr'><strong>misericordia</strong></span> <span class='ocrx_word' id='word_1_173' title='bbox 1737 2991 1872 3060; x_wconf 84' lang='lat' dir='ltr'><strong>ejus.</strong></span> 
     </span>
    </p>
   </div>
   <div class='ocr_carea' id='block_1_29' title="bbox 631 3080 2144 3153">
    <p class='ocr_par' dir='ltr' id='par_1_29' title="bbox 631 3080 2144 3153">
     <span class='ocr_line' id='line_1_29' title="bbox 631 3080 2144 3153; baseline -0.006 -10"><span class='ocrx_word' id='word_1_174' title='bbox 631 3088 677 3142; x_wconf 92' lang='lat' dir='ltr'><strong>II</strong></span> <span class='ocrx_word' id='word_1_175' title='bbox 715 3088 997 3143; x_wconf 76' lang='lat' dir='ltr'><strong>Confessio</strong></span> <span class='ocrx_word' id='word_1_176' title='bbox 1021 3088 1136 3141; x_wconf 69' lang='lat' dir='ltr'><strong>haec</strong></span> <span class='ocrx_word' id='word_1_177' title='bbox 1158 3102 1263 3140; x_wconf 90' lang='lat' dir='ltr'><strong>non</strong></span> <span class='ocrx_word' id='word_1_178' title='bbox 1286 3083 1354 3138; x_wconf 89' lang='lat' dir='ltr'><strong>ad</strong></span> <span class='ocrx_word' id='word_1_179' title='bbox 1380 3091 1723 3153; x_wconf 87' lang='lat' dir='ltr'><strong>peccatorum</strong></span> <span class='ocrx_word' id='word_1_180' title='bbox 1749 3080 2144 3145; x_wconf 88' lang='lat' dir='ltr'><strong>remissionem,</strong></span> 
     </span>
    </p>
   </div>
   <div class='ocr_carea' id='block_1_30' title="bbox 1467 335 3808 394">
    <p class='ocr_par' dir='ltr' id='par_1_30' title="bbox 1467 335 3808 394">
     <span class='ocr_line' id='line_1_30' title="bbox 1467 335 3808 394; baseline 0.001 -3"><span class='ocrx_word' id='word_1_181' title='bbox 1467 337 1525 393; x_wconf 82' lang='lat' dir='ltr'><strong>S.</strong></span> <span class='ocrx_word' id='word_1_182' title='bbox 1570 336 1919 394; x_wconf 69' lang='lat' dir='ltr'><strong>BRUNONIS</strong></span> <span class='ocrx_word' id='word_1_183' title='bbox 1961 335 2502 392; x_wconf 78' lang='lat' dir='ltr'><strong>IIERBIPOLENSIS</strong></span> <span class='ocrx_word' id='word_1_184' title='bbox 2539 335 2843 394; x_wconf 77' lang='lat' dir='ltr'><strong>EPISCOPI</strong></span> <span class='ocrx_word' id='word_1_185' title='bbox 3723 338 3808 393; x_wconf 65' lang='grc' dir='ltr'>ω</span> 
     </span>
    </p>
   </div>
   <div class='ocr_carea' id='block_1_31' title="bbox 2179 442 3060 515">
    <p class='ocr_par' dir='ltr' id='par_1_31' title="bbox 2179 442 3060 515">
     <span class='ocr_line' id='line_1_31' title="bbox 2179 442 3060 515; baseline 0.003 -18"><span class='ocrx_word' id='word_1_186' title='bbox 2179 450 2227 506; x_wconf 75' lang='grc' dir='ltr'><strong>Α</strong></span> <span class='ocrx_word' id='word_1_187' title='bbox 2256 442 2290 497; x_wconf 88' lang='grc' dir='ltr'><strong>ϐ</strong></span> <span class='ocrx_word' id='word_1_188' title='bbox 2359 443 2617 498; x_wconf 78' lang='lat' dir='ltr'><strong>Doininus</strong></span> <span class='ocrx_word' id='word_1_189' title='bbox 2641 445 2767 499; x_wconf 80' lang='lat' dir='ltr'><strong>mihi</strong></span> <span class='ocrx_word' id='word_1_190' title='bbox 2798 444 3013 515; x_wconf 86' lang='lat' dir='ltr'><strong>adjutor</strong></span> <span class='ocrx_word' id='word_1_191' title='bbox 3036 462 3060 501; x_wconf 86' lang='lat'><strong><em>:</em></strong></span> 
     </span>
    </p>
   </div>
   <div class='ocr_carea' id='block_1_32' title="bbox 2392 535 3416 609">
    <p class='ocr_par' dir='ltr' id='par_1_32' title="bbox 2392 535 3416 609">
     <span class='ocr_line' id='line_1_32' title="bbox 2392 535 3416 609; baseline 0.006 -21"><span class='ocrx_word' id='word_1_192' title='bbox 2392 535 2515 590; x_wconf 88' lang='lat' dir='ltr'><strong>Non</strong></span> <span class='ocrx_word' id='word_1_193' title='bbox 2539 537 2726 592; x_wconf 73' lang='lat' dir='ltr'><strong>timebo</strong></span> <span class='ocrx_word' id='word_1_194' title='bbox 2750 538 2876 609; x_wconf 81' lang='lat' dir='ltr'><strong>quid</strong></span> <span class='ocrx_word' id='word_1_195' title='bbox 2902 539 3066 608; x_wconf 76' lang='lat' dir='ltr'><strong>faciat</strong></span> <span class='ocrx_word' id='word_1_196' title='bbox 3086 539 3216 594; x_wconf 76' lang='lat' dir='ltr'><strong>mihi</strong></span> <span class='ocrx_word' id='word_1_197' title='bbox 3238 539 3416 594; x_wconf 82' lang='lat' dir='ltr'><strong>homo.</strong></span> 
     </span>
    </p>
   </div>
   <div class='ocr_carea' id='block_1_33' title="bbox 2323 627 3808 700">
    <p class='ocr_par' dir='ltr' id='par_1_33' title="bbox 2323 627 3808 700">
     <span class='ocr_line' id='line_1_33' title="bbox 2323 627 3808 700; baseline 0.004 -16"><span class='ocrx_word' id='word_1_198' title='bbox 2323 627 2364 684; x_wconf 92' lang='lat' dir='ltr'><strong>C</strong></span> <span class='ocrx_word' id='word_1_199' title='bbox 2399 631 2659 685; x_wconf 86' lang='lat' dir='ltr'><strong>Dominus</strong></span> <span class='ocrx_word' id='word_1_200' title='bbox 2699 632 2828 685; x_wconf 89' lang='lat' dir='ltr'><strong>mihi</strong></span> <span class='ocrx_word' id='word_1_201' title='bbox 2860 629 3092 700; x_wconf 88' lang='lat' dir='ltr'><strong>adjutor,</strong></span> <span class='ocrx_word' id='word_1_202' title='bbox 3127 647 3250 686; x_wconf 89' lang='lat' dir='ltr'><strong>nam</strong></span> <span class='ocrx_word' id='word_1_203' title='bbox 3283 649 3403 688; x_wconf 90' lang='lat' dir='ltr'><strong>cum</strong></span> <span class='ocrx_word' id='word_1_204' title='bbox 3432 647 3493 688; x_wconf 88' lang='lat' dir='ltr'><strong>se</strong></span> <span class='ocrx_word' id='word_1_205' title='bbox 3521 632 3651 688; x_wconf 85' lang='lat' dir='ltr'><strong>dicit</strong></span> <span class='ocrx_word' id='word_1_206' title='bbox 3676 635 3808 690; x_wconf 82' lang='lat' dir='ltr'><strong>auxi-</strong></span> 
     </span>
    </p>
   </div>
   <div class='ocr_carea' id='block_1_34' title="bbox 2251 720 3812 799">
    <p class='ocr_par' dir='ltr' id='par_1_34' title="bbox 2251 720 3812 799">
     <span class='ocr_line' id='line_1_34' title="bbox 2251 720 3812 799; baseline 0.006 -25"><span class='ocrx_word' id='word_1_207' title='bbox 2251 720 2322 774; x_wconf 90' lang='lat' dir='ltr'><strong>lio</strong></span> <span class='ocrx_word' id='word_1_208' title='bbox 2355 721 2588 786; x_wconf 88' lang='lat' dir='ltr'><strong>Domini,</strong></span> <span class='ocrx_word' id='word_1_209' title='bbox 2624 724 2898 778; x_wconf 85' lang='lat' dir='ltr'><strong>hominem</strong></span> <span class='ocrx_word' id='word_1_210' title='bbox 2931 741 3036 778; x_wconf 89' lang='lat' dir='ltr'><strong>non</strong></span> <span class='ocrx_word' id='word_1_211' title='bbox 3067 725 3279 788; x_wconf 89' lang='lat' dir='ltr'><strong>timere,</strong></span> <span class='ocrx_word' id='word_1_212' title='bbox 3315 725 3569 782; x_wconf 80' lang='lat' dir='ltr'><strong>carnales</strong></span> <span class='ocrx_word' id='word_1_213' title='bbox 3593 728 3812 799; x_wconf 79' lang='lat' dir='ltr'><strong>designat</strong></span> 
     </span>
    </p>
   </div>
   <div class='ocr_carea' id='block_1_35' title="bbox 2251 812 3812 889">
    <p class='ocr_par' dir='ltr' id='par_1_35' title="bbox 2251 812 3812 889">
     <span class='ocr_line' id='line_1_35' title="bbox 2251 812 3812 889; baseline 0.004 -22"><span class='ocrx_word' id='word_1_214' title='bbox 2251 812 2520 878; x_wconf 88' lang='lat' dir='ltr'><strong>inimicos,</strong></span> <span class='ocrx_word' id='word_1_215' title='bbox 2553 815 2644 883; x_wconf 88' lang='lat' dir='ltr'><strong>qui</strong></span> <span class='ocrx_word' id='word_1_216' title='bbox 2682 815 2967 871; x_wconf 87' lang='lat' dir='ltr'><strong>visibiliter</strong></span> <span class='ocrx_word' id='word_1_217' title='bbox 2991 816 3370 886; x_wconf 83' lang='lat' dir='ltr'><strong>religiosorum</strong></span> <span class='ocrx_word' id='word_1_218' title='bbox 3402 818 3682 873; x_wconf 85' lang='lat' dir='ltr'><strong>hominum</strong></span> <span class='ocrx_word' id='word_1_219' title='bbox 3704 834 3812 889; x_wconf 86' lang='lat' dir='ltr'><strong>pro-</strong></span> 
     </span>
    </p>
   </div>
   <div class='ocr_carea' id='block_1_36' title="bbox 2253 904 2948 975">
    <p class='ocr_par' dir='ltr' id='par_1_36' title="bbox 2253 904 2948 975">
     <span class='ocr_line' id='line_1_36' title="bbox 2253 904 2948 975; baseline 0.003 -17"><span class='ocrx_word' id='word_1_220' title='bbox 2253 904 2492 974; x_wconf 88' lang='lat' dir='ltr'><strong>positum</strong></span> <span class='ocrx_word' id='word_1_221' title='bbox 2529 916 2948 975; x_wconf 88' lang='lat' dir='ltr'><strong>persequuntur.</strong></span> 
     </span>
    </p>
   </div>
   <div class='ocr_carea' id='block_1_37' title="bbox 2254 995 3060 1068">
    <p class='ocr_par' dir='ltr' id='par_1_37' title="bbox 2254 995 3060 1068">
     <span class='ocr_line' id='line_1_37' title="bbox 2254 995 3060 1068; baseline 0.006 -19"><span class='ocrx_word' id='word_1_222' title='bbox 2254 995 2285 1049; x_wconf 88' lang='lat'><strong>7</strong></span> <span class='ocrx_word' id='word_1_223' title='bbox 2359 997 2619 1052; x_wconf 79' lang='lat' dir='ltr'><strong>Dominus</strong></span> <span class='ocrx_word' id='word_1_224' title='bbox 2648 999 2778 1052; x_wconf 81' lang='lat' dir='ltr'><strong>mhi</strong></span> <span class='ocrx_word' id='word_1_225' title='bbox 2805 998 3060 1068; x_wconf 84' lang='lat' dir='ltr'><strong>adjutor:</strong></span> 
     </span>
    </p>
   </div>
   <div class='ocr_carea' id='block_1_38' title="bbox 2393 1083 3368 1156">
    <p class='ocr_par' dir='ltr' id='par_1_38' title="bbox 2393 1083 3368 1156">
     <span class='ocr_line' id='line_1_38' title="bbox 2393 1083 3368 1156; baseline 0.006 -18"><span class='ocrx_word' id='word_1_226' title='bbox 2393 1083 2461 1138; x_wconf 83' lang='lat' dir='ltr'><strong>Et</strong></span> <span class='ocrx_word' id='word_1_227' title='bbox 2498 1103 2592 1156; x_wconf 81' lang='lat' dir='ltr'><strong>ego</strong></span> <span class='ocrx_word' id='word_1_228' title='bbox 2629 1088 2914 1156; x_wconf 75' lang='lat' dir='ltr'><strong>despiciant</strong></span> <span class='ocrx_word' id='word_1_229' title='bbox 2940 1089 3178 1144; x_wconf 86' lang='lat' dir='ltr'><strong>inimicos</strong></span> <span class='ocrx_word' id='word_1_230' title='bbox 3206 1105 3368 1145; x_wconf 81' lang='lat' dir='ltr'><strong>meos.</strong></span> 
     </span>
    </p>
   </div>
   <div class='ocr_carea' id='block_1_39' title="bbox 2321 1173 3814 1248">
    <p class='ocr_par' dir='ltr' id='par_1_39' title="bbox 2321 1173 3814 1248">
     <span class='ocr_line' id='line_1_39' title="bbox 2321 1173 3814 1248; baseline 0.004 -19"><span class='ocrx_word' id='word_1_231' title='bbox 2321 1173 2366 1229; x_wconf 89' lang='lat' dir='ltr'><strong>II</strong></span> <span class='ocrx_word' id='word_1_232' title='bbox 2417 1177 2674 1230; x_wconf 85' lang='lat' dir='ltr'><strong>Dominus</strong></span> <span class='ocrx_word' id='word_1_233' title='bbox 2703 1177 2832 1231; x_wconf 89' lang='lat' dir='ltr'><strong>mihi</strong></span> <span class='ocrx_word' id='word_1_234' title='bbox 2865 1179 3098 1247; x_wconf 88' lang='lat' dir='ltr'><strong>adjutor,</strong></span> <span class='ocrx_word' id='word_1_235' title='bbox 3132 1180 3255 1234; x_wconf 87' lang='lat' dir='ltr'><strong>ideo</strong></span> <span class='ocrx_word' id='word_1_236' title='bbox 3281 1178 3579 1248; x_wconf 88' lang='lat' dir='ltr'><strong>despiciam</strong></span> <span class='ocrx_word' id='word_1_237' title='bbox 3612 1177 3814 1235; x_wconf 70' lang='lat' dir='ltr'><strong>lucreti-</strong></span> 
     </span>
    </p>
   </div>
   <div class='ocr_carea' id='block_1_40' title="bbox 2250 1265 3817 1327">
    <p class='ocr_par' dir='ltr' id='par_1_40' title="bbox 2250 1265 3817 1327">
     <span class='ocr_line' id='line_1_40' title="bbox 2250 1265 3817 1327; baseline 0.004 -7"><span class='ocrx_word' id='word_1_238' title='bbox 2250 1280 2364 1320; x_wconf 85' lang='lat' dir='ltr'><strong>cos.</strong></span> <span class='ocrx_word' id='word_1_239' title='bbox 2399 1265 2440 1321; x_wconf 91' lang='lat' dir='ltr'><strong>C</strong></span> <span class='ocrx_word' id='word_1_240' title='bbox 2495 1265 2587 1320; x_wconf 84' lang='lat' dir='ltr'><strong>Vel</strong></span> <span class='ocrx_word' id='word_1_241' title='bbox 2610 1265 2829 1324; x_wconf 73' lang='lat' dir='ltr'><strong>Judmos</strong></span> <span class='ocrx_word' id='word_1_242' title='bbox 2859 1269 2943 1323; x_wconf 90' lang='lat' dir='ltr'><strong>vel</strong></span> <span class='ocrx_word' id='word_1_243' title='bbox 2971 1269 3138 1323; x_wconf 88' lang='lat' dir='ltr'><strong>etiam</strong></span> <span class='ocrx_word' id='word_1_244' title='bbox 3169 1270 3442 1324; x_wconf 88' lang='lat' dir='ltr'><strong>diabolum</strong></span> <span class='ocrx_word' id='word_1_245' title='bbox 3470 1285 3596 1324; x_wconf 87' lang='lat' dir='ltr'><strong>cum</strong></span> <span class='ocrx_word' id='word_1_246' title='bbox 3628 1272 3817 1327; x_wconf 70' lang='lat' dir='ltr'><strong>caneris</strong></span> 
     </span>
    </p>
   </div>
   <div class='ocr_carea' id='block_1_41' title="bbox 2250 1357 2671 1414">
    <p class='ocr_par' dir='ltr' id='par_1_41' title="bbox 2250 1357 2671 1414">
     <span class='ocr_line' id='line_1_41' title="bbox 2250 1357 2671 1414; baseline 0.005 -4"><span class='ocrx_word' id='word_1_247' title='bbox 2250 1357 2516 1412; x_wconf 89' lang='lat' dir='ltr'><strong>ministris</strong></span> <span class='ocrx_word' id='word_1_248' title='bbox 2539 1359 2671 1414; x_wconf 90' lang='lat' dir='ltr'><strong>suis.</strong></span> 
     </span>
    </p>
   </div>
   <div class='ocr_carea' id='block_1_42' title="bbox 2249 1445 3364 1519">
    <p class='ocr_par' dir='ltr' id='par_1_42' title="bbox 2249 1445 3364 1519">
     <span class='ocr_line' id='line_1_42' title="bbox 2249 1445 3364 1519; baseline 0.003 -19"><span class='ocrx_word' id='word_1_249' title='bbox 2249 1445 2283 1500; x_wconf 94' lang='lat'><strong>8</strong></span> <span class='ocrx_word' id='word_1_250' title='bbox 2389 1448 2596 1503; x_wconf 85' lang='lat' dir='ltr'><strong>Bonum</strong></span> <span class='ocrx_word' id='word_1_251' title='bbox 2619 1460 2693 1504; x_wconf 86' lang='lat' dir='ltr'><strong>est</strong></span> <span class='ocrx_word' id='word_1_252' title='bbox 2725 1449 2984 1519; x_wconf 72' lang='lat' dir='ltr'><strong>conlidere</strong></span> <span class='ocrx_word' id='word_1_253' title='bbox 3018 1451 3073 1505; x_wconf 87' lang='lat' dir='ltr'><strong>in</strong></span> <span class='ocrx_word' id='word_1_254' title='bbox 3107 1449 3364 1505; x_wconf 87' lang='lat' dir='ltr'><strong>Domino:</strong></span> 
     </span>
    </p>
   </div>
   <div class='ocr_carea' id='block_1_43' title="bbox 2392 1540 3193 1609">
    <p class='ocr_par' dir='ltr' id='par_1_43' title="bbox 2392 1540 3193 1609">
     <span class='ocr_line' id='line_1_43' title="bbox 2392 1540 3193 1609; baseline 0.005 -17"><span class='ocrx_word' id='word_1_255' title='bbox 2392 1540 2562 1605; x_wconf 80' lang='lat' dir='ltr'><strong>Quam</strong></span> <span class='ocrx_word' id='word_1_256' title='bbox 2587 1541 2850 1609; x_wconf 84' lang='lat' dir='ltr'><strong>conﬁdere</strong></span> <span class='ocrx_word' id='word_1_257' title='bbox 2883 1543 2937 1595; x_wconf 90' lang='lat' dir='ltr'><strong>in</strong></span> <span class='ocrx_word' id='word_1_258' title='bbox 2966 1543 3193 1596; x_wconf 81' lang='lat' dir='ltr'><strong>homine.</strong></span> 
     </span>
    </p>
   </div>
   <div class='ocr_carea' id='block_1_44' title="bbox 2319 1630 3818 1698">
    <p class='ocr_par' dir='ltr' id='par_1_44' title="bbox 2319 1630 3818 1698">
     <span class='ocr_line' id='line_1_44' title="bbox 2319 1630 3818 1698; baseline 0.003 -13"><span class='ocrx_word' id='word_1_259' title='bbox 2319 1630 2360 1685; x_wconf 92' lang='lat' dir='ltr'><strong>C</strong></span> <span class='ocrx_word' id='word_1_260' title='bbox 2385 1630 2664 1684; x_wconf 83' lang='lat' dir='ltr'><strong>Contidere</strong></span> <span class='ocrx_word' id='word_1_261' title='bbox 2682 1633 2825 1685; x_wconf 88' lang='lat' dir='ltr'><strong>enim</strong></span> <span class='ocrx_word' id='word_1_262' title='bbox 2856 1632 2908 1684; x_wconf 93' lang='lat' dir='ltr'><strong>in</strong></span> <span class='ocrx_word' id='word_1_263' title='bbox 2939 1632 3110 1686; x_wconf 91' lang='lat' dir='ltr'><strong>solum</strong></span> <span class='ocrx_word' id='word_1_264' title='bbox 3141 1633 3307 1687; x_wconf 83' lang='lat' dir='ltr'><strong>Deum</strong></span> <span class='ocrx_word' id='word_1_265' title='bbox 3331 1632 3625 1698; x_wconf 86' lang='lat' dir='ltr'><strong>debemus,</strong></span> <span class='ocrx_word' id='word_1_266' title='bbox 3653 1651 3748 1689; x_wconf 92' lang='lat' dir='ltr'><strong>non</strong></span> <span class='ocrx_word' id='word_1_267' title='bbox 3767 1635 3818 1690; x_wconf 88' lang='lat' dir='ltr'><strong>in</strong></span> 
     </span>
    </p>
   </div>
   <div class='ocr_carea' id='block_1_45' title="bbox 2248 1721 3820 1793">
    <p class='ocr_par' dir='ltr' id='par_1_45' title="bbox 2248 1721 3820 1793">
     <span class='ocr_line' id='line_1_45' title="bbox 2248 1721 3820 1793; baseline 0.002 -18"><span class='ocrx_word' id='word_1_268' title='bbox 2248 1721 2554 1786; x_wconf 83' lang='lat' dir='ltr'><strong>hominem;</strong></span> <span class='ocrx_word' id='word_1_269' title='bbox 2589 1721 3092 1791; x_wconf 88' lang='lat' dir='ltr'><strong>illum,scilicetqui</strong></span> <span class='ocrx_word' id='word_1_270' title='bbox 3124 1723 3393 1778; x_wconf 85' lang='lat' dir='ltr'><strong>veraciter</strong></span> <span class='ocrx_word' id='word_1_271' title='bbox 3422 1723 3706 1793; x_wconf 87' lang='lat' dir='ltr'><strong>promittit,</strong></span> <span class='ocrx_word' id='word_1_272' title='bbox 3724 1740 3820 1778; x_wconf 83' lang='lat' dir='ltr'><strong>non</strong></span> 
     </span>
    </p>
   </div>
   <div class='ocr_carea' id='block_1_46' title="bbox 2178 1806 3820 1883">
    <p class='ocr_par' dir='ltr' id='par_1_46' title="bbox 2178 1806 3820 1883">
     <span class='ocr_line' id='line_1_46' title="bbox 2178 1806 3820 1883; baseline 0.001 -17"><span class='ocrx_word' id='word_1_273' title='bbox 2178 1806 2222 1866; x_wconf 84' lang='lat' dir='ltr'><strong>B</strong></span> <span class='ocrx_word' id='word_1_274' title='bbox 2255 1813 2415 1867; x_wconf 84' lang='lat' dir='ltr'><strong>istum</strong></span> <span class='ocrx_word' id='word_1_275' title='bbox 2453 1812 2545 1882; x_wconf 91' lang='lat' dir='ltr'><strong>qui</strong></span> <span class='ocrx_word' id='word_1_276' title='bbox 2591 1811 2768 1866; x_wconf 81' lang='lat' dir='ltr'><strong>fallaci</strong></span> <span class='ocrx_word' id='word_1_277' title='bbox 2817 1813 3236 1883; x_wconf 77' lang='lat' dir='ltr'><strong>pra:sumptione</strong></span> <span class='ocrx_word' id='word_1_278' title='bbox 3265 1829 3322 1868; x_wconf 88' lang='lat' dir='ltr'><strong>se</strong></span> <span class='ocrx_word' id='word_1_279' title='bbox 3353 1814 3580 1883; x_wconf 88' lang='lat' dir='ltr'><strong>decipit,</strong></span> <span class='ocrx_word' id='word_1_280' title='bbox 3609 1815 3820 1869; x_wconf 87' lang='lat' dir='ltr'><strong>dicens:</strong></span> 
     </span>
    </p>
   </div>
   <div class='ocr_carea' id='block_1_47' title="bbox 2251 1901 3824 1972">
    <p class='ocr_par' dir='ltr' id='par_1_47' title="bbox 2251 1901 3824 1972">
     <span class='ocr_line' id='line_1_47' title="bbox 2251 1901 3824 1972; baseline 0.004 -16"><span class='ocrx_word' id='word_1_281' title='bbox 2251 1901 2415 1958; x_wconf 79' lang='lat' dir='ltr'><strong>Facio</strong></span> <span class='ocrx_word' id='word_1_282' title='bbox 2457 1903 2601 1972; x_wconf 88' lang='lat' dir='ltr'><strong>quod</strong></span> <span class='ocrx_word' id='word_1_283' title='bbox 2657 1902 2818 1970; x_wconf 86' lang='lat' dir='ltr'><strong>volo,</strong></span> <span class='ocrx_word' id='word_1_284' title='bbox 2875 1919 2975 1959; x_wconf 91' lang='lat' dir='ltr'><strong>nec</strong></span> <span class='ocrx_word' id='word_1_285' title='bbox 3023 1904 3308 1958; x_wconf 90' lang='lat' dir='ltr'><strong>Dominum</strong></span> <span class='ocrx_word' id='word_1_286' title='bbox 3361 1920 3497 1961; x_wconf 74' lang='lat' dir='ltr'><strong>mea:</strong></span> <span class='ocrx_word' id='word_1_287' title='bbox 3550 1905 3824 1962; x_wconf 83' lang='lat' dir='ltr'><strong>voluntatis</strong></span> 
     </span>
    </p>
   </div>
   <div class='ocr_carea' id='block_1_48' title="bbox 2248 1994 2444 2049">
    <p class='ocr_par' dir='ltr' id='par_1_48' title="bbox 2248 1994 2444 2049">
     <span class='ocr_line' id='line_1_48' title="bbox 2248 1994 2444 2049; baseline -0.005 0"><span class='ocrx_word' id='word_1_288' title='bbox 2248 1994 2444 2049; x_wconf 84' lang='lat' dir='ltr'><strong>habeo.</strong></span> 
     </span>
    </p>
   </div>
   <div class='ocr_carea' id='block_1_49' title="bbox 2285 2087 3318 2159">
    <p class='ocr_par' dir='ltr' id='par_1_49' title="bbox 2285 2087 3318 2159">
     <span class='ocr_line' id='line_1_49' title="bbox 2285 2087 3318 2159; baseline 0.003 -17"><span class='ocrx_word' id='word_1_289' title='bbox 2285 2088 2318 2143; x_wconf 87' lang='lat'><strong>9</strong></span> <span class='ocrx_word' id='word_1_290' title='bbox 2392 2087 2601 2143; x_wconf 85' lang='lat' dir='ltr'><strong>Bonum</strong></span> <span class='ocrx_word' id='word_1_291' title='bbox 2631 2098 2706 2143; x_wconf 87' lang='lat' dir='ltr'><strong>est</strong></span> <span class='ocrx_word' id='word_1_292' title='bbox 2736 2105 2946 2159; x_wconf 77' lang='lat' dir='ltr'><strong>sperare</strong></span> <span class='ocrx_word' id='word_1_293' title='bbox 2970 2089 3024 2144; x_wconf 88' lang='lat' dir='ltr'><strong>in</strong></span> <span class='ocrx_word' id='word_1_294' title='bbox 3056 2089 3318 2145; x_wconf 87' lang='lat' dir='ltr'><strong>Domino:</strong></span> 
     </span>
    </p>
   </div>
   <div class='ocr_carea' id='block_1_50' title="bbox 2391 2179 3256 2251">
    <p class='ocr_par' dir='ltr' id='par_1_50' title="bbox 2391 2179 3256 2251">
     <span class='ocr_line' id='line_1_50' title="bbox 2391 2179 3256 2251; baseline 0.003 -19"><span class='ocrx_word' id='word_1_295' title='bbox 2391 2179 2564 2245; x_wconf 86' lang='lat' dir='ltr'><strong>Quam</strong></span> <span class='ocrx_word' id='word_1_296' title='bbox 2595 2197 2806 2251; x_wconf 86' lang='lat' dir='ltr'><strong>sperare</strong></span> <span class='ocrx_word' id='word_1_297' title='bbox 2829 2182 2883 2233; x_wconf 90' lang='lat' dir='ltr'><strong>in</strong></span> <span class='ocrx_word' id='word_1_298' title='bbox 2911 2182 3256 2250; x_wconf 82' lang='lat' dir='ltr'><strong>principibus.</strong></span> 
     </span>
    </p>
   </div>
   <div class='ocr_carea' id='block_1_51' title="bbox 2322 2270 3800 2344">
    <p class='ocr_par' dir='ltr' id='par_1_51' title="bbox 2322 2270 3800 2344">
     <span class='ocr_line' id='line_1_51' title="bbox 2322 2270 3800 2344; baseline 0.002 -19"><span class='ocrx_word' id='word_1_299' title='bbox 2322 2270 2368 2325; x_wconf 86' lang='lat' dir='ltr'><strong>II</strong></span> <span class='ocrx_word' id='word_1_300' title='bbox 2420 2272 2626 2326; x_wconf 87' lang='lat' dir='ltr'><strong>Bonum</strong></span> <span class='ocrx_word' id='word_1_301' title='bbox 2656 2281 2739 2326; x_wconf 88' lang='lat' dir='ltr'><strong>est</strong></span> <span class='ocrx_word' id='word_1_302' title='bbox 2765 2287 2986 2342; x_wconf 86' lang='lat' dir='ltr'><strong>sperare</strong></span> <span class='ocrx_word' id='word_1_303' title='bbox 3017 2274 3069 2327; x_wconf 91' lang='lat' dir='ltr'><strong>in</strong></span> <span class='ocrx_word' id='word_1_304' title='bbox 3102 2273 3361 2339; x_wconf 88' lang='lat' dir='ltr'><strong>Domino,</strong></span> <span class='ocrx_word' id='word_1_305' title='bbox 3395 2273 3487 2344; x_wconf 91' lang='lat' dir='ltr'><strong>qui</strong></span> <span class='ocrx_word' id='word_1_306' title='bbox 3520 2274 3686 2329; x_wconf 83' lang='lat' dir='ltr'><strong>vitam</strong></span> <span class='ocrx_word' id='word_1_307' title='bbox 3728 2275 3800 2328; x_wconf 86' lang='lat' dir='ltr'><strong>lar</strong></span> 
     </span>
    </p>
   </div>
   <div class='ocr_carea' id='block_1_52' title="bbox 2249 2363 3822 2438">
    <p class='ocr_par' dir='ltr' id='par_1_52' title="bbox 2249 2363 3822 2438">
     <span class='ocr_line' id='line_1_52' title="bbox 2249 2363 3822 2438; baseline 0.005 -24"><span class='ocrx_word' id='word_1_308' title='bbox 2249 2363 2394 2433; x_wconf 73' lang='lat' dir='ltr'><strong>gitur</strong></span> <span class='ocrx_word' id='word_1_309' title='bbox 2421 2375 2680 2418; x_wconf 57' lang='lat' dir='ltr'><strong>aeternam</strong></span> <span class='ocrx_word' id='word_1_310' title='bbox 2705 2405 2720 2426; x_wconf 90' lang='lat'><strong>,</strong></span> <span class='ocrx_word' id='word_1_311' title='bbox 2757 2380 2921 2434; x_wconf 90' lang='lat' dir='ltr'><strong>quam</strong></span> <span class='ocrx_word' id='word_1_312' title='bbox 2951 2365 3003 2418; x_wconf 91' lang='lat' dir='ltr'><strong>in</strong></span> <span class='ocrx_word' id='word_1_313' title='bbox 3030 2366 3367 2435; x_wconf 85' lang='lat' dir='ltr'><strong>principibus</strong></span> <span class='ocrx_word' id='word_1_314' title='bbox 3396 2406 3411 2431; x_wconf 94' lang='lat'><strong>,</strong></span> <span class='ocrx_word' id='word_1_315' title='bbox 3461 2383 3692 2437; x_wconf 88' lang='lat' dir='ltr'><strong>quorum</strong></span> <span class='ocrx_word' id='word_1_316' title='bbox 3735 2384 3822 2438; x_wconf 28' lang='lat' dir='ltr'><strong>po.</strong></span> 
     </span>
    </p>
   </div>
   <div class='ocr_carea' id='block_1_53' title="bbox 2250 2454 3822 2528">
    <p class='ocr_par' dir='ltr' id='par_1_53' title="bbox 2250 2454 3822 2528">
     <span class='ocr_line' id='line_1_53' title="bbox 2250 2454 3822 2528; baseline 0.003 -22"><span class='ocrx_word' id='word_1_317' title='bbox 2250 2464 2419 2509; x_wconf 89' lang='lat' dir='ltr'><strong>testas</strong></span> <span class='ocrx_word' id='word_1_318' title='bbox 2443 2469 2566 2508; x_wconf 91' lang='lat' dir='ltr'><strong>cum</strong></span> <span class='ocrx_word' id='word_1_319' title='bbox 2597 2455 2702 2508; x_wconf 88' lang='lat' dir='ltr'><strong>hoc</strong></span> <span class='ocrx_word' id='word_1_320' title='bbox 2733 2455 2933 2509; x_wconf 90' lang='lat' dir='ltr'><strong>mundo</strong></span> <span class='ocrx_word' id='word_1_321' title='bbox 2962 2454 3237 2510; x_wconf 85' lang='lat' dir='ltr'><strong>dilabitur.</strong></span> <span class='ocrx_word' id='word_1_322' title='bbox 3263 2456 3305 2512; x_wconf 90' lang='lat' dir='ltr'><strong>C</strong></span> <span class='ocrx_word' id='word_1_323' title='bbox 3339 2456 3649 2528; x_wconf 90' lang='lat' dir='ltr'><strong>Principem</strong></span> <span class='ocrx_word' id='word_1_324' title='bbox 3671 2459 3822 2513; x_wconf 79' lang='lat' dir='ltr'><strong>etiam</strong></span> 
     </span>
    </p>
   </div>
   <div class='ocr_carea' id='block_1_54' title="bbox 2252 2544 3822 2616">
    <p class='ocr_par' dir='ltr' id='par_1_54' title="bbox 2252 2544 3822 2616">
     <span class='ocr_line' id='line_1_54' title="bbox 2252 2544 3822 2616; baseline 0.001 -16"><span class='ocrx_word' id='word_1_325' title='bbox 2252 2547 2339 2601; x_wconf 90' lang='lat' dir='ltr'><strong>hic</strong></span> <span class='ocrx_word' id='word_1_326' title='bbox 2376 2545 2646 2600; x_wconf 86' lang='lat' dir='ltr'><strong>diabolum</strong></span> <span class='ocrx_word' id='word_1_327' title='bbox 2681 2544 2981 2615; x_wconf 82' lang='lat' dir='ltr'><strong>intelligere</strong></span> <span class='ocrx_word' id='word_1_328' title='bbox 3009 2547 3296 2616; x_wconf 86' lang='lat' dir='ltr'><strong>possimus,</strong></span> <span class='ocrx_word' id='word_1_329' title='bbox 3327 2555 3386 2600; x_wconf 90' lang='lat' dir='ltr'><strong>ut</strong></span> <span class='ocrx_word' id='word_1_330' title='bbox 3409 2559 3494 2602; x_wconf 90' lang='lat' dir='ltr'><strong>est</strong></span> <span class='ocrx_word' id='word_1_331' title='bbox 3521 2549 3650 2602; x_wconf 90' lang='lat' dir='ltr'><strong>illud</strong></span> <span class='ocrx_word' id='word_1_332' title='bbox 3687 2565 3701 2602; x_wconf 90' lang='lat'><strong>:</strong></span> <span class='ocrx_word' id='word_1_333' title='bbox 3732 2546 3822 2601; x_wconf 74' lang='lat' dir='ltr'><strong>Ve-</strong></span> 
     </span>
    </p>
   </div>
   <div class='ocr_carea' id='block_1_55' title="bbox 2249 2638 3824 2710">
    <p class='ocr_par' dir='ltr' id='par_1_55' title="bbox 2249 2638 3824 2710">
     <span class='ocr_line' id='line_1_55' title="bbox 2249 2638 3824 2710; baseline -0.002 -15"><span class='ocrx_word' id='word_1_334' title='bbox 2249 2642 2330 2695; x_wconf 88' lang='lat' dir='ltr'><strong>nit</strong></span> <span class='ocrx_word' id='word_1_335' title='bbox 2369 2641 2513 2695; x_wconf 89' lang='lat' dir='ltr'><strong>cnim</strong></span> <span class='ocrx_word' id='word_1_336' title='bbox 2546 2641 2798 2710; x_wconf 87' lang='lat' dir='ltr'><strong>princeps</strong></span> <span class='ocrx_word' id='word_1_337' title='bbox 2829 2639 3014 2694; x_wconf 91' lang='lat' dir='ltr'><strong>mundi</strong></span> <span class='ocrx_word' id='word_1_338' title='bbox 3049 2638 3210 2709; x_wconf 88' lang='lat' dir='ltr'><strong>hujus</strong></span> <span class='ocrx_word' id='word_1_339' title='bbox 3239 2649 3291 2694; x_wconf 90' lang='lat' dir='ltr'><strong>et</strong></span> <span class='ocrx_word' id='word_1_340' title='bbox 3337 2639 3390 2694; x_wconf 90' lang='lat' dir='ltr'><strong>in</strong></span> <span class='ocrx_word' id='word_1_341' title='bbox 3419 2655 3508 2694; x_wconf 90' lang='lat' dir='ltr'><strong>me</strong></span> <span class='ocrx_word' id='word_1_342' title='bbox 3539 2655 3647 2695; x_wconf 89' lang='lat' dir='ltr'><strong>non</strong></span> <span class='ocrx_word' id='word_1_343' title='bbox 3680 2641 3824 2694; x_wconf 87' lang='lat' dir='ltr'><strong>habet</strong></span> 
     </span>
    </p>
   </div>
   <div class='ocr_carea' id='block_1_56' title="bbox 2249 2731 2920 2801">
    <p class='ocr_par' dir='ltr' id='par_1_56' title="bbox 2249 2731 2920 2801">
     <span class='ocr_line' id='line_1_56' title="bbox 2249 2731 2920 2801; baseline 0.001 -16"><span class='ocrx_word' id='word_1_344' title='bbox 2249 2732 2542 2801; x_wconf 84' lang='lat' dir='ltr'><strong>quidquam</strong></span> <span class='ocrx_word' id='word_1_345' title='bbox 2566 2731 2748 2800; x_wconf 87' lang='lat' dir='ltr'><strong>(Joan.</strong></span> <span class='ocrx_word' id='word_1_346' title='bbox 2784 2733 2920 2798; x_wconf 71' lang='lat' dir='ltr'><strong>XIV).</strong></span> 
     </span>
    </p>
   </div>
   <div class='ocr_carea' id='block_1_57' title="bbox 2251 2822 3273 2892">
    <p class='ocr_par' dir='ltr' id='par_1_57' title="bbox 2251 2822 3273 2892">
     <span class='ocr_line' id='line_1_57' title="bbox 2251 2822 3273 2892; baseline 0 -15"><span class='ocrx_word' id='word_1_347' title='bbox 2251 2823 2320 2877; x_wconf 71' lang='lat' dir='ltr'><strong>lt)</strong></span> <span class='ocrx_word' id='word_1_348' title='bbox 2393 2822 2586 2876; x_wconf 86' lang='lat' dir='ltr'><strong>Omnes</strong></span> <span class='ocrx_word' id='word_1_349' title='bbox 2611 2833 2786 2892; x_wconf 81' lang='lat' dir='ltr'><strong>gentes</strong></span> <span class='ocrx_word' id='word_1_350' title='bbox 2812 2823 3126 2878; x_wconf 82' lang='lat' dir='ltr'><strong>circuierunt</strong></span> <span class='ocrx_word' id='word_1_351' title='bbox 3152 2840 3232 2878; x_wconf 87' lang='lat' dir='ltr'><strong>me</strong></span> <span class='ocrx_word' id='word_1_352' title='bbox 3253 2837 3273 2877; x_wconf 90' lang='lat'><strong><em>:</em></strong></span> 
     </span>
    </p>
   </div>
   <div class='ocr_carea' id='block_1_58' title="bbox 2315 2911 3823 2983">
    <p class='ocr_par' dir='ltr' id='par_1_58' title="bbox 2315 2911 3823 2983">
     <span class='ocr_line' id='line_1_58' title="bbox 2315 2911 3823 2983; baseline -0.001 -16"><span class='ocrx_word' id='word_1_353' title='bbox 2315 2911 2383 2967; x_wconf 80' lang='lat' dir='ltr'><strong>Et</strong></span> <span class='ocrx_word' id='word_1_354' title='bbox 2407 2915 2459 2966; x_wconf 89' lang='lat' dir='ltr'><strong>in</strong></span> <span class='ocrx_word' id='word_1_355' title='bbox 2483 2913 2690 2966; x_wconf 86' lang='lat' dir='ltr'><strong>nomine</strong></span> <span class='ocrx_word' id='word_1_356' title='bbox 2711 2911 2922 2967; x_wconf 85' lang='lat' dir='ltr'><strong>Domini</strong></span> <span class='ocrx_word' id='word_1_357' title='bbox 2946 2916 3150 2983; x_wconf 63' lang='lat' dir='ltr'><strong>)(quia</strong></span> <span class='ocrx_word' id='word_1_358' title='bbox 3175 2931 3186 2966; x_wconf 94' lang='lat'>:</span> <span class='ocrx_word' id='word_1_359' title='bbox 3214 2913 3352 2967; x_wconf 87' lang='lat' dir='ltr'><strong>ultus</strong></span> <span class='ocrx_word' id='word_1_360' title='bbox 3373 2929 3491 2967; x_wconf 87' lang='lat' dir='ltr'><strong>sum</strong></span> <span class='ocrx_word' id='word_1_361' title='bbox 3511 2927 3572 2968; x_wconf 78' lang='grc' dir='ltr'><strong>σε·</strong></span> <span class='ocrx_word' id='word_1_362' title='bbox 3594 2913 3648 2966; x_wconf 85' lang='lat' dir='ltr'><strong>in</strong></span> <span class='ocrx_word' id='word_1_363' title='bbox 3680 2915 3699 2982; x_wconf 73' lang='grc' dir='ltr'>ζ</span> <span class='ocrx_word' id='word_1_364' title='bbox 3728 2929 3823 2967; x_wconf 86' lang='lat' dir='ltr'><strong>eos.</strong></span> 
     </span>
    </p>
   </div>
   <div class='ocr_carea' id='block_1_59' title="bbox 2319 3004 3827 3078">
    <p class='ocr_par' dir='ltr' id='par_1_59' title="bbox 2319 3004 3827 3078">
     <span class='ocr_line' id='line_1_59' title="bbox 2319 3004 3827 3078; baseline -0.001 -18"><span class='ocrx_word' id='word_1_365' title='bbox 2319 3004 2359 3060; x_wconf 88' lang='lat' dir='ltr'><strong>C</strong></span> <span class='ocrx_word' id='word_1_366' title='bbox 2409 3005 2527 3060; x_wconf 77' lang='lat' dir='ltr'><strong>Vox</strong></span> <span class='ocrx_word' id='word_1_367' title='bbox 2573 3005 2830 3060; x_wconf 70' lang='lat' dir='ltr'><strong>Ecclesia:</strong></span> <span class='ocrx_word' id='word_1_368' title='bbox 2872 3006 2940 3062; x_wconf 87' lang='lat' dir='ltr'><strong>de</strong></span> <span class='ocrx_word' id='word_1_369' title='bbox 2991 3008 3367 3077; x_wconf 87' lang='lat' dir='ltr'><strong>persecutione</strong></span> <span class='ocrx_word' id='word_1_370' title='bbox 3410 3008 3683 3078; x_wconf 87' lang='lat' dir='ltr'><strong>gentium,</strong></span> <span class='ocrx_word' id='word_1_371' title='bbox 3720 3022 3827 3077; x_wconf 66' lang='lat' dir='ltr'><strong>qtae</strong></span> 
     </span>
    </p>
   </div>
   <div class='ocr_carea' id='block_1_60' title="bbox 2252 3095 3824 3168">
    <p class='ocr_par' dir='ltr' id='par_1_60' title="bbox 2252 3095 3824 3168">
     <span class='ocr_line' id='line_1_60' title="bbox 2252 3095 3824 3168; baseline 0.001 -19"><span class='ocrx_word' id='word_1_372' title='bbox 2252 3095 2402 3163; x_wconf 90' lang='lat' dir='ltr'><strong>prius</strong></span> <span class='ocrx_word' id='word_1_373' title='bbox 2450 3095 2914 3166; x_wconf 85' lang='lat' dir='ltr'><strong>persequebantur</strong></span> <span class='ocrx_word' id='word_1_374' title='bbox 2965 3107 3169 3167; x_wconf 86' lang='lat' dir='ltr'><strong>caput,</strong></span> <span class='ocrx_word' id='word_1_375' title='bbox 3230 3098 3374 3168; x_wconf 87' lang='lat' dir='ltr'><strong>quod</strong></span> <span class='ocrx_word' id='word_1_376' title='bbox 3422 3107 3508 3153; x_wconf 85' lang='lat' dir='ltr'><strong>est</strong></span> <span class='ocrx_word' id='word_1_377' title='bbox 3547 3097 3824 3163; x_wconf 81' lang='lat' dir='ltr'><strong>Christus;</strong></span> 
     </span>
    </p>
   </div>
   <div class='ocr_carea' id='block_1_61' title="bbox 549 3171 2142 3258">
    <p class='ocr_par' dir='ltr' id='par_1_61' title="bbox 549 3171 2138 3247">
     <span class='ocr_line' id='line_1_61' title="bbox 549 3171 2138 3247; baseline -0.008 -10"><span class='ocrx_word' id='word_1_378' title='bbox 549 3182 649 3237; x_wconf 78' lang='lat' dir='ltr'><strong>sed</strong></span> <span class='ocrx_word' id='word_1_379' title='bbox 691 3183 760 3236; x_wconf 88' lang='lat' dir='ltr'><strong>ad</strong></span> <span class='ocrx_word' id='word_1_380' title='bbox 809 3180 1022 3235; x_wconf 89' lang='lat' dir='ltr'><strong>Iaudem</strong></span> <span class='ocrx_word' id='word_1_381' title='bbox 1059 3179 1294 3247; x_wconf 88' lang='lat' dir='ltr'><strong>pertinet</strong></span> <span class='ocrx_word' id='word_1_382' title='bbox 1336 3178 1572 3231; x_wconf 83' lang='lat' dir='ltr'><strong>deitatis.</strong></span> <span class='ocrx_word' id='word_1_383' title='bbox 1626 3174 1896 3240; x_wconf 81' lang='lat' dir='ltr'><strong>Quoniam</strong></span> <span class='ocrx_word' id='word_1_384' title='bbox 1945 3171 2138 3236; x_wconf 85' lang='lat' dir='ltr'><strong>bonus,</strong></span> 
     </span>
    </p>
   </div>
   <div class='ocr_carea' id='block_1_62' title="bbox 2259 3171 3827 3258">
    <p class='ocr_par' dir='ltr' id='par_1_62' title="bbox 2259 3185 3827 3258">
     <span class='ocr_line' id='line_1_62' title="bbox 2259 3185 3827 3258; baseline 0.001 -18"><span class='ocrx_word' id='word_1_385' title='bbox 2259 3186 2466 3246; x_wconf 83' lang='lat' dir='ltr'><strong>deinde.</strong></span> <span class='ocrx_word' id='word_1_386' title='bbox 2505 3185 2624 3254; x_wconf 89' lang='lat' dir='ltr'><strong>ejus</strong></span> <span class='ocrx_word' id='word_1_387' title='bbox 2671 3202 2892 3257; x_wconf 76' lang='lat' dir='ltr'><strong>corpus,</strong></span> <span class='ocrx_word' id='word_1_388' title='bbox 2921 3191 3064 3258; x_wconf 86' lang='lat' dir='ltr'><strong>quod</strong></span> <span class='ocrx_word' id='word_1_389' title='bbox 3095 3196 3178 3243; x_wconf 92' lang='lat' dir='ltr'><strong>est</strong></span> <span class='ocrx_word' id='word_1_390' title='bbox 3223 3187 3490 3244; x_wconf 84' lang='lat' dir='ltr'><strong>Ecclesia.</strong></span> <span class='ocrx_word' id='word_1_391' title='bbox 3521 3188 3682 3254; x_wconf 85' lang='lat' dir='ltr'><strong>Quod</strong></span> <span class='ocrx_word' id='word_1_392' title='bbox 3715 3203 3827 3241; x_wconf 81' lang='lat' dir='ltr'><strong>vero</strong></span> 
     </span>
    </p>
   </div>
   <div class='ocr_carea' id='block_1_63' title="bbox 551 3269 2146 3347">
    <p class='ocr_par' dir='ltr' id='par_1_63' title="bbox 551 3269 2146 3347">
     <span class='ocr_line' id='line_1_63' title="bbox 551 3269 2146 3347; baseline -0.006 -15"><span class='ocrx_word' id='word_1_393' title='bbox 551 3277 597 3332; x_wconf 84' lang='lat' dir='ltr'><strong>C</strong></span> <span class='ocrx_word' id='word_1_394' title='bbox 631 3278 778 3334; x_wconf 86' lang='lat' dir='ltr'><strong>solus</strong></span> <span class='ocrx_word' id='word_1_395' title='bbox 805 3277 893 3332; x_wconf 88' lang='lat' dir='ltr'><strong>ille</strong></span> <span class='ocrx_word' id='word_1_396' title='bbox 917 3276 1136 3347; x_wconf 88' lang='lat' dir='ltr'><strong>proprie</strong></span> <span class='ocrx_word' id='word_1_397' title='bbox 1164 3275 1363 3329; x_wconf 78' lang='lat' dir='ltr'><strong>dicitur</strong></span> <span class='ocrx_word' id='word_1_398' title='bbox 1390 3281 1443 3328; x_wconf 91' lang='lat' dir='ltr'><strong>et</strong></span> <span class='ocrx_word' id='word_1_399' title='bbox 1473 3287 1568 3342; x_wconf 91' lang='lat' dir='ltr'><strong>per</strong></span> <span class='ocrx_word' id='word_1_400' title='bbox 1597 3287 1656 3326; x_wconf 89' lang='lat' dir='ltr'><strong>se</strong></span> <span class='ocrx_word' id='word_1_401' title='bbox 1691 3271 1885 3336; x_wconf 90' lang='lat' dir='ltr'><strong>bonus,</strong></span> <span class='ocrx_word' id='word_1_402' title='bbox 1916 3271 2009 3339; x_wconf 88' lang='lat' dir='ltr'><strong>qui</strong></span> <span class='ocrx_word' id='word_1_403' title='bbox 2045 3269 2146 3324; x_wconf 83' lang='lat' dir='ltr'><strong>bo-</strong></span> 
     </span>
    </p>
   </div>
   <div class='ocr_carea' id='block_1_64' title="bbox 553 3364 2142 3442">
    <p class='ocr_par' dir='ltr' id='par_1_64' title="bbox 553 3364 2142 3442">
     <span class='ocr_line' id='line_1_64' title="bbox 553 3364 2142 3442; baseline -0.006 -16"><span class='ocrx_word' id='word_1_404' title='bbox 553 3389 658 3428; x_wconf 85' lang='lat' dir='ltr'><strong>nos</strong></span> <span class='ocrx_word' id='word_1_405' title='bbox 679 3372 810 3427; x_wconf 89' lang='lat' dir='ltr'><strong>facit</strong></span> <span class='ocrx_word' id='word_1_406' title='bbox 837 3371 1061 3442; x_wconf 90' lang='lat' dir='ltr'><strong>implere</strong></span> <span class='ocrx_word' id='word_1_407' title='bbox 1084 3369 1228 3440; x_wconf 85' lang='lat' dir='ltr'><strong>quod</strong></span> <span class='ocrx_word' id='word_1_408' title='bbox 1249 3367 1377 3423; x_wconf 90' lang='lat' dir='ltr'><strong>boni</strong></span> <span class='ocrx_word' id='word_1_409' title='bbox 1401 3376 1545 3420; x_wconf 88' lang='lat' dir='ltr'><strong>sunt.</strong></span> <span class='ocrx_word' id='word_1_410' title='bbox 1577 3365 1635 3419; x_wconf 89' lang='lat' dir='ltr'><strong>In</strong></span> <span class='ocrx_word' id='word_1_411' title='bbox 1663 3364 1916 3420; x_wconf 73' lang='lat' dir='ltr'><strong>saeculum</strong></span> <span class='ocrx_word' id='word_1_412' title='bbox 1937 3372 2142 3430; x_wconf 86' lang='lat' dir='ltr'><strong>autem,</strong></span> 
     </span>
    </p>
   </div>
   <div class='ocr_carea' id='block_1_65' title="bbox 546 3458 2146 3532">
    <p class='ocr_par' dir='ltr' id='par_1_65' title="bbox 546 3458 2146 3532">
     <span class='ocr_line' id='line_1_65' title="bbox 546 3458 2146 3532; baseline -0.003 -18"><span class='ocrx_word' id='word_1_413' title='bbox 546 3463 975 3532; x_wconf 82' lang='lat' dir='ltr'><strong>perpetuitatem</strong></span> <span class='ocrx_word' id='word_1_414' title='bbox 1008 3460 1281 3530; x_wconf 79' lang='lat' dir='ltr'><strong>significat</strong></span> <span class='ocrx_word' id='word_1_415' title='bbox 1311 3458 1572 3523; x_wconf 88' lang='lat' dir='ltr'><strong>futuram,</strong></span> <span class='ocrx_word' id='word_1_416' title='bbox 1606 3458 1694 3511; x_wconf 91' lang='lat' dir='ltr'><strong>ubi</strong></span> <span class='ocrx_word' id='word_1_417' title='bbox 1738 3472 1903 3510; x_wconf 90' lang='lat' dir='ltr'><strong>unum</strong></span> <span class='ocrx_word' id='word_1_418' title='bbox 1931 3465 2015 3511; x_wconf 84' lang='lat' dir='ltr'><strong>est</strong></span> <span class='ocrx_word' id='word_1_419' title='bbox 2045 3471 2146 3510; x_wconf 72' lang='lat' dir='ltr'><strong>saa-</strong></span> 
     </span>
    </p>
   </div>
   <div class='ocr_carea' id='block_1_66' title="bbox 560 3550 2036 3621">
    <p class='ocr_par' dir='ltr' id='par_1_66' title="bbox 560 3550 2036 3621">
     <span class='ocr_line' id='line_1_66' title="bbox 560 3550 2036 3621; baseline -0.004 -13"><span class='ocrx_word' id='word_1_420' title='bbox 560 3556 740 3610; x_wconf 84' lang='lat' dir='ltr'><strong>culum</strong></span> <span class='ocrx_word' id='word_1_421' title='bbox 771 3568 826 3610; x_wconf 89' lang='lat' dir='ltr'><strong>et</strong></span> <span class='ocrx_word' id='word_1_422' title='bbox 857 3571 964 3608; x_wconf 90' lang='lat' dir='ltr'><strong>una</strong></span> <span class='ocrx_word' id='word_1_423' title='bbox 996 3555 1131 3619; x_wconf 84' lang='lat' dir='ltr'><strong>dies,</strong></span> <span class='ocrx_word' id='word_1_424' title='bbox 1162 3568 1262 3606; x_wconf 91' lang='lat' dir='ltr'><strong>nec</strong></span> <span class='ocrx_word' id='word_1_425' title='bbox 1287 3553 1613 3621; x_wconf 84' lang='lat' dir='ltr'><strong>permutatio</strong></span> <span class='ocrx_word' id='word_1_426' title='bbox 1645 3550 1749 3604; x_wconf 90' lang='lat' dir='ltr'><strong>ulla</strong></span> <span class='ocrx_word' id='word_1_427' title='bbox 1776 3551 2036 3605; x_wconf 87' lang='lat' dir='ltr'><strong>succedit.</strong></span> 
     </span>
    </p>
   </div>
   <div class='ocr_carea' id='block_1_67' title="bbox 552 3663 1852 3736">
    <p class='ocr_par' dir='ltr' id='par_1_67' title="bbox 552 3663 1852 3736">
     <span class='ocr_line' id='line_1_67' title="bbox 552 3663 1852 3736; baseline 0 -15"><span class='ocrx_word' id='word_1_428' title='bbox 552 3666 593 3721; x_wconf 67' lang='grc' dir='ltr'><strong>Ξ</strong></span> <span class='ocrx_word' id='word_1_429' title='bbox 697 3669 849 3722; x_wconf 84' lang='lat' dir='ltr'><strong>Dicat</strong></span> <span class='ocrx_word' id='word_1_430' title='bbox 885 3681 948 3722; x_wconf 73' lang='grc' dir='ltr'><strong>-ε-</strong></span> <span class='ocrx_word' id='word_1_431' title='bbox 974 3684 1108 3721; x_wconf 91' lang='lat' dir='ltr'><strong>nunc</strong></span> <span class='ocrx_word' id='word_1_432' title='bbox 1143 3664 1362 3736; x_wconf 44' lang='lat' dir='ltr'><strong>:‘Israel</strong></span> <span class='ocrx_word' id='word_1_433' title='bbox 1389 3665 1634 3735; x_wconf 89' lang='lat' dir='ltr'><strong>quoniam</strong></span> <span class='ocrx_word' id='word_1_434' title='bbox 1659 3663 1852 3721; x_wconf 84' lang='lat' dir='ltr'><strong>bonus:</strong></span> 
     </span>
    </p>
   </div>
   <div class='ocr_carea' id='block_1_68' title="bbox 570 3756 1886 3825">
    <p class='ocr_par' dir='ltr' id='par_1_68' title="bbox 570 3756 1886 3825">
     <span class='ocr_line' id='line_1_68' title="bbox 570 3756 1886 3825; baseline -0.004 -12"><span class='ocrx_word' id='word_1_435' title='bbox 570 3758 585 3763; x_wconf 79' lang='grc'>”</span> <span class='ocrx_word' id='word_1_436' title='bbox 702 3759 964 3825; x_wconf 81' lang='lat' dir='ltr'><strong>Quoniam</strong></span> <span class='ocrx_word' id='word_1_437' title='bbox 994 3761 1048 3813; x_wconf 88' lang='lat' dir='ltr'><strong>in</strong></span> <span class='ocrx_word' id='word_1_438' title='bbox 1075 3758 1327 3813; x_wconf 74' lang='lat' dir='ltr'><strong>swculum</strong></span> <span class='ocrx_word' id='word_1_439' title='bbox 1364 3757 1725 3811; x_wconf 83' lang='lat' dir='ltr'><strong>misericordia</strong></span> <span class='ocrx_word' id='word_1_440' title='bbox 1755 3756 1886 3825; x_wconf 85' lang='lat' dir='ltr'><strong>ejus.</strong></span> 
     </span>
    </p>
   </div>
   <div class='ocr_carea' id='block_1_69' title="bbox 629 3845 2143 3915">
    <p class='ocr_par' dir='ltr' id='par_1_69' title="bbox 629 3845 2143 3915">
     <span class='ocr_line' id='line_1_69' title="bbox 629 3845 2143 3915; baseline -0.005 -8"><span class='ocrx_word' id='word_1_441' title='bbox 629 3852 677 3907; x_wconf 83' lang='lat' dir='ltr'><strong>II</strong></span> <span class='ocrx_word' id='word_1_442' title='bbox 715 3852 879 3906; x_wconf 82' lang='lat' dir='ltr'><strong>Dicat</strong></span> <span class='ocrx_word' id='word_1_443' title='bbox 894 3866 1040 3905; x_wconf 88' lang='lat' dir='ltr'><strong>nunc</strong></span> <span class='ocrx_word' id='word_1_444' title='bbox 1072 3849 1256 3913; x_wconf 84' lang='lat' dir='ltr'><strong>Israel,</strong></span> <span class='ocrx_word' id='word_1_445' title='bbox 1294 3847 1346 3903; x_wconf 91' lang='lat' dir='ltr'><strong>id</strong></span> <span class='ocrx_word' id='word_1_446' title='bbox 1390 3856 1476 3902; x_wconf 86' lang='lat' dir='ltr'><strong>&#39;est</strong></span> <span class='ocrx_word' id='word_1_447' title='bbox 1514 3849 1591 3901; x_wconf 86' lang='lat' dir='ltr'><strong>vir</strong></span> <span class='ocrx_word' id='word_1_448' title='bbox 1619 3847 1797 3900; x_wconf 82' lang='lat' dir='ltr'><strong>videns</strong></span> <span class='ocrx_word' id='word_1_449' title='bbox 1827 3845 2020 3910; x_wconf 86' lang='lat' dir='ltr'><strong>Deum,</strong></span> <span class='ocrx_word' id='word_1_450' title='bbox 2049 3846 2143 3915; x_wconf 81' lang='lat' dir='ltr'><strong>qui</strong></span> 
     </span>
    </p>
   </div>
   <div class='ocr_carea' id='block_1_70' title="bbox 555 3943 2143 4019">
    <p class='ocr_par' dir='ltr' id='par_1_70' title="bbox 555 3943 2143 4019">
     <span class='ocr_line' id='line_1_70' title="bbox 555 3943 2143 4019; baseline -0.008 -17"><span class='ocrx_word' id='word_1_451' title='bbox 555 3947 711 4019; x_wconf 88' lang='lat' dir='ltr'><strong>prius</strong></span> <span class='ocrx_word' id='word_1_452' title='bbox 737 3945 1040 4000; x_wconf 63' lang='lat' dir='ltr'><strong>eiecabatur</strong></span> <span class='ocrx_word' id='word_1_453' title='bbox 1067 3943 1310 4007; x_wconf 88' lang='lat' dir='ltr'><strong>delictis,</strong></span> <span class='ocrx_word' id='word_1_454' title='bbox 1355 3955 1501 3996; x_wconf 89' lang='lat' dir='ltr'><strong>nunc</strong></span> <span class='ocrx_word' id='word_1_455' title='bbox 1535 3949 1716 3994; x_wconf 87' lang='lat' dir='ltr'><strong>autem</strong></span> <span class='ocrx_word' id='word_1_456' title='bbox 1746 3947 1926 3993; x_wconf 89' lang='lat' dir='ltr'><strong>mente</strong></span> <span class='ocrx_word' id='word_1_457' title='bbox 1949 3951 2143 3992; x_wconf 85' lang='lat' dir='ltr'><strong>serena</strong></span> 
     </span>
    </p>
   </div>
   <div class='ocr_carea' id='block_1_71' title="bbox 558 4032 2056 4110">
    <p class='ocr_par' dir='ltr' id='par_1_71' title="bbox 558 4032 2056 4110">
     <span class='ocr_line' id='line_1_71' title="bbox 558 4032 2056 4110; baseline -0.008 -14"><span class='ocrx_word' id='word_1_458' title='bbox 558 4039 656 4096; x_wconf 86' lang='lat' dir='ltr'><strong>Dei</strong></span> <span class='ocrx_word' id='word_1_459' title='bbox 682 4040 912 4110; x_wconf 77' lang='lat' dir='ltr'><strong>gloriam</strong></span> <span class='ocrx_word' id='word_1_460' title='bbox 944 4037 1360 4109; x_wconf 88' lang='lat' dir='ltr'><strong>contemplatur.</strong></span> <span class='ocrx_word' id='word_1_461' title='bbox 2053 4032 2056 4036; x_wconf 86' lang='grc'><em>’</em></span> 
     </span>
    </p>
   </div>
   <div class='ocr_carea' id='block_1_72' title="bbox 544 4147 1676 4219">
    <p class='ocr_par' dir='ltr' id='par_1_72' title="bbox 544 4147 1676 4219">
     <span class='ocr_line' id='line_1_72' title="bbox 544 4147 1676 4219; baseline -0.006 -11"><span class='ocrx_word' id='word_1_462' title='bbox 544 4165 552 4183; x_wconf 66' lang='grc'>³</span> <span class='ocrx_word' id='word_1_463' title='bbox 589 4153 625 4208; x_wconf 81' lang='lat'><strong>&#39;5</strong></span> <span class='ocrx_word' id='word_1_464' title='bbox 695 4153 849 4208; x_wconf 86' lang='lat' dir='ltr'><strong>Dicat</strong></span> <span class='ocrx_word' id='word_1_465' title='bbox 883 4167 947 4208; x_wconf 68' lang='grc' dir='ltr'><strong>-ξ-</strong></span> <span class='ocrx_word' id='word_1_466' title='bbox 971 4169 1109 4206; x_wconf 85' lang='lat' dir='ltr'><strong>nunc</strong></span> <span class='ocrx_word' id='word_1_467' title='bbox 1139 4170 1154 4206; x_wconf 90' lang='lat'><strong>:</strong></span> <span class='ocrx_word' id='word_1_468' title='bbox 1184 4153 1368 4204; x_wconf 84' lang='lat' dir='ltr'><strong>domus</strong></span> <span class='ocrx_word' id='word_1_469' title='bbox 1401 4150 1578 4202; x_wconf 81' lang='lat' dir='ltr'><strong>Aaron</strong></span> <span class='ocrx_word' id='word_1_470' title='bbox 1611 4147 1629 4219; x_wconf 69' lang='grc' dir='ltr'>ξ</span> <span class='ocrx_word' id='word_1_471' title='bbox 1658 4160 1676 4201; x_wconf 88' lang='lat'><strong><em>:</em></strong></span> 
     </span>
    </p>
   </div>
   <div class='ocr_carea' id='block_1_73' title="bbox 698 4240 1886 4311">
    <p class='ocr_par' dir='ltr' id='par_1_73' title="bbox 698 4240 1886 4311">
     <span class='ocr_line' id='line_1_73' title="bbox 698 4240 1886 4311; baseline -0.007 -11"><span class='ocrx_word' id='word_1_472' title='bbox 698 4246 962 4311; x_wconf 78' lang='lat' dir='ltr'><strong>Quoniam</strong></span> <span class='ocrx_word' id='word_1_473' title='bbox 994 4246 1046 4300; x_wconf 89' lang='lat' dir='ltr'><strong>in</strong></span> <span class='ocrx_word' id='word_1_474' title='bbox 1077 4244 1329 4300; x_wconf 75' lang='lat' dir='ltr'><strong>sceculum</strong></span> <span class='ocrx_word' id='word_1_475' title='bbox 1363 4241 1723 4296; x_wconf 86' lang='lat' dir='ltr'><strong>misericordia</strong></span> <span class='ocrx_word' id='word_1_476' title='bbox 1752 4240 1886 4309; x_wconf 83' lang='lat' dir='ltr'><strong>ejus.</strong></span> 
     </span>
    </p>
   </div>
   <div class='ocr_carea' id='block_1_74' title="bbox 630 4327 2142 4402">
    <p class='ocr_par' dir='ltr' id='par_1_74' title="bbox 630 4327 2142 4402">
     <span class='ocr_line' id='line_1_74' title="bbox 630 4327 2142 4402; baseline -0.005 -13"><span class='ocrx_word' id='word_1_477' title='bbox 630 4335 676 4389; x_wconf 79' lang='lat' dir='ltr'><strong>II</strong></span> <span class='ocrx_word' id='word_1_478' title='bbox 699 4338 852 4390; x_wconf 89' lang='lat' dir='ltr'><strong>Dicat</strong></span> <span class='ocrx_word' id='word_1_479' title='bbox 876 4349 1020 4390; x_wconf 86' lang='lat' dir='ltr'><strong>nunc</strong></span> <span class='ocrx_word' id='word_1_480' title='bbox 1039 4335 1231 4390; x_wconf 86' lang='lat' dir='ltr'><strong>domus</strong></span> <span class='ocrx_word' id='word_1_481' title='bbox 1252 4334 1453 4398; x_wconf 87' lang='lat' dir='ltr'><strong>Aaron,</strong></span> <span class='ocrx_word' id='word_1_482' title='bbox 1476 4347 1597 4402; x_wconf 74' lang='lat' dir='ltr'><strong>qua:</strong></span> <span class='ocrx_word' id='word_1_483' title='bbox 1620 4337 1743 4384; x_wconf 90' lang='lat' dir='ltr'><strong>ante</strong></span> <span class='ocrx_word' id='word_1_484' title='bbox 1765 4328 1926 4384; x_wconf 86' lang='lat' dir='ltr'><strong>idolis</strong></span> <span class='ocrx_word' id='word_1_485' title='bbox 1951 4327 2142 4382; x_wconf 54' lang='lat' dir='ltr'><strong>immo.</strong></span> 
     </span>
    </p>
   </div>
   <div class='ocr_carea' id='block_1_75' title="bbox 558 4422 2142 4491">
    <p class='ocr_par' dir='ltr' id='par_1_75' title="bbox 558 4422 2142 4491">
     <span class='ocr_line' id='line_1_75' title="bbox 558 4422 2142 4491; baseline -0.004 -11"><span class='ocrx_word' id='word_1_486' title='bbox 558 4427 783 4491; x_wconf 83' lang='lat' dir='ltr'><strong>laverat,</strong></span> <span class='ocrx_word' id='word_1_487' title='bbox 812 4442 954 4480; x_wconf 89' lang='lat' dir='ltr'><strong>nunc</strong></span> <span class='ocrx_word' id='word_1_488' title='bbox 976 4435 1155 4480; x_wconf 85' lang='lat' dir='ltr'><strong>autem</strong></span> <span class='ocrx_word' id='word_1_489' title='bbox 1179 4425 1438 4485; x_wconf 77' lang='lat' dir='ltr'><strong>Altissitni</strong></span> <span class='ocrx_word' id='word_1_490' title='bbox 1471 4423 1649 4478; x_wconf 88' lang='lat' dir='ltr'><strong>illecta</strong></span> <span class='ocrx_word' id='word_1_491' title='bbox 1673 4422 1934 4486; x_wconf 85' lang='lat' dir='ltr'><strong>bonitate,</strong></span> <span class='ocrx_word' id='word_1_492' title='bbox 1958 4435 2142 4476; x_wconf 47' lang='lat' dir='ltr'><strong>sacer-</strong></span> 
     </span>
    </p>
   </div>
   <div class='ocr_carea' id='block_1_76' title="bbox 559 4516 1570 4586">
    <p class='ocr_par' dir='ltr' id='par_1_76' title="bbox 559 4516 1570 4586">
     <span class='ocr_line' id='line_1_76' title="bbox 559 4516 1570 4586; baseline -0.004 -16"><span class='ocrx_word' id='word_1_493' title='bbox 559 4517 766 4571; x_wconf 90' lang='lat' dir='ltr'><strong>dotium</strong></span> <span class='ocrx_word' id='word_1_494' title='bbox 793 4516 1011 4586; x_wconf 85' lang='lat' dir='ltr'><strong>dignum</strong></span> <span class='ocrx_word' id='word_1_495' title='bbox 1044 4517 1181 4585; x_wconf 88' lang='lat' dir='ltr'><strong>gerit</strong></span> <span class='ocrx_word' id='word_1_496' title='bbox 1213 4516 1404 4568; x_wconf 74' lang='lat' dir='ltr'><strong>anima:</strong></span> <span class='ocrx_word' id='word_1_497' title='bbox 1440 4529 1570 4568; x_wconf 85' lang='lat' dir='ltr'><strong>suae.</strong></span> 
     </span>
    </p>
   </div>
   <div class='ocr_carea' id='block_1_77' title="bbox 553 4624 1893 4696">
    <p class='ocr_par' dir='ltr' id='par_1_77' title="bbox 553 4624 1893 4696">
     <span class='ocr_line' id='line_1_77' title="bbox 553 4624 1893 4696; baseline -0.004 -12"><span class='ocrx_word' id='word_1_498' title='bbox 553 4629 592 4696; x_wconf 57' lang='grc' dir='ltr'>ι</span> <span class='ocrx_word' id='word_1_499' title='bbox 702 4629 892 4683; x_wconf 90' lang='lat' dir='ltr'><strong>Dicant</strong></span> <span class='ocrx_word' id='word_1_500' title='bbox 926 4641 989 4682; x_wconf 61' lang='grc' dir='ltr'><strong>σθ-</strong></span> <span class='ocrx_word' id='word_1_501' title='bbox 1024 4643 1158 4680; x_wconf 88' lang='lat' dir='ltr'><strong>nunc</strong></span> <span class='ocrx_word' id='word_1_502' title='bbox 1192 4624 1211 4694; x_wconf 70' lang='grc' dir='ltr'>ζ</span> <span class='ocrx_word' id='word_1_503' title='bbox 1240 4628 1328 4696; x_wconf 80' lang='lat' dir='ltr'><strong>qui</strong></span> <span class='ocrx_word' id='word_1_504' title='bbox 1356 4626 1536 4679; x_wconf 87' lang='lat' dir='ltr'><strong>timent</strong></span> <span class='ocrx_word' id='word_1_505' title='bbox 1570 4624 1847 4680; x_wconf 86' lang='lat' dir='ltr'><strong>Dominum</strong></span> <span class='ocrx_word' id='word_1_506' title='bbox 1875 4641 1893 4678; x_wconf 90' lang='lat'><strong><em>:</em></strong></span> 
     </span>
    </p>
   </div>
   <div class='ocr_carea' id='block_1_78' title="bbox 704 4717 1888 4789">
    <p class='ocr_par' dir='ltr' id='par_1_78' title="bbox 704 4717 1888 4789">
     <span class='ocr_line' id='line_1_78' title="bbox 704 4717 1888 4789; baseline -0.005 -12"><span class='ocrx_word' id='word_1_507' title='bbox 704 4721 964 4789; x_wconf 81' lang='lat' dir='ltr'><strong>Quoniam</strong></span> <span class='ocrx_word' id='word_1_508' title='bbox 995 4720 1051 4773; x_wconf 88' lang='lat' dir='ltr'><strong>in</strong></span> <span class='ocrx_word' id='word_1_509' title='bbox 1086 4717 1336 4774; x_wconf 64' lang='lat' dir='ltr'><strong>saeculum</strong></span> <span class='ocrx_word' id='word_1_510' title='bbox 1363 4717 1724 4770; x_wconf 73' lang='lat' dir='ltr'><strong>misericordia</strong></span> <span class='ocrx_word' id='word_1_511' title='bbox 1753 4717 1888 4786; x_wconf 87' lang='lat' dir='ltr'><strong>ejus.</strong></span> 
     </span>
    </p>
   </div>
   <div class='ocr_carea' id='block_1_79' title="bbox 621 4811 2141 4884">
    <p class='ocr_par' dir='ltr' id='par_1_79' title="bbox 621 4811 2141 4884">
     <span class='ocr_line' id='line_1_79' title="bbox 621 4811 2141 4884; baseline -0.003 -14"><span class='ocrx_word' id='word_1_512' title='bbox 621 4813 668 4871; x_wconf 76' lang='lat' dir='ltr'><strong>II</strong></span> <span class='ocrx_word' id='word_1_513' title='bbox 700 4816 891 4870; x_wconf 91' lang='lat' dir='ltr'><strong>Dicant</strong></span> <span class='ocrx_word' id='word_1_514' title='bbox 916 4829 1060 4869; x_wconf 90' lang='lat' dir='ltr'><strong>nunc</strong></span> <span class='ocrx_word' id='word_1_515' title='bbox 1083 4814 1172 4884; x_wconf 88' lang='lat' dir='ltr'><strong>qui</strong></span> <span class='ocrx_word' id='word_1_516' title='bbox 1198 4813 1392 4867; x_wconf 89' lang='lat' dir='ltr'><strong>timent</strong></span> <span class='ocrx_word' id='word_1_517' title='bbox 1416 4812 1721 4875; x_wconf 88' lang='lat' dir='ltr'><strong>Dominmn,</strong></span> <span class='ocrx_word' id='word_1_518' title='bbox 1749 4813 1800 4864; x_wconf 88' lang='lat' dir='ltr'><strong>id</strong></span> <span class='ocrx_word' id='word_1_519' title='bbox 1828 4820 1911 4866; x_wconf 91' lang='lat' dir='ltr'><strong>est</strong></span> <span class='ocrx_word' id='word_1_520' title='bbox 1932 4825 2027 4867; x_wconf 88' lang='lat' dir='ltr'><strong>vos</strong></span> <span class='ocrx_word' id='word_1_521' title='bbox 2049 4811 2141 4882; x_wconf 88' lang='lat' dir='ltr'><strong>qui</strong></span> 
     </span>
    </p>
   </div>
   <div class='ocr_carea' id='block_1_80' title="bbox 557 4904 2142 4982">
    <p class='ocr_par' dir='ltr' id='par_1_80' title="bbox 557 4904 2142 4982">
     <span class='ocr_line' id='line_1_80' title="bbox 557 4904 2142 4982; baseline -0.004 -17"><span class='ocrx_word' id='word_1_522' title='bbox 557 4911 708 4982; x_wconf 89' lang='lat' dir='ltr'><strong>prius</strong></span> <span class='ocrx_word' id='word_1_523' title='bbox 754 4909 1045 4963; x_wconf 87' lang='lat' dir='ltr'><strong>simulacra</strong></span> <span class='ocrx_word' id='word_1_524' title='bbox 1089 4915 1236 4960; x_wconf 87' lang='lat' dir='ltr'><strong>muta</strong></span> <span class='ocrx_word' id='word_1_525' title='bbox 1279 4915 1335 4960; x_wconf 89' lang='lat' dir='ltr'><strong>et</strong></span> <span class='ocrx_word' id='word_1_526' title='bbox 1378 4904 1542 4960; x_wconf 87' lang='lat' dir='ltr'><strong>surda</strong></span> <span class='ocrx_word' id='word_1_527' title='bbox 1586 4905 1945 4969; x_wconf 87' lang='lat' dir='ltr'><strong>metuebatis,</strong></span> <span class='ocrx_word' id='word_1_528' title='bbox 1996 4919 2142 4960; x_wconf 87' lang='lat' dir='ltr'><strong>nunc</strong></span> 
     </span>
    </p>
   </div>
   <div class='ocr_carea' id='block_1_81' title="bbox 557 4998 2136 5066">
    <p class='ocr_par' dir='ltr' id='par_1_81' title="bbox 557 4998 2136 5066">
     <span class='ocr_line' id='line_1_81' title="bbox 557 4998 2136 5066; baseline -0.005 -6"><span class='ocrx_word' id='word_1_529' title='bbox 557 5003 942 5066; x_wconf 88' lang='lat' dir='ltr'><strong>omnipotentis</strong></span> <span class='ocrx_word' id='word_1_530' title='bbox 971 5001 1184 5055; x_wconf 87' lang='lat' dir='ltr'><strong>Domini</strong></span> <span class='ocrx_word' id='word_1_531' title='bbox 1231 4998 1658 5055; x_wconf 91' lang='lat' dir='ltr'><strong>misericordiam</strong></span> <span class='ocrx_word' id='word_1_532' title='bbox 1705 4998 1988 5054; x_wconf 86' lang='lat' dir='ltr'><strong>decantate</strong></span> <span class='ocrx_word' id='word_1_533' title='bbox 2015 5013 2136 5053; x_wconf 89' lang='lat' dir='ltr'><strong>cum</strong></span> 
     </span>
    </p>
   </div>
   <div class='ocr_carea' id='block_1_82' title="bbox 2248 3278 3827 3350">
    <p class='ocr_par' dir='ltr' id='par_1_82' title="bbox 2248 3278 3827 3350">
     <span class='ocr_line' id='line_1_82' title="bbox 2248 3278 3827 3350; baseline -0.001 -19"><span class='ocrx_word' id='word_1_534' title='bbox 2248 3278 2389 3332; x_wconf 79' lang='lat' dir='ltr'><strong>dixit</strong></span> <span class='ocrx_word' id='word_1_535' title='bbox 2417 3287 2623 3348; x_wconf 84' lang='lat' dir='ltr'><strong>gentes,</strong></span> <span class='ocrx_word' id='word_1_536' title='bbox 2655 3290 2711 3333; x_wconf 90' lang='lat' dir='ltr'><strong>et</strong></span> <span class='ocrx_word' id='word_1_537' title='bbox 2739 3278 3022 3347; x_wconf 76' lang='lat' dir='ltr'><strong>subjonxit</strong></span> <span class='ocrx_word' id='word_1_538' title='bbox 3063 3296 3235 3350; x_wconf 80' lang='lat' dir='ltr'><strong>genus</strong></span> <span class='ocrx_word' id='word_1_539' title='bbox 3261 3281 3624 3340; x_wconf 87' lang='lat' dir='ltr'><strong>masculinum</strong></span> <span class='ocrx_word' id='word_1_540' title='bbox 3653 3297 3669 3333; x_wconf 87' lang='lat'><strong>:</strong></span> <span class='ocrx_word' id='word_1_541' title='bbox 3703 3281 3827 3334; x_wconf 87' lang='lat' dir='ltr'><strong>ultus</strong></span> 
     </span>
    </p>
   </div>
   <div class='ocr_carea' id='block_1_83' title="bbox 2249 3371 3824 3444">
    <p class='ocr_par' dir='ltr' id='par_1_83' title="bbox 2249 3371 3824 3444">
     <span class='ocr_line' id='line_1_83' title="bbox 2249 3371 3824 3444; baseline 0 -19"><span class='ocrx_word' id='word_1_542' title='bbox 2249 3385 2369 3425; x_wconf 90' lang='lat' dir='ltr'><strong>sum</strong></span> <span class='ocrx_word' id='word_1_543' title='bbox 2407 3371 2459 3424; x_wconf 92' lang='lat' dir='ltr'><strong>in</strong></span> <span class='ocrx_word' id='word_1_544' title='bbox 2488 3386 2582 3426; x_wconf 90' lang='lat' dir='ltr'><strong>eos</strong></span> <span class='ocrx_word' id='word_1_545' title='bbox 2607 3410 2624 3437; x_wconf 90' lang='lat'><strong>,</strong></span> <span class='ocrx_word' id='word_1_546' title='bbox 2671 3371 2785 3426; x_wconf 88' lang='lat' dir='ltr'><strong>sive</strong></span> <span class='ocrx_word' id='word_1_547' title='bbox 2813 3372 2880 3425; x_wconf 88' lang='lat' dir='ltr'><strong>ad</strong></span> <span class='ocrx_word' id='word_1_548' title='bbox 2915 3371 3249 3428; x_wconf 87' lang='lat' dir='ltr'><strong>intellectum</strong></span> <span class='ocrx_word' id='word_1_549' title='bbox 3282 3374 3521 3441; x_wconf 83' lang='lat' dir='ltr'><strong>pertinet</strong></span> <span class='ocrx_word' id='word_1_550' title='bbox 3544 3413 3560 3437; x_wconf 86' lang='lat'><strong>,</strong></span> <span class='ocrx_word' id='word_1_551' title='bbox 3613 3375 3741 3444; x_wconf 88' lang='lat' dir='ltr'><strong>quia</strong></span> <span class='ocrx_word' id='word_1_552' title='bbox 3781 3374 3824 3426; x_wconf 89' lang='lat' dir='ltr'><strong>in</strong></span> 
     </span>
    </p>
   </div>
   <div class='ocr_carea' id='block_1_84' title="bbox 2247 3459 3823 3535">
    <p class='ocr_par' dir='ltr' id='par_1_84' title="bbox 2247 3459 3823 3535">
     <span class='ocr_line' id='line_1_84' title="bbox 2247 3459 3823 3535; baseline 0.003 -23"><span class='ocrx_word' id='word_1_553' title='bbox 2247 3459 2500 3527; x_wconf 80' lang='lat' dir='ltr'><strong>gentibus</strong></span> <span class='ocrx_word' id='word_1_554' title='bbox 2515 3461 2695 3530; x_wconf 89' lang='lat' dir='ltr'><strong>populi</strong></span> <span class='ocrx_word' id='word_1_555' title='bbox 2719 3462 3044 3532; x_wconf 80' lang='lat' dir='ltr'><strong>significant,</strong></span> <span class='ocrx_word' id='word_1_556' title='bbox 3067 3463 3181 3517; x_wconf 85' lang='lat' dir='ltr'><strong>sive</strong></span> <span class='ocrx_word' id='word_1_557' title='bbox 3200 3464 3421 3518; x_wconf 86' lang='lat' dir='ltr'><strong>schema</strong></span> <span class='ocrx_word' id='word_1_558' title='bbox 3446 3471 3530 3518; x_wconf 88' lang='lat' dir='ltr'><strong>est</strong></span> <span class='ocrx_word' id='word_1_559' title='bbox 3561 3464 3823 3535; x_wconf 57' lang='lat' dir='ltr'><strong>exallagcf,</strong></span> 
     </span>
    </p>
   </div>
   <div class='ocr_carea' id='block_1_85' title="bbox 2249 3551 3826 3624">
    <p class='ocr_par' dir='ltr' id='par_1_85' title="bbox 2249 3551 3826 3624">
     <span class='ocr_line' id='line_1_85' title="bbox 2249 3551 3826 3624; baseline 0.002 -20"><span class='ocrx_word' id='word_1_560' title='bbox 2249 3552 2302 3605; x_wconf 90' lang='lat' dir='ltr'><strong>id</strong></span> <span class='ocrx_word' id='word_1_561' title='bbox 2341 3559 2425 3606; x_wconf 87' lang='lat' dir='ltr'><strong>est</strong></span> <span class='ocrx_word' id='word_1_562' title='bbox 2446 3591 2461 3615; x_wconf 92' lang='lat'><strong>,</strong></span> <span class='ocrx_word' id='word_1_563' title='bbox 2487 3551 2813 3618; x_wconf 89' lang='lat' dir='ltr'><strong>immutatio,</strong></span> <span class='ocrx_word' id='word_1_564' title='bbox 2839 3553 3092 3621; x_wconf 89' lang='lat' dir='ltr'><strong>quoniam</strong></span> <span class='ocrx_word' id='word_1_565' title='bbox 3115 3569 3284 3624; x_wconf 82' lang='lat' dir='ltr'><strong>genus</strong></span> <span class='ocrx_word' id='word_1_566' title='bbox 3315 3555 3553 3610; x_wconf 88' lang='lat' dir='ltr'><strong>nominis</strong></span> <span class='ocrx_word' id='word_1_567' title='bbox 3588 3555 3826 3610; x_wconf 85' lang='lat' dir='ltr'><strong>immuta-</strong></span> 
     </span>
    </p>
   </div>
   <div class='ocr_carea' id='block_1_86' title="bbox 2249 3640 3825 3713">
    <p class='ocr_par' dir='ltr' id='par_1_86' title="bbox 2249 3640 3825 3713">
     <span class='ocr_line' id='line_1_86' title="bbox 2249 3640 3825 3713; baseline 0.002 -18"><span class='ocrx_word' id='word_1_568' title='bbox 2249 3643 2347 3695; x_wconf 91' lang='lat' dir='ltr'><strong>vit.</strong></span> <span class='ocrx_word' id='word_1_569' title='bbox 2379 3640 2536 3696; x_wconf 86' lang='lat' dir='ltr'><strong>Ultus</strong></span> <span class='ocrx_word' id='word_1_570' title='bbox 2563 3657 2688 3696; x_wconf 88' lang='lat' dir='ltr'><strong>vero</strong></span> <span class='ocrx_word' id='word_1_571' title='bbox 2715 3642 2780 3696; x_wconf 25' lang='lat' dir='ltr'><strong>in.</strong></span> <span class='ocrx_word' id='word_1_572' title='bbox 2813 3657 2908 3697; x_wconf 91' lang='lat' dir='ltr'><strong>eos</strong></span> <span class='ocrx_word' id='word_1_573' title='bbox 2955 3651 3039 3698; x_wconf 87' lang='lat' dir='ltr'><strong>est</strong></span> <span class='ocrx_word' id='word_1_574' title='bbox 3061 3684 3076 3708; x_wconf 94' lang='lat'><strong>,</strong></span> <span class='ocrx_word' id='word_1_575' title='bbox 3127 3645 3342 3713; x_wconf 88' lang='lat' dir='ltr'><strong>quando</strong></span> <span class='ocrx_word' id='word_1_576' title='bbox 3385 3646 3643 3700; x_wconf 87' lang='lat' dir='ltr'><strong>conversi</strong></span> <span class='ocrx_word' id='word_1_577' title='bbox 3680 3643 3746 3699; x_wconf 88' lang='lat' dir='ltr'><strong>de</strong></span> <span class='ocrx_word' id='word_1_578' title='bbox 3777 3658 3825 3698; x_wconf 85' lang='lat' dir='ltr'><strong>se</strong></span> 
     </span>
    </p>
   </div>
   <div class='ocr_carea' id='block_1_87' title="bbox 2242 3733 3826 3807">
    <p class='ocr_par' dir='ltr' id='par_1_87' title="bbox 2242 3733 3826 3807">
     <span class='ocr_line' id='line_1_87' title="bbox 2242 3733 3826 3807; baseline 0.001 -19"><span class='ocrx_word' id='word_1_579' title='bbox 2242 3733 2586 3803; x_wconf 76' lang='lat' dir='ltr'><strong>poenitentia:</strong></span> <span class='ocrx_word' id='word_1_580' title='bbox 2615 3747 2808 3803; x_wconf 61' lang='lat' dir='ltr'><strong>paruas</strong></span> <span class='ocrx_word' id='word_1_581' title='bbox 2831 3746 3148 3806; x_wconf 77' lang='lat' dir='ltr'><strong>exegerunt,</strong></span> <span class='ocrx_word' id='word_1_582' title='bbox 3179 3751 3314 3806; x_wconf 87' lang='lat' dir='ltr'><strong>quas</strong></span> <span class='ocrx_word' id='word_1_583' title='bbox 3340 3737 3551 3807; x_wconf 88' lang='lat' dir='ltr'><strong>pridem</strong></span> <span class='ocrx_word' id='word_1_584' title='bbox 3584 3736 3826 3792; x_wconf 83' lang='lat' dir='ltr'><strong>innocen-</strong></span> 
     </span>
    </p>
   </div>
   <div class='ocr_carea' id='block_1_88' title="bbox 2250 3825 2756 3895">
    <p class='ocr_par' dir='ltr' id='par_1_88' title="bbox 2250 3825 2756 3895">
     <span class='ocr_line' id='line_1_88' title="bbox 2250 3825 2756 3895; baseline 0.002 -18"><span class='ocrx_word' id='word_1_585' title='bbox 2250 3825 2391 3879; x_wconf 91' lang='lat' dir='ltr'><strong>tibus</strong></span> <span class='ocrx_word' id='word_1_586' title='bbox 2420 3825 2756 3895; x_wconf 80' lang='lat' dir='ltr'><strong>ingerebant.</strong></span> 
     </span>
    </p>
   </div>
   <div class='ocr_carea' id='block_1_89' title="bbox 2252 3915 3427 3974">
    <p class='ocr_par' dir='ltr' id='par_1_89' title="bbox 2252 3915 3427 3974">
     <span class='ocr_line' id='line_1_89' title="bbox 2252 3915 3427 3974; baseline 0.005 -6"><span class='ocrx_word' id='word_1_587' title='bbox 2252 3915 2311 3968; x_wconf 89' lang='lat' dir='ltr'><strong>II</strong></span> <span class='ocrx_word' id='word_1_588' title='bbox 2391 3915 2791 3970; x_wconf 85' lang='lat' dir='ltr'><strong>Circumdanles</strong></span> <span class='ocrx_word' id='word_1_589' title='bbox 2823 3918 3275 3973; x_wconf 83' lang='lat' dir='ltr'><strong>circumdederunt</strong></span> <span class='ocrx_word' id='word_1_590' title='bbox 3308 3936 3427 3974; x_wconf 82' lang='lat' dir='ltr'><strong>me:</strong></span> 
     </span>
    </p>
   </div>
   <div class='ocr_carea' id='block_1_90' title="bbox 2392 3987 3821 4084">
    <p class='ocr_par' dir='ltr' id='par_1_90' title="bbox 2392 3987 3821 4084">
     <span class='ocr_line' id='line_1_90' title="bbox 2392 3987 3821 4084; baseline 0.007 -27"><span class='ocrx_word' id='word_1_591' title='bbox 2392 4005 2458 4058; x_wconf 85' lang='lat' dir='ltr'><strong>Et</strong></span> <span class='ocrx_word' id='word_1_592' title='bbox 2505 4007 2575 4084; x_wconf 79' lang='lat' dir='ltr'><strong>in</strong></span> <span class='ocrx_word' id='word_1_593' title='bbox 2604 4007 2811 4061; x_wconf 79' lang='lat' dir='ltr'><strong>nomine</strong></span> <span class='ocrx_word' id='word_1_594' title='bbox 2854 4007 3067 4062; x_wconf 88' lang='lat' dir='ltr'><strong>Domini</strong></span> <span class='ocrx_word' id='word_1_595' title='bbox 3113 4013 3181 4078; x_wconf 46' lang='grc' dir='ltr'><strong>με(</strong></span> <span class='ocrx_word' id='word_1_596' title='bbox 3223 4009 3346 4080; x_wconf 84' lang='lat' dir='ltr'><strong>quia</strong></span> <span class='ocrx_word' id='word_1_597' title='bbox 3380 4009 3398 4078; x_wconf 69' lang='grc' dir='ltr'>ζ</span> <span class='ocrx_word' id='word_1_598' title='bbox 3432 4009 3580 4064; x_wconf 87' lang='lat' dir='ltr'><strong>ullus</strong></span> <span class='ocrx_word' id='word_1_599' title='bbox 3619 4027 3734 4066; x_wconf 76' lang='lat' dir='ltr'><strong>sum</strong></span> 
     </span>
    </p>
   </div>
   <div class='ocr_carea' id='block_1_91' title="bbox 2465 4114 2708 4167">
    <p class='ocr_par' dir='ltr' id='par_1_91' title="bbox 2465 4114 2708 4167">
     <span class='ocr_line' id='line_1_91' title="bbox 2465 4114 2708 4167; baseline 0.016 -19"><span class='ocrx_word' id='word_1_600' title='bbox 2465 4114 2518 4150; x_wconf 81' lang='lat' dir='ltr'><strong>in</strong></span> <span class='ocrx_word' id='word_1_601' title='bbox 2555 4151 2570 4167; x_wconf 73' lang='grc'><em>,</em></span> <span class='ocrx_word' id='word_1_602' title='bbox 2602 4115 2708 4152; x_wconf 79' lang='lat' dir='ltr'><strong>eos.</strong></span> 
     </span>
    </p>
   </div>
   <div class='ocr_carea' id='block_1_92' title="bbox 2317 4187 3819 4267">
    <p class='ocr_par' dir='ltr' id='par_1_92' title="bbox 2317 4187 3819 4267">
     <span class='ocr_line' id='line_1_92' title="bbox 2317 4187 3819 4267; baseline 0.002 -23"><span class='ocrx_word' id='word_1_603' title='bbox 2317 4187 2358 4244; x_wconf 90' lang='lat' dir='ltr'><strong>C</strong></span> <span class='ocrx_word' id='word_1_604' title='bbox 2405 4188 2860 4256; x_wconf 85' lang='lat' dir='ltr'><strong>Circumdantes,</strong></span> <span class='ocrx_word' id='word_1_605' title='bbox 2907 4187 3077 4245; x_wconf 69' lang='lat' dir='ltr'><strong>Judrei</strong></span> <span class='ocrx_word' id='word_1_606' title='bbox 3133 4191 3430 4258; x_wconf 87' lang='lat' dir='ltr'><strong>videlicet,</strong></span> <span class='ocrx_word' id='word_1_607' title='bbox 3471 4192 3527 4248; x_wconf 92' lang='lat' dir='ltr'><strong>in</strong></span> <span class='ocrx_word' id='word_1_608' title='bbox 3573 4195 3819 4267; x_wconf 83' lang='lat' dir='ltr'><strong>passione</strong></span> 
     </span>
    </p>
   </div>
   <div class='ocr_carea' id='block_1_93' title="bbox 2244 4280 3820 4351">
    <p class='ocr_par' dir='ltr' id='par_1_93' title="bbox 2244 4280 3820 4351">
     <span class='ocr_line' id='line_1_93' title="bbox 2244 4280 3820 4351; baseline 0 -13"><span class='ocrx_word' id='word_1_609' title='bbox 2244 4280 2554 4338; x_wconf 84' lang='lat' dir='ltr'><strong>Christum.-</strong></span> <span class='ocrx_word' id='word_1_610' title='bbox 2572 4281 2629 4335; x_wconf 91' lang='lat' dir='ltr'><strong>In</strong></span> <span class='ocrx_word' id='word_1_611' title='bbox 2673 4282 2870 4351; x_wconf 85' lang='lat' dir='ltr'><strong>quibus</strong></span> <span class='ocrx_word' id='word_1_612' title='bbox 2930 4290 3108 4337; x_wconf 90' lang='lat' dir='ltr'><strong>tamen</strong></span> <span class='ocrx_word' id='word_1_613' title='bbox 3154 4285 3319 4342; x_wconf 84' lang='lat' dir='ltr'><strong>estin</strong></span> <span class='ocrx_word' id='word_1_614' title='bbox 3351 4287 3576 4342; x_wconf 88' lang='lat' dir='ltr'><strong>nomine</strong></span> <span class='ocrx_word' id='word_1_615' title='bbox 3626 4287 3820 4343; x_wconf 88' lang='lat' dir='ltr'><strong>Domini</strong></span> 
     </span>
    </p>
   </div>
   <div class='ocr_carea' id='block_1_94' title="bbox 2245 4374 3820 4450">
    <p class='ocr_par' dir='ltr' id='par_1_94' title="bbox 2245 4374 3820 4450">
     <span class='ocr_line' id='line_1_94' title="bbox 2245 4374 3820 4450; baseline 0.003 -23"><span class='ocrx_word' id='word_1_616' title='bbox 2245 4374 2554 4430; x_wconf 88' lang='lat' dir='ltr'><strong>vindicatus</strong></span> <span class='ocrx_word' id='word_1_617' title='bbox 2579 4414 2592 4438; x_wconf 90' lang='lat'><strong>,</strong></span> <span class='ocrx_word' id='word_1_618' title='bbox 2643 4374 2860 4442; x_wconf 90' lang='lat' dir='ltr'><strong>quando</strong></span> <span class='ocrx_word' id='word_1_619' title='bbox 2906 4374 3057 4428; x_wconf 92' lang='lat' dir='ltr'><strong>multi</strong></span> <span class='ocrx_word' id='word_1_620' title='bbox 3090 4391 3156 4438; x_wconf 80' lang='lat' dir='ltr'><strong>ex</strong></span> <span class='ocrx_word' id='word_1_621' title='bbox 3183 4378 3264 4431; x_wconf 88' lang='lat' dir='ltr'><strong>eis</strong></span> <span class='ocrx_word' id='word_1_622' title='bbox 3293 4378 3628 4446; x_wconf 74' lang='lat' dir='ltr'><strong>poenitentes</strong></span> <span class='ocrx_word' id='word_1_623' title='bbox 3652 4419 3670 4445; x_wconf 92' lang='lat'><strong>,</strong></span> <span class='ocrx_word' id='word_1_624' title='bbox 3717 4388 3820 4450; x_wconf 83' lang='lat' dir='ltr'><strong>post</strong></span> 
     </span>
    </p>
   </div>
   <div class='ocr_carea' id='block_1_95' title="bbox 2246 4467 3822 4536">
    <p class='ocr_par' dir='ltr' id='par_1_95' title="bbox 2246 4467 3822 4536">
     <span class='ocr_line' id='line_1_95' title="bbox 2246 4467 3822 4536; baseline 0.003 -16"><span class='ocrx_word' id='word_1_625' title='bbox 2246 4467 2386 4520; x_wconf 80' lang='lat' dir='ltr'><strong>mala</strong></span> <span class='ocrx_word' id='word_1_626' title='bbox 2439 4482 2560 4536; x_wconf 68' lang='lat' dir='ltr'><strong>qum</strong></span> <span class='ocrx_word' id='word_1_627' title='bbox 2605 4467 2847 4521; x_wconf 86' lang='lat' dir='ltr'><strong>fecerant</strong></span> <span class='ocrx_word' id='word_1_628' title='bbox 2876 4506 2890 4531; x_wconf 95' lang='lat'><strong>,</strong></span> <span class='ocrx_word' id='word_1_629' title='bbox 2942 4481 3260 4524; x_wconf 87' lang='lat' dir='ltr'><strong>meruerunt</strong></span> <span class='ocrx_word' id='word_1_630' title='bbox 3308 4487 3528 4528; x_wconf 80' lang='lat' dir='ltr'><strong>sumere</strong></span> <span class='ocrx_word' id='word_1_631' title='bbox 3571 4471 3822 4528; x_wconf 81' lang='lat' dir='ltr'><strong>vocabula</strong></span> 
     </span>
    </p>
   </div>
   <div class='ocr_carea' id='block_1_96' title="bbox 2167 4555 2699 4618">
    <p class='ocr_par' dir='ltr' id='par_1_96' title="bbox 2167 4555 2699 4618">
     <span class='ocr_line' id='line_1_96' title="bbox 2167 4555 2699 4618; baseline -0.008 0"><span class='ocrx_word' id='word_1_632' title='bbox 2167 4555 2222 4618; x_wconf 87' lang='lat' dir='ltr'><strong>D</strong></span> <span class='ocrx_word' id='word_1_633' title='bbox 2248 4558 2699 4615; x_wconf 83' lang='lat' dir='ltr'><strong>Christianorum.</strong></span> 
     </span>
    </p>
   </div>
   <div class='ocr_carea' id='block_1_97' title="bbox 2252 4649 3820 4723">
    <p class='ocr_par' dir='ltr' id='par_1_97' title="bbox 2252 4649 3820 4723">
     <span class='ocr_line' id='line_1_97' title="bbox 2252 4649 3820 4723; baseline 0 -18"><span class='ocrx_word' id='word_1_634' title='bbox 2252 4649 2318 4705; x_wconf 71' lang='grc'><strong>12</strong></span> <span class='ocrx_word' id='word_1_635' title='bbox 2391 4649 2858 4709; x_wconf 79' lang='lat' dir='ltr'><strong>Circumdederunt</strong></span> <span class='ocrx_word' id='word_1_636' title='bbox 2902 4671 2982 4708; x_wconf 86' lang='lat' dir='ltr'><strong>me</strong></span> <span class='ocrx_word' id='word_1_637' title='bbox 3029 4655 3164 4708; x_wconf 85' lang='lat' dir='ltr'><strong>sicut</strong></span> <span class='ocrx_word' id='word_1_638' title='bbox 3215 4669 3380 4723; x_wconf 84' lang='lat' dir='ltr'><strong>apes:</strong></span> <span class='ocrx_word' id='word_1_639' title='bbox 3420 4663 3468 4707; x_wconf 87' lang='lat' dir='ltr'><strong>et</strong></span> <span class='ocrx_word' id='word_1_640' title='bbox 3521 4653 3820 4708; x_wconf 73' lang='lat' dir='ltr'><strong>exarseru&#39;it</strong></span> 
     </span>
    </p>
   </div>
   <div class='ocr_carea' id='block_1_98' title="bbox 2456 4746 3062 4815">
    <p class='ocr_par' dir='ltr' id='par_1_98' title="bbox 2456 4746 3062 4815">
     <span class='ocr_line' id='line_1_98' title="bbox 2456 4746 3062 4815; baseline 0 -17"><span class='ocrx_word' id='word_1_641' title='bbox 2456 4746 2588 4799; x_wconf 83' lang='lat' dir='ltr'><strong>sicut</strong></span> <span class='ocrx_word' id='word_1_642' title='bbox 2615 4747 2748 4814; x_wconf 87' lang='lat' dir='ltr'><strong>ignis</strong></span> <span class='ocrx_word' id='word_1_643' title='bbox 2765 4747 2830 4800; x_wconf 89' lang='lat' dir='ltr'><strong>.in</strong></span> <span class='ocrx_word' id='word_1_644' title='bbox 2856 4748 3018 4815; x_wconf 65' lang='lat' dir='ltr'><strong>spinis</strong></span> <span class='ocrx_word' id='word_1_645' title='bbox 3043 4759 3062 4798; x_wconf 91' lang='lat'><strong><em>:</em></strong></span> 
     </span>
    </p>
   </div>
   <div class='ocr_carea' id='block_1_99' title="bbox 2391 4833 3820 4910">
    <p class='ocr_par' dir='ltr' id='par_1_99' title="bbox 2391 4833 3820 4910">
     <span class='ocr_line' id='line_1_99' title="bbox 2391 4833 3820 4910; baseline -0.001 -21"><span class='ocrx_word' id='word_1_646' title='bbox 2391 4833 2458 4889; x_wconf 83' lang='lat' dir='ltr'><strong>Et</strong></span> <span class='ocrx_word' id='word_1_647' title='bbox 2505 4837 2559 4889; x_wconf 87' lang='lat' dir='ltr'><strong>in</strong></span> <span class='ocrx_word' id='word_1_648' title='bbox 2612 4838 2820 4891; x_wconf 88' lang='lat' dir='ltr'><strong>nomine</strong></span> <span class='ocrx_word' id='word_1_649' title='bbox 2877 4837 3088 4892; x_wconf 86' lang='lat' dir='ltr'><strong>Domini</strong></span> <span class='ocrx_word' id='word_1_650' title='bbox 3145 4840 3213 4908; x_wconf 49' lang='grc' dir='ltr'>Χ</span> <span class='ocrx_word' id='word_1_651' title='bbox 3271 4835 3446 4910; x_wconf 85' lang='lat' dir='ltr'><strong>quia:</strong></span> <span class='ocrx_word' id='word_1_652' title='bbox 3510 4836 3656 4892; x_wconf 85' lang='lat' dir='ltr'><strong>ultus</strong></span> <span class='ocrx_word' id='word_1_653' title='bbox 3717 4851 3820 4892; x_wconf 78' lang='lat' dir='ltr'><strong>sunt</strong></span> 
     </span>
    </p>
   </div>
   <div class='ocr_carea' id='block_1_100' title="bbox 2459 4947 2662 4985">
    <p class='ocr_par' dir='ltr' id='par_1_100' title="bbox 2459 4947 2662 4985">
     <span class='ocr_line' id='line_1_100' title="bbox 2459 4947 2662 4985; baseline 0.015 -3"><span class='ocrx_word' id='word_1_654' title='bbox 2459 4947 2512 4984; x_wconf 75' lang='grc' dir='ltr'><strong>ιη</strong></span> <span class='ocrx_word' id='word_1_655' title='bbox 2554 4947 2662 4985; x_wconf 71' lang='lat'><strong><em>€05.</em></strong></span> 
     </span>
    </p>
   </div>
   <div class='ocr_carea' id='block_1_101' title="bbox 2316 5016 3822 5066">
    <p class='ocr_par' dir='ltr' id='par_1_101' title="bbox 2316 5016 3822 5066">
     <span class='ocr_line' id='line_1_101' title="bbox 2316 5016 3822 5066; baseline 0 0"><span class='ocrx_word' id='word_1_656' title='bbox 2316 5021 2361 5066; x_wconf 69' lang='grc' dir='ltr'><strong>(ἶ</strong></span> <span class='ocrx_word' id='word_1_657' title='bbox 2407 5019 2525 5066; x_wconf 65' lang='lat' dir='ltr'><strong>lnge</strong></span> <span class='ocrx_word' id='word_1_658' title='bbox 2560 5021 2704 5064; x_wconf 61' lang='lat' dir='ltr'><strong>enim</strong></span> <span class='ocrx_word' id='word_1_659' title='bbox 2753 5020 3004 5066; x_wconf 62' lang='lat' dir='ltr'><strong>Christus</strong></span> <span class='ocrx_word' id='word_1_660' title='bbox 3033 5035 3062 5066; x_wconf 77' lang='lat'><strong>2</strong></span> <span class='ocrx_word' id='word_1_661' title='bbox 3089 5019 3435 5066; x_wconf 57' lang='lat' dir='ltr'><strong>servienlihns</strong></span> <span class='ocrx_word' id='word_1_662' title='bbox 3482 5016 3685 5066; x_wconf 69' lang='lat' dir='ltr'><strong>Jndmis</strong></span> <span class='ocrx_word' id='word_1_663' title='bbox 3728 5021 3822 5066; x_wconf 72' lang='lat' dir='ltr'><strong>cir-</strong></span> 
     </span>
    </p>
   </div>
  </div>
