3994 5370
130 328 256 384 £35

1316 325 1681 385 EXPOSITIO
1718 322 2166 383 PSALMORUM.

3304 327 3411 385 ιξα

128 441 405 499 victualia
432 454 698 515 reponere
723 479 739 508 ,
778 438 992 497 iaciunt
1039 438 1182 496 unde
1226 440 1475 495 homines
1522 438 1733 508 possint
1758 434 2047 506 Ajanuas,
2079 434 2224 488 intus
2250 432 2357 503 iam
2404 433 2587 506 positi,
2616 433 2885 496 veraciter
2920 436 3149 495 Domino
3183 440 3414 497 conﬁte-

128 548 247 589 ειη
286 533 541 590 desideria
570 532 774 588 satiare
814 549 830 587 :
884 531 960 586 ita
994 530 1163 587 .Iudzei
1193 530 1397 586 amaris
1424 528 1728 594 conatibus,

129 623 391 679 fecerunt
418 638 535 677 rem
564 631 762 678 cuncto
795 622 915 677 orbi
949 620 1336 676 dulcissimam.

127 712 208 767 13
290 711 548 782 [inpulsus
575 728 783 766 eversus
803 728 917 765 sum
943 721 995 765 ut
1027 710 1296 765 caderem:

292 802 355 857 Et
386 790 639 856 Dominus
670 802 895 871 suscepit
925 817 1024 856 me.

1833 538 1972 576 mur.
2001 521 2046 576 ll
2083 521 2124 577 C
2152 521 2274 576 Haec
2303 531 2456 592 porta
2485 522 2734 579 Christus
2787 531 2891 591 est,
2919 540 3017 596 per
3047 542 3206 596 quam
3234 528 3410 584 intro-

1830 617 1940 671 itur
1967 617 2034 671 ad
2066 615 2311 682 Patrem,
2341 624 2401 671 ut
2429 617 2544 687 ipse
2573 618 2651 673 ait
2677 636 2691 672 :
2723 617 2893 673 Nemo
2928 619 3078 691 venit
3109 620 3175 673 ad
3192 619 3405 676 Patrem

1832 706 1933 761 nisi
1960 721 2055 776 per
2084 721 2169 762 me
2194 704 2376 778 (Joan.
2420 710 2554 779 xiv).
2596 708 2639 763 C
2665 708 2863 767 Portas
2902 710 3088 780 itaque
3130 712 3406 782 apostolos

1831 796 1966 851 dixit
1989 806 2045 853 et
2064 799 2375 869 prophetas,
2405 800 2500 854 sed
2526 800 2652 871 quia
2681 800 2796 856 istae
2824 803 3075 872 aperiunt
3111 818 3211 873 per
3252 813 3306 859 et
3336 805 3405 861 ad

212 893 263 949 C
314 893 577 964 lmpnlsus
604 893 748 946 enim
776 892 867 946 ille
896 891 1075 955 cadit,
1103 890 1188 946 cui
1230 888 1440 946 Domini
1471 888 1729 944 fortitudo
1827 886 2124 952 Christum,
2158 904 2321 944 unam
2372 900 2583 960 portam
2624 893 2824 956 subdit,
2872 908 2971 962 per
3007 910 3171 965 quam
3214 909 3405 951 omnes

129 986 503 1042 subtrahitur.
554 983 662 1039 Sed
700 999 897 1054 corpus
941 982 1174 1038 [idolium
1213 981 1501 1051 impulsum
1545 990 1600 1035 ut
1630 996 1725 1035 ca-

130 1077 317 1142 deret,
344 1092 448 1132 non
494 1075 817 1132 ceciditnec
844 1075 1032 1139 cadit,
1063 1073 1192 1143 quia
1238 1072 1462 1127 dextera
1510 1070 1725 1125 Domini

130 1179 373 1225 tenetur.
406 1168 550 1223 Dicit
572 1182 630 1222 se
658 1183 790 1237 ergo
816 1181 924 1221 non
951 1166 1235 1230 cecidisse,
1259 1165 1424 1218 etiam
1446 1179 1723 1230 eversum,

130 1258 274 1327 quia
322 1258 664 1329 susceptione
710 1255 923 1310 Domini
969 1254 1218 1309 firmatus
1262 1263 1365 1308 est.
1418 1253 1541 1309 ldco
1580 1254 1724 1309 enim

132 1349 333 1405 tideles
380 1349 670 1403 tormentis
726 1346 910 1402 traditi
958 1354 1124 1410 sunt,
1179 1352 1234 1397 et
1279 1344 1453 1398 eversi
1483 1343 1725 1413 aquiete

132 1439 445 1511 temporali,
479 1448 541 1492 ut
566 1437 826 1492 caderent
847 1453 875 1490 a
900 1435 1028 1501 ﬁde,
1062 1434 1157 1490 sed
1186 1432 1451 1489 Dominus
1478 1432 1722 1503 suscepit

129 1546 255 1596 eos,
281 1546 346 1585 ne
370 1546 403 1584 a
434 1529 540 1584 ﬁde
567 1529 847 1585 caderent.

132 1616 202 1674 ιι
282 1617 565 1674 Fortitudo
591 1635 708 1673 mea
741 1628 790 1673 et
815 1616 930 1673 laus
957 1634 1072 1672 mea
1098 1616 1355 1671 Dominus
1372 1629 1398 1667 :

277 1713 347 1767 Et
366 1713 549 1783 factus
581 1722 655 1767 est
691 1712 819 1766 mihi
844 1712 902 1767 in
926 1710 1171 1766 salutem.

202 1803 245 1860 C
302 1802 414 1859 Non
445 1811 626 1874 potest
661 1802 923 1874 impulsus
950 1801 1167 1867 cadere,
1196 1799 1283 1855 cui
1326 1798 1583 1855 auxilium
1612 1798 1720 1854 Do-
1747 1795 1794 1855 Β

132 1894 269 1949 ιιιῑηὶ
296 1894 510 1950 videtur
538 1893 911 1949 fortitudinem
955 1900 1255 1962 praestare;
1295 1890 1409 1960 ipse
1442 1889 1587 1944 enim
1634 1896 1719 1945 est

130 1984 412 2050 fortitudo,
434 1993 492 2040 et
521 1984 783 2048 laudatio,
815 1991 976 2052 atque
1003 1992 1205 2037 aeterna
1234 1982 1518 2036 beatorum
1547 1978 1714 2035 salus.

134 2073 201 2128 15
281 2073 396 2129 Vox
422 2074 793 2131 exsultationis
821 2084 869 2129 et
889 2072 1115 2145 salutis;

273 2162 340 2217 In
365 2163 720 2218 tabernaculis
740 2161 1029 2234 justorum.

198 2252 241 2309 C
284 2253 503 2310 Chorus
532 2254 622 2311 ille
650 2253 889 2310 ﬁdelium
926 2254 1085 2309 laetus
1112 2252 1349 2310 exsultat
1378 2253 1431 2308 in
1462 2253 1721 2307 taberna-

129 2345 265 2399 culis
276 2346 570 2418 iustorum,
595 2346 647 2402 id
663 2354 748 2402 est
773 2346 1064 2402 inhumani
1086 2346 1327 2417 pectoris
1354 2344 1602 2409 secretis,
1628 2342 1717 2397 ubi

131 2449 347 2506 semper
394 2436 567 2491 sancti
602 2436 715 2492 ιωιί
746 2444 904 2503 sunt,
959 2436 1206 2509 quamvis
1256 2435 1554 2490 forinsecus
1583 2432 1718 2488 allii-

131 2541 350 2601 gantur.
379 2530 457 2587 lbi
487 2546 616 2604 ergo
644 2530 986 2588 exsultabant
1004 2571 1025 2599 ,
1068 2529 1285 2601 quando
1313 2544 1498 2586 eorum
1529 2541 1715 2600 perse-

129 2632 349 2679 cutores
383 2624 648 2695 putabant
671 2639 765 2680 eos
790 2637 1026 2679 maerore
1062 2622 1255 2677 cantici
1287 2629 1341 2676 et
1369 2620 1715 2676 tribulatione

127 2712 404 2767 consumi.
431 2712 502 2767 Et
546 2722 607 2767 ut
649 2728 976 2786 agnosceres
1007 2713 1150 2768 unde
1188 2712 1267 2769 eis
1303 2712 1430 2767 illud
1460 2712 1715 2784 gaudium

125 2800 310 2870 fuerit,
338 2804 558 2860 subdit:
590 2805 837 2872 dextera,
859 2815 966 2861 etc.

132 2896 195 2950 16
268 2896 505 2951 Dextera
534 2897 750 2952 Domini
775 2896 893 2968 fecit
925 2898 1200 2952 virtutem:

267 2989 506 3044 Dextera
542 2989 753 3044 Domini
779 2988 1024 3043 exultavit
1065 3004 1185 3043 me:

269 3085 343 3151 Χ
381 3079 610 3137 Dextera
636 3080 847 3135 Domini
877 3080 998 3150 fecit
1018 3081 1257 3135 virtutem
1287 3077 1308 3148 ζ
1336 3118 1356 3133 .

1829 979 1901 1046 (et
1934 980 2026 1050 qui
2075 989 2244 1051 portae
2286 981 2418 1036 dicti
2449 983 2596 1053 sunt)
2627 983 2972 1041 introierunt.
3019 985 3063 1041 Η
3108 985 3221 1069 Sed.
3244 1003 3407 1045 nemo

1827 1069 1881 1124 in
1908 1084 2030 1125 eam
2061 1070 2363 1141 ingreditur
2389 1072 2494 1128 nisi
2511 1071 2718 1142 justus.

1824 1178 1895 1235 20
1968 1180 2265 1251 Conﬁtebor
2291 1182 2386 1237 tibi
2409 1184 2661 1253 quoniam
2695 1185 2961 1241 exaudiin
2988 1204 3106 1246 me:

1970 1272 2036 1327 Et
2065 1274 2237 1344 factus
2277 1293 2331 1330 es
2357 1277 2485 1330 mihi
2510 1277 2565 1332 in
2594 1277 2836 1333 salutem.
3116 1282 3121 1287 ”

1894 1365 1936 1422 C
1969 1368 2081 1424 Vox
2131 1369 2236 1424 ista
2272 1379 2358 1426 est
2394 1370 2631 1427 laetantis
2663 1373 2869 1444 papuli.
2900 1374 2949 1430 Η
2984 1374 3149 1446 Cujus
3176 1376 3404 1435 vulnera

1823 1458 2031 1527 peccati
2060 1458 2312 1516 Christus
2337 1462 2572 1528 sanavit,
2612 1472 2667 1518 et
2709 1463 2888 1520 factus
2922 1465 3123 1522 dicitur
3160 1468 3216 1522 in
3258 1468 3405 1524 salu-

1824 1556 1967 1615 tem;
1997 1548 2080 1604 vel
2107 1551 2305 1621 quibus
2329 1560 2521 1608 contra
2559 1554 2808 1624 iniquum
2849 1555 3061 1612 hostem
3109 1556 3285 1614 factus
3322 1570 3407 1616 est

1824 1640 1877 1694 in
1908 1640 2158 1708 salutem,
2186 1642 2401 1713 quando
2416 1640 2759 1716 Redemptor
2792 1647 3041 1720 gentium
3080 1650 3256 1706 oculis
3295 1651 3403 1707 hu-

1822 1735 2000 1791 manis
2031 1736 2301 1806 apparuit.

1818 1845 1884 1901 21
1960 1845 2213 1917 Lapidem
2244 1864 2397 1920 quem
2427 1849 2831 1920 reprobaoerunt
2860 1853 3220 1923 mdiﬁeantes:

1963 1952 2029 1995 -t-
2058 1938 2161 1993 Hic
2192 1939 2212 2011 ζ
2243 1942 2415 2012 factus
2440 1952 2515 1995 est
2536 1943 2592 1997 in
2620 1954 2778 2015 caput
2805 1946 3008 2018 anguli.

1880 2031 1931 2088 C
1959 2031 2086 2088 ldeo
2112 2033 2364 2090 Christus
2391 2033 2592 2090 dicitur
2624 2035 2763 2106 lapis
2791 2038 3087 2109 angularis,
3113 2040 3238 2110 quia
3266 2040 3401 2095 duos

1819 2123 1885 2177 ad
1915 2135 1971 2179 se
2003 2126 2250 2195 populos,
2277 2141 2311 2182 e
2350 2126 2563 2183 diverso
2605 2127 2905 2196 venientes,
2939 2130 2991 2184 in
3018 2146 3180 2186 unam
3219 2132 3403 2188 solidis

1821 2215 1947 2270 tatis
1995 2218 2226 2286 gratiam
2276 2218 2583 2289 colligavit,
2625 2233 2785 2289 quem
2825 2220 2996 2277 ,Ιαύωὶ
3035 2224 3404 2293 reprohabaut

1818 2304 2034 2375 (Ep/res.
2068 2309 2150 2378 ιι).
2188 2308 2433 2379 Angulus
2462 2308 2608 2363 enim
2638 2309 2816 2364 dictus
2849 2319 3025 2366 estex
3052 2312 3243 2368 Graeco
3286 2329 3404 2368 ser-

1818 2412 1999 2464 mone,
2024 2396 2077 2451 id
2105 2405 2187 2453 est
2215 2414 2244 2453 a
2287 2398 2434 2469 goni,
2481 2398 2627 2468 quod
2657 2398 2847 2454 Latine
2877 2400 3077 2455 dicitur
3100 2419 3254 2472 genu,
3297 2403 3402 2456 hoc

1816 2487 1963 2541 enim
2011 2485 2264 2541 inﬂexum
2310 2488 2547 2558 speciem
2596 2490 2776 2560 anguli
2825 2490 3092 2547 conformi
3135 2492 3396 2563 qualitate

1818 2582 2075 2637 restituit.
2106 2581 2277 2636 ιιιάιεί
2316 2581 2675 2649 rediticabant,
2707 2582 2752 2638 ll
2782 2584 2834 2638 id
2869 2594 2957 2641 est
2982 2585 3222 2641 litteram
3262 2587 3399 2659 legis

1817 2674 2117 2741 erigebant.
2142 2675 2183 2731 C
2209 2674 2303 2732 Vel
2335 2676 2692 2742 aediﬁcabant,
2717 2679 2842 2732 dum
2864 2677 2993 2733 olim
3013 2679 3111 2735 soli
3136 2680 3186 2734 in
3207 2696 3400 2737 verunt

1817 2765 1986 2821 Deum
2018 2766 2335 2822 credebant.

1816 2875 1887 2930 2‘2
1956 2877 1997 2932 Α
2033 2876 2254 2933 Domino
2281 2878 2479 2949 factum
2505 2889 2581 2934 est
2608 2881 2676 2950 ᾗ(
2712 2881 2853 2935 istud
2886 2880 2909 2952 ζ
2943 2900 2961 2937 :

1959 2967 2028 3023 Et
2052 2984 2112 3024 -ε-
2145 2980 2219 3024 est
2252 2970 2271 3041 ζ
2302 2972 2541 3026 mirabile
2565 2973 2618 3026 in
2648 2974 2814 3028 oculis
2846 2975 3036 3029 nostris

1883 3055 1928 3113 C
1960 3057 2094 3114 Cum
2143 3061 2287 3115 enim
2338 3072 2607 3116 memorat
2638 3062 2781 3118 istud
2830 3078 2860 3118 a
2901 3065 3128 3120 Domino
3173 3067 3396 3135 factum,

192 3170 234 3228 (ς
254 3147 493 3229 Deiter;
524 3171 828 3238 Domini,“
848 3147 935 3227 έδι
956 3170 1224 3236 Christus’
1366 3183 1524 3239 quem
1551 3166 1714 3223 Pam
1740 3147 1786 3210 C
1817 3158 2009 3207 natura
2051 3153 2406 3209 humanitatis
2448 3155 2773 3210 ostenditur.
2823 3154 2868 3211 Η
2912 3156 2953 3213 C
3002 3156 3264 3219 Mirabilis
3312 3172 3400 3225 εει

126 3267 389 3321 virtutem
415 3273 673 3336 operatus
720 3272 839 3329 est,
892 3264 947 3318 in
997 3262 1327 3318 exultatione
1375 3269 1709 3316 sanctorum.

125 3356 347 3413 Exultat
395 3356 541 3413 enim
593 3355 844 3412 Christus
898 3365 1156 3421 sanctos,
1209 3354 1425 3425 quando
1478 3352 1713 3409 terrenis

126 3448 442 3503 hominibus
466 3447 736 3503 cmlorum
770 3462 937 3518 regna
966 3445 1235 3510 concedit,
1274 3452 1330 3500 et
1375 3445 1447 3499 ita
1498 3444 1553 3498 in
1602 3452 1712 3498 ter-

125 3541 273 3596 renis
301 3540 617 3596 hominibus
645 3538 775 3595 fecit
797 3539 1075 3593 virtutem.
1102 3537 1241 3605 Quid
1267 3538 1411 3590 enim
1439 3535 1712 3606 potentius

126 3648 285 3702 quam
315 3618 573 3689 mortales
601 3632 828 3688 induere
860 3629 1350 3696 immortalitatem,
1380 3636 1432 3683 et
1462 3628 1529 3682 de
1556 3628 1712 3684 hoste

123 3724 422 3781 fortissimo
448 3724 683 3779 inﬁrmis
712 3722 841 3777 dare
867 3719 1191 3777 victoriam?

124 3818 183 3871 l7
264 3817 393 3871 Non
426 3818 650 3881 moriar,
676 3816 767 3869 sed
794 3814 961 3869 vivam
984 3827 1005 3865 .'

262 3906 341 3972 Et
372 3908 597 3961 narrabo
623 3921 783 3976 opera
818 3902 1046 3958 Domini.

182 3998 233 4056 Ε
256 3998 380 4054 Non
409 3999 633 4063 moriar,
664 4012 771 4053 vox
814 3995 1053 4050 ﬁdelium
1085 4002 1275 4050 contra
1304 4004 1703 4065 persecutores,

123 4090 169 4147 id
199 4101 288 4146 est
317 4106 423 4145 non
453 4090 678 4155 moriar,
713 4095 772 4141 ut
804 4096 857 4141 tu
881 4096 1063 4157 putas,
1093 4088 1187 4142 sed
1206 4088 1384 4142 vivam
1412 4088 1519 4142 vita
1546 4104 1707 4158 quam

123 4184 325 4248 nescis,
372 4183 436 4236 ad
466 4197 634 4253 quam
694 4190 876 4234 mente
914 4178 1226 4248 praetumidi
1276 4180 1561 4249 pervenire
1600 4194 1705 4233 non

120 4283 368 4345 possunt.
406 4274 652 4329 Narrabo
681 4288 876 4343 opera,
907 4273 1035 4344 quia
1077 4271 1366 4326 tolerantia
1404 4281 1705 4345 martyrum

120 4383 212 4437 per
244 4378 416 4423 totam
443 4366 749 4424 Ecclesiam
785 4365 998 4438 vulgata
1026 4374 1131 4421 est.

123 4461 180 4516 l8
258 4460 540 4530 Castigans
574 4460 848 4531 castigavit
870 4475 952 4512 me
981 4458 1236 4513 Dominus
1259 4469 1280 4511 .‘

266 4554 334 4609 Et
363 4555 521 4608 morti
546 4571 651 4608 non
681 4552 899 4607 tradidit
930 4569 1031 4607 me.

177 4645 232 4701 ἰ]
255 4644 505 4716 Castigat
530 4659 631 4700 nos
658 4642 922 4698 Dominus
959 4642 1024 4696 ad
1054 4642 1493 4699 emendationem
1519 4643 1705 4702 multis

119 4733 456 4797 verberibus,
512 4741 573 4788 ut
612 4733 874 4802 probatos
913 4739 1071 4787 eruat
1122 4747 1153 4785 a
1202 4741 1376 4787 n'orte
1424 4741 1701 4807 perpetua.

118 4826 155 4882 C
181 4827 347 4883 Solus
392 4825 542 4882 enim
588 4840 699 4881 non
747 4822 911 4881 morti
958 4823 1210 4888 traditur,
1253 4823 1405 4893 cujus
1444 4823 1531 4879 hic
1559 4839 1706 4879 com-

120 4923 278 4977 missa
318 4920 453 4973 vitia
484 4924 826 4989 purgantur:
863 4914 953 4969 ille
993 4916 1193 4970 etenim
1234 4931 1293 4970 se
1321 4916 1411 4970 hic
1435 4916 1573 4971 liene
1608 4930 1705 4971 ca-

121 5014 374 5084 stigatum
425 5023 552 5065 esse
591 5014 1004 5065 commemorat.
1052 5004 1129 5061 Ne
1172 5022 1305 5079 ergo
1354 5006 1457 5063 sibi
1501 5006 1709 5076 aliquid

122 5110 533 5173 persecuturum
576 5098 827 5169 superbia
876 5094 1198 5163 vindicaret,
1243 5104 1510 5153 tormenta
1556 5099 1707 5170 ipso-

1729 4505 1781 4563 D

1817 3243 1918 3299 iste
1944 3244 2082 3314 lapis
2104 3245 2155 3299 in
2186 3246 2359 3301 oculis
2387 3245 2643 3311 (idolium,
2673 3247 2763 3317 qui
2789 3263 2893 3303 non
2916 3247 3089 3305 solum
3118 3266 3238 3305 cum
3265 3266 3396 3307 ρον-ν

1814 3337 2077 3406 poraliter
2131 3339 2342 3405 vident,
2392 3354 2582 3393 verum
2638 3341 2804 3394 etiam
2865 3341 3151 3402 illuminari
3210 3352 3400 3398 mente

1812 3427 2177 3498 conspiciunt.
2208 3428 2474 3483 Viderunt
2501 3437 2555 3483 et
2577 3428 2769 3497 Judrei,
2797 3431 2892 3489 sed
2923 3447 3029 3486 non
3066 3432 3392 3497 mirabilem,

1814 3522 1938 3593 quia
1971 3521 2141 3577 solam
2172 3522 2520 3577 intuebantur
2543 3536 2784 3588 carnem,
2814 3538 2921 3578 non
2949 3521 3205 3579 deitatem
3248 3526 3396 3581 intus

1813 3612 2242 3682 conSpiciebant,
2276 3621 2499 3682 propter
2523 3611 2668 3683 quod
2694 3622 2751 3668 et
2787 3614 2885 3680 ait,
2928 3616 3151 3682 nostris,
3188 3616 3398 3674 scilicet

1811 3702 2051 3757 fidelium
2082 3701 2279 3757 oculis.

1810 3814 1883 3868 25
1956 3814 2087 3871 limo
2108 3825 2182 3871 est
2207 3816 2318 3871 dies
2344 3833 2500 3891 quam
2525 3816 2645 3887 fecit
2680 3816 2978 3875 Dominus:

1958 3907 2296 3967 Exsultcmus
2319 3918 2367 3969 et
2385 3908 2624 3964 lwtemur
2643 3910 2699 3969 in
2721 3926 2804 3965 ea.

1882 4000 1923 4056 C
1962 4000 2096 4057 Nam
2134 4003 2261 4061 licet
2292 4002 2433 4058 Deus
2461 4011 2686 4057 cunctos
2725 4001 2841 4058 dies
2877 4003 3168 4065 creaverit,
3212 4001 3396 4071 singuo

1811 4092 1999 4147 laritcr
2027 4103 2206 4148 tamen
2244 4093 2383 4148 diem
2423 4092 2618 4149 fecisse
2648 4095 2866 4159 dicitur,
2891 4094 2984 4164 qui
3019 4093 3219 4150 Christi
3253 4094 3397 4151 nati.

1809 4184 1976 4239 vitate
2001 4194 2250 4239 sacratus
2280 4194 2378 4247 est,
2409 4184 2590 4255 inquo
2618 4184 2814 4237 merito
2841 4183 3115 4237 exsultare
3142 4185 3397 4239 convenit

1808 4283 1862 4329 et
1892 4273 2084 4341 lauari,
2112 4274 2368 4344 quoniam
2393 4275 2444 4328 in
2474 4289 2538 4330 eo
2566 4273 2815 4330 diabolus
2833 4274 2923 4350 jus
2945 4275 3197 4345 perdidit,
3224 4285 3279 4332 et
3308 4292 3399 4333 sa-

1808 4365 1978 4420 lutem
2007 4366 2240 4421 mundus
2264 4366 2493 4436 accepit.

1807 4457 1876 4512 24
1948 4458 1993 4511 0
2016 4459 2257 4526 Domine,
2288 4459 2487 4514 salvum
2509 4475 2588 4514 me
2608 4458 2712 4529 fac,
2729 4475 2759 4512 ο
2774 4458 3018 4528 Domine,
3044 4458 3167 4514 bene
3186 4476 3399 4531 prospe-

2031 4569 2090 4606 ra
2097 4568 2149 4605 re
2176 4568 2195 4607 ἔ

1958 4644 2271 4699 Benedictus
2300 4646 2391 4717 qui
2441 4655 2690 4701 venturus
2713 4663 2766 4701 es
2794 4646 2849 4699 in
2884 4645 3093 4700 nomine
3115 4644 3352 4700 Domini.

1882 4732 1930 4787 Η
1958 4732 2002 4789 Ο
2034 4734 2275 4798 Domine,
2301 4733 2508 4790 salvum
2532 4750 2617 4790 me
2639 4734 2747 4802 lac,
2776 4734 2986 4790 scilicet
3012 4734 3081 4791 ad
3107 4744 3158 4789 te
3180 4737 3397 4790 venien-

1815 4832 1941 4879 tem.
1976 4824 2017 4879 C
2061 4823 2130 4879 Ut
2162 4825 2252 4879 hic
2274 4824 2476 4894 eripiar
2500 4825 2567 4880 de
2601 4834 2778 4879 morte
2805 4812 3177 4893 peccatorum,
3209 4814 3264 4878 et
3288 4822 3399 4875 illic

1812 4913 2046 4969 collocer
2084 4914 2138 4968 in
2188 4915 2375 4985 requie
2410 4916 2761 4985 sempiterna.
2807 4914 3127 4981 Prosperari
3172 4923 3257 4968 est
3301 4912 3403 4964 ali-

1810 5006 1955 5074 quod
2010 5019 2266 5076 asperum
2317 5005 2670 5076 tranquillum
2724 5006 2924 5068 facere,
2978 5002 3194 5057 dolores
3241 5012 3398 5065 ergo.

1809 5112 1947 5167 quos
1978 5098 2068 5153 hic
2112 5113 2301 5155 amore
2337 5097 2554 5155 Domini
2601 5098 2899 5158 sustinent,
2940 5092 3014 5147 ibi
3071 5094 3190 5148 sine
3238 5086 3401 5142 dubio
