3994 5370
575 347 678 400 427
934 420 937 425 ⁴
1210 415 1216 422 ⁸
1439 416 1444 421 ν

572 460 643 514 25
712 456 1083 512 Benedixiinus
1106 453 1243 508 vobis
1276 450 1339 504 de
1373 451 1525 504 domo
1560 449 1772 504 Domini
1801 463 1819 500 :

714 550 856 604 Deus
886 547 1143 601 Dominus
1171 554 1216 599 et
1246 542 1421 596 illuxit
1451 542 1619 596 nobis.

645 641 690 697 ll
728 637 1109 694 Benediximns
1140 634 1312 697 vobis,
1359 632 1531 688 sancti
1558 632 1625 688 de
1656 629 1862 686 cmlcsti
1902 628 2158 684 Hierusa-

572 737 678 789 lem
726 730 965 804 parvulis
992 727 1249 784 Ecclesize
1280 725 1620 781 benedicunt.
1653 724 1694 779 tl
1724 722 1820 779 Vel
1847 722 2072 793 apostoli
2105 727 2158 774 et

570 825 826 882 Ecclesia:
860 820 1064 894 praelati
1103 817 1288 873 dicunt
1318 818 1384 870 ad
1424 815 1679 886 populum
1711 813 1951 879 fidelem,
1985 813 2157 867 Bene—

571 921 807 975 dlximus
841 915 991 970 vobis
1027 912 1092 967 de
1134 910 1293 965 domo
1326 908 1558 973 Domini,
1590 907 1640 963 id
1671 914 1756 961 est
1786 904 2025 960 Ecclesia
2061 917 2154 957 ca-

571 1008 801 1073 tholica,
850 1005 992 1061 unde
1041 1001 1278 1058 Saluta're
1328 999 1594 1068 baptisma
1642 997 1824 1061 venit,
1872 1004 1927 1050 et
1970 1001 2159 1048 sancta

570 1096 993 1155 communicatio
1026 1092 1291 1163 procedit.
1346 1088 1497 1145 Unde
1545 1099 1602 1144 et
1644 1085 1820 1142 omnis
1855 1083 2159 1140 benedictio

571 1189 833 1260 procedit,
861 1183 918 1243 e't
952 1185 1210 1241 Dominus
1235 1183 1378 1237 Dens
1403 1195 1501 1237 sua
1529 1177 1933 1235 resurrectione
1962 1175 2159 1231 illumi-

569 1283 718 1335 navit
750 1279 1003 1335 tenebras
1034 1284 1270 1331 nostras.

566 1372 639 1428 26
711 1358 1024 1427 Constituite
1050 1367 1185 1423 diem
1210 1365 1489 1421 solemnem
1515 1363 1571 1417 in
1596 1360 1868 1416 condensis
1895 1373 1915 1411 ,ο

715 1462 893 1534 Usque
919 1460 987 1516 ad
1018 1476 1179 1515 cornu
1211 1456 1418 1512 altaris.

640 1556 683 1612 C
726 1553 1052 1611 Constituite
1097 1550 1260 1614 dicit,
1314 1548 1366 1604 id
1408 1555 1495 1602 est
1538 1543 1836 1601 deliberata
1889 1542 2160 1599 sententia

575 1647 878 1712 custodite,
911 1652 966 1699 et
1010 1648 1258 1713 prompta
1303 1620 1585 1695 voluntate
1629 1637 1771 1693 diem
1827 1634 2159 1699 solemnem,

570 1741 661 1810 qui
710 1740 916 1794 honore
946 1734 1040 1791 Dei
1072 1742 1127 1790 et
1170 1739 1482 1788 sanctorum
1531 1726 1874 1784 confessione
1915 1735 2161 1782 sacratus

569 1802 672 1886 est.
715 1827 1107 1894 ln'condensis,
1136 1826 1242 1881 hoc
1269 1832 1374 1890 est,
1405 1822 1458 1877 in
1487 1818 2013 1891 frequentationibus
2043 1833 2162 1876 cre-
2191 1802 2234 1861 Β

568 1922 710 1987 bris,
767 1936 902 1991 quas
960 1920 1117 1974 turba
1172 1917 1226 1972 in
1280 1914 1635 1971 veneratione
1688 1912 1785 1968 Dei
1840 1911 2157 1967 condensat.

575 2014 753 2086 Usque
780 2015 848 2069 ad
895 2027 1065 2068 cornu
1108 2008 1316 2075 altaris,
1352 2008 1405 2062 id
1433 2016 1517 2063 est
1547 2013 1604 2060 ut
1635 2020 1742 2061 non
1777 2003 2033 2059 recedant
2058 2017 2155 2055 an-

571 2118 789 2181 tequam
816 2107 882 2162 ad
927 2104 1098 2161 altare
1144 2103 1238 2158 Dei
1281 2100 1429 2172 digni
1470 2098 1891 2155 communicent.
1925 2095 2028 2151 Per
2057 2095 2161 2149 hoc

571 2215 699 2271 ergo
743 2198 1059 2272 prohibetur
1108 2193 1288 2267 (quod
1333 2191 1514 2247 multis
1559 2191 1615 2245 in
1667 2204 1767 2245 usu
1812 2186 1928 2257 est)
1977 2185 2161 2241 audita

569 2288 849 2360 Evangelii
882 2286 1113 2343 lectione
1146 2283 1447 2339 discedere.

569 2379 637 2433 θ’]
711 2378 854 2434 Deus
883 2393 1028 2432 meus
1058 2378 1125 2445 )t(
1152 2390 1206 2429 es
1257 2372 1277 2442 ζ
1334 2382 1389 2426 tu
1422 2380 1469 2426 et
1497 2370 1781 2440 conﬁtebor
1807 2369 1899 2424 tibi
1926 2382 1945 2421 :

712 2469 855 2524 Deus
882 2483 1029 2521 meus
1060 2469 1125 2534 ξι(
1154 2481 1207 2519 es
1266 2465 1284 2536 ζ
1342 2472 1399 2517 tu
1428 2472 1475 2517 et
1501 2460 1746 2517 exaltabo
1776 2469 1845 2515 te.

637 2562 689 2618 (ἶ
719 2562 950 2619 Rectum
981 2569 1066 2616 est
1093 2558 1237 2615 enim
1268 2565 1327 2612 ut
1356 2556 1525 2612 Deum
1576 2569 1698 2611 esse
1738 2560 1982 2609 nostrum
2013 2549 2165 2608 diea-

559 2671 713 2720 mns,
739 2669 902 2725 quem
930 2668 1063 2722 pura
1095 2659 1276 2707 mente
1306 2664 1412 2704 non
1435 2660 1716 2705 cessamus
1739 2646 1989 2701 adorare.
2007 2642 2164 2711 Quod

532 2779 539 2786 -
566 2756 756 2799 autem
778 2742 931 2806 dicit,
963 2741 1288 2805 confitebor,
1312 2740 1380 2794 ad
1411 2738 1706 2807 gratiarum
1735 2734 1973 2805 pertinet
1994 2733 2164 2788 actio-

571 2850 721 2892 nem.
773 2832 1038 2888 Exaltabo
1077 2839 1128 2886 te
1148 2869 1163 2897 ,
1203 2830 1331 2901 quia
1363 2827 1640 2884 exaltatur
1668 2826 1812 2882 Deus
1841 2839 1938 2893 per
1968 2822 2164 2893 praedi-

572 2926 842 2981 cationem
873 2918 1205 2979 sanctorum.

570 3014 641 3070 28
717 3028 769 3070 ρε-
805 3012 1104 3084 Confitebor
1131 3011 1245 3078 tibi,
1276 3011 1524 3082 quoniam
1553 3007 1817 3065 exaudisti
1845 3023 1925 3063 me
1958 3007 1974 3080 ξ
2012 3024 2025 3059 :

717 3120 779 3161 -t~
808 3104 874 3159 Et
901 3103 1075 3173 factus
1102 3120 1156 3158 es
1186 3102 1315 3157 mihi
1343 3102 1398 3156 in
1426 3100 1649 3156 salutem
1705 3100 1722 3172 ζ
1759 3138 1772 3152 .

649 3198 695 3253 ll
729 3170 1039 3256 Conﬁtebor
1076 3197 1199 3263 tibi,
1234 3195 1481 3261 Domine,
1526 3170 1783 3265 quoniam
1826 3192 2022 3249 audisti
2051 3206 2159 3261 me,
2189 3170 2233 3231 (ἶ

571 3300 630 3347 et
653 3292 828 3348 factus
854 3306 916 3346 es
945 3290 1077 3345 mihi
1105 3290 1158 3344 in
1190 3288 1442 3353 salutem,
1475 3286 1686 3343 scilicet
1714 3294 1774 3341 ut
1800 3299 1927 3341 cum
1958 3283 2163 3340 sanctis

562 3386 683 3440 ~tuis
710 3372 796 3439 me
817 3384 873 3438 in
901 3381 1109 3438 cmlcsti
1142 3378 1481 3436 Hierusalem
1509 3377 1769 3434 sociares.

570 3475 643 3531 29
716 3473 1050 3544 Conﬁtemini
1080 3471 1305 3527 Domino
1335 3471 1584 3543 quoniam
1615 3470 1779 3524 bonus
1804 3486 1823 3524 :

720 3566 985 3634 Quoniam
1010 3565 1065 3617 in
1094 3561 1345 3618 sarculum
1375 3560 1733 3615 misericordia
1759 3560 1896 3630 ejus.

646 3659 689 3715 C
726 3659 824 3715 llic
869 3670 1085 3728 quoque
1130 3668 1318 3708 versus
1354 3652 1407 3708 in
1455 3651 1629 3721 capite
1670 3649 1865 3721 psalmi
1907 3649 2168 3720 probatur

576 3767 699 3807 esse
722 3751 835 3821 jam
863 3748 1059 3819 dictus,
1093 3755 1154 3802 ut
1186 3745 1328 3801 sicut
1348 3759 1379 3798 a
1402 3742 1620 3799 Christo
1648 3739 1776 3795 fecit
1807 3740 2018 3794 initium
2039 3780 2054 3804 ,
2091 3740 2166 3796 ita

579 3841 681 3911 ipsi
721 3837 1052 3895 concordare
1092 3835 1339 3891 videatur
1381 3841 1438 3889 et
1468 3830 1610 3897 finis,
1655 3831 1769 3901 ipse
1806 3830 1950 3885 enim
1981 3828 2119 3885 dixit
2150 3847 2165 3884 :

573 3934 690 4004 Ego
719 3946 839 3987 sum
886 3929 1045 3999 alpha
1086 3937 1143 3983 et
1168 3941 1358 3997 omega
1404 3925 1587 3996 (Apoc.
1617 3923 1680 3995 ι),
1722 3930 1779 3977 et
1820 3921 1893 3976 ita
1936 3921 1990 3975 in
2020 3921 2169 3975 omni

578 4014 686 4082 vita
717 4033 923 4088 nostra,
965 4019 1361 4077 confessionem
1403 4032 1501 4073 nos
1528 4022 1743 4088 Oportet
1781 4028 2083 4079 assumere,
2113 4020 2170 4068 et

577 4110 632 4174 in
661 4118 831 4190 ipsius
855 4112 1215 4170 delectatione
1240 4109 1417 4165 linire.

1026 4243 1225 4286 οιιλτιο
1260 4243 1330 4283 EX
1367 4242 1515 4284 PSAL.
1555 4241 1722 4282 ωινιι.

644 4322 962 4379 Consolatio
993 4319 1401 4376 tribulationum
1430 4325 1763 4381 nostrarum,
1791 4314 2034 4386 piissime
2066 4313 2168 4370 Do-

581 4416 746 4480 mine,
782 4413 874 4484 qni
911 4413 1182 4484 justorum
1224 4407 1574 4464 tabernacula
1617 4407 1805 4462 laetitia
1846 4415 1904 4462 et
1933 4403 2171 4462 exsulta-

1494 334 1550 389 s.
1592 308 1938 391 nnUNoSts
1977 308 2514 389 llEnDlPOLENStS
2554 328 2856 387 Episcort
3718 329 3807 386 tas

1740 416 1772 504 ii
1801 463 1819 500 :
2176 452 2225 509 Α
2256 457 2391 511 tera,
2422 447 2622 516 Alepli,
2659 448 3046 517 interpretatur
3068 445 3335 502 doctrina.
3364 444 3404 499 Β
3433 444 3501 499 Et
3525 426 3696 515 primo
3729 447 3816 501 im-

2258 538 2543 594 maculatis
2564 541 2648 593 via
2672 539 2884 595 Domini
2910 557 2924 593 :
2946 550 3151 597 {eterna
3176 532 3455 596 beatitudo
3482 538 3815 610 promittitur.

2852 629 2963 685 TT.
3002 630 3251 686 Alleluia.

2761 719 2809 775 ιι
2845 721 3038 792 Alepb,
3066 720 3333 777 doctrina.

2260 811 2284 863 1
2397 807 2547 865 Beati
2572 811 2897 889 immaculati
2922 814 2976 865 in
3006 812 3086 866 via
3113 826 3133 864 :

2402 902 2505 968 Qui
2534 902 2802 958 ambulant
2833 904 2887 956 in
2915 902 3023 975 lege
3053 902 3286 958 Domini.

2329 994 2369 1048 (Σ
2411 994 2697 1049 Videamus
2735 1009 2907 1061 nunc,
2949 1010 3068 1064 qua:
3099 995 3151 1049 in
3192 996 3298 1052 hoc
3338 994 3549 1054 caelesti
3591 994 3833 1069 paradiso

2260 1101 2422 1157 poma
2452 1098 2745 1141 nascantur
2773 1088 3059 1158 spiritalia.
3104 1078 3294 1144 Sancti
3322 1090 3467 1145 enim
3512 1091 3823 1147 immaculati

2261 1177 2428 1246 fiunt,
2477 1182 2695 1237 ouando
2746 1180 3093 1251 indulgentiae
3141 1197 3367 1238 munera
3415 1194 3825 1253 consequuntur,

2261 1269 2420 1324 aliter
2462 1270 2607 1324 enim
2653 1278 2708 1324 et
2754 1284 2852 1341 per
2896 1286 2957 1326 se
3003 1279 3089 1326 est
3130 1287 3290 1327 nemo
3332 1273 3709 1328 immaculatus
3735 1275 3825 1327 nisi

2261 1361 2406 1417 solus
2439 1362 2613 1428 Deus;
2655 1361 2744 1417 ille
2767 1362 2911 1418 enim
2942 1362 3091 1418 solus
3118 1364 3438 1419 naturaliter
3466 1364 3827 1419 immaculatus

2262 1460 2365 1506 est.
2414 1446 2623 1517 Invia,
2656 1451 2707 1508 id
2751 1461 2835 1508 est
2875 1453 2932 1507 in
2975 1453 3212 1509 Christo.
3266 1452 3341 1509 lbi
3380 1455 3526 1509 enim
3570 1455 3829 1511 ambulare

2255 1547 2526 1616 iustorum
2583 1558 2701 1615 est,
2765 1564 2873 1603 non
2932 1548 3161 1619 pedibus
3215 1550 3494 1619 corporeis
3550 1552 3648 1605 sed
3700 1560 3831 1605 rents

2262 1640 2494 1693 actione.
2521 1638 2578 1693 In
2609 1636 2725 1711 lege
2752 1638 2983 1704 Domini,
3019 1638 3068 1694 id
3098 1649 3203 1706 est,
3231 1641 3327 1710 qui
3354 1651 3451 1697 aut
3484 1658 3592 1696 non
3623 1652 3833 1712 peccant

2262 1738 2357 1783 aut
2383 1744 2480 1799 per
2504 1730 2735 1801 gratiam
2779 1730 2873 1785 Dei
2910 1745 2970 1786 se
3003 1731 3315 1803 emendant,
3345 1742 3399 1787 ct
3438 1731 3601 1802 digna
3631 1732 3729 1788 sibi
3758 1748 3835 1786 sa-

2263 1819 2572 1876 tisfactione
2594 1820 2954 1891 prospiciunt.
2986 1821 3094 1877 Nec
3124 1831 3281 1878 vacat
3307 1824 3450 1893 quod
3472 1824 3624 1889 dicit,
3655 1825 3706 1878 in
3731 1824 3836 1895 lege

2264 1912 2496 1981 Domitii,
2525 1922 2584 1968 ut
2609 1913 2969 1986 distingueret
3011 1930 3042 1970 a
3083 1915 3201 1987 lege
3227 1916 3457 1988 peccati,
3505 1915 3559 1971 in
3593 1932 3696 1987 qna
3724 1932 3836 1988 pec-

2263 2012 2476 2061 catores
2502 1999 2800 2077 ambulant.

2260 2096 2296 2150 2
2405 2093 2554 2148 Beati
2576 2095 2665 2166 qui
2692 2096 2996 2150 scrutantur
3020 2096 3313 2152 testimonia
3337 2097 3454 2168 ejus
3478 2111 3498 2150 :

2403 2182 2472 2239 In
2502 2193 2608 2239 toto
2638 2185 2793 2241 corde
2817 2187 3096 2257 exquirunt
3123 2204 3262 2242 eunt.

2332 2274 2376 2330 Il
2420 2276 2567 2332 Beati
2617 2276 2709 2348 qui
2760 2286 3092 2344 scrutantur,
3151 2279 3363 2335 scilicet
3411 2288 3474 2335 ut
3525 2278 3835 2352 intelligant.

2262 2381 2384 2423 cum
2409 2367 2778 2438 peccaverint,
2802 2383 2986 2424 coram
3012 2368 3239 2426 testibus
3263 2370 3575 2441 deliquisse,
3602 2382 3659 2425 ut
3681 2372 3837 2443 legem

2264 2458 2357 2514 Dei
2391 2466 2583 2514 testem
2612 2473 2833 2515 suorum
2871 2471 3214 2530 peccatorum
3254 2472 3608 2533 cognoscant.
3654 2461 3708 2517 fn
3736 2472 3840 2517 toto

2263 2551 2426 2607 corde
2455 2550 2751 2623 exquirunt
2778 2566 2923 2620 eum,
2973 2549 3020 2606 Η
3065 2553 3119 2608 id
3145 2538 3230 2608 est
3259 2569 3365 2609 non
3399 2552 3601 2611 leviter
3641 2552 3724 2609 vel
3760 2569 3839 2609 se-

2264 2643 2461 2715 gniter.
2504 2642 2545 2699 C
2576 2642 2683 2700 Sed
2727 2643 2817 2714 qui
2868 2652 3037 2699 totum
3085 2660 3179 2700 cor
3223 2662 3380 2702 suum
3428 2649 3497 2703 ad
3544 2646 3840 2716 Scriptores

2263 2747 2480 2792 sanctas
2509 2745 2718 2806 ponunt
2745 2752 2853 2791 non
2882 2736 2948 2793 ad
2976 2736 3236 2794 falsitatis
3275 2738 3539 2796 ambitum
3581 2738 3665 2813 (ut
3689 2740 3839 2794 bare

2266 2829 2378 2899 tici)
2394 2845 2491 2884 nec
2504 2830 2770 2884 mundana
2787 2830 2982 2901 gaudia
2997 2832 3414 2902 concupiscunt:
3434 2831 3555 2887 ideo
3570 2832 3840 2903 prmmisil,

2266 2920 2355 2990 qui
2380 2920 2660 2976 ambulant
2681 2921 2734 2976 in
2754 2922 2871 2993 lege
2894 2922 3137 2988 Domini;
3163 2923 3377 2987 deinde,
3400 2924 3493 2994 qui
3514 2920 3839 2984 scrutantur,

2267 3011 2392 3081 quia
2437 3026 2544 3067 non
2593 3020 2677 3068 est
2720 3012 2916 3084 dignus
2961 3013 3194 3070 scrutari
3238 3013 3549 3069 testimonia
3581 3015 3699 3081 Dei,
3750 3012 3844 3069 uisi

2265 3101 2356 3172 qni
2390 3116 2450 3157 se
2479 3100 2743 3173 probabili
2772 3105 3118 3175 cognoscitur
3149 3104 3363 3161 actione
3389 3113 3651 3160 tractare.

2263 3192 2299 3246 ὅ
2407 3191 2529 3248 Non
2556 3194 2692 3248 etaim
2721 3196 2811 3265 qui
2838 3205 3120 3266 operantur
3147 3195 3503 3268 iniquitatem:

2411 3284 2476 3340 In
2506 3287 2598 3342 viis
2623 3288 2737 3359 ejus
2763 3288 3182 3344 ambulaverunt.

2335 3377 2376 3435 C
2414 3377 2604 3434 Merito
2629 3378 2773 3435 enim
2803 3380 3057 3436 dicuntur
3081 3381 3135 3436 in
3160 3379 3263 3436 viis
3287 3378 3502 3435 Domini
3531 3395 3640 3435 non
3666 3378 3845 3434 ambu-

2269 3470 2401 3538 lare,
2436 3472 2530 3544 qui
2558 3480 2856 3543 operantur
2878 3472 3243 3544 iniquitatem.
3276 3471 3535 3543 Operatio
3559 3472 3710 3527 enim
3751 3471 3845 3525 ini-

2265 3564 2493 3636 quitatis
2519 3574 2603 3620 est
2627 3580 2927 3622 consensus
2972 3564 3235 3622 nullorum
3275 3584 3288 3620 :
3335 3565 3428 3637 qui
3461 3573 3646 3621 tamen
3683 3580 3714 3620 a
3741 3578 3845 3619 cor-

2269 3648 2430 3710 dibus
2454 3650 2791 3723 sanctorum,
2822 3656 2964 3712 dono
3000 3656 3095 3712 Dei
3121 3656 3383 3728 probatur
3402 3654 3639 3712 alienus.

2265 3744 2301 3801 4
2409 3745 2488 3801 Tu
2510 3745 2775 3803 mandasti
2786 3746 2821 3802 :'

2410 3836 2669 3893 Mandata
2689 3849 2782 3896 tua
2802 3839 3056 3895 custodiri
3076 3840 3253 3896 nimis.

2337 3927 2379 3984 C
2418 3928 2521 3984 Ista
2547 3929 2693 3985 enim
2710 3938 2794 3987 est
2815 3930 3107 3986 Dontinicze
3127 3930 3390 4002 jussionis
3404 3929 3715 3985 veneranda
3730 3944 3849 3999 pra.b

2269 4022 2465 4092 ceptio,
2517 4030 2575 4076 ut
2605 4024 2857 4077 mandata
2906 4022 3024 4094 ejus
3059 4037 3167 4079 non
3211 4020 3388 4078 soluat
3433 4020 3646 4088 sedule,
3682 4022 3776 4075 sed
3799 4030 3848 4074 et

2269 4111 2435 4169 nimie
2481 4113 2879 4169 custodiantur.
2935 4114 3083 4169 Istud
3113 4122 3295 4169 autem
3338 4112 3537 4178 nimis,
3589 4112 3849 4184 signiﬁcat

2270 4207 2498 4263 multum
2529 4217 2693 4279 atque
2738 4208 3032 4274 infinitum,
3082 4202 3412 4279 quapropter
3456 4207 3603 4261 vires
3643 4214 3847 4261 nostras

2270 4301 2560 4369 excedere,
2591 4301 2773 4357 divina
2797 4301 2988 4355 militia
3017 4311 3138 4358 est:
3169 4301 3295 4371 quia
3321 4308 3492 4354 totum
3523 4297 3601 4353 ibi
3633 4296 3849 4352 nimium

2270 4390 2444 4458 decet,
2477 4391 2732 4461 quoniam
2746 4400 2801 4447 et
2827 4390 2958 4447 illud
2981 4391 3252 4447 infinitum
3274 4398 3379 4456 est,
3405 4388 3550 4459 quod
3579 4389 3737 4444 nobis
3758 4388 3848 4441 tri-

579 4507 728 4560 tione
760 4482 1064 4575 perfundis,
1084 4499 1262 4555 exalta
1305 4498 1603 4556 Ecclesiam
1643 4508 1792 4554 tuam
1831 4498 2030 4552 virtute
2073 4511 2165 4566 po-

2275 4482 2362 4538 bni
2387 4485 2743 4554 postulamus.

583 4598 747 4652 tentis
772 4598 996 4659 dextrae,
1027 4609 1130 4665 qua
1159 4594 1254 4649 fiat
1280 4602 1437 4664 porta
1459 4590 1706 4661 iustitiae,
1731 4600 1787 4646 et
1814 4592 1888 4645 ita
1919 4604 1978 4645 se
2005 4605 2169 4659 angu-

583 4689 681 4743 tari
714 4687 1007 4743 stabilitate
1035 4684 1356 4747 conneCtat,
1398 4691 1458 4736 ut
1495 4691 1586 4737 tua
1614 4679 1967 4736 miseratione
2007 4678 2171 4734 reful-

580 4790 725 4851 geat.
760 4779 863 4834 Per
891 4777 1178 4835 Dominum
1205 4784 1450 4830 nostrum
1479 4771 1684 4836 Iesum,
1715 4779 1823 4826 etc.

1095 4883 1415 4942 PSALMUS
1450 4882 1679 4939 CXVIII.

991 5017 1354 5060 Αιιουιιςατυι
1392 5014 1538 5057 νθλι..
1580 5013 1764 5054 CXVIII.

652 5120 695 5177 C
742 5118 848 5175 Per
889 5127 1060 5175 totum
1100 5118 1248 5174 hunc
1284 5106 1551 5187 psalmum
1591 5108 1916 5167 universalis
1955 5117 2170 5164 saneto-

580 5230 701 5269 rnm
731 5214 932 5270 chorus
965 5209 1262 5281 eloquitur,
1289 5206 1382 5278 qui
1422 5204 1490 5261 ab
1527 5202 1684 5260 initio
1714 5200 1899 5257 mundi
1930 5198 2167 5264 fuerunt,

2271 4577 2306 4631 5
2415 4573 2627 4629 Utinam
2656 4575 2953 4647 dirigantur
2981 4576 3075 4631 vite
3098 4589 3258 4630 nteit:

2415 4670 2496 4723 Ad
2520 4667 2887 4723 custodiendas
2914 4666 3325 4738 justiﬁcationes
3352 4675 3494 4720 tuas.

2342 4766 2383 4814 (1
2423 4746 2677 4814 Utinam:
2712 4757 2934 4811 verbum
2966 4771 3180 4826 semper
3201 4755 3443 4827 optantis
3468 4762 3575 4811 est.
3609 4755 3723 4811 Via:
3749 4771 3843 4809 au-

2276 4861 2387 4906 tem
2423 4860 2580 4907 actus
2614 4849 2942 4920 significant,
2987 4862 3124 4917 quos
3152 4848 3203 4901 in
3236 4846 3339 4902 bac
3384 4844 3493 4901 vita
3528 4847 3852 4917 peregimus.

2276 4940 2386 4997 Sed
2414 4940 2541 4994 dum
2572 4939 2706 4993 dicit
2731 4938 3069 5008 dirigantur:
3107 4936 3344 4992 ostendit
3371 4946 3639 5006 quantum
3670 4937 3734 4991 ad
3762 4936 3855 4989 im-

2275 5032 2625 5089 becillitatem
2675 5032 2967 5085 humanam
3003 5029 3260 5099 pertinet,
3311 5038 3528 5083 nostras
3571 5029 3691 5082 vias
3740 5042 3855 5081 esse

2277 5131 2574 5179 tortuosae.
2594 5118 2793 5174 Verum
2813 5119 2975 5173 etiam
3000 5118 3129 5172 dum
3151 5118 3318 5181 addit,
3353 5116 3421 5171 ad
3450 5115 3854 5179 custodiendas,

2279 5229 2408 5280 etc.,
2440 5211 2584 5286 quod
2612 5211 2860 5284 superius
2884 5210 3113 5281 optavit,
3143 5209 3234 5265 hic
3264 5209 3514 5278 aperuit;
3546 5207 3675 5277 quia
3703 5220 3856 5260 nemo
