  <div class='ocr_page' id='page_1' title='image "/cluster/home/n/w/nwhite01/storage/ocr_20150623/142/hvd.32044015471808/220.png"; bbox 0 0 3994 5370; ppageno 0'>
   <div class='ocr_carea' id='block_1_1' title="bbox 123 317 229 376">
    <p class='ocr_par' dir='ltr' id='par_1_1' title="bbox 123 317 229 376">
     <span class='ocr_line' id='line_1_1' title="bbox 123 317 229 376; baseline 0 -1"><span class='ocrx_word' id='word_1_1' title='bbox 123 317 229 376; x_wconf 56' lang='grc' dir='ltr'><strong>ιε’</strong></span> 
     </span>
    </p>
   </div>
   <div class='ocr_carea' id='block_1_2' title="bbox 1232 299 2089 366">
    <p class='ocr_par' dir='ltr' id='par_1_2' title="bbox 1232 299 2089 366">
     <span class='ocr_line' id='line_1_2' title="bbox 1232 299 2089 366; baseline -0.013 1"><span class='ocrx_word' id='word_1_2' title='bbox 1232 306 1598 366; x_wconf 74' lang='lat' dir='ltr'><strong>EXPOSITIO</strong></span> <span class='ocrx_word' id='word_1_3' title='bbox 1637 299 2089 358; x_wconf 73' lang='lat' dir='ltr'><strong>PSALMORUM.</strong></span> 
     </span>
    </p>
   </div>
   <div class='ocr_carea' id='block_1_3' title="bbox 3311 307 3412 361">
    <p class='ocr_par' dir='ltr' id='par_1_3' title="bbox 3311 307 3412 361">
     <span class='ocr_line' id='line_1_3' title="bbox 3311 307 3412 361; baseline 0 0"><span class='ocrx_word' id='word_1_4' title='bbox 3311 307 3412 361; x_wconf 61' lang='lat' dir='ltr'><strong>ibi)</strong></span> 
     </span>
    </p>
   </div>
   <div class='ocr_carea' id='block_1_4' title="bbox 126 406 3413 498">
    <p class='ocr_par' dir='ltr' id='par_1_4' title="bbox 126 406 3413 498">
     <span class='ocr_line' id='line_1_4' title="bbox 126 406 3413 498; baseline -0.002 -13"><span class='ocrx_word' id='word_1_5' title='bbox 126 429 220 485; x_wconf 88' lang='lat' dir='ltr'><strong>Dei</strong></span> <span class='ocrx_word' id='word_1_6' title='bbox 257 440 481 498; x_wconf 80' lang='lat' dir='ltr'><strong>semper</strong></span> <span class='ocrx_word' id='word_1_7' title='bbox 510 432 639 483; x_wconf 87' lang='lat' dir='ltr'><strong>ante</strong></span> <span class='ocrx_word' id='word_1_8' title='bbox 680 424 868 482; x_wconf 85' lang='lat' dir='ltr'><strong>oculos</strong></span> <span class='ocrx_word' id='word_1_9' title='bbox 894 423 1133 489; x_wconf 66' lang='lat' dir='ltr'><strong>habere,</strong></span> <span class='ocrx_word' id='word_1_10' title='bbox 1184 420 1311 477; x_wconf 86' lang='lat' dir='ltr'><strong>utsi</strong></span> <span class='ocrx_word' id='word_1_11' title='bbox 1339 420 1470 491; x_wconf 85' lang='lat' dir='ltr'><strong>quid</strong></span> <span class='ocrx_word' id='word_1_12' title='bbox 1516 424 1715 474; x_wconf 84' lang='lat' dir='ltr'><strong>tortum</strong></span> <span class='ocrx_word' id='word_1_13' title='bbox 1747 424 1795 483; x_wconf 81' lang='grc' dir='ltr'><strong>Α</strong></span> <span class='ocrx_word' id='word_1_14' title='bbox 1822 419 2026 475; x_wconf 86' lang='lat' dir='ltr'><strong>electos</strong></span> <span class='ocrx_word' id='word_1_15' title='bbox 2074 427 2194 474; x_wconf 89' lang='lat' dir='ltr'><strong>tuos</strong></span> <span class='ocrx_word' id='word_1_16' title='bbox 2234 419 2540 488; x_wconf 79' lang='lat' dir='ltr'><strong>justincare</strong></span> <span class='ocrx_word' id='word_1_17' title='bbox 2576 406 2940 488; x_wconf 78' lang='lat' dir='ltr'><strong>consuevisti,</strong></span> <span class='ocrx_word' id='word_1_18' title='bbox 2972 422 3024 478; x_wconf 78' lang='lat' dir='ltr'><strong>id</strong></span> <span class='ocrx_word' id='word_1_19' title='bbox 3051 432 3136 479; x_wconf 85' lang='lat' dir='ltr'><strong>est</strong></span> <span class='ocrx_word' id='word_1_20' title='bbox 3162 424 3226 479; x_wconf 85' lang='lat' dir='ltr'><strong>da</strong></span> <span class='ocrx_word' id='word_1_21' title='bbox 3275 424 3413 480; x_wconf 75' lang='lat' dir='ltr'><strong>mihi</strong></span> 
     </span>
    </p>
   </div>
   <div class='ocr_carea' id='block_1_5' title="bbox 125 511 1719 589">
    <p class='ocr_par' dir='ltr' id='par_1_5' title="bbox 125 511 1719 589">
     <span class='ocr_line' id='line_1_5' title="bbox 125 511 1719 589; baseline -0.008 -13"><span class='ocrx_word' id='word_1_22' title='bbox 125 519 513 584; x_wconf 82' lang='lat' dir='ltr'><strong>committitur,</strong></span> <span class='ocrx_word' id='word_1_23' title='bbox 541 518 790 589; x_wconf 87' lang='lat' dir='ltr'><strong>protinus</strong></span> <span class='ocrx_word' id='word_1_24' title='bbox 818 515 1141 585; x_wconf 64' lang='lat' dir='ltr'><strong>corrigatur.</strong></span> <span class='ocrx_word' id='word_1_25' title='bbox 1187 511 1324 569; x_wconf 90' lang='lat' dir='ltr'><strong>Cum</strong></span> <span class='ocrx_word' id='word_1_26' title='bbox 1355 512 1487 567; x_wconf 91' lang='lat' dir='ltr'><strong>dicit</strong></span> <span class='ocrx_word' id='word_1_27' title='bbox 1516 513 1568 566; x_wconf 92' lang='lat' dir='ltr'><strong>in</strong></span> <span class='ocrx_word' id='word_1_28' title='bbox 1599 526 1719 566; x_wconf 54' lang='lat' dir='ltr'><strong>om‘</strong></span> 
     </span>
    </p>
   </div>
   <div class='ocr_carea' id='block_1_6' title="bbox 130 600 1722 674">
    <p class='ocr_par' dir='ltr' id='par_1_6' title="bbox 130 600 1722 674">
     <span class='ocr_line' id='line_1_6' title="bbox 130 600 1722 674; baseline -0.008 -8"><span class='ocrx_word' id='word_1_29' title='bbox 130 611 322 667; x_wconf 82' lang='lat' dir='ltr'><strong>nibus:</strong></span> <span class='ocrx_word' id='word_1_30' title='bbox 364 610 422 664; x_wconf 91' lang='lat' dir='ltr'><strong>in</strong></span> <span class='ocrx_word' id='word_1_31' title='bbox 470 607 622 664; x_wconf 89' lang='lat' dir='ltr'><strong>nullo</strong></span> <span class='ocrx_word' id='word_1_32' title='bbox 645 615 958 664; x_wconf 85' lang='lat' dir='ltr'><strong>commonet</strong></span> <span class='ocrx_word' id='word_1_33' title='bbox 997 620 1120 661; x_wconf 88' lang='lat' dir='ltr'><strong>esse</strong></span> <span class='ocrx_word' id='word_1_34' title='bbox 1167 603 1527 674; x_wconf 87' lang='lat' dir='ltr'><strong>peccandum,</strong></span> <span class='ocrx_word' id='word_1_35' title='bbox 1578 600 1722 657; x_wconf 91' lang='lat' dir='ltr'><strong>sicut</strong></span> 
     </span>
    </p>
   </div>
   <div class='ocr_carea' id='block_1_7' title="bbox 126 693 1719 773">
    <p class='ocr_par' dir='ltr' id='par_1_7' title="bbox 126 693 1719 773">
     <span class='ocr_line' id='line_1_7' title="bbox 126 693 1719 773; baseline -0.007 -15"><span class='ocrx_word' id='word_1_36' title='bbox 126 706 393 773; x_wconf 84' lang='lat' dir='ltr'><strong>scriptum</strong></span> <span class='ocrx_word' id='word_1_37' title='bbox 420 710 545 757; x_wconf 88' lang='lat' dir='ltr'><strong>est:</strong></span> <span class='ocrx_word' id='word_1_38' title='bbox 582 700 639 757; x_wconf 91' lang='lat' dir='ltr'><strong>Si</strong></span> <span class='ocrx_word' id='word_1_39' title='bbox 668 700 793 771; x_wconf 74' lang='lat' dir='ltr'><strong>quis</strong></span> <span class='ocrx_word' id='word_1_40' title='bbox 820 700 889 756; x_wconf 88' lang='lat' dir='ltr'><strong>de</strong></span> <span class='ocrx_word' id='word_1_41' title='bbox 911 698 1029 770; x_wconf 76' lang='lat' dir='ltr'><strong>lege</strong></span> <span class='ocrx_word' id='word_1_42' title='bbox 1058 696 1341 751; x_wconf 88' lang='lat' dir='ltr'><strong>minimum</strong></span> <span class='ocrx_word' id='word_1_43' title='bbox 1370 708 1476 750; x_wconf 92' lang='lat' dir='ltr'><strong>non</strong></span> <span class='ocrx_word' id='word_1_44' title='bbox 1506 693 1719 761; x_wconf 83' lang='lat' dir='ltr'><strong>fecerit,</strong></span> 
     </span>
    </p>
   </div>
   <div class='ocr_carea' id='block_1_8' title="bbox 131 790 1034 862">
    <p class='ocr_par' dir='ltr' id='par_1_8' title="bbox 131 790 1034 862">
     <span class='ocr_line' id='line_1_8' title="bbox 131 790 1034 862; baseline -0.007 -13"><span class='ocrx_word' id='word_1_45' title='bbox 131 809 256 849; x_wconf 77' lang='lat' dir='ltr'><strong>reus</strong></span> <span class='ocrx_word' id='word_1_46' title='bbox 283 802 373 847; x_wconf 88' lang='lat' dir='ltr'><strong>est</strong></span> <span class='ocrx_word' id='word_1_47' title='bbox 408 792 575 848; x_wconf 81' lang='lat' dir='ltr'><strong>totius</strong></span> <span class='ocrx_word' id='word_1_48' title='bbox 612 791 745 862; x_wconf 78' lang='lat' dir='ltr'><strong>legis</strong></span> <span class='ocrx_word' id='word_1_49' title='bbox 777 790 917 861; x_wconf 85' lang='lat' dir='ltr'><strong>(Jac.</strong></span> <span class='ocrx_word' id='word_1_50' title='bbox 948 790 1034 860; x_wconf 90' lang='grc' dir='ltr'><strong>ιι).</strong></span> 
     </span>
    </p>
   </div>
   <div class='ocr_carea' id='block_1_9' title="bbox 132 879 1337 952">
    <p class='ocr_par' dir='ltr' id='par_1_9' title="bbox 132 879 1337 952">
     <span class='ocr_line' id='line_1_9' title="bbox 132 879 1337 952; baseline -0.007 -14"><span class='ocrx_word' id='word_1_51' title='bbox 132 885 163 938; x_wconf 77' lang='grc' dir='ltr'><strong>’ἵ</strong></span> <span class='ocrx_word' id='word_1_52' title='bbox 272 882 579 952; x_wconf 75' lang='lat' dir='ltr'><strong>Conﬁtebor</strong></span> <span class='ocrx_word' id='word_1_53' title='bbox 606 882 700 936; x_wconf 88' lang='lat' dir='ltr'><strong>tibi</strong></span> <span class='ocrx_word' id='word_1_54' title='bbox 729 883 785 936; x_wconf 89' lang='lat' dir='ltr'><strong>in</strong></span> <span class='ocrx_word' id='word_1_55' title='bbox 815 881 1102 937; x_wconf 73' lang='lat' dir='ltr'><strong>directione</strong></span> <span class='ocrx_word' id='word_1_56' title='bbox 1131 879 1337 934; x_wconf 83' lang='lat' dir='ltr'><strong>cordis:</strong></span> 
     </span>
    </p>
   </div>
   <div class='ocr_carea' id='block_1_10' title="bbox 276 970 1547 1045">
    <p class='ocr_par' dir='ltr' id='par_1_10' title="bbox 276 970 1547 1045">
     <span class='ocr_line' id='line_1_10' title="bbox 276 970 1547 1045; baseline -0.006 -15"><span class='ocrx_word' id='word_1_57' title='bbox 276 990 343 1031; x_wconf 63' lang='grc'><strong>4-</strong></span> <span class='ocrx_word' id='word_1_58' title='bbox 363 975 432 1029; x_wconf 81' lang='lat' dir='ltr'><strong>In</strong></span> <span class='ocrx_word' id='word_1_59' title='bbox 452 992 515 1029; x_wconf 89' lang='lat' dir='ltr'><strong>eo</strong></span> <span class='ocrx_word' id='word_1_60' title='bbox 546 973 570 1041; x_wconf 70' lang='grc' dir='ltr'>ζ</span> <span class='ocrx_word' id='word_1_61' title='bbox 597 973 736 1045; x_wconf 69' lang='lat' dir='ltr'><strong>quod</strong></span> <span class='ocrx_word' id='word_1_62' title='bbox 759 973 922 1027; x_wconf 80' lang='lat' dir='ltr'><strong>didici</strong></span> <span class='ocrx_word' id='word_1_63' title='bbox 941 972 1149 1043; x_wconf 80' lang='lat' dir='ltr'><strong>judicia</strong></span> <span class='ocrx_word' id='word_1_64' title='bbox 1171 970 1398 1040; x_wconf 73' lang='lat' dir='ltr'><strong>justitice</strong></span> <span class='ocrx_word' id='word_1_65' title='bbox 1422 979 1547 1023; x_wconf 75' lang='lat' dir='ltr'><strong>tute.</strong></span> 
     </span>
    </p>
   </div>
   <div class='ocr_carea' id='block_1_11' title="bbox 212 1059 1727 1133">
    <p class='ocr_par' dir='ltr' id='par_1_11' title="bbox 212 1059 1727 1133">
     <span class='ocr_line' id='line_1_11' title="bbox 212 1059 1727 1133; baseline -0.006 -12"><span class='ocrx_word' id='word_1_66' title='bbox 212 1066 257 1121; x_wconf 74' lang='grc' dir='ltr'>Ε</span> <span class='ocrx_word' id='word_1_67' title='bbox 299 1066 429 1122; x_wconf 59' lang='lat' dir='ltr'><strong>liae</strong></span> <span class='ocrx_word' id='word_1_68' title='bbox 454 1065 731 1122; x_wconf 87' lang='lat' dir='ltr'><strong>confessio</strong></span> <span class='ocrx_word' id='word_1_69' title='bbox 768 1063 985 1119; x_wconf 85' lang='lat' dir='ltr'><strong>laudem</strong></span> <span class='ocrx_word' id='word_1_70' title='bbox 1017 1062 1309 1133; x_wconf 77' lang='lat' dir='ltr'><strong>signiﬁcat.</strong></span> <span class='ocrx_word' id='word_1_71' title='bbox 1334 1059 1576 1121; x_wconf 82' lang='lat' dir='ltr'><strong>Directio</strong></span> <span class='ocrx_word' id='word_1_72' title='bbox 1601 1072 1727 1113; x_wconf 89' lang='lat' dir='ltr'><strong>cor-</strong></span> 
     </span>
    </p>
   </div>
   <div class='ocr_carea' id='block_1_12' title="bbox 136 1148 1731 1229">
    <p class='ocr_par' dir='ltr' id='par_1_12' title="bbox 136 1148 1731 1229">
     <span class='ocr_line' id='line_1_12' title="bbox 136 1148 1731 1229; baseline -0.006 -16"><span class='ocrx_word' id='word_1_73' title='bbox 136 1158 242 1223; x_wconf 86' lang='lat' dir='ltr'><strong>dis,</strong></span> <span class='ocrx_word' id='word_1_74' title='bbox 287 1167 375 1213; x_wconf 89' lang='lat' dir='ltr'><strong>est</strong></span> <span class='ocrx_word' id='word_1_75' title='bbox 402 1157 591 1229; x_wconf 75' lang='lat' dir='ltr'><strong>regula</strong></span> <span class='ocrx_word' id='word_1_76' title='bbox 621 1165 806 1211; x_wconf 88' lang='lat' dir='ltr'><strong>sancta</strong></span> <span class='ocrx_word' id='word_1_77' title='bbox 848 1155 1007 1209; x_wconf 78' lang='lat' dir='ltr'><strong>ﬁdei:</strong></span> <span class='ocrx_word' id='word_1_78' title='bbox 1041 1168 1165 1208; x_wconf 90' lang='lat' dir='ltr'><strong>cum</strong></span> <span class='ocrx_word' id='word_1_79' title='bbox 1196 1166 1301 1221; x_wconf 91' lang='lat' dir='ltr'><strong>qua</strong></span> <span class='ocrx_word' id='word_1_80' title='bbox 1327 1166 1453 1206; x_wconf 88' lang='lat' dir='ltr'><strong>eum</strong></span> <span class='ocrx_word' id='word_1_81' title='bbox 1481 1148 1731 1205; x_wconf 86' lang='lat' dir='ltr'><strong>conﬁteri</strong></span> 
     </span>
    </p>
   </div>
   <div class='ocr_carea' id='block_1_13' title="bbox 136 1237 1734 1320">
    <p class='ocr_par' dir='ltr' id='par_1_13' title="bbox 136 1237 1734 1320">
     <span class='ocr_line' id='line_1_13' title="bbox 136 1237 1734 1320; baseline -0.008 -17"><span class='ocrx_word' id='word_1_82' title='bbox 136 1266 243 1305; x_wconf 83' lang='lat' dir='ltr'><strong>non</strong></span> <span class='ocrx_word' id='word_1_83' title='bbox 268 1258 448 1320; x_wconf 80' lang='lat' dir='ltr'><strong>potest</strong></span> <span class='ocrx_word' id='word_1_84' title='bbox 470 1247 857 1303; x_wconf 74' lang='lat' dir='ltr'><strong>haereticorum</strong></span> <span class='ocrx_word' id='word_1_85' title='bbox 885 1244 1115 1298; x_wconf 87' lang='lat' dir='ltr'><strong>distorta</strong></span> <span class='ocrx_word' id='word_1_86' title='bbox 1142 1241 1405 1296; x_wconf 82' lang='lat' dir='ltr'><strong>versutia.</strong></span> <span class='ocrx_word' id='word_1_87' title='bbox 1434 1238 1570 1294; x_wconf 87' lang='lat' dir='ltr'><strong>Cum</strong></span> <span class='ocrx_word' id='word_1_88' title='bbox 1599 1237 1734 1293; x_wconf 86' lang='lat' dir='ltr'><strong>dicit</strong></span> 
     </span>
    </p>
   </div>
   <div class='ocr_carea' id='block_1_14' title="bbox 141 1328 1735 1394">
    <p class='ocr_par' dir='ltr' id='par_1_14' title="bbox 141 1328 1735 1394">
     <span class='ocr_line' id='line_1_14' title="bbox 141 1328 1735 1394; baseline -0.008 -1"><span class='ocrx_word' id='word_1_89' title='bbox 141 1340 339 1394; x_wconf 82' lang='lat' dir='ltr'><strong>didici:</strong></span> <span class='ocrx_word' id='word_1_90' title='bbox 376 1338 587 1394; x_wconf 88' lang='lat' dir='ltr'><strong>iudicat</strong></span> <span class='ocrx_word' id='word_1_91' title='bbox 624 1354 655 1391; x_wconf 88' lang='lat' dir='ltr'><strong>a</strong></span> <span class='ocrx_word' id='word_1_92' title='bbox 677 1335 852 1391; x_wconf 86' lang='lat' dir='ltr'><strong>beatis</strong></span> <span class='ocrx_word' id='word_1_93' title='bbox 878 1333 1134 1389; x_wconf 89' lang='lat' dir='ltr'><strong>Patribus</strong></span> <span class='ocrx_word' id='word_1_94' title='bbox 1161 1330 1264 1387; x_wconf 85' lang='lat' dir='ltr'><strong>sibi</strong></span> <span class='ocrx_word' id='word_1_95' title='bbox 1292 1330 1545 1385; x_wconf 80' lang='lat' dir='ltr'><strong>traditam</strong></span> <span class='ocrx_word' id='word_1_96' title='bbox 1570 1328 1735 1383; x_wconf 78' lang='lat' dir='ltr'><strong>disci-</strong></span> 
     </span>
    </p>
   </div>
   <div class='ocr_carea' id='block_1_15' title="bbox 142 1417 1735 1499">
    <p class='ocr_par' dir='ltr' id='par_1_15' title="bbox 142 1417 1735 1499">
     <span class='ocr_line' id='line_1_15' title="bbox 142 1417 1735 1499; baseline -0.006 -18"><span class='ocrx_word' id='word_1_97' title='bbox 142 1431 367 1499; x_wconf 87' lang='lat' dir='ltr'><strong>plinam,</strong></span> <span class='ocrx_word' id='word_1_98' title='bbox 417 1443 530 1483; x_wconf 88' lang='lat' dir='ltr'><strong>non</strong></span> <span class='ocrx_word' id='word_1_99' title='bbox 576 1427 755 1483; x_wconf 90' lang='lat' dir='ltr'><strong>studio</strong></span> <span class='ocrx_word' id='word_1_100' title='bbox 782 1422 1161 1495; x_wconf 85' lang='lat' dir='ltr'><strong>perversitatis</strong></span> <span class='ocrx_word' id='word_1_101' title='bbox 1190 1421 1486 1475; x_wconf 89' lang='lat' dir='ltr'><strong>inventam.</strong></span> <span class='ocrx_word' id='word_1_102' title='bbox 1525 1417 1735 1472; x_wconf 71' lang='lat' dir='ltr'><strong>iudicia</strong></span> 
     </span>
    </p>
   </div>
   <div class='ocr_carea' id='block_1_16' title="bbox 136 1505 1736 1587">
    <p class='ocr_par' dir='ltr' id='par_1_16' title="bbox 136 1505 1736 1587">
     <span class='ocr_line' id='line_1_16' title="bbox 136 1505 1736 1587; baseline -0.006 -15"><span class='ocrx_word' id='word_1_103' title='bbox 136 1519 363 1587; x_wconf 72' lang='lat' dir='ltr'><strong>iustitia:</strong></span> <span class='ocrx_word' id='word_1_104' title='bbox 388 1528 521 1572; x_wconf 86' lang='lat' dir='ltr'><strong>sunt</strong></span> <span class='ocrx_word' id='word_1_105' title='bbox 546 1558 563 1584; x_wconf 93' lang='lat'><strong>,</strong></span> <span class='ocrx_word' id='word_1_106' title='bbox 609 1516 736 1585; x_wconf 86' lang='lat' dir='ltr'><strong>quia</strong></span> <span class='ocrx_word' id='word_1_107' title='bbox 761 1513 995 1569; x_wconf 81' lang='lat' dir='ltr'><strong>famulos</strong></span> <span class='ocrx_word' id='word_1_108' title='bbox 1023 1525 1153 1568; x_wconf 81' lang='lat' dir='ltr'><strong>suos</strong></span> <span class='ocrx_word' id='word_1_109' title='bbox 1187 1507 1440 1565; x_wconf 75' lang='lat' dir='ltr'><strong>liberavit</strong></span> <span class='ocrx_word' id='word_1_110' title='bbox 1469 1505 1736 1562; x_wconf 77' lang='lat' dir='ltr'><strong>diabolica</strong></span> 
     </span>
    </p>
   </div>
   <div class='ocr_carea' id='block_1_17' title="bbox 142 1608 889 1680">
    <p class='ocr_par' dir='ltr' id='par_1_17' title="bbox 142 1608 889 1680">
     <span class='ocr_line' id='line_1_17' title="bbox 142 1608 889 1680; baseline -0.007 -15"><span class='ocrx_word' id='word_1_111' title='bbox 142 1610 526 1680; x_wconf 83' lang='lat' dir='ltr'><strong>persecutione</strong></span> <span class='ocrx_word' id='word_1_112' title='bbox 554 1608 889 1662; x_wconf 81' lang='lat' dir='ltr'><strong>laborantes.</strong></span> 
     </span>
    </p>
   </div>
   <div class='ocr_carea' id='block_1_18' title="bbox 140 1696 1169 1769">
    <p class='ocr_par' dir='ltr' id='par_1_18' title="bbox 140 1696 1169 1769">
     <span class='ocr_line' id='line_1_18' title="bbox 140 1696 1169 1769; baseline -0.009 -14"><span class='ocrx_word' id='word_1_113' title='bbox 140 1701 176 1755; x_wconf 82' lang='lat'><strong>8</strong></span> <span class='ocrx_word' id='word_1_114' title='bbox 278 1701 669 1769; x_wconf 76' lang='lat' dir='ltr'><strong>Justiﬁationes</strong></span> <span class='ocrx_word' id='word_1_115' title='bbox 691 1709 810 1752; x_wconf 85' lang='lat' dir='ltr'><strong>tuas</strong></span> <span class='ocrx_word' id='word_1_116' title='bbox 839 1696 1169 1752; x_wconf 78' lang='lat' dir='ltr'><strong>custodiam:</strong></span> 
     </span>
    </p>
   </div>
   <div class='ocr_carea' id='block_1_19' title="bbox 274 1788 1289 1864">
    <p class='ocr_par' dir='ltr' id='par_1_19' title="bbox 274 1788 1289 1864">
     <span class='ocr_line' id='line_1_19' title="bbox 274 1788 1289 1864; baseline -0.006 -20"><span class='ocrx_word' id='word_1_117' title='bbox 274 1788 407 1844; x_wconf 70' lang='lat' dir='ltr'><strong>Non</strong></span> <span class='ocrx_word' id='word_1_118' title='bbox 438 1805 522 1843; x_wconf 87' lang='lat' dir='ltr'><strong>nte</strong></span> <span class='ocrx_word' id='word_1_119' title='bbox 541 1788 1289 1864; x_wconf 55' lang='lat' dir='ltr'><strong>derelinquasitsqnequaqne.</strong></span> 
     </span>
    </p>
   </div>
   <div class='ocr_carea' id='block_1_20' title="bbox 215 1873 1740 1949">
    <p class='ocr_par' dir='ltr' id='par_1_20' title="bbox 215 1873 1740 1949">
     <span class='ocr_line' id='line_1_20' title="bbox 215 1873 1740 1949; baseline -0.009 -9"><span class='ocrx_word' id='word_1_120' title='bbox 215 1884 259 1940; x_wconf 92' lang='lat' dir='ltr'><strong>C</strong></span> <span class='ocrx_word' id='word_1_121' title='bbox 296 1884 582 1939; x_wconf 84' lang='lat' dir='ltr'><strong>Prnmittit</strong></span> <span class='ocrx_word' id='word_1_122' title='bbox 608 1897 669 1938; x_wconf 89' lang='lat' dir='ltr'><strong>se</strong></span> <span class='ocrx_word' id='word_1_123' title='bbox 694 1890 882 1937; x_wconf 87' lang='lat' dir='ltr'><strong>sancta</strong></span> <span class='ocrx_word' id='word_1_124' title='bbox 910 1879 1154 1935; x_wconf 73' lang='lat' dir='ltr'><strong>Ecclesia</strong></span> <span class='ocrx_word' id='word_1_125' title='bbox 1177 1874 1597 1949; x_wconf 77' lang='lat' dir='ltr'><strong>iustiﬁcationes</strong></span> <span class='ocrx_word' id='word_1_126' title='bbox 1636 1873 1740 1928; x_wconf 85' lang='lat' dir='ltr'><strong>Do-</strong></span> 
     </span>
    </p>
   </div>
   <div class='ocr_carea' id='block_1_21' title="bbox 143 1964 1740 2044">
    <p class='ocr_par' dir='ltr' id='par_1_21' title="bbox 143 1964 1740 2044">
     <span class='ocr_line' id='line_1_21' title="bbox 143 1964 1740 2044; baseline -0.01 -10"><span class='ocrx_word' id='word_1_127' title='bbox 143 1979 276 2034; x_wconf 86' lang='lat' dir='ltr'><strong>mini</strong></span> <span class='ocrx_word' id='word_1_128' title='bbox 303 1976 612 2032; x_wconf 84' lang='lat' dir='ltr'><strong>custodire:</strong></span> <span class='ocrx_word' id='word_1_129' title='bbox 645 1983 700 2030; x_wconf 88' lang='lat' dir='ltr'><strong>et</strong></span> <span class='ocrx_word' id='word_1_130' title='bbox 724 1972 979 2044; x_wconf 89' lang='lat' dir='ltr'><strong>quoniam</strong></span> <span class='ocrx_word' id='word_1_131' title='bbox 1012 1979 1238 2027; x_wconf 81' lang='lat' dir='ltr'><strong>noverat</strong></span> <span class='ocrx_word' id='word_1_132' title='bbox 1269 1968 1600 2024; x_wconf 89' lang='lat' dir='ltr'><strong>tentationes</strong></span> <span class='ocrx_word' id='word_1_133' title='bbox 1625 1964 1740 2020; x_wconf 86' lang='lat' dir='ltr'><strong>dia-</strong></span> 
     </span>
    </p>
   </div>
   <div class='ocr_carea' id='block_1_22' title="bbox 147 2057 1741 2137">
    <p class='ocr_par' dir='ltr' id='par_1_22' title="bbox 147 2057 1741 2137">
     <span class='ocr_line' id='line_1_22' title="bbox 147 2057 1741 2137; baseline -0.008 -14"><span class='ocrx_word' id='word_1_134' title='bbox 147 2069 356 2124; x_wconf 82' lang='lat' dir='ltr'><strong>bolicas</strong></span> <span class='ocrx_word' id='word_1_135' title='bbox 384 2068 625 2137; x_wconf 85' lang='lat' dir='ltr'><strong>undique</strong></span> <span class='ocrx_word' id='word_1_136' title='bbox 655 2066 909 2129; x_wconf 78' lang='lat' dir='ltr'><strong>circuire,</strong></span> <span class='ocrx_word' id='word_1_137' title='bbox 960 2063 1099 2135; x_wconf 86' lang='lat' dir='ltr'><strong>petit</strong></span> <span class='ocrx_word' id='word_1_138' title='bbox 1133 2076 1194 2117; x_wconf 88' lang='lat' dir='ltr'><strong>se</strong></span> <span class='ocrx_word' id='word_1_139' title='bbox 1237 2060 1423 2116; x_wconf 80' lang='lat' dir='ltr'><strong>statim</strong></span> <span class='ocrx_word' id='word_1_140' title='bbox 1454 2074 1484 2113; x_wconf 87' lang='lat' dir='ltr'><strong>a</strong></span> <span class='ocrx_word' id='word_1_141' title='bbox 1510 2057 1741 2112; x_wconf 85' lang='lat' dir='ltr'><strong>Domino</strong></span> 
     </span>
    </p>
   </div>
   <div class='ocr_carea' id='block_1_23' title="bbox 144 2146 1733 2228">
    <p class='ocr_par' dir='ltr' id='par_1_23' title="bbox 144 2146 1733 2228">
     <span class='ocr_line' id='line_1_23' title="bbox 144 2146 1733 2228; baseline -0.009 -15"><span class='ocrx_word' id='word_1_142' title='bbox 144 2158 433 2222; x_wconf 79' lang='lat' dir='ltr'><strong>custodiri,</strong></span> <span class='ocrx_word' id='word_1_143' title='bbox 473 2172 541 2212; x_wconf 90' lang='lat' dir='ltr'><strong>ne</strong></span> <span class='ocrx_word' id='word_1_144' title='bbox 571 2155 744 2228; x_wconf 87' lang='lat' dir='ltr'><strong>possit</strong></span> <span class='ocrx_word' id='word_1_145' title='bbox 774 2154 952 2210; x_wconf 90' lang='lat' dir='ltr'><strong>locum</strong></span> <span class='ocrx_word' id='word_1_146' title='bbox 1002 2150 1229 2209; x_wconf 81' lang='lat' dir='ltr'><strong>nocendi</strong></span> <span class='ocrx_word' id='word_1_147' title='bbox 1261 2148 1476 2205; x_wconf 91' lang='lat' dir='ltr'><strong>hostilis</strong></span> <span class='ocrx_word' id='word_1_148' title='bbox 1523 2146 1733 2202; x_wconf 80' lang='lat' dir='ltr'><strong>atroci-</strong></span> 
     </span>
    </p>
   </div>
   <div class='ocr_carea' id='block_1_24' title="bbox 146 2248 549 2307">
    <p class='ocr_par' dir='ltr' id='par_1_24' title="bbox 146 2248 549 2307">
     <span class='ocr_line' id='line_1_24' title="bbox 146 2248 549 2307; baseline 0.012 -5"><span class='ocrx_word' id='word_1_149' title='bbox 146 2259 233 2303; x_wconf 85' lang='lat' dir='ltr'><strong>tas</strong></span> <span class='ocrx_word' id='word_1_150' title='bbox 262 2248 549 2307; x_wconf 84' lang='lat' dir='ltr'><strong>inreuire..</strong></span> 
     </span>
    </p>
   </div>
   <div class='ocr_carea' id='block_1_25' title="bbox 360 2349 1528 2405">
    <p class='ocr_par' dir='ltr' id='par_1_25' title="bbox 360 2349 1528 2405">
     <span class='ocr_line' id='line_1_25' title="bbox 360 2349 1528 2405; baseline -0.009 -7"><span class='ocrx_word' id='word_1_151' title='bbox 360 2357 729 2398; x_wconf 65' lang='lat' dir='ltr'><strong>ARGCIENTUH</strong></span> <span class='ocrx_word' id='word_1_152' title='bbox 744 2353 1085 2405; x_wconf 68' lang='grc' dir='ltr'><strong>δεουεκτιῠιι</strong></span> <span class='ocrx_word' id='word_1_153' title='bbox 1110 2351 1251 2393; x_wconf 80' lang='lat' dir='ltr'><strong>OCTO</strong></span> <span class='ocrx_word' id='word_1_154' title='bbox 1263 2349 1528 2390; x_wconf 71' lang='grc' dir='ltr'><strong>νειιευωι.</strong></span> 
     </span>
    </p>
   </div>
   <div class='ocr_carea' id='block_1_26' title="bbox 213 2424 1745 2506">
    <p class='ocr_par' dir='ltr' id='par_1_26' title="bbox 213 2424 1745 2506">
     <span class='ocr_line' id='line_1_26' title="bbox 213 2424 1745 2506; baseline -0.01 -13"><span class='ocrx_word' id='word_1_155' title='bbox 213 2436 329 2493; x_wconf 85' lang='lat' dir='ltr'><strong>CB</strong></span> <span class='ocrx_word' id='word_1_156' title='bbox 363 2436 602 2506; x_wconf 79' lang='lat' dir='ltr'><strong>Exponit</strong></span> <span class='ocrx_word' id='word_1_157' title='bbox 657 2435 830 2490; x_wconf 90' lang='lat' dir='ltr'><strong>ﬁdelis</strong></span> <span class='ocrx_word' id='word_1_158' title='bbox 879 2432 1108 2505; x_wconf 84' lang='lat' dir='ltr'><strong>populus</strong></span> <span class='ocrx_word' id='word_1_159' title='bbox 1157 2431 1213 2485; x_wconf 89' lang='lat' dir='ltr'><strong>in</strong></span> <span class='ocrx_word' id='word_1_160' title='bbox 1266 2426 1609 2484; x_wconf 87' lang='lat' dir='ltr'><strong>sermonibus</strong></span> <span class='ocrx_word' id='word_1_161' title='bbox 1638 2424 1745 2479; x_wconf 82' lang='lat' dir='ltr'><strong>Do-</strong></span> 
     </span>
    </p>
   </div>
   <div class='ocr_carea' id='block_1_27' title="bbox 153 2510 1747 2598">
    <p class='ocr_par' dir='ltr' id='par_1_27' title="bbox 153 2510 1747 2598">
     <span class='ocr_line' id='line_1_27' title="bbox 153 2510 1747 2598; baseline -0.006 -14"><span class='ocrx_word' id='word_1_162' title='bbox 153 2530 284 2584; x_wconf 89' lang='lat' dir='ltr'><strong>mini</strong></span> <span class='ocrx_word' id='word_1_163' title='bbox 309 2547 324 2582; x_wconf 89' lang='lat'><strong>:</strong></span> <span class='ocrx_word' id='word_1_164' title='bbox 373 2528 572 2598; x_wconf 83' lang='lat' dir='ltr'><strong>quibus</strong></span> <span class='ocrx_word' id='word_1_165' title='bbox 602 2527 1058 2583; x_wconf 83' lang='lat' dir='ltr'><strong>delectationibus</strong></span> <span class='ocrx_word' id='word_1_166' title='bbox 1084 2522 1418 2595; x_wconf 79' lang='lat' dir='ltr'><strong>perfruatur,</strong></span> <span class='ocrx_word' id='word_1_167' title='bbox 1451 2510 1747 2576; x_wconf 68' lang='lat' dir='ltr'><strong>ostendens</strong></span> 
     </span>
    </p>
   </div>
   <div class='ocr_carea' id='block_1_28' title="bbox 151 2612 1748 2686">
    <p class='ocr_par' dir='ltr' id='par_1_28' title="bbox 151 2612 1748 2686">
     <span class='ocr_line' id='line_1_28' title="bbox 151 2612 1748 2686; baseline -0.008 -9"><span class='ocrx_word' id='word_1_168' title='bbox 151 2637 209 2676; x_wconf 86' lang='lat' dir='ltr'><strong>se</strong></span> <span class='ocrx_word' id='word_1_169' title='bbox 257 2634 382 2677; x_wconf 87' lang='lat' dir='ltr'><strong>esse</strong></span> <span class='ocrx_word' id='word_1_170' title='bbox 416 2621 634 2675; x_wconf 90' lang='lat' dir='ltr'><strong>domum</strong></span> <span class='ocrx_word' id='word_1_171' title='bbox 664 2618 878 2675; x_wconf 86' lang='lat' dir='ltr'><strong>Domini</strong></span> <span class='ocrx_word' id='word_1_172' title='bbox 911 2626 966 2672; x_wconf 89' lang='lat' dir='ltr'><strong>et</strong></span> <span class='ocrx_word' id='word_1_173' title='bbox 1011 2613 1414 2686; x_wconf 81' lang='lat' dir='ltr'><strong>receptaculum</strong></span> <span class='ocrx_word' id='word_1_174' title='bbox 1463 2612 1748 2667; x_wconf 87' lang='lat' dir='ltr'><strong>mandato-</strong></span> 
     </span>
    </p>
   </div>
   <div class='ocr_carea' id='block_1_29' title="bbox 155 2705 1747 2785">
    <p class='ocr_par' dir='ltr' id='par_1_29' title="bbox 155 2705 1747 2785">
     <span class='ocr_line' id='line_1_29' title="bbox 155 2705 1747 2785; baseline -0.008 -15"><span class='ocrx_word' id='word_1_175' title='bbox 155 2730 272 2770; x_wconf 90' lang='lat' dir='ltr'><strong>rum</strong></span> <span class='ocrx_word' id='word_1_176' title='bbox 294 2714 438 2785; x_wconf 85' lang='lat' dir='ltr'><strong>ejus,</strong></span> <span class='ocrx_word' id='word_1_177' title='bbox 460 2712 616 2783; x_wconf 82' lang='lat' dir='ltr'><strong>cujus</strong></span> <span class='ocrx_word' id='word_1_178' title='bbox 640 2713 962 2785; x_wconf 87' lang='lat' dir='ltr'><strong>mysterium</strong></span> <span class='ocrx_word' id='word_1_179' title='bbox 1001 2708 1237 2765; x_wconf 89' lang='lat' dir='ltr'><strong>secunda</strong></span> <span class='ocrx_word' id='word_1_180' title='bbox 1270 2707 1450 2762; x_wconf 86' lang='lat' dir='ltr'><strong>littera</strong></span> <span class='ocrx_word' id='word_1_181' title='bbox 1479 2705 1747 2760; x_wconf 87' lang='lat' dir='ltr'><strong>continet.</strong></span> 
     </span>
    </p>
   </div>
   <div class='ocr_carea' id='block_1_30' title="bbox 704 2803 1219 2860">
    <p class='ocr_par' dir='ltr' id='par_1_30' title="bbox 704 2803 1219 2860">
     <span class='ocr_line' id='line_1_30' title="bbox 704 2803 1219 2860; baseline -0.006 -1"><span class='ocrx_word' id='word_1_182' title='bbox 704 2804 752 2859; x_wconf 85' lang='lat' dir='ltr'><strong>ll</strong></span> <span class='ocrx_word' id='word_1_183' title='bbox 793 2805 924 2860; x_wconf 85' lang='lat' dir='ltr'><strong>Beth</strong></span> <span class='ocrx_word' id='word_1_184' title='bbox 951 2820 963 2856; x_wconf 91' lang='lat'>:</span> <span class='ocrx_word' id='word_1_185' title='bbox 1007 2803 1219 2857; x_wconf 88' lang='lat' dir='ltr'><strong>domus.</strong></span> 
     </span>
    </p>
   </div>
   <div class='ocr_carea' id='block_1_31' title="bbox 154 2886 1521 2970">
    <p class='ocr_par' dir='ltr' id='par_1_31' title="bbox 154 2886 1521 2970">
     <span class='ocr_line' id='line_1_31' title="bbox 154 2886 1521 2970; baseline -0.007 -16"><span class='ocrx_word' id='word_1_186' title='bbox 154 2900 190 2955; x_wconf 86' lang='lat'><strong><em>9</em></strong></span> <span class='ocrx_word' id='word_1_187' title='bbox 302 2898 369 2953; x_wconf 76' lang='lat' dir='ltr'><strong>In</strong></span> <span class='ocrx_word' id='word_1_188' title='bbox 388 2886 493 2970; x_wconf 83' lang='lat' dir='ltr'><strong>quo</strong></span> <span class='ocrx_word' id='word_1_189' title='bbox 513 2898 728 2969; x_wconf 80' lang='lat' dir='ltr'><strong>corrigit</strong></span> <span class='ocrx_word' id='word_1_190' title='bbox 749 2896 1133 2952; x_wconf 76' lang='lat' dir='ltr'><strong>adolescentior</strong></span> <span class='ocrx_word' id='word_1_191' title='bbox 1155 2896 1291 2948; x_wconf 82' lang='lat' dir='ltr'><strong>viam</strong></span> <span class='ocrx_word' id='word_1_192' title='bbox 1324 2892 1521 2947; x_wconf 75' lang='lat' dir='ltr'><strong>suam!</strong></span> 
     </span>
    </p>
   </div>
   <div class='ocr_carea' id='block_1_32' title="bbox 296 2990 1191 3046">
    <p class='ocr_par' dir='ltr' id='par_1_32' title="bbox 296 2990 1191 3046">
     <span class='ocr_line' id='line_1_32' title="bbox 296 2990 1191 3046; baseline -0.004 -2"><span class='ocrx_word' id='word_1_193' title='bbox 296 2990 364 3045; x_wconf 81' lang='lat' dir='ltr'><strong>In</strong></span> <span class='ocrx_word' id='word_1_194' title='bbox 394 2990 735 3046; x_wconf 85' lang='lat' dir='ltr'><strong>custodiendo</strong></span> <span class='ocrx_word' id='word_1_195' title='bbox 762 3004 1027 3043; x_wconf 76' lang='lat' dir='ltr'><strong>sermones</strong></span> <span class='ocrx_word' id='word_1_196' title='bbox 1048 3003 1191 3043; x_wconf 87' lang='lat' dir='ltr'><strong>suos.</strong></span> 
     </span>
    </p>
   </div>
   <div class='ocr_carea' id='block_1_33' title="bbox 227 3078 1750 3155">
    <p class='ocr_par' dir='ltr' id='par_1_33' title="bbox 227 3078 1750 3155">
     <span class='ocr_line' id='line_1_33' title="bbox 227 3078 1750 3155; baseline -0.007 -16"><span class='ocrx_word' id='word_1_197' title='bbox 227 3084 286 3139; x_wconf 81' lang='lat' dir='ltr'><strong>In</strong></span> <span class='ocrx_word' id='word_1_198' title='bbox 302 3099 411 3155; x_wconf 88' lang='lat' dir='ltr'><strong>quo</strong></span> <span class='ocrx_word' id='word_1_199' title='bbox 424 3084 667 3153; x_wconf 69' lang='lat' dir='ltr'><strong>corrigit.</strong></span> <span class='ocrx_word' id='word_1_200' title='bbox 688 3081 732 3137; x_wconf 81' lang='grc' dir='ltr'><strong>Η</strong></span> <span class='ocrx_word' id='word_1_201' title='bbox 748 3081 848 3137; x_wconf 81' lang='lat' dir='ltr'><strong>Hic</strong></span> <span class='ocrx_word' id='word_1_202' title='bbox 858 3082 1128 3153; x_wconf 85' lang='lat' dir='ltr'><strong>Propheta</strong></span> <span class='ocrx_word' id='word_1_203' title='bbox 1144 3095 1249 3135; x_wconf 90' lang='lat' dir='ltr'><strong>non</strong></span> <span class='ocrx_word' id='word_1_204' title='bbox 1264 3079 1438 3134; x_wconf 89' lang='lat' dir='ltr'><strong>solum</strong></span> <span class='ocrx_word' id='word_1_205' title='bbox 1455 3078 1750 3148; x_wconf 77' lang='lat' dir='ltr'><strong>longmvam</strong></span> 
     </span>
    </p>
   </div>
   <div class='ocr_carea' id='block_1_34' title="bbox 154 3151 1822 3248">
    <p class='ocr_par' dir='ltr' id='par_1_34' title="bbox 154 3151 1822 3248">
     <span class='ocr_line' id='line_1_34' title="bbox 154 3151 1822 3248; baseline -0.007 -15"><span class='ocrx_word' id='word_1_206' title='bbox 154 3151 373 3234; x_wconf 65' lang='lat' dir='ltr'><strong>aetatem</strong></span> <span class='ocrx_word' id='word_1_207' title='bbox 415 3177 546 3233; x_wconf 87' lang='lat' dir='ltr'><strong>dicit</strong></span> <span class='ocrx_word' id='word_1_208' title='bbox 574 3151 994 3248; x_wconf 35' lang='lat' dir='ltr'><strong>&quot;corrigendam—z</strong></span> <span class='ocrx_word' id='word_1_209' title='bbox 1024 3188 1213 3230; x_wconf 88' lang='lat' dir='ltr'><strong>verum</strong></span> <span class='ocrx_word' id='word_1_210' title='bbox 1244 3173 1408 3227; x_wconf 90' lang='lat' dir='ltr'><strong>etiam</strong></span> <span class='ocrx_word' id='word_1_211' title='bbox 1436 3170 1749 3225; x_wconf 81' lang='lat' dir='ltr'><strong>adolesccn-</strong></span> <span class='ocrx_word' id='word_1_212' title='bbox 1777 3151 1822 3212; x_wconf 68' lang='grc' dir='ltr'>Ο</span> 
     </span>
    </p>
   </div>
   <div class='ocr_carea' id='block_1_35' title="bbox 158 3261 1747 3333">
    <p class='ocr_par' dir='ltr' id='par_1_35' title="bbox 158 3261 1747 3333">
     <span class='ocr_line' id='line_1_35' title="bbox 158 3261 1747 3333; baseline -0.008 -6"><span class='ocrx_word' id='word_1_213' title='bbox 158 3274 288 3327; x_wconf 83' lang='lat' dir='ltr'><strong>tiam</strong></span> <span class='ocrx_word' id='word_1_214' title='bbox 332 3273 529 3327; x_wconf 88' lang='lat' dir='ltr'><strong>edocet</strong></span> <span class='ocrx_word' id='word_1_215' title='bbox 571 3269 948 3333; x_wconf 87' lang='lat' dir='ltr'><strong>erudiendam,</strong></span> <span class='ocrx_word' id='word_1_216' title='bbox 997 3274 1054 3321; x_wconf 91' lang='lat' dir='ltr'><strong>et</strong></span> <span class='ocrx_word' id='word_1_217' title='bbox 1099 3266 1172 3321; x_wconf 86' lang='lat' dir='ltr'><strong>ita</strong></span> <span class='ocrx_word' id='word_1_218' title='bbox 1202 3264 1479 3320; x_wconf 88' lang='lat' dir='ltr'><strong>custodire</strong></span> <span class='ocrx_word' id='word_1_219' title='bbox 1524 3261 1747 3317; x_wconf 90' lang='lat' dir='ltr'><strong>divinos</strong></span> 
     </span>
    </p>
   </div>
   <div class='ocr_carea' id='block_1_36' title="bbox 159 3350 1752 3424">
    <p class='ocr_par' dir='ltr' id='par_1_36' title="bbox 159 3350 1752 3424">
     <span class='ocr_line' id='line_1_36' title="bbox 159 3350 1752 3424; baseline -0.009 -8"><span class='ocrx_word' id='word_1_220' title='bbox 159 3374 445 3416; x_wconf 84' lang='lat' dir='ltr'><strong>sermones</strong></span> <span class='ocrx_word' id='word_1_221' title='bbox 469 3375 483 3411; x_wconf 90' lang='lat'><strong>:</strong></span> <span class='ocrx_word' id='word_1_222' title='bbox 514 3367 576 3414; x_wconf 91' lang='lat' dir='ltr'><strong>ut</strong></span> <span class='ocrx_word' id='word_1_223' title='bbox 603 3358 773 3414; x_wconf 88' lang='lat' dir='ltr'><strong>etiam</strong></span> <span class='ocrx_word' id='word_1_224' title='bbox 801 3356 846 3412; x_wconf 90' lang='lat' dir='ltr'><strong>si</strong></span> <span class='ocrx_word' id='word_1_225' title='bbox 866 3364 1024 3411; x_wconf 86' lang='lat' dir='ltr'><strong>vetus</strong></span> <span class='ocrx_word' id='word_1_226' title='bbox 1052 3354 1208 3424; x_wconf 87' lang='lat' dir='ltr'><strong>culpa</strong></span> <span class='ocrx_word' id='word_1_227' title='bbox 1225 3350 1417 3408; x_wconf 81' lang='lat' dir='ltr'><strong>deﬂeta</strong></span> <span class='ocrx_word' id='word_1_228' title='bbox 1443 3351 1535 3415; x_wconf 88' lang='lat' dir='ltr'><strong>sit,</strong></span> <span class='ocrx_word' id='word_1_229' title='bbox 1560 3357 1752 3405; x_wconf 84' lang='lat' dir='ltr'><strong>caveat</strong></span> 
     </span>
    </p>
   </div>
   <div class='ocr_carea' id='block_1_37' title="bbox 163 3438 1753 3522">
    <p class='ocr_par' dir='ltr' id='par_1_37' title="bbox 163 3438 1753 3522">
     <span class='ocr_line' id='line_1_37' title="bbox 163 3438 1753 3522; baseline -0.009 -15"><span class='ocrx_word' id='word_1_230' title='bbox 163 3468 310 3507; x_wconf 91' lang='lat' dir='ltr'><strong>nunc</strong></span> <span class='ocrx_word' id='word_1_231' title='bbox 340 3467 410 3506; x_wconf 92' lang='lat' dir='ltr'><strong>ne</strong></span> <span class='ocrx_word' id='word_1_232' title='bbox 437 3449 698 3522; x_wconf 58' lang='lat' dir='ltr'><strong>cogitatio</strong></span> <span class='ocrx_word' id='word_1_233' title='bbox 723 3448 790 3502; x_wconf 83' lang='lat' dir='ltr'><strong>ad</strong></span> <span class='ocrx_word' id='word_1_234' title='bbox 817 3444 1154 3518; x_wconf 86' lang='lat' dir='ltr'><strong>peccandum</strong></span> <span class='ocrx_word' id='word_1_235' title='bbox 1206 3443 1312 3497; x_wconf 87' lang='lat' dir='ltr'><strong>ulla</strong></span> <span class='ocrx_word' id='word_1_236' title='bbox 1340 3440 1662 3513; x_wconf 82' lang='lat' dir='ltr'><strong>consentiat.</strong></span> <span class='ocrx_word' id='word_1_237' title='bbox 1710 3438 1753 3492; x_wconf 67' lang='grc' dir='ltr'><strong>(Ἰ</strong></span> 
     </span>
    </p>
   </div>
   <div class='ocr_carea' id='block_1_38' title="bbox 160 3535 1754 3604">
    <p class='ocr_par' dir='ltr' id='par_1_38' title="bbox 160 3535 1754 3604">
     <span class='ocr_line' id='line_1_38' title="bbox 160 3535 1754 3604; baseline -0.008 -4"><span class='ocrx_word' id='word_1_238' title='bbox 160 3543 413 3600; x_wconf 85' lang='lat' dir='ltr'><strong>Custodit</strong></span> <span class='ocrx_word' id='word_1_239' title='bbox 457 3541 604 3597; x_wconf 89' lang='lat' dir='ltr'><strong>enim</strong></span> <span class='ocrx_word' id='word_1_240' title='bbox 634 3540 730 3596; x_wconf 90' lang='lat' dir='ltr'><strong>Dei</strong></span> <span class='ocrx_word' id='word_1_241' title='bbox 783 3552 1102 3594; x_wconf 87' lang='lat' dir='ltr'><strong>sermones:</strong></span> <span class='ocrx_word' id='word_1_242' title='bbox 1136 3550 1242 3591; x_wconf 92' lang='lat' dir='ltr'><strong>non</strong></span> <span class='ocrx_word' id='word_1_243' title='bbox 1275 3535 1367 3604; x_wconf 89' lang='lat' dir='ltr'><strong>qui</strong></span> <span class='ocrx_word' id='word_1_244' title='bbox 1401 3542 1608 3589; x_wconf 85' lang='lat' dir='ltr'><strong>tantum</strong></span> <span class='ocrx_word' id='word_1_245' title='bbox 1659 3546 1754 3588; x_wconf 87' lang='lat' dir='ltr'><strong>eos</strong></span> 
     </span>
    </p>
   </div>
   <div class='ocr_carea' id='block_1_39' title="bbox 166 3626 1375 3699">
    <p class='ocr_par' dir='ltr' id='par_1_39' title="bbox 166 3626 1375 3699">
     <span class='ocr_line' id='line_1_39' title="bbox 166 3626 1375 3699; baseline -0.012 -9"><span class='ocrx_word' id='word_1_246' title='bbox 166 3634 429 3690; x_wconf 87' lang='lat' dir='ltr'><strong>memoria</strong></span> <span class='ocrx_word' id='word_1_247' title='bbox 459 3632 680 3696; x_wconf 87' lang='lat' dir='ltr'><strong>retinet,</strong></span> <span class='ocrx_word' id='word_1_248' title='bbox 714 3629 812 3685; x_wconf 89' lang='lat' dir='ltr'><strong>sed</strong></span> <span class='ocrx_word' id='word_1_249' title='bbox 838 3629 931 3699; x_wconf 88' lang='lat' dir='ltr'><strong>qui</strong></span> <span class='ocrx_word' id='word_1_250' title='bbox 963 3626 1181 3682; x_wconf 84' lang='lat' dir='ltr'><strong>actione</strong></span> <span class='ocrx_word' id='word_1_251' title='bbox 1211 3632 1375 3679; x_wconf 87' lang='lat' dir='ltr'><strong>tenet.</strong></span> 
     </span>
    </p>
   </div>
   <div class='ocr_carea' id='block_1_40' title="bbox 165 3719 1218 3790">
    <p class='ocr_par' dir='ltr' id='par_1_40' title="bbox 165 3719 1218 3790">
     <span class='ocr_line' id='line_1_40' title="bbox 165 3719 1218 3790; baseline -0.011 -9"><span class='ocrx_word' id='word_1_252' title='bbox 165 3727 233 3781; x_wconf 79' lang='lat' dir='ltr'><strong>lt)</strong></span> <span class='ocrx_word' id='word_1_253' title='bbox 305 3724 373 3780; x_wconf 85' lang='lat' dir='ltr'><strong>In</strong></span> <span class='ocrx_word' id='word_1_254' title='bbox 395 3733 501 3778; x_wconf 88' lang='lat' dir='ltr'><strong>toto</strong></span> <span class='ocrx_word' id='word_1_255' title='bbox 525 3722 686 3777; x_wconf 86' lang='lat' dir='ltr'><strong>corde</strong></span> <span class='ocrx_word' id='word_1_256' title='bbox 714 3737 829 3775; x_wconf 88' lang='lat' dir='ltr'><strong>meo</strong></span> <span class='ocrx_word' id='word_1_257' title='bbox 847 3719 1103 3790; x_wconf 75' lang='lat' dir='ltr'><strong>exquisivi</strong></span> <span class='ocrx_word' id='word_1_258' title='bbox 1132 3726 1218 3772; x_wconf 88' lang='lat' dir='ltr'><strong>te:</strong></span> 
     </span>
    </p>
   </div>
   <div class='ocr_carea' id='block_1_41' title="bbox 312 3809 1256 3887">
    <p class='ocr_par' dir='ltr' id='par_1_41' title="bbox 312 3809 1256 3887">
     <span class='ocr_line' id='line_1_41' title="bbox 312 3809 1256 3887; baseline -0.01 -15"><span class='ocrx_word' id='word_1_259' title='bbox 312 3817 398 3872; x_wconf 88' lang='lat' dir='ltr'><strong>Ne</strong></span> <span class='ocrx_word' id='word_1_260' title='bbox 419 3815 642 3887; x_wconf 83' lang='lat' dir='ltr'><strong>repellas</strong></span> <span class='ocrx_word' id='word_1_261' title='bbox 673 3831 755 3868; x_wconf 87' lang='lat' dir='ltr'><strong>me</strong></span> <span class='ocrx_word' id='word_1_262' title='bbox 784 3830 816 3867; x_wconf 82' lang='grc' dir='ltr'><em>α</em></span> <span class='ocrx_word' id='word_1_263' title='bbox 836 3810 1102 3867; x_wconf 84' lang='lat' dir='ltr'><strong>mandatis</strong></span> <span class='ocrx_word' id='word_1_264' title='bbox 1128 3809 1256 3864; x_wconf 84' lang='lat' dir='ltr'><strong>tuis.</strong></span> 
     </span>
    </p>
   </div>
   <div class='ocr_carea' id='block_1_42' title="bbox 236 3899 1757 3978">
    <p class='ocr_par' dir='ltr' id='par_1_42' title="bbox 236 3899 1757 3978">
     <span class='ocr_line' id='line_1_42' title="bbox 236 3899 1757 3978; baseline -0.011 -11"><span class='ocrx_word' id='word_1_265' title='bbox 236 3910 282 3967; x_wconf 84' lang='lat' dir='ltr'><strong>C</strong></span> <span class='ocrx_word' id='word_1_266' title='bbox 317 3909 433 3965; x_wconf 77' lang='lat' dir='ltr'><strong>Hoc</strong></span> <span class='ocrx_word' id='word_1_267' title='bbox 458 3915 676 3978; x_wconf 86' lang='lat' dir='ltr'><strong>quoque</strong></span> <span class='ocrx_word' id='word_1_268' title='bbox 704 3921 897 3959; x_wconf 75' lang='lat' dir='ltr'><strong>inaltus</strong></span> <span class='ocrx_word' id='word_1_269' title='bbox 935 3912 1017 3959; x_wconf 89' lang='lat' dir='ltr'><strong>est</strong></span> <span class='ocrx_word' id='word_1_270' title='bbox 1054 3900 1310 3957; x_wconf 89' lang='lat' dir='ltr'><strong>Domini:</strong></span> <span class='ocrx_word' id='word_1_271' title='bbox 1360 3899 1504 3969; x_wconf 88' lang='lat' dir='ltr'><strong>quod</strong></span> <span class='ocrx_word' id='word_1_272' title='bbox 1527 3912 1587 3954; x_wconf 87' lang='lat' dir='ltr'><strong>se</strong></span> <span class='ocrx_word' id='word_1_273' title='bbox 1633 3912 1757 3951; x_wconf 88' lang='lat' dir='ltr'><strong>eum</strong></span> 
     </span>
    </p>
   </div>
   <div class='ocr_carea' id='block_1_43' title="bbox 170 3990 1760 4065">
    <p class='ocr_par' dir='ltr' id='par_1_43' title="bbox 170 3990 1760 4065">
     <span class='ocr_line' id='line_1_43' title="bbox 170 3990 1760 4065; baseline -0.011 -8"><span class='ocrx_word' id='word_1_274' title='bbox 170 4001 370 4057; x_wconf 82' lang='lat' dir='ltr'><strong>asserit</strong></span> <span class='ocrx_word' id='word_1_275' title='bbox 415 4008 529 4054; x_wconf 93' lang='lat' dir='ltr'><strong>toto</strong></span> <span class='ocrx_word' id='word_1_276' title='bbox 559 3997 726 4054; x_wconf 91' lang='lat' dir='ltr'><strong>corde</strong></span> <span class='ocrx_word' id='word_1_277' title='bbox 776 3994 1100 4065; x_wconf 82' lang='lat' dir='ltr'><strong>exquisisse.</strong></span> <span class='ocrx_word' id='word_1_278' title='bbox 1152 3990 1269 4047; x_wconf 82' lang='lat' dir='ltr'><strong>Non</strong></span> <span class='ocrx_word' id='word_1_279' title='bbox 1318 3991 1463 4045; x_wconf 88' lang='lat' dir='ltr'><strong>enim</strong></span> <span class='ocrx_word' id='word_1_280' title='bbox 1491 3996 1760 4060; x_wconf 71' lang='lat' dir='ltr'><strong>qumrerct</strong></span> 
     </span>
    </p>
   </div>
   <div class='ocr_carea' id='block_1_44' title="bbox 174 4075 1760 4162">
    <p class='ocr_par' dir='ltr' id='par_1_44' title="bbox 174 4075 1760 4162">
     <span class='ocr_line' id='line_1_44' title="bbox 174 4075 1760 4162; baseline -0.008 -17"><span class='ocrx_word' id='word_1_281' title='bbox 174 4092 298 4162; x_wconf 86' lang='lat' dir='ltr'><strong>quis</strong></span> <span class='ocrx_word' id='word_1_282' title='bbox 327 4092 517 4153; x_wconf 87' lang='lat' dir='ltr'><strong>Deum,</strong></span> <span class='ocrx_word' id='word_1_283' title='bbox 547 4089 653 4144; x_wconf 88' lang='lat' dir='ltr'><strong>nisi</strong></span> <span class='ocrx_word' id='word_1_284' title='bbox 682 4085 978 4155; x_wconf 85' lang='lat' dir='ltr'><strong>inquisitos</strong></span> <span class='ocrx_word' id='word_1_285' title='bbox 1006 4085 1076 4140; x_wconf 86' lang='lat' dir='ltr'><strong>ab</strong></span> <span class='ocrx_word' id='word_1_286' title='bbox 1101 4097 1169 4139; x_wconf 88' lang='lat' dir='ltr'><strong>eo</strong></span> <span class='ocrx_word' id='word_1_287' title='bbox 1190 4081 1402 4137; x_wconf 82' lang='lat' dir='ltr'><strong>fuisset.</strong></span> <span class='ocrx_word' id='word_1_288' title='bbox 1433 4077 1511 4135; x_wconf 83' lang='lat' dir='ltr'><strong>Ne</strong></span> <span class='ocrx_word' id='word_1_289' title='bbox 1532 4075 1760 4148; x_wconf 87' lang='lat' dir='ltr'><strong>repellas</strong></span> 
     </span>
    </p>
   </div>
   <div class='ocr_carea' id='block_1_45' title="bbox 173 4163 1763 4257">
    <p class='ocr_par' dir='ltr' id='par_1_45' title="bbox 173 4163 1763 4257">
     <span class='ocr_line' id='line_1_45' title="bbox 173 4163 1763 4257; baseline -0.011 -15"><span class='ocrx_word' id='word_1_290' title='bbox 173 4201 261 4241; x_wconf 88' lang='lat' dir='ltr'><strong>me</strong></span> <span class='ocrx_word' id='word_1_291' title='bbox 282 4205 300 4241; x_wconf 70' lang='grc' dir='ltr'><strong>ε</strong></span> <span class='ocrx_word' id='word_1_292' title='bbox 334 4193 489 4257; x_wconf 78' lang='lat' dir='ltr'><strong>rogat</strong></span> <span class='ocrx_word' id='word_1_293' title='bbox 517 4197 668 4248; x_wconf 88' lang='lat' dir='ltr'><strong>eum,</strong></span> <span class='ocrx_word' id='word_1_294' title='bbox 690 4195 763 4236; x_wconf 90' lang='lat' dir='ltr'><strong>ne</strong></span> <span class='ocrx_word' id='word_1_295' title='bbox 793 4180 862 4234; x_wconf 90' lang='lat' dir='ltr'><strong>ab</strong></span> <span class='ocrx_word' id='word_1_296' title='bbox 890 4176 1249 4248; x_wconf 74' lang='lat' dir='ltr'><strong>intelligentia</strong></span> <span class='ocrx_word' id='word_1_297' title='bbox 1284 4173 1420 4244; x_wconf 82' lang='lat' dir='ltr'><strong>legis</strong></span> <span class='ocrx_word' id='word_1_298' title='bbox 1446 4163 1641 4227; x_wconf 78' lang='lat' dir='ltr'><strong>divinae</strong></span> <span class='ocrx_word' id='word_1_299' title='bbox 1671 4184 1763 4225; x_wconf 79' lang='lat' dir='ltr'><strong>ve-</strong></span> 
     </span>
    </p>
   </div>
   <div class='ocr_carea' id='block_1_46' title="bbox 174 4265 1762 4347">
    <p class='ocr_par' dir='ltr' id='par_1_46' title="bbox 174 4265 1762 4347">
     <span class='ocr_line' id='line_1_46' title="bbox 174 4265 1762 4347; baseline -0.011 -18"><span class='ocrx_word' id='word_1_300' title='bbox 174 4276 252 4331; x_wconf 91' lang='lat' dir='ltr'><strong>lut</strong></span> <span class='ocrx_word' id='word_1_301' title='bbox 294 4275 551 4347; x_wconf 74' lang='lat' dir='ltr'><strong>indignus</strong></span> <span class='ocrx_word' id='word_1_302' title='bbox 582 4270 901 4342; x_wconf 81' lang='lat' dir='ltr'><strong>repellatur.</strong></span> <span class='ocrx_word' id='word_1_303' title='bbox 940 4267 986 4323; x_wconf 84' lang='lat' dir='ltr'><strong>ll</strong></span> <span class='ocrx_word' id='word_1_304' title='bbox 1014 4266 1149 4322; x_wconf 85' lang='lat' dir='ltr'><strong>Vide</strong></span> <span class='ocrx_word' id='word_1_305' title='bbox 1194 4265 1379 4335; x_wconf 80' lang='lat' dir='ltr'><strong>igitur,</strong></span> <span class='ocrx_word' id='word_1_306' title='bbox 1431 4270 1492 4316; x_wconf 92' lang='lat' dir='ltr'><strong>ut</strong></span> <span class='ocrx_word' id='word_1_307' title='bbox 1535 4275 1644 4315; x_wconf 88' lang='lat' dir='ltr'><strong>non</strong></span> <span class='ocrx_word' id='word_1_308' title='bbox 1692 4274 1762 4313; x_wconf 72' lang='lat' dir='ltr'><strong>ex</strong></span> 
     </span>
    </p>
   </div>
   <div class='ocr_carea' id='block_1_47' title="bbox 175 4349 1762 4437">
    <p class='ocr_par' dir='ltr' id='par_1_47' title="bbox 175 4349 1762 4437">
     <span class='ocr_line' id='line_1_47' title="bbox 175 4349 1762 4437; baseline -0.013 -13"><span class='ocrx_word' id='word_1_309' title='bbox 175 4377 345 4437; x_wconf 85' lang='lat' dir='ltr'><strong>parte,</strong></span> <span class='ocrx_word' id='word_1_310' title='bbox 378 4366 473 4421; x_wconf 87' lang='lat' dir='ltr'><strong>sed</strong></span> <span class='ocrx_word' id='word_1_311' title='bbox 497 4372 612 4420; x_wconf 86' lang='lat' dir='ltr'><strong>toto</strong></span> <span class='ocrx_word' id='word_1_312' title='bbox 629 4361 800 4420; x_wconf 86' lang='lat' dir='ltr'><strong>corde</strong></span> <span class='ocrx_word' id='word_1_313' title='bbox 826 4359 993 4415; x_wconf 87' lang='lat' dir='ltr'><strong>Deum</strong></span> <span class='ocrx_word' id='word_1_314' title='bbox 1024 4356 1303 4427; x_wconf 88' lang='lat' dir='ltr'><strong>requiras:</strong></span> <span class='ocrx_word' id='word_1_315' title='bbox 1335 4350 1404 4409; x_wconf 88' lang='lat' dir='ltr'><strong>ne</strong></span> <span class='ocrx_word' id='word_1_316' title='bbox 1429 4368 1462 4409; x_wconf 88' lang='lat' dir='ltr'><strong>a</strong></span> <span class='ocrx_word' id='word_1_317' title='bbox 1492 4349 1762 4406; x_wconf 83' lang='lat' dir='ltr'><strong>mandatis</strong></span> 
     </span>
    </p>
   </div>
   <div class='ocr_carea' id='block_1_48' title="bbox 177 4457 622 4529">
    <p class='ocr_par' dir='ltr' id='par_1_48' title="bbox 177 4457 622 4529">
     <span class='ocr_line' id='line_1_48' title="bbox 177 4457 622 4529; baseline -0.002 -17"><span class='ocrx_word' id='word_1_318' title='bbox 177 4460 298 4527; x_wconf 82' lang='lat' dir='ltr'><strong>ejus-</strong></span> <span class='ocrx_word' id='word_1_319' title='bbox 314 4457 622 4529; x_wconf 87' lang='lat' dir='ltr'><strong>repellaris.</strong></span> 
     </span>
    </p>
   </div>
   <div class='ocr_carea' id='block_1_49' title="bbox 179 4540 1393 4610">
    <p class='ocr_par' dir='ltr' id='par_1_49' title="bbox 179 4540 1393 4610">
     <span class='ocr_line' id='line_1_49' title="bbox 179 4540 1393 4610; baseline -0.012 -4"><span class='ocrx_word' id='word_1_320' title='bbox 179 4551 238 4605; x_wconf 76' lang='lat' dir='ltr'><strong>ll</strong></span> <span class='ocrx_word' id='word_1_321' title='bbox 312 4549 384 4605; x_wconf 87' lang='lat' dir='ltr'><strong>In</strong></span> <span class='ocrx_word' id='word_1_322' title='bbox 406 4548 570 4604; x_wconf 84' lang='lat' dir='ltr'><strong>corde</strong></span> <span class='ocrx_word' id='word_1_323' title='bbox 603 4562 718 4602; x_wconf 84' lang='lat' dir='ltr'><strong>meo</strong></span> <span class='ocrx_word' id='word_1_324' title='bbox 742 4541 997 4599; x_wconf 82' lang='lat' dir='ltr'><strong>abscondi</strong></span> <span class='ocrx_word' id='word_1_325' title='bbox 1022 4540 1230 4610; x_wconf 86' lang='lat' dir='ltr'><strong>eloquia</strong></span> <span class='ocrx_word' id='word_1_326' title='bbox 1257 4547 1349 4593; x_wconf 79' lang='lat' dir='ltr'><strong>tua</strong></span> <span class='ocrx_word' id='word_1_327' title='bbox 1372 4551 1393 4591; x_wconf 93' lang='lat'><em>:</em></span> 
     </span>
    </p>
   </div>
   <div class='ocr_carea' id='block_1_50' title="bbox 317 4636 907 4710">
    <p class='ocr_par' dir='ltr' id='par_1_50' title="bbox 317 4636 907 4710">
     <span class='ocr_line' id='line_1_50' title="bbox 317 4636 907 4710; baseline -0.017 -12"><span class='ocrx_word' id='word_1_328' title='bbox 317 4640 385 4697; x_wconf 88' lang='lat' dir='ltr'><strong>Ut</strong></span> <span class='ocrx_word' id='word_1_329' title='bbox 408 4659 513 4697; x_wconf 91' lang='lat' dir='ltr'><strong>non</strong></span> <span class='ocrx_word' id='word_1_330' title='bbox 544 4654 751 4710; x_wconf 85' lang='lat' dir='ltr'><strong>peccem</strong></span> <span class='ocrx_word' id='word_1_331' title='bbox 791 4636 907 4690; x_wconf 86' lang='lat' dir='ltr'><strong>tibi.</strong></span> 
     </span>
    </p>
   </div>
   <div class='ocr_carea' id='block_1_51' title="bbox 1823 511 3415 588">
    <p class='ocr_par' dir='ltr' id='par_1_51' title="bbox 1823 511 3415 588">
     <span class='ocr_line' id='line_1_51' title="bbox 1823 511 3415 588; baseline 0.004 -24"><span class='ocrx_word' id='word_1_332' title='bbox 1823 519 1884 564; x_wconf 90' lang='lat' dir='ltr'><strong>ut</strong></span> <span class='ocrx_word' id='word_1_333' title='bbox 1926 526 2031 565; x_wconf 91' lang='lat' dir='ltr'><strong>non</strong></span> <span class='ocrx_word' id='word_1_334' title='bbox 2084 511 2259 566; x_wconf 84' lang='lat' dir='ltr'><strong>solum</strong></span> <span class='ocrx_word' id='word_1_335' title='bbox 2299 520 2480 568; x_wconf 85' lang='lat' dir='ltr'><strong>mente</strong></span> <span class='ocrx_word' id='word_1_336' title='bbox 2519 512 2685 568; x_wconf 86' lang='lat' dir='ltr'><strong>sciam</strong></span> <span class='ocrx_word' id='word_1_337' title='bbox 2714 523 2771 569; x_wconf 87' lang='lat' dir='ltr'><strong>et</strong></span> <span class='ocrx_word' id='word_1_338' title='bbox 2811 514 3101 588; x_wconf 78' lang='lat' dir='ltr'><strong>intelligam</strong></span> <span class='ocrx_word' id='word_1_339' title='bbox 3144 515 3415 585; x_wconf 64' lang='lat' dir='ltr'><strong>justiﬁea«</strong></span> 
     </span>
    </p>
   </div>
   <div class='ocr_carea' id='block_1_52' title="bbox 1826 602 3275 680">
    <p class='ocr_par' dir='ltr' id='par_1_52' title="bbox 1826 602 3275 680">
     <span class='ocr_line' id='line_1_52' title="bbox 1826 602 3275 680; baseline 0.006 -25"><span class='ocrx_word' id='word_1_340' title='bbox 1826 602 2000 658; x_wconf 80' lang='lat' dir='ltr'><strong>tiones</strong></span> <span class='ocrx_word' id='word_1_341' title='bbox 2030 612 2148 657; x_wconf 85' lang='lat' dir='ltr'><strong>tuas</strong></span> <span class='ocrx_word' id='word_1_342' title='bbox 2170 643 2184 667; x_wconf 92' lang='lat'><strong>,</strong></span> <span class='ocrx_word' id='word_1_343' title='bbox 2216 604 2310 657; x_wconf 86' lang='lat' dir='ltr'><strong>sed</strong></span> <span class='ocrx_word' id='word_1_344' title='bbox 2340 603 2474 659; x_wconf 89' lang='lat' dir='ltr'><strong>doce</strong></span> <span class='ocrx_word' id='word_1_345' title='bbox 2510 620 2595 659; x_wconf 90' lang='lat' dir='ltr'><strong>me</strong></span> <span class='ocrx_word' id='word_1_346' title='bbox 2626 605 2807 662; x_wconf 88' lang='lat' dir='ltr'><strong>facere</strong></span> <span class='ocrx_word' id='word_1_347' title='bbox 2835 608 2979 677; x_wconf 88' lang='lat' dir='ltr'><strong>quod</strong></span> <span class='ocrx_word' id='word_1_348' title='bbox 3011 607 3275 680; x_wconf 80' lang='lat' dir='ltr'><strong>intelligo.</strong></span> 
     </span>
    </p>
   </div>
   <div class='ocr_carea' id='block_1_53' title="bbox 1827 692 2819 765">
    <p class='ocr_par' dir='ltr' id='par_1_53' title="bbox 1827 692 2819 765">
     <span class='ocr_line' id='line_1_53' title="bbox 1827 692 2819 765; baseline 0.003 -18"><span class='ocrx_word' id='word_1_349' title='bbox 1827 693 1896 749; x_wconf 71' lang='lat' dir='ltr'><strong>i3</strong></span> <span class='ocrx_word' id='word_1_350' title='bbox 1970 692 2038 746; x_wconf 81' lang='lat' dir='ltr'><strong>In</strong></span> <span class='ocrx_word' id='word_1_351' title='bbox 2083 692 2239 747; x_wconf 85' lang='lat' dir='ltr'><strong>labiis</strong></span> <span class='ocrx_word' id='word_1_352' title='bbox 2277 694 2406 747; x_wconf 82' lang='lat' dir='ltr'><strong>meis</strong></span> <span class='ocrx_word' id='word_1_353' title='bbox 2438 709 2456 746; x_wconf 90' lang='lat'><strong><em>:</em></strong></span> <span class='ocrx_word' id='word_1_354' title='bbox 2484 697 2819 765; x_wconf 75' lang='lat' dir='ltr'><strong>pronuntiavi</strong></span> 
     </span>
    </p>
   </div>
   <div class='ocr_carea' id='block_1_54' title="bbox 1971 782 2701 854">
    <p class='ocr_par' dir='ltr' id='par_1_54' title="bbox 1971 782 2701 854">
     <span class='ocr_line' id='line_1_54' title="bbox 1971 782 2701 854; baseline 0.007 -17"><span class='ocrx_word' id='word_1_355' title='bbox 1971 782 2164 837; x_wconf 86' lang='lat' dir='ltr'><strong>Omnia</strong></span> <span class='ocrx_word' id='word_1_356' title='bbox 2194 785 2405 854; x_wconf 85' lang='lat' dir='ltr'><strong>judicia</strong></span> <span class='ocrx_word' id='word_1_357' title='bbox 2454 788 2564 841; x_wconf 86' lang='lat' dir='ltr'><strong>oris</strong></span> <span class='ocrx_word' id='word_1_358' title='bbox 2601 791 2701 842; x_wconf 83' lang='lat' dir='ltr'><strong>tui.</strong></span> 
     </span>
    </p>
   </div>
   <div class='ocr_carea' id='block_1_55' title="bbox 1896 864 3420 951">
    <p class='ocr_par' dir='ltr' id='par_1_55' title="bbox 1896 864 3420 951">
     <span class='ocr_line' id='line_1_55' title="bbox 1896 864 3420 951; baseline 0.006 -20"><span class='ocrx_word' id='word_1_359' title='bbox 1896 874 1939 931; x_wconf 87' lang='lat' dir='ltr'><strong>C</strong></span> <span class='ocrx_word' id='word_1_360' title='bbox 1977 874 2187 931; x_wconf 87' lang='lat' dir='ltr'><strong>Chorus</strong></span> <span class='ocrx_word' id='word_1_361' title='bbox 2242 876 2331 932; x_wconf 90' lang='lat' dir='ltr'><strong>ille</strong></span> <span class='ocrx_word' id='word_1_362' title='bbox 2380 888 2691 934; x_wconf 87' lang='lat' dir='ltr'><strong>sanctorum</strong></span> <span class='ocrx_word' id='word_1_363' title='bbox 2751 883 3131 951; x_wconf 88' lang='lat' dir='ltr'><strong>pronuntiasse</strong></span> <span class='ocrx_word' id='word_1_364' title='bbox 3180 899 3238 940; x_wconf 90' lang='lat' dir='ltr'><strong>se</strong></span> <span class='ocrx_word' id='word_1_365' title='bbox 3284 864 3420 941; x_wconf 82' lang='lat' dir='ltr'><strong>dicit</strong></span> 
     </span>
    </p>
   </div>
   <div class='ocr_carea' id='block_1_56' title="bbox 1822 965 3418 1046">
    <p class='ocr_par' dir='ltr' id='par_1_56' title="bbox 1822 965 3418 1046">
     <span class='ocr_line' id='line_1_56' title="bbox 1822 965 3418 1046; baseline 0.006 -24"><span class='ocrx_word' id='word_1_366' title='bbox 1822 965 2026 1034; x_wconf 73' lang='lat' dir='ltr'><strong>,udicia</strong></span> <span class='ocrx_word' id='word_1_367' title='bbox 2077 968 2257 1022; x_wconf 90' lang='lat' dir='ltr'><strong>omnia</strong></span> <span class='ocrx_word' id='word_1_368' title='bbox 2295 968 2409 1024; x_wconf 86' lang='lat' dir='ltr'><strong>oris</strong></span> <span class='ocrx_word' id='word_1_369' title='bbox 2460 969 2706 1036; x_wconf 80' lang='lat' dir='ltr'><strong>Domini,</strong></span> <span class='ocrx_word' id='word_1_370' title='bbox 2739 986 2859 1041; x_wconf 77' lang='lat' dir='ltr'><strong>quae</strong></span> <span class='ocrx_word' id='word_1_371' title='bbox 2902 972 3113 1031; x_wconf 88' lang='lat' dir='ltr'><strong>locutus</strong></span> <span class='ocrx_word' id='word_1_372' title='bbox 3161 991 3258 1045; x_wconf 78' lang='lat' dir='ltr'><strong>per</strong></span> <span class='ocrx_word' id='word_1_373' title='bbox 3291 993 3418 1046; x_wconf 79' lang='lat' dir='ltr'><strong>pro—</strong></span> 
     </span>
    </p>
   </div>
   <div class='ocr_carea' id='block_1_57' title="bbox 1830 1060 3421 1141">
    <p class='ocr_par' dir='ltr' id='par_1_57' title="bbox 1830 1060 3421 1141">
     <span class='ocr_line' id='line_1_57' title="bbox 1830 1060 3421 1141; baseline 0.008 -27"><span class='ocrx_word' id='word_1_374' title='bbox 1830 1060 2024 1130; x_wconf 88' lang='lat' dir='ltr'><strong>phetas</strong></span> <span class='ocrx_word' id='word_1_375' title='bbox 2052 1069 2107 1115; x_wconf 88' lang='lat' dir='ltr'><strong>et</strong></span> <span class='ocrx_word' id='word_1_376' title='bbox 2148 1062 2449 1133; x_wconf 86' lang='lat' dir='ltr'><strong>apostolos,</strong></span> <span class='ocrx_word' id='word_1_377' title='bbox 2480 1070 2535 1117; x_wconf 93' lang='lat' dir='ltr'><strong>et</strong></span> <span class='ocrx_word' id='word_1_378' title='bbox 2580 1078 2701 1132; x_wconf 70' lang='lat' dir='ltr'><strong>qua:</strong></span> <span class='ocrx_word' id='word_1_379' title='bbox 2730 1080 2825 1120; x_wconf 89' lang='lat' dir='ltr'><strong>ore</strong></span> <span class='ocrx_word' id='word_1_380' title='bbox 2852 1064 3100 1123; x_wconf 87' lang='lat' dir='ltr'><strong>Christus</strong></span> <span class='ocrx_word' id='word_1_381' title='bbox 3145 1086 3244 1126; x_wconf 87' lang='lat' dir='ltr'><strong>suo</strong></span> <span class='ocrx_word' id='word_1_382' title='bbox 3287 1085 3421 1141; x_wconf 75' lang='lat' dir='ltr'><strong>pra:-</strong></span> 
     </span>
    </p>
   </div>
   <div class='ocr_carea' id='block_1_58' title="bbox 1833 1150 3421 1233">
    <p class='ocr_par' dir='ltr' id='par_1_58' title="bbox 1833 1150 3421 1233">
     <span class='ocr_line' id='line_1_58' title="bbox 1833 1150 3421 1233; baseline 0.008 -28"><span class='ocrx_word' id='word_1_383' title='bbox 1833 1151 2053 1206; x_wconf 88' lang='lat' dir='ltr'><strong>dicavit.</strong></span> <span class='ocrx_word' id='word_1_384' title='bbox 2085 1150 2275 1207; x_wconf 85' lang='lat' dir='ltr'><strong>Omnia</strong></span> <span class='ocrx_word' id='word_1_385' title='bbox 2306 1162 2487 1209; x_wconf 91' lang='lat' dir='ltr'><strong>autem</strong></span> <span class='ocrx_word' id='word_1_386' title='bbox 2512 1154 2714 1224; x_wconf 77' lang='lat' dir='ltr'><strong>judicia</strong></span> <span class='ocrx_word' id='word_1_387' title='bbox 2743 1156 3011 1227; x_wconf 79' lang='lat' dir='ltr'><strong>signiﬁcat</strong></span> <span class='ocrx_word' id='word_1_388' title='bbox 3031 1201 3045 1224; x_wconf 93' lang='lat'><strong>,</strong></span> <span class='ocrx_word' id='word_1_389' title='bbox 3070 1175 3190 1230; x_wconf 82' lang='lat' dir='ltr'><strong>qua:</strong></span> <span class='ocrx_word' id='word_1_390' title='bbox 3218 1163 3421 1233; x_wconf 84' lang='lat' dir='ltr'><strong>scripta</strong></span> 
     </span>
    </p>
   </div>
   <div class='ocr_carea' id='block_1_59' title="bbox 1832 1243 3425 1324">
    <p class='ocr_par' dir='ltr' id='par_1_59' title="bbox 1832 1243 3425 1324">
     <span class='ocr_line' id='line_1_59' title="bbox 1832 1243 3425 1324; baseline 0.008 -26"><span class='ocrx_word' id='word_1_391' title='bbox 1832 1243 1919 1299; x_wconf 73' lang='lat' dir='ltr'><strong>vel</strong></span> <span class='ocrx_word' id='word_1_392' title='bbox 1963 1244 2105 1301; x_wconf 87' lang='lat' dir='ltr'><strong>dicta</strong></span> <span class='ocrx_word' id='word_1_393' title='bbox 2147 1245 2355 1302; x_wconf 86' lang='lat' dir='ltr'><strong>didicit.</strong></span> <span class='ocrx_word' id='word_1_394' title='bbox 2403 1247 2670 1303; x_wconf 76' lang='lat' dir='ltr'><strong>Caeterum</strong></span> <span class='ocrx_word' id='word_1_395' title='bbox 2701 1249 3080 1308; x_wconf 85' lang='lat' dir='ltr'><strong>universaliter</strong></span> <span class='ocrx_word' id='word_1_396' title='bbox 3113 1269 3217 1307; x_wconf 90' lang='lat' dir='ltr'><strong>non</strong></span> <span class='ocrx_word' id='word_1_397' title='bbox 3246 1263 3425 1324; x_wconf 81' lang='lat' dir='ltr'><strong>potest</strong></span> 
     </span>
    </p>
   </div>
   <div class='ocr_carea' id='block_1_60' title="bbox 1835 1336 3427 1416">
    <p class='ocr_par' dir='ltr' id='par_1_60' title="bbox 1835 1336 3427 1416">
     <span class='ocr_line' id='line_1_60' title="bbox 1835 1336 3427 1416; baseline 0.006 -24"><span class='ocrx_word' id='word_1_398' title='bbox 1835 1336 2211 1406; x_wconf 80' lang='lat' dir='ltr'><strong>pronuntiari,</strong></span> <span class='ocrx_word' id='word_1_399' title='bbox 2240 1340 2384 1409; x_wconf 91' lang='lat' dir='ltr'><strong>quod</strong></span> <span class='ocrx_word' id='word_1_400' title='bbox 2418 1339 2563 1394; x_wconf 88' lang='lat' dir='ltr'><strong>nulla</strong></span> <span class='ocrx_word' id='word_1_401' title='bbox 2606 1342 2799 1396; x_wconf 87' lang='lat' dir='ltr'><strong>notitia</strong></span> <span class='ocrx_word' id='word_1_402' title='bbox 2828 1344 3102 1412; x_wconf 57' lang='lat' dir='ltr'><strong>praevalet</strong></span> <span class='ocrx_word' id='word_1_403' title='bbox 3131 1347 3427 1416; x_wconf 65' lang='lat' dir='ltr'><strong>approbent-</strong></span> 
     </span>
    </p>
   </div>
   <div class='ocr_carea' id='block_1_61' title="bbox 1836 1430 3139 1505">
    <p class='ocr_par' dir='ltr' id='par_1_61' title="bbox 1836 1430 3139 1505">
     <span class='ocr_line' id='line_1_61' title="bbox 1836 1430 3139 1505; baseline 0.002 -17"><span class='ocrx_word' id='word_1_404' title='bbox 1836 1431 1893 1488; x_wconf 89' lang='lat' dir='ltr'><strong>di</strong></span> <span class='ocrx_word' id='word_1_405' title='bbox 1926 1449 1940 1485; x_wconf 90' lang='lat'><strong>:</strong></span> <span class='ocrx_word' id='word_1_406' title='bbox 1977 1430 2273 1502; x_wconf 82' lang='lat' dir='ltr'><strong>ﬁguraliter</strong></span> <span class='ocrx_word' id='word_1_407' title='bbox 2299 1450 2431 1505; x_wconf 82' lang='lat' dir='ltr'><strong>ergo</strong></span> <span class='ocrx_word' id='word_1_408' title='bbox 2460 1449 2560 1504; x_wconf 91' lang='lat' dir='ltr'><strong>pro</strong></span> <span class='ocrx_word' id='word_1_409' title='bbox 2592 1446 2747 1505; x_wconf 89' lang='lat' dir='ltr'><strong>parte</strong></span> <span class='ocrx_word' id='word_1_410' title='bbox 2780 1444 2950 1491; x_wconf 90' lang='lat' dir='ltr'><strong>totum</strong></span> <span class='ocrx_word' id='word_1_411' title='bbox 2983 1437 3139 1492; x_wconf 81' lang='lat' dir='ltr'><strong>dixit.</strong></span> 
     </span>
    </p>
   </div>
   <div class='ocr_carea' id='block_1_62' title="bbox 1839 1523 3427 1586">
    <p class='ocr_par' dir='ltr' id='par_1_62' title="bbox 1839 1523 3427 1586">
     <span class='ocr_line' id='line_1_62' title="bbox 1839 1523 3427 1586; baseline 0.003 -8"><span class='ocrx_word' id='word_1_412' title='bbox 1839 1524 1908 1579; x_wconf 73' lang='grc' dir='ltr'><strong>ιι</strong></span> <span class='ocrx_word' id='word_1_413' title='bbox 1979 1523 2050 1580; x_wconf 85' lang='grc' dir='ltr'><em>1η</em></span> <span class='ocrx_word' id='word_1_414' title='bbox 2081 1525 2163 1580; x_wconf 89' lang='lat' dir='ltr'><strong>via</strong></span> <span class='ocrx_word' id='word_1_415' title='bbox 2211 1526 2630 1581; x_wconf 83' lang='lat' dir='ltr'><strong>testimoniorum</strong></span> <span class='ocrx_word' id='word_1_416' title='bbox 2671 1526 2881 1582; x_wconf 77' lang='lat' dir='ltr'><strong>tuorum</strong></span> <span class='ocrx_word' id='word_1_417' title='bbox 2925 1529 3212 1584; x_wconf 82' lang='lat' dir='ltr'><strong>delectatus</strong></span> <span class='ocrx_word' id='word_1_418' title='bbox 3256 1547 3371 1586; x_wconf 84' lang='lat' dir='ltr'><strong>sum</strong></span> <span class='ocrx_word' id='word_1_419' title='bbox 3408 1544 3427 1584; x_wconf 91' lang='lat'><strong><em>:</em></strong></span> 
     </span>
    </p>
   </div>
   <div class='ocr_carea' id='block_1_63' title="bbox 1983 1613 2787 1673">
    <p class='ocr_par' dir='ltr' id='par_1_63' title="bbox 1983 1613 2787 1673">
     <span class='ocr_line' id='line_1_63' title="bbox 1983 1613 2787 1673; baseline 0.002 -2"><span class='ocrx_word' id='word_1_420' title='bbox 1983 1613 2131 1671; x_wconf 87' lang='lat' dir='ltr'><strong>Sicut</strong></span> <span class='ocrx_word' id='word_1_421' title='bbox 2175 1616 2233 1670; x_wconf 89' lang='lat' dir='ltr'><strong>in</strong></span> <span class='ocrx_word' id='word_1_422' title='bbox 2278 1618 2518 1672; x_wconf 81' lang='lat' dir='ltr'><strong>omnibus</strong></span> <span class='ocrx_word' id='word_1_423' title='bbox 2569 1619 2787 1673; x_wconf 84' lang='lat' dir='ltr'><strong>divitiis.</strong></span> 
     </span>
    </p>
   </div>
   <div class='ocr_carea' id='block_1_64' title="bbox 1856 1706 3434 1779">
    <p class='ocr_par' dir='ltr' id='par_1_64' title="bbox 1856 1706 3434 1779">
     <span class='ocr_line' id='line_1_64' title="bbox 1856 1706 3434 1779; baseline 0.003 -15"><span class='ocrx_word' id='word_1_424' title='bbox 1856 1728 1861 1733; x_wconf 87' lang='grc'><strong>·</strong></span> <span class='ocrx_word' id='word_1_425' title='bbox 1914 1706 1956 1764; x_wconf 90' lang='lat' dir='ltr'><strong><em>C</em></strong></span> <span class='ocrx_word' id='word_1_426' title='bbox 1994 1707 2092 1764; x_wconf 76' lang='lat' dir='ltr'><strong>Via</strong></span> <span class='ocrx_word' id='word_1_427' title='bbox 2137 1707 2612 1764; x_wconf 88' lang='lat' dir='ltr'><strong>testimoniorum:</strong></span> <span class='ocrx_word' id='word_1_428' title='bbox 2644 1720 2727 1765; x_wconf 90' lang='lat' dir='ltr'><strong>est</strong></span> <span class='ocrx_word' id='word_1_429' title='bbox 2750 1710 3012 1765; x_wconf 89' lang='lat' dir='ltr'><strong>Dominus</strong></span> <span class='ocrx_word' id='word_1_430' title='bbox 3056 1709 3337 1779; x_wconf 87' lang='lat' dir='ltr'><strong>Christus,</strong></span> <span class='ocrx_word' id='word_1_431' title='bbox 3376 1713 3434 1769; x_wconf 85' lang='lat' dir='ltr'><strong>in</strong></span> 
     </span>
    </p>
   </div>
   <div class='ocr_carea' id='block_1_65' title="bbox 1761 1789 3433 1870">
    <p class='ocr_par' dir='ltr' id='par_1_65' title="bbox 1761 1789 3433 1870">
     <span class='ocr_line' id='line_1_65' title="bbox 1761 1789 3433 1870; baseline 0.005 -21"><span class='ocrx_word' id='word_1_432' title='bbox 1761 1789 1946 1870; x_wconf 85' lang='lat' dir='ltr'><strong>Bquo</strong></span> <span class='ocrx_word' id='word_1_433' title='bbox 1990 1810 2053 1854; x_wconf 90' lang='lat' dir='ltr'><strong>se</strong></span> <span class='ocrx_word' id='word_1_434' title='bbox 2102 1798 2406 1853; x_wconf 79' lang='lat' dir='ltr'><strong>laetaturum</strong></span> <span class='ocrx_word' id='word_1_435' title='bbox 2458 1799 2658 1855; x_wconf 84' lang='lat' dir='ltr'><strong>chorus</strong></span> <span class='ocrx_word' id='word_1_436' title='bbox 2705 1810 3013 1857; x_wconf 87' lang='lat' dir='ltr'><strong>sanctorum</strong></span> <span class='ocrx_word' id='word_1_437' title='bbox 3071 1811 3278 1857; x_wconf 85' lang='lat' dir='ltr'><strong>narrat.</strong></span> <span class='ocrx_word' id='word_1_438' title='bbox 3334 1802 3433 1858; x_wconf 86' lang='lat' dir='ltr'><strong>llic</strong></span> 
     </span>
    </p>
   </div>
   <div class='ocr_carea' id='block_1_66' title="bbox 1839 1888 3434 1963">
    <p class='ocr_par' dir='ltr' id='par_1_66' title="bbox 1839 1888 3434 1963">
     <span class='ocr_line' id='line_1_66' title="bbox 1839 1888 3434 1963; baseline 0.002 -19"><span class='ocrx_word' id='word_1_439' title='bbox 1839 1898 2021 1944; x_wconf 88' lang='lat' dir='ltr'><strong>autem</strong></span> <span class='ocrx_word' id='word_1_440' title='bbox 2049 1888 2266 1944; x_wconf 83' lang='lat' dir='ltr'><strong>divitias</strong></span> <span class='ocrx_word' id='word_1_441' title='bbox 2291 1888 2563 1959; x_wconf 87' lang='lat' dir='ltr'><strong>spiritales</strong></span> <span class='ocrx_word' id='word_1_442' title='bbox 2605 1890 2865 1947; x_wconf 87' lang='lat' dir='ltr'><strong>debemus</strong></span> <span class='ocrx_word' id='word_1_443' title='bbox 2899 1893 3180 1962; x_wconf 88' lang='lat' dir='ltr'><strong>accipere,</strong></span> <span class='ocrx_word' id='word_1_444' title='bbox 3202 1890 3281 1949; x_wconf 72' lang='lat' dir='ltr'><strong>&#39;de</strong></span> <span class='ocrx_word' id='word_1_445' title='bbox 3309 1895 3434 1963; x_wconf 83' lang='lat' dir='ltr'><strong>qui-</strong></span> 
     </span>
    </p>
   </div>
   <div class='ocr_carea' id='block_1_67' title="bbox 1839 1979 3434 2051">
    <p class='ocr_par' dir='ltr' id='par_1_67' title="bbox 1839 1979 3434 2051">
     <span class='ocr_line' id='line_1_67' title="bbox 1839 1979 3434 2051; baseline 0.001 -15"><span class='ocrx_word' id='word_1_446' title='bbox 1839 1980 1944 2036; x_wconf 86' lang='lat' dir='ltr'><strong>bus</strong></span> <span class='ocrx_word' id='word_1_447' title='bbox 1979 1980 2317 2051; x_wconf 84' lang='lat' dir='ltr'><strong>Apostolus:</strong></span> <span class='ocrx_word' id='word_1_448' title='bbox 2351 1979 2617 2047; x_wconf 82' lang='lat' dir='ltr'><strong>Quoniam</strong></span> <span class='ocrx_word' id='word_1_449' title='bbox 2665 1982 2722 2037; x_wconf 92' lang='lat' dir='ltr'><strong>in</strong></span> <span class='ocrx_word' id='word_1_450' title='bbox 2770 1984 3024 2038; x_wconf 91' lang='lat' dir='ltr'><strong>omnibus</strong></span> <span class='ocrx_word' id='word_1_451' title='bbox 3067 1985 3262 2041; x_wconf 82' lang='lat' dir='ltr'><strong>divites</strong></span> <span class='ocrx_word' id='word_1_452' title='bbox 3306 1981 3434 2041; x_wconf 80' lang='lat' dir='ltr'><strong>facti</strong></span> 
     </span>
    </p>
   </div>
   <div class='ocr_carea' id='block_1_68' title="bbox 1841 2071 3188 2148">
    <p class='ocr_par' dir='ltr' id='par_1_68' title="bbox 1841 2071 3188 2148">
     <span class='ocr_line' id='line_1_68' title="bbox 1841 2071 3188 2148; baseline 0.004 -23"><span class='ocrx_word' id='word_1_453' title='bbox 1841 2072 1973 2126; x_wconf 87' lang='lat' dir='ltr'><strong>estis</strong></span> <span class='ocrx_word' id='word_1_454' title='bbox 2004 2071 2056 2126; x_wconf 91' lang='lat' dir='ltr'><strong>in</strong></span> <span class='ocrx_word' id='word_1_455' title='bbox 2086 2072 2238 2142; x_wconf 86' lang='lat' dir='ltr'><strong>ipso,</strong></span> <span class='ocrx_word' id='word_1_456' title='bbox 2268 2072 2325 2126; x_wconf 89' lang='lat' dir='ltr'><strong>in</strong></span> <span class='ocrx_word' id='word_1_457' title='bbox 2354 2072 2505 2127; x_wconf 89' lang='lat' dir='ltr'><strong>omni</strong></span> <span class='ocrx_word' id='word_1_458' title='bbox 2537 2074 2723 2139; x_wconf 87' lang='lat' dir='ltr'><strong>verbo,</strong></span> <span class='ocrx_word' id='word_1_459' title='bbox 2753 2083 2858 2130; x_wconf 89' lang='lat' dir='ltr'><strong>etc.</strong></span> <span class='ocrx_word' id='word_1_460' title='bbox 2889 2074 2940 2146; x_wconf 75' lang='grc' dir='ltr'><strong>(ι</strong></span> <span class='ocrx_word' id='word_1_461' title='bbox 2970 2075 3095 2131; x_wconf 78' lang='lat' dir='ltr'><strong>Cor.</strong></span> <span class='ocrx_word' id='word_1_462' title='bbox 3127 2077 3188 2148; x_wconf 86' lang='grc' dir='ltr'><strong>ι).</strong></span> 
     </span>
    </p>
   </div>
   <div class='ocr_carea' id='block_1_69' title="bbox 1844 2165 2825 2223">
    <p class='ocr_par' dir='ltr' id='par_1_69' title="bbox 1844 2165 2825 2223">
     <span class='ocr_line' id='line_1_69' title="bbox 1844 2165 2825 2223; baseline 0.002 -3"><span class='ocrx_word' id='word_1_463' title='bbox 1844 2165 1913 2222; x_wconf 79' lang='lat' dir='ltr'><strong>l5</strong></span> <span class='ocrx_word' id='word_1_464' title='bbox 1985 2165 2053 2221; x_wconf 81' lang='lat' dir='ltr'><strong>In</strong></span> <span class='ocrx_word' id='word_1_465' title='bbox 2094 2168 2359 2221; x_wconf 83' lang='lat' dir='ltr'><strong>mandatis</strong></span> <span class='ocrx_word' id='word_1_466' title='bbox 2402 2169 2507 2222; x_wconf 84' lang='lat' dir='ltr'><strong>tuis</strong></span> <span class='ocrx_word' id='word_1_467' title='bbox 2544 2172 2825 2223; x_wconf 75' lang='lat' dir='ltr'><strong>exercebar</strong></span> 
     </span>
    </p>
   </div>
   <div class='ocr_carea' id='block_1_70' title="bbox 1983 2255 2777 2312">
    <p class='ocr_par' dir='ltr' id='par_1_70' title="bbox 1983 2255 2777 2312">
     <span class='ocr_line' id='line_1_70' title="bbox 1983 2255 2777 2312; baseline 0.001 -2"><span class='ocrx_word' id='word_1_468' title='bbox 1983 2255 2053 2310; x_wconf 86' lang='lat' dir='ltr'><strong>Et</strong></span> <span class='ocrx_word' id='word_1_469' title='bbox 2104 2257 2446 2311; x_wconf 87' lang='lat' dir='ltr'><strong>considerabo</strong></span> <span class='ocrx_word' id='word_1_470' title='bbox 2488 2259 2597 2312; x_wconf 87' lang='lat' dir='ltr'><strong>vias</strong></span> <span class='ocrx_word' id='word_1_471' title='bbox 2635 2267 2777 2311; x_wconf 85' lang='lat' dir='ltr'><strong>tuas.</strong></span> 
     </span>
    </p>
   </div>
   <div class='ocr_carea' id='block_1_71' title="bbox 1914 2348 3435 2423">
    <p class='ocr_par' dir='ltr' id='par_1_71' title="bbox 1914 2348 3435 2423">
     <span class='ocr_line' id='line_1_71' title="bbox 1914 2348 3435 2423; baseline 0.004 -20"><span class='ocrx_word' id='word_1_472' title='bbox 1914 2348 1961 2404; x_wconf 86' lang='lat' dir='ltr'><strong>ll</strong></span> <span class='ocrx_word' id='word_1_473' title='bbox 2002 2349 2313 2406; x_wconf 79' lang='lat' dir='ltr'><strong>Escrcebor</strong></span> <span class='ocrx_word' id='word_1_474' title='bbox 2349 2366 2363 2404; x_wconf 90' lang='lat'><strong>:</strong></span> <span class='ocrx_word' id='word_1_475' title='bbox 2403 2350 2724 2406; x_wconf 76' lang='lat' dir='ltr'><strong>exercitatio</strong></span> <span class='ocrx_word' id='word_1_476' title='bbox 2759 2351 3053 2409; x_wconf 84' lang='lat' dir='ltr'><strong>assiduitas</strong></span> <span class='ocrx_word' id='word_1_477' title='bbox 3101 2354 3281 2423; x_wconf 87' lang='lat' dir='ltr'><strong>operis</strong></span> <span class='ocrx_word' id='word_1_478' title='bbox 3333 2365 3435 2409; x_wconf 87' lang='lat' dir='ltr'><strong>est.</strong></span> 
     </span>
    </p>
   </div>
   <div class='ocr_carea' id='block_1_72' title="bbox 1842 2439 3439 2515">
    <p class='ocr_par' dir='ltr' id='par_1_72' title="bbox 1842 2439 3439 2515">
     <span class='ocr_line' id='line_1_72' title="bbox 1842 2439 3439 2515; baseline 0.002 -18"><span class='ocrx_word' id='word_1_479' title='bbox 1842 2439 1887 2497; x_wconf 87' lang='lat' dir='ltr'><strong>C</strong></span> <span class='ocrx_word' id='word_1_480' title='bbox 1924 2441 2226 2496; x_wconf 78' lang='lat' dir='ltr'><strong>Exercetur</strong></span> <span class='ocrx_word' id='word_1_481' title='bbox 2277 2441 2422 2497; x_wconf 89' lang='lat' dir='ltr'><strong>enim</strong></span> <span class='ocrx_word' id='word_1_482' title='bbox 2483 2442 2537 2496; x_wconf 91' lang='lat' dir='ltr'><strong>in</strong></span> <span class='ocrx_word' id='word_1_483' title='bbox 2593 2442 2865 2498; x_wconf 87' lang='lat' dir='ltr'><strong>mandatis</strong></span> <span class='ocrx_word' id='word_1_484' title='bbox 2915 2443 3148 2511; x_wconf 84' lang='lat' dir='ltr'><strong>divinis,</strong></span> <span class='ocrx_word' id='word_1_485' title='bbox 3189 2446 3280 2515; x_wconf 90' lang='lat' dir='ltr'><strong>qui</strong></span> <span class='ocrx_word' id='word_1_486' title='bbox 3337 2444 3439 2501; x_wconf 87' lang='lat' dir='ltr'><strong>fre-</strong></span> 
     </span>
    </p>
   </div>
   <div class='ocr_carea' id='block_1_73' title="bbox 1845 2530 3441 2601">
    <p class='ocr_par' dir='ltr' id='par_1_73' title="bbox 1845 2530 3441 2601">
     <span class='ocr_line' id='line_1_73' title="bbox 1845 2530 3441 2601; baseline 0.003 -18"><span class='ocrx_word' id='word_1_487' title='bbox 1845 2531 2030 2601; x_wconf 89' lang='lat' dir='ltr'><strong>quenti</strong></span> <span class='ocrx_word' id='word_1_488' title='bbox 2081 2530 2402 2599; x_wconf 85' lang='lat' dir='ltr'><strong>operatione</strong></span> <span class='ocrx_word' id='word_1_489' title='bbox 2438 2544 2503 2584; x_wconf 90' lang='lat' dir='ltr'><strong>ea</strong></span> <span class='ocrx_word' id='word_1_490' title='bbox 2545 2530 2769 2600; x_wconf 88' lang='lat' dir='ltr'><strong>implere</strong></span> <span class='ocrx_word' id='word_1_491' title='bbox 2802 2532 3103 2596; x_wconf 87' lang='lat' dir='ltr'><strong>studuerit,</strong></span> <span class='ocrx_word' id='word_1_492' title='bbox 3159 2540 3216 2586; x_wconf 89' lang='lat' dir='ltr'><strong>et</strong></span> <span class='ocrx_word' id='word_1_493' title='bbox 3259 2532 3339 2587; x_wconf 92' lang='lat' dir='ltr'><strong>sic</strong></span> <span class='ocrx_word' id='word_1_494' title='bbox 3375 2531 3441 2587; x_wconf 91' lang='lat' dir='ltr'><strong>a.l</strong></span> 
     </span>
    </p>
   </div>
   <div class='ocr_carea' id='block_1_74' title="bbox 1846 2620 3441 2692">
    <p class='ocr_par' dir='ltr' id='par_1_74' title="bbox 1846 2620 3441 2692">
     <span class='ocr_line' id='line_1_74' title="bbox 1846 2620 3441 2692; baseline -0.001 -16"><span class='ocrx_word' id='word_1_495' title='bbox 1846 2620 2154 2677; x_wconf 87' lang='lat' dir='ltr'><strong>intellectus</strong></span> <span class='ocrx_word' id='word_1_496' title='bbox 2198 2622 2316 2692; x_wconf 86' lang='lat' dir='ltr'><strong>ejus</strong></span> <span class='ocrx_word' id='word_1_497' title='bbox 2341 2621 2639 2690; x_wconf 74' lang='lat' dir='ltr'><strong>pericu-alia</strong></span> <span class='ocrx_word' id='word_1_498' title='bbox 2667 2622 2953 2691; x_wconf 84' lang='lat' dir='ltr'><strong>pervenire</strong></span> <span class='ocrx_word' id='word_1_499' title='bbox 2980 2630 3240 2677; x_wconf 85' lang='lat' dir='ltr'><strong>meretur.</strong></span> <span class='ocrx_word' id='word_1_500' title='bbox 3271 2621 3441 2676; x_wconf 80' lang='lat' dir='ltr'><strong>thnn</strong></span> 
     </span>
    </p>
   </div>
   <div class='ocr_carea' id='block_1_75' title="bbox 1845 2712 3442 2782">
    <p class='ocr_par' dir='ltr' id='par_1_75' title="bbox 1845 2712 3442 2782">
     <span class='ocr_line' id='line_1_75' title="bbox 1845 2712 3442 2782; baseline 0.001 -15"><span class='ocrx_word' id='word_1_501' title='bbox 1845 2712 1991 2768; x_wconf 89' lang='lat' dir='ltr'><strong>enim</strong></span> <span class='ocrx_word' id='word_1_502' title='bbox 2015 2721 2224 2767; x_wconf 88' lang='lat' dir='ltr'><strong>tantum</strong></span> <span class='ocrx_word' id='word_1_503' title='bbox 2255 2721 2526 2768; x_wconf 87' lang='lat' dir='ltr'><strong>secretqu</strong></span> <span class='ocrx_word' id='word_1_504' title='bbox 2566 2713 2885 2782; x_wconf 88' lang='lat' dir='ltr'><strong>conspicere</strong></span> <span class='ocrx_word' id='word_1_505' title='bbox 2916 2722 3190 2781; x_wconf 85' lang='lat' dir='ltr'><strong>meretur,</strong></span> <span class='ocrx_word' id='word_1_506' title='bbox 3221 2714 3323 2769; x_wconf 89' lang='lat' dir='ltr'><strong>nisi</strong></span> <span class='ocrx_word' id='word_1_507' title='bbox 3357 2716 3442 2769; x_wconf 88' lang='lat' dir='ltr'><strong>cui</strong></span> 
     </span>
    </p>
   </div>
   <div class='ocr_carea' id='block_1_76' title="bbox 1848 2803 3445 2870">
    <p class='ocr_par' dir='ltr' id='par_1_76' title="bbox 1848 2803 3445 2870">
     <span class='ocr_line' id='line_1_76' title="bbox 1848 2803 3445 2870; baseline 0.001 -11"><span class='ocrx_word' id='word_1_508' title='bbox 1848 2804 2033 2859; x_wconf 86' lang='lat' dir='ltr'><strong>datum</strong></span> <span class='ocrx_word' id='word_1_509' title='bbox 2080 2803 2282 2870; x_wconf 82' lang='lat' dir='ltr'><strong>fuerit,</strong></span> <span class='ocrx_word' id='word_1_510' title='bbox 2331 2803 2474 2858; x_wconf 89' lang='lat' dir='ltr'><strong>bona</strong></span> <span class='ocrx_word' id='word_1_511' title='bbox 2513 2804 2926 2859; x_wconf 86' lang='lat' dir='ltr'><strong>conversatione</strong></span> <span class='ocrx_word' id='word_1_512' title='bbox 2976 2804 3210 2861; x_wconf 66' lang='lat' dir='ltr'><strong>caelestis</strong></span> <span class='ocrx_word' id='word_1_513' title='bbox 3245 2820 3304 2861; x_wconf 88' lang='lat' dir='ltr'><strong>se</strong></span> <span class='ocrx_word' id='word_1_514' title='bbox 3350 2806 3445 2860; x_wconf 89' lang='lat' dir='ltr'><strong>be-</strong></span> 
     </span>
    </p>
   </div>
   <div class='ocr_carea' id='block_1_77' title="bbox 1849 2894 3448 2969">
    <p class='ocr_par' dir='ltr' id='par_1_77' title="bbox 1849 2894 3448 2969">
     <span class='ocr_line' id='line_1_77' title="bbox 1849 2894 3448 2969; baseline 0 -16"><span class='ocrx_word' id='word_1_515' title='bbox 1849 2897 2059 2953; x_wconf 77' lang='lat' dir='ltr'><strong>neﬁciis</strong></span> <span class='ocrx_word' id='word_1_516' title='bbox 2108 2898 2440 2968; x_wconf 80' lang='lat' dir='ltr'><strong>proximare.</strong></span> <span class='ocrx_word' id='word_1_517' title='bbox 2474 2896 2520 2951; x_wconf 80' lang='lat' dir='ltr'><strong>ll</strong></span> <span class='ocrx_word' id='word_1_518' title='bbox 2557 2894 2687 2952; x_wconf 79' lang='lat' dir='ltr'><strong>Vias</strong></span> <span class='ocrx_word' id='word_1_519' title='bbox 2726 2912 2855 2953; x_wconf 85' lang='lat' dir='ltr'><strong>vero</strong></span> <span class='ocrx_word' id='word_1_520' title='bbox 2896 2897 3059 2963; x_wconf 88' lang='lat' dir='ltr'><strong>dicit,</strong></span> <span class='ocrx_word' id='word_1_521' title='bbox 3099 2898 3448 2969; x_wconf 78' lang='lat' dir='ltr'><strong>propheticas</strong></span> 
     </span>
    </p>
   </div>
   <div class='ocr_carea' id='block_1_78' title="bbox 1850 2988 2615 3060">
    <p class='ocr_par' dir='ltr' id='par_1_78' title="bbox 1850 2988 2615 3060">
     <span class='ocr_line' id='line_1_78' title="bbox 1850 2988 2615 3060; baseline -0.003 -16"><span class='ocrx_word' id='word_1_522' title='bbox 1850 2988 2288 3060; x_wconf 75' lang='lat' dir='ltr'><strong>apostolicasque</strong></span> <span class='ocrx_word' id='word_1_523' title='bbox 2316 2990 2615 3045; x_wconf 87' lang='lat' dir='ltr'><strong>doctrinas.</strong></span> 
     </span>
    </p>
   </div>
   <div class='ocr_carea' id='block_1_79' title="bbox 1854 3098 3091 3172">
    <p class='ocr_par' dir='ltr' id='par_1_79' title="bbox 1854 3098 3091 3172">
     <span class='ocr_line' id='line_1_79' title="bbox 1854 3098 3091 3172; baseline -0.001 -17"><span class='ocrx_word' id='word_1_524' title='bbox 1854 3101 1920 3160; x_wconf 85' lang='grc'><strong>16</strong></span> <span class='ocrx_word' id='word_1_525' title='bbox 1991 3098 2059 3155; x_wconf 86' lang='lat' dir='ltr'><strong>In</strong></span> <span class='ocrx_word' id='word_1_526' title='bbox 2089 3101 2560 3172; x_wconf 81' lang='lat' dir='ltr'><strong>jnstiﬁcationibns</strong></span> <span class='ocrx_word' id='word_1_527' title='bbox 2609 3102 2713 3155; x_wconf 81' lang='lat' dir='ltr'><strong>tuis</strong></span> <span class='ocrx_word' id='word_1_528' title='bbox 2745 3101 3037 3156; x_wconf 81' lang='lat' dir='ltr'><strong>meditabor</strong></span> <span class='ocrx_word' id='word_1_529' title='bbox 3072 3116 3091 3154; x_wconf 89' lang='lat'><strong><em>:</em></strong></span> 
     </span>
    </p>
   </div>
   <div class='ocr_carea' id='block_1_80' title="bbox 2000 3191 2938 3246">
    <p class='ocr_par' dir='ltr' id='par_1_80' title="bbox 2000 3191 2938 3246">
     <span class='ocr_line' id='line_1_80' title="bbox 2000 3191 2938 3246; baseline -0.004 0"><span class='ocrx_word' id='word_1_530' title='bbox 2000 3192 2126 3246; x_wconf 88' lang='lat' dir='ltr'><strong>Non</strong></span> <span class='ocrx_word' id='word_1_531' title='bbox 2173 3191 2450 3245; x_wconf 87' lang='lat' dir='ltr'><strong>obliviscar</strong></span> <span class='ocrx_word' id='word_1_532' title='bbox 2488 3207 2751 3244; x_wconf 82' lang='lat' dir='ltr'><strong>sermones</strong></span> <span class='ocrx_word' id='word_1_533' title='bbox 2801 3201 2938 3245; x_wconf 87' lang='lat' dir='ltr'><strong>tuos.</strong></span> 
     </span>
    </p>
   </div>
   <div class='ocr_carea' id='block_1_81' title="bbox 1925 3258 3452 3355">
    <p class='ocr_par' dir='ltr' id='par_1_81' title="bbox 1925 3258 3452 3355">
     <span class='ocr_line' id='line_1_81' title="bbox 1925 3258 3452 3355; baseline 0.001 -15"><span class='ocrx_word' id='word_1_534' title='bbox 1925 3285 1966 3340; x_wconf 89' lang='lat' dir='ltr'><strong><em>C</em></strong></span> <span class='ocrx_word' id='word_1_535' title='bbox 2004 3284 2253 3340; x_wconf 76' lang='lat' dir='ltr'><strong>Meditari</strong></span> <span class='ocrx_word' id='word_1_536' title='bbox 2281 3284 2425 3339; x_wconf 88' lang='lat' dir='ltr'><strong>enim</strong></span> <span class='ocrx_word' id='word_1_537' title='bbox 2454 3283 2586 3339; x_wconf 86' lang='lat' dir='ltr'><strong>dicit</strong></span> <span class='ocrx_word' id='word_1_538' title='bbox 2609 3278 3028 3350; x_wconf 75' lang='lat' dir='ltr'><strong>iustiﬁcationes</strong></span> <span class='ocrx_word' id='word_1_539' title='bbox 3070 3284 3162 3339; x_wconf 91' lang='lat' dir='ltr'><strong>Dei</strong></span> <span class='ocrx_word' id='word_1_540' title='bbox 3195 3302 3207 3337; x_wconf 89' lang='lat'><strong>:</strong></span> <span class='ocrx_word' id='word_1_541' title='bbox 3240 3299 3305 3338; x_wconf 70' lang='lat' dir='ltr'><strong>ne</strong></span> <span class='ocrx_word' id='word_1_542' title='bbox 3328 3258 3452 3355; x_wconf 63' lang='lat' dir='ltr'><strong>posi</strong></span> 
     </span>
    </p>
   </div>
   <div class='ocr_carea' id='block_1_82' title="bbox 1856 3373 3371 3447">
    <p class='ocr_par' dir='ltr' id='par_1_82' title="bbox 1856 3373 3371 3447">
     <span class='ocr_line' id='line_1_82' title="bbox 1856 3373 3371 3447; baseline 0 -15"><span class='ocrx_word' id='word_1_543' title='bbox 1856 3377 1962 3445; x_wconf 88' lang='lat' dir='ltr'><strong>sit,</strong></span> <span class='ocrx_word' id='word_1_544' title='bbox 1993 3375 2137 3447; x_wconf 88' lang='lat' dir='ltr'><strong>quod</strong></span> <span class='ocrx_word' id='word_1_545' title='bbox 2175 3374 2398 3430; x_wconf 88' lang='lat' dir='ltr'><strong>retineri</strong></span> <span class='ocrx_word' id='word_1_546' title='bbox 2427 3373 2679 3445; x_wconf 85' lang='lat' dir='ltr'><strong>expedit,</strong></span> <span class='ocrx_word' id='word_1_547' title='bbox 2708 3373 2817 3429; x_wconf 89' lang='lat' dir='ltr'><strong>ullo</strong></span> <span class='ocrx_word' id='word_1_548' title='bbox 2848 3376 3006 3430; x_wconf 89' lang='lat' dir='ltr'><strong>modo</strong></span> <span class='ocrx_word' id='word_1_549' title='bbox 3035 3376 3301 3432; x_wconf 85' lang='lat' dir='ltr'><strong>oblivisci.</strong></span> <span class='ocrx_word' id='word_1_550' title='bbox 3370 3440 3371 3445; x_wconf 25' lang='grc' dir='ltr'><strong>η</strong></span> 
     </span>
    </p>
   </div>
   <div class='ocr_carea' id='block_1_83' title="bbox 2043 3503 3260 3552">
    <p class='ocr_par' dir='ltr' id='par_1_83' title="bbox 2043 3503 3260 3552">
     <span class='ocr_line' id='line_1_83' title="bbox 2043 3503 3260 3552; baseline 0 -7"><span class='ocrx_word' id='word_1_551' title='bbox 2043 3504 2405 3546; x_wconf 69' lang='grc' dir='ltr'><strong>ΑΒΕΠΜΕΝΤΗΜ</strong></span> <span class='ocrx_word' id='word_1_552' title='bbox 2443 3503 2783 3552; x_wconf 65' lang='grc' dir='ltr'><strong>δερυεκτιωι</strong></span> <span class='ocrx_word' id='word_1_553' title='bbox 2821 3503 2959 3544; x_wconf 79' lang='lat' dir='ltr'><strong>OCTO</strong></span> <span class='ocrx_word' id='word_1_554' title='bbox 2996 3504 3260 3545; x_wconf 71' lang='grc' dir='ltr'><strong>γειιειῑυη.</strong></span> 
     </span>
    </p>
   </div>
   <div class='ocr_carea' id='block_1_84' title="bbox 1924 3599 3455 3672">
    <p class='ocr_par' dir='ltr' id='par_1_84' title="bbox 1924 3599 3455 3672">
     <span class='ocr_line' id='line_1_84' title="bbox 1924 3599 3455 3672; baseline 0 -16"><span class='ocrx_word' id='word_1_555' title='bbox 1924 3600 1970 3656; x_wconf 85' lang='lat' dir='ltr'><strong>C</strong></span> <span class='ocrx_word' id='word_1_556' title='bbox 2008 3599 2052 3655; x_wconf 83' lang='lat' dir='ltr'><strong>li</strong></span> <span class='ocrx_word' id='word_1_557' title='bbox 2092 3599 2338 3657; x_wconf 85' lang='lat' dir='ltr'><strong>Postulat</strong></span> <span class='ocrx_word' id='word_1_558' title='bbox 2380 3601 2609 3671; x_wconf 90' lang='lat' dir='ltr'><strong>populus</strong></span> <span class='ocrx_word' id='word_1_559' title='bbox 2659 3609 2882 3657; x_wconf 89' lang='lat' dir='ltr'><strong>sanctus</strong></span> <span class='ocrx_word' id='word_1_560' title='bbox 2929 3601 3046 3672; x_wconf 84' lang='lat' dir='ltr'><strong>(qui</strong></span> <span class='ocrx_word' id='word_1_561' title='bbox 3091 3600 3144 3655; x_wconf 92' lang='lat' dir='ltr'><strong>in</strong></span> <span class='ocrx_word' id='word_1_562' title='bbox 3195 3609 3339 3656; x_wconf 89' lang='lat' dir='ltr'><strong>terra</strong></span> <span class='ocrx_word' id='word_1_563' title='bbox 3374 3602 3455 3656; x_wconf 87' lang='lat' dir='ltr'><strong>in-</strong></span> 
     </span>
    </p>
   </div>
   <div class='ocr_carea' id='block_1_85' title="bbox 1858 3693 3457 3767">
    <p class='ocr_par' dir='ltr' id='par_1_85' title="bbox 1858 3693 3457 3767">
     <span class='ocr_line' id='line_1_85' title="bbox 1858 3693 3457 3767; baseline 0.001 -17"><span class='ocrx_word' id='word_1_564' title='bbox 1858 3694 1993 3751; x_wconf 64' lang='lat' dir='ltr'><strong>colae</strong></span> <span class='ocrx_word' id='word_1_565' title='bbox 2022 3695 2171 3766; x_wconf 89' lang='lat' dir='ltr'><strong>sunt)</strong></span> <span class='ocrx_word' id='word_1_566' title='bbox 2218 3693 2449 3749; x_wconf 88' lang='lat' dir='ltr'><strong>retribui</strong></span> <span class='ocrx_word' id='word_1_567' title='bbox 2478 3694 2710 3764; x_wconf 84' lang='lat' dir='ltr'><strong>gratiam</strong></span> <span class='ocrx_word' id='word_1_568' title='bbox 2739 3710 2903 3765; x_wconf 85' lang='lat' dir='ltr'><strong>quam</strong></span> <span class='ocrx_word' id='word_1_569' title='bbox 2933 3694 2988 3749; x_wconf 91' lang='lat' dir='ltr'><strong>in</strong></span> <span class='ocrx_word' id='word_1_570' title='bbox 3026 3695 3203 3765; x_wconf 87' lang='lat' dir='ltr'><strong>primo</strong></span> <span class='ocrx_word' id='word_1_571' title='bbox 3229 3704 3457 3767; x_wconf 84' lang='lat' dir='ltr'><strong>parente</strong></span> 
     </span>
    </p>
   </div>
   <div class='ocr_carea' id='block_1_86' title="bbox 1859 3786 3457 3858">
    <p class='ocr_par' dir='ltr' id='par_1_86' title="bbox 1859 3786 3457 3858">
     <span class='ocr_line' id='line_1_86' title="bbox 1859 3786 3457 3858; baseline 0.001 -14"><span class='ocrx_word' id='word_1_572' title='bbox 1859 3789 2193 3854; x_wconf 86' lang='lat' dir='ltr'><strong>amiserant;</strong></span> <span class='ocrx_word' id='word_1_573' title='bbox 2226 3786 2320 3843; x_wconf 87' lang='lat' dir='ltr'><strong>sed</strong></span> <span class='ocrx_word' id='word_1_574' title='bbox 2362 3796 2417 3842; x_wconf 91' lang='lat' dir='ltr'><strong>et</strong></span> <span class='ocrx_word' id='word_1_575' title='bbox 2446 3789 2887 3858; x_wconf 86' lang='lat' dir='ltr'><strong>persecutoribus</strong></span> <span class='ocrx_word' id='word_1_576' title='bbox 2925 3804 3118 3846; x_wconf 90' lang='lat' dir='ltr'><strong>eorum</strong></span> <span class='ocrx_word' id='word_1_577' title='bbox 3164 3792 3457 3847; x_wconf 79' lang='lat' dir='ltr'><strong>restituen-</strong></span> 
     </span>
    </p>
   </div>
   <div class='ocr_carea' id='block_1_87' title="bbox 1860 3878 2711 3950">
    <p class='ocr_par' dir='ltr' id='par_1_87' title="bbox 1860 3878 2711 3950">
     <span class='ocr_line' id='line_1_87' title="bbox 1860 3878 2711 3950; baseline 0 -15"><span class='ocrx_word' id='word_1_578' title='bbox 1860 3879 1988 3935; x_wconf 88' lang='lat' dir='ltr'><strong>dum</strong></span> <span class='ocrx_word' id='word_1_579' title='bbox 2019 3878 2149 3934; x_wconf 89' lang='lat' dir='ltr'><strong>dicit</strong></span> <span class='ocrx_word' id='word_1_580' title='bbox 2177 3893 2299 3934; x_wconf 87' lang='lat' dir='ltr'><strong>esse</strong></span> <span class='ocrx_word' id='word_1_581' title='bbox 2332 3880 2475 3948; x_wconf 89' lang='lat' dir='ltr'><strong>quod</strong></span> <span class='ocrx_word' id='word_1_582' title='bbox 2503 3888 2711 3950; x_wconf 72' lang='lat' dir='ltr'><strong>agunt-</strong></span> 
     </span>
    </p>
   </div>
   <div class='ocr_carea' id='block_1_88' title="bbox 2142 3967 3165 4042">
    <p class='ocr_par' dir='ltr' id='par_1_88' title="bbox 2142 3967 3165 4042">
     <span class='ocr_line' id='line_1_88' title="bbox 2142 3967 3165 4042; baseline 0.005 -21"><span class='ocrx_word' id='word_1_583' title='bbox 2142 3967 2185 4021; x_wconf 86' lang='grc' dir='ltr'>Β</span> <span class='ocrx_word' id='word_1_584' title='bbox 2220 3967 2396 4022; x_wconf 86' lang='lat' dir='ltr'><strong>Gimel</strong></span> <span class='ocrx_word' id='word_1_585' title='bbox 2429 3986 2443 4020; x_wconf 88' lang='lat'><strong>:</strong></span> <span class='ocrx_word' id='word_1_586' title='bbox 2476 3970 2703 4025; x_wconf 80' lang='lat' dir='ltr'><strong>tributio</strong></span> <span class='ocrx_word' id='word_1_587' title='bbox 2747 3971 2831 4026; x_wconf 86' lang='lat' dir='ltr'><strong>vel</strong></span> <span class='ocrx_word' id='word_1_588' title='bbox 2873 3970 3165 4042; x_wconf 88' lang='lat' dir='ltr'><strong>plenitudo.</strong></span> 
     </span>
    </p>
   </div>
   <div class='ocr_carea' id='block_1_89' title="bbox 1863 4076 2988 4148">
    <p class='ocr_par' dir='ltr' id='par_1_89' title="bbox 1863 4076 2988 4148">
     <span class='ocr_line' id='line_1_89' title="bbox 1863 4076 2988 4148; baseline 0.002 -15"><span class='ocrx_word' id='word_1_589' title='bbox 1863 4079 1927 4133; x_wconf 73' lang='grc' dir='ltr'><strong><em>Π</em></strong></span> <span class='ocrx_word' id='word_1_590' title='bbox 2006 4076 2254 4131; x_wconf 79' lang='lat' dir='ltr'><strong>Retribue</strong></span> <span class='ocrx_word' id='word_1_591' title='bbox 2296 4093 2441 4131; x_wconf 90' lang='lat' dir='ltr'><strong>servo</strong></span> <span class='ocrx_word' id='word_1_592' title='bbox 2484 4088 2575 4131; x_wconf 85' lang='lat' dir='ltr'><strong>tuo</strong></span> <span class='ocrx_word' id='word_1_593' title='bbox 2607 4091 2627 4130; x_wconf 90' lang='lat'><strong><em>:</em></strong></span> <span class='ocrx_word' id='word_1_594' title='bbox 2656 4079 2862 4148; x_wconf 80' lang='lat' dir='ltr'><strong>viviﬁca</strong></span> <span class='ocrx_word' id='word_1_595' title='bbox 2909 4094 2988 4136; x_wconf 81' lang='lat' dir='ltr'><strong>me</strong></span> 
     </span>
    </p>
   </div>
   <div class='ocr_carea' id='block_1_90' title="bbox 2007 4169 2888 4226">
    <p class='ocr_par' dir='ltr' id='par_1_90' title="bbox 2007 4169 2888 4226">
     <span class='ocr_line' id='line_1_90' title="bbox 2007 4169 2888 4226; baseline 0.003 -3"><span class='ocrx_word' id='word_1_596' title='bbox 2007 4169 2075 4223; x_wconf 86' lang='lat' dir='ltr'><strong>Et</strong></span> <span class='ocrx_word' id='word_1_597' title='bbox 2107 4169 2403 4223; x_wconf 78' lang='lat' dir='ltr'><strong>custodiam</strong></span> <span class='ocrx_word' id='word_1_598' title='bbox 2445 4186 2706 4225; x_wconf 88' lang='lat' dir='ltr'><strong>sermones</strong></span> <span class='ocrx_word' id='word_1_599' title='bbox 2750 4181 2888 4226; x_wconf 89' lang='lat' dir='ltr'><strong>tuos.</strong></span> 
     </span>
    </p>
   </div>
   <div class='ocr_carea' id='block_1_91' title="bbox 1933 4261 3459 4335">
    <p class='ocr_par' dir='ltr' id='par_1_91' title="bbox 1933 4261 3459 4335">
     <span class='ocr_line' id='line_1_91' title="bbox 1933 4261 3459 4335; baseline 0.003 -18"><span class='ocrx_word' id='word_1_600' title='bbox 1933 4261 1975 4317; x_wconf 87' lang='lat' dir='ltr'><strong>C</strong></span> <span class='ocrx_word' id='word_1_601' title='bbox 2011 4261 2271 4316; x_wconf 86' lang='lat' dir='ltr'><strong>Retribue</strong></span> <span class='ocrx_word' id='word_1_602' title='bbox 2318 4261 2585 4332; x_wconf 84' lang='lat' dir='ltr'><strong>siquidem</strong></span> <span class='ocrx_word' id='word_1_603' title='bbox 2636 4262 2800 4329; x_wconf 87' lang='lat' dir='ltr'><strong>dicit,</strong></span> <span class='ocrx_word' id='word_1_604' title='bbox 2848 4278 2953 4318; x_wconf 92' lang='lat' dir='ltr'><strong>non</strong></span> <span class='ocrx_word' id='word_1_605' title='bbox 3003 4264 3212 4320; x_wconf 88' lang='lat' dir='ltr'><strong>meritis</strong></span> <span class='ocrx_word' id='word_1_606' title='bbox 3261 4266 3459 4335; x_wconf 86' lang='lat' dir='ltr'><strong>redde,</strong></span> 
     </span>
    </p>
   </div>
   <div class='ocr_carea' id='block_1_92' title="bbox 1864 4353 3458 4428">
    <p class='ocr_par' dir='ltr' id='par_1_92' title="bbox 1864 4353 3458 4428">
     <span class='ocr_line' id='line_1_92' title="bbox 1864 4353 3458 4428; baseline 0.004 -19"><span class='ocrx_word' id='word_1_607' title='bbox 1864 4354 1957 4409; x_wconf 86' lang='lat' dir='ltr'><strong>sed</strong></span> <span class='ocrx_word' id='word_1_608' title='bbox 2004 4354 2201 4409; x_wconf 90' lang='lat' dir='ltr'><strong>iterum</strong></span> <span class='ocrx_word' id='word_1_609' title='bbox 2256 4353 2323 4408; x_wconf 78' lang='lat' dir='ltr'><strong>da</strong></span> <span class='ocrx_word' id='word_1_610' title='bbox 2355 4371 2367 4405; x_wconf 92' lang='lat'>:</span> <span class='ocrx_word' id='word_1_611' title='bbox 2404 4362 2462 4407; x_wconf 87' lang='lat' dir='ltr'><strong>ut</strong></span> <span class='ocrx_word' id='word_1_612' title='bbox 2510 4354 2601 4424; x_wconf 90' lang='lat' dir='ltr'><strong>qui</strong></span> <span class='ocrx_word' id='word_1_613' title='bbox 2654 4355 2953 4425; x_wconf 62' lang='lat' dir='ltr'><strong>praestitisti</strong></span> <span class='ocrx_word' id='word_1_614' title='bbox 3002 4357 3281 4428; x_wconf 88' lang='lat' dir='ltr'><strong>petitionis</strong></span> <span class='ocrx_word' id='word_1_615' title='bbox 3326 4358 3458 4417; x_wconf 78' lang='lat' dir='ltr'><strong>alle-</strong></span> 
     </span>
    </p>
   </div>
   <div class='ocr_carea' id='block_1_93' title="bbox 1867 4442 3467 4521">
    <p class='ocr_par' dir='ltr' id='par_1_93' title="bbox 1867 4442 3467 4521">
     <span class='ocr_line' id='line_1_93' title="bbox 1867 4442 3467 4521; baseline 0.004 -20"><span class='ocrx_word' id='word_1_616' title='bbox 1867 4457 2016 4501; x_wconf 87' lang='lat' dir='ltr'><strong>ctum</strong></span> <span class='ocrx_word' id='word_1_617' title='bbox 2064 4486 2080 4510; x_wconf 92' lang='lat'><strong>,</strong></span> <span class='ocrx_word' id='word_1_618' title='bbox 2128 4442 2381 4501; x_wconf 80' lang='lat' dir='ltr'><strong>effectum</strong></span> <span class='ocrx_word' id='word_1_619' title='bbox 2434 4454 2490 4501; x_wconf 90' lang='lat' dir='ltr'><strong>et</strong></span> <span class='ocrx_word' id='word_1_620' title='bbox 2537 4448 2912 4517; x_wconf 84' lang='lat' dir='ltr'><strong>operationem</strong></span> <span class='ocrx_word' id='word_1_621' title='bbox 2960 4464 3177 4521; x_wconf 87' lang='lat' dir='ltr'><strong>quoque</strong></span> <span class='ocrx_word' id='word_1_622' title='bbox 3225 4453 3467 4521; x_wconf 86' lang='lat' dir='ltr'><strong>postula-</strong></span> 
     </span>
    </p>
   </div>
   <div class='ocr_carea' id='block_1_94' title="bbox 1791 4509 3468 4614">
    <p class='ocr_par' dir='ltr' id='par_1_94' title="bbox 1791 4509 3468 4614">
     <span class='ocr_line' id='line_1_94' title="bbox 1791 4509 3468 4614; baseline 0.004 -21"><span class='ocrx_word' id='word_1_623' title='bbox 1791 4509 1843 4569; x_wconf 67' lang='grc' dir='ltr'><strong>Β</strong></span> <span class='ocrx_word' id='word_1_624' title='bbox 1870 4537 2033 4594; x_wconf 90' lang='lat' dir='ltr'><strong>tionis</strong></span> <span class='ocrx_word' id='word_1_625' title='bbox 2081 4537 2338 4594; x_wconf 77' lang='lat' dir='ltr'><strong>attribue.</strong></span> <span class='ocrx_word' id='word_1_626' title='bbox 2382 4536 2585 4594; x_wconf 85' lang='lat' dir='ltr'><strong>Servus</strong></span> <span class='ocrx_word' id='word_1_627' title='bbox 2629 4539 2773 4594; x_wconf 90' lang='lat' dir='ltr'><strong>enim</strong></span> <span class='ocrx_word' id='word_1_628' title='bbox 2819 4509 3023 4596; x_wconf 68' lang='lat' dir='ltr'><strong>Christi</strong></span> <span class='ocrx_word' id='word_1_629' title='bbox 3074 4509 3178 4598; x_wconf 81' lang='lat' dir='ltr'><strong>dici</strong></span> <span class='ocrx_word' id='word_1_630' title='bbox 3226 4509 3337 4598; x_wconf 71' lang='lat' dir='ltr'><strong>non</strong></span> <span class='ocrx_word' id='word_1_631' title='bbox 3372 4542 3468 4614; x_wconf 52' lang='lat' dir='ltr'><strong>po;</strong></span> 
     </span>
    </p>
   </div>
   <div class='ocr_carea' id='block_1_95' title="bbox 1869 4630 3469 4703">
    <p class='ocr_par' dir='ltr' id='par_1_95' title="bbox 1869 4630 3469 4703">
     <span class='ocr_line' id='line_1_95' title="bbox 1869 4630 3469 4703; baseline 0.001 -16"><span class='ocrx_word' id='word_1_632' title='bbox 1869 4639 2006 4696; x_wconf 87' lang='lat' dir='ltr'><strong>test,</strong></span> <span class='ocrx_word' id='word_1_633' title='bbox 2058 4630 2162 4686; x_wconf 90' lang='lat' dir='ltr'><strong>nisi</strong></span> <span class='ocrx_word' id='word_1_634' title='bbox 2204 4631 2296 4700; x_wconf 90' lang='lat' dir='ltr'><strong>qui</strong></span> <span class='ocrx_word' id='word_1_635' title='bbox 2346 4645 2450 4686; x_wconf 92' lang='lat' dir='ltr'><strong>non</strong></span> <span class='ocrx_word' id='word_1_636' title='bbox 2492 4631 2606 4687; x_wconf 88' lang='lat' dir='ltr'><strong>suis</strong></span> <span class='ocrx_word' id='word_1_637' title='bbox 2637 4632 2880 4700; x_wconf 90' lang='lat' dir='ltr'><strong>meritis,</strong></span> <span class='ocrx_word' id='word_1_638' title='bbox 2914 4632 3010 4688; x_wconf 88' lang='lat' dir='ltr'><strong>sed</strong></span> <span class='ocrx_word' id='word_1_639' title='bbox 3055 4633 3253 4690; x_wconf 62' lang='lat' dir='ltr'><strong>divinae</strong></span> <span class='ocrx_word' id='word_1_640' title='bbox 3280 4638 3469 4703; x_wconf 71' lang='lat' dir='ltr'><strong>gratia:</strong></span> 
     </span>
    </p>
   </div>
   <div class='ocr_carea' id='block_1_96' title="bbox 242 4718 3473 4794">
    <p class='ocr_par' dir='ltr' id='par_1_96' title="bbox 242 4718 3473 4794">
     <span class='ocr_line' id='line_1_96' title="bbox 242 4718 3473 4794; baseline -0.004 -2"><span class='ocrx_word' id='word_1_641' title='bbox 242 4736 285 4793; x_wconf 71' lang='grc' dir='ltr'><strong>(Σ</strong></span> <span class='ocrx_word' id='word_1_642' title='bbox 320 4735 380 4791; x_wconf 82' lang='lat' dir='ltr'><strong>in</strong></span> <span class='ocrx_word' id='word_1_643' title='bbox 420 4732 586 4791; x_wconf 90' lang='lat' dir='ltr'><strong>corde</strong></span> <span class='ocrx_word' id='word_1_644' title='bbox 616 4744 755 4786; x_wconf 70' lang='lat' dir='ltr'><strong>meo</strong></span> <span class='ocrx_word' id='word_1_645' title='bbox 785 4726 1045 4783; x_wconf 86' lang='lat' dir='ltr'><strong>abscondi</strong></span> <span class='ocrx_word' id='word_1_646' title='bbox 1095 4724 1307 4794; x_wconf 86' lang='lat' dir='ltr'><strong>eloquia</strong></span> <span class='ocrx_word' id='word_1_647' title='bbox 1342 4732 1452 4778; x_wconf 87' lang='lat' dir='ltr'><strong>tua.</strong></span> <span class='ocrx_word' id='word_1_648' title='bbox 1490 4721 1535 4776; x_wconf 89' lang='lat' dir='ltr'><strong>ll</strong></span> <span class='ocrx_word' id='word_1_649' title='bbox 1563 4718 1605 4777; x_wconf 89' lang='lat' dir='ltr'>C</span> <span class='ocrx_word' id='word_1_650' title='bbox 1638 4718 1770 4775; x_wconf 82' lang='lat' dir='ltr'><strong>Nam</strong></span> <span class='ocrx_word' id='word_1_651' title='bbox 1870 4729 2120 4792; x_wconf 84' lang='lat' dir='ltr'><strong>reputat,</strong></span> <span class='ocrx_word' id='word_1_652' title='bbox 2148 4722 2292 4793; x_wconf 83' lang='lat' dir='ltr'><strong>quod</strong></span> <span class='ocrx_word' id='word_1_653' title='bbox 2321 4722 2449 4779; x_wconf 90' lang='lat' dir='ltr'><strong>boni</strong></span> <span class='ocrx_word' id='word_1_654' title='bbox 2477 4721 2679 4792; x_wconf 90' lang='lat' dir='ltr'><strong>aliquid</strong></span> <span class='ocrx_word' id='word_1_655' title='bbox 2713 4722 2862 4779; x_wconf 86' lang='lat' dir='ltr'><strong>facit.</strong></span> <span class='ocrx_word' id='word_1_656' title='bbox 2889 4723 3077 4778; x_wconf 84' lang='lat' dir='ltr'><strong>Divina</strong></span> <span class='ocrx_word' id='word_1_657' title='bbox 3104 4736 3285 4781; x_wconf 88' lang='lat' dir='ltr'><strong>autem</strong></span> <span class='ocrx_word' id='word_1_658' title='bbox 3318 4741 3473 4780; x_wconf 77' lang='lat' dir='ltr'><strong>mar.-</strong></span> 
     </span>
    </p>
   </div>
   <div class='ocr_carea' id='block_1_97' title="bbox 175 4812 3471 4889">
    <p class='ocr_par' dir='ltr' id='par_1_97' title="bbox 175 4812 3471 4889">
     <span class='ocr_line' id='line_1_97' title="bbox 175 4812 3471 4889; baseline -0.006 -6"><span class='ocrx_word' id='word_1_659' title='bbox 175 4829 315 4884; x_wconf 80' lang='lat' dir='ltr'><strong>sicut</strong></span> <span class='ocrx_word' id='word_1_660' title='bbox 351 4827 511 4883; x_wconf 89' lang='lat' dir='ltr'><strong>decet</strong></span> <span class='ocrx_word' id='word_1_661' title='bbox 563 4821 815 4878; x_wconf 81' lang='lat' dir='ltr'><strong>ﬁdelibus</strong></span> <span class='ocrx_word' id='word_1_662' title='bbox 864 4824 1133 4889; x_wconf 69' lang='lat' dir='ltr'><strong>prmeepta</strong></span> <span class='ocrx_word' id='word_1_663' title='bbox 1175 4816 1270 4871; x_wconf 83' lang='lat' dir='ltr'><strong>Dei</strong></span> <span class='ocrx_word' id='word_1_664' title='bbox 1319 4814 1615 4887; x_wconf 49' lang='lat' dir='ltr'><strong>praslrcare</strong></span> <span class='ocrx_word' id='word_1_665' title='bbox 1649 4830 1662 4867; x_wconf 91' lang='lat'><strong>:</strong></span> <span class='ocrx_word' id='word_1_666' title='bbox 1696 4812 1777 4869; x_wconf 85' lang='lat' dir='ltr'><strong>sic</strong></span> <span class='ocrx_word' id='word_1_667' title='bbox 1875 4814 2004 4868; x_wconf 81' lang='lat' dir='ltr'><strong>data</strong></span> <span class='ocrx_word' id='word_1_668' title='bbox 2050 4814 2359 4877; x_wconf 84' lang='lat' dir='ltr'><strong>custodire,</strong></span> <span class='ocrx_word' id='word_1_669' title='bbox 2406 4826 2593 4869; x_wconf 84' lang='lat' dir='ltr'><strong>revera</strong></span> <span class='ocrx_word' id='word_1_670' title='bbox 2628 4813 2860 4867; x_wconf 80' lang='lat' dir='ltr'><strong>viventis</strong></span> <span class='ocrx_word' id='word_1_671' title='bbox 2898 4822 3002 4868; x_wconf 90' lang='lat' dir='ltr'><strong>est.</strong></span> <span class='ocrx_word' id='word_1_672' title='bbox 3053 4813 3211 4869; x_wconf 86' lang='lat' dir='ltr'><strong>Sicut</strong></span> <span class='ocrx_word' id='word_1_673' title='bbox 3248 4824 3471 4870; x_wconf 74' lang='lat' dir='ltr'><strong>econtra</strong></span> 
     </span>
    </p>
   </div>
   <div class='ocr_carea' id='block_1_98' title="bbox 180 4898 1745 4982">
    <p class='ocr_par' dir='ltr' id='par_1_98' title="bbox 180 4898 1745 4982">
     <span class='ocr_line' id='line_1_98' title="bbox 180 4898 1745 4982; baseline -0.009 -10"><span class='ocrx_word' id='word_1_674' title='bbox 180 4934 283 4973; x_wconf 89' lang='lat' dir='ltr'><strong>non</strong></span> <span class='ocrx_word' id='word_1_675' title='bbox 312 4914 663 4974; x_wconf 87' lang='lat' dir='ltr'><strong>credentibus</strong></span> <span class='ocrx_word' id='word_1_676' title='bbox 698 4908 929 4982; x_wconf 82' lang='lat' dir='ltr'><strong>oportet</strong></span> <span class='ocrx_word' id='word_1_677' title='bbox 974 4906 1267 4971; x_wconf 80' lang='lat' dir='ltr'><strong>abscondi,</strong></span> <span class='ocrx_word' id='word_1_678' title='bbox 1315 4908 1456 4963; x_wconf 90' lang='lat' dir='ltr'><strong>sicut</strong></span> <span class='ocrx_word' id='word_1_679' title='bbox 1507 4903 1562 4958; x_wconf 90' lang='lat' dir='ltr'><strong>in</strong></span> <span class='ocrx_word' id='word_1_680' title='bbox 1604 4898 1745 4958; x_wconf 80' lang='lat' dir='ltr'><strong>Evau</strong></span> 
     </span>
    </p>
   </div>
   <div class='ocr_carea' id='block_1_99' title="bbox 1859 4898 3472 4982">
    <p class='ocr_par' dir='ltr' id='par_1_99' title="bbox 1877 4903 3472 4974">
     <span class='ocr_line' id='line_1_99' title="bbox 1877 4903 3472 4974; baseline -0.004 -14"><span class='ocrx_word' id='word_1_681' title='bbox 1877 4914 2128 4962; x_wconf 83' lang='lat' dir='ltr'><strong>mortuus</strong></span> <span class='ocrx_word' id='word_1_682' title='bbox 2173 4906 2373 4961; x_wconf 88' lang='lat' dir='ltr'><strong>dicitur</strong></span> <span class='ocrx_word' id='word_1_683' title='bbox 2418 4906 2472 4959; x_wconf 90' lang='lat' dir='ltr'><strong>in</strong></span> <span class='ocrx_word' id='word_1_684' title='bbox 2526 4903 2856 4971; x_wconf 79' lang='lat' dir='ltr'><strong>Evangelia,</strong></span> <span class='ocrx_word' id='word_1_685' title='bbox 2901 4904 2991 4974; x_wconf 82' lang='lat' dir='ltr'><strong>qui</strong></span> <span class='ocrx_word' id='word_1_686' title='bbox 3052 4907 3313 4963; x_wconf 83' lang='lat' dir='ltr'><strong>mandata</strong></span> <span class='ocrx_word' id='word_1_687' title='bbox 3369 4920 3472 4956; x_wconf 82' lang='lat' dir='ltr'><strong>non</strong></span> 
     </span>
    </p>
   </div>
   <div class='ocr_carea' id='block_1_100' title="bbox 182 5000 1779 5085">
    <p class='ocr_par' dir='ltr' id='par_1_100' title="bbox 182 5000 1779 5085">
     <span class='ocr_line' id='line_1_100' title="bbox 182 5000 1779 5085; baseline -0.018 -13"><span class='ocrx_word' id='word_1_688' title='bbox 182 5014 335 5085; x_wconf 77' lang='lat' dir='ltr'><strong>gelio,</strong></span> <span class='ocrx_word' id='word_1_689' title='bbox 385 5010 469 5066; x_wconf 87' lang='lat' dir='ltr'><strong>Ne</strong></span> <span class='ocrx_word' id='word_1_690' title='bbox 523 5008 784 5064; x_wconf 88' lang='lat' dir='ltr'><strong>dederitis</strong></span> <span class='ocrx_word' id='word_1_691' title='bbox 814 5011 1067 5061; x_wconf 84' lang='lat' dir='ltr'><strong>sanctum</strong></span> <span class='ocrx_word' id='word_1_692' title='bbox 1117 5001 1339 5058; x_wconf 82' lang='lat' dir='ltr'><strong>canibus</strong></span> <span class='ocrx_word' id='word_1_693' title='bbox 1385 5000 1601 5074; x_wconf 77' lang='lat' dir='ltr'><strong>(Matth.</strong></span> <span class='ocrx_word' id='word_1_694' title='bbox 1634 5000 1779 5066; x_wconf 46' lang='lat' dir='ltr'><strong>vn),</strong></span> 
     </span>
    </p>
   </div>
   <div class='ocr_carea' id='block_1_101' title="bbox 182 5089 1768 5173">
    <p class='ocr_par' dir='ltr' id='par_1_101' title="bbox 182 5089 1768 5173">
     <span class='ocr_line' id='line_1_101' title="bbox 182 5089 1768 5173; baseline -0.007 -15"><span class='ocrx_word' id='word_1_695' title='bbox 182 5120 278 5160; x_wconf 88' lang='lat' dir='ltr'><strong>nec</strong></span> <span class='ocrx_word' id='word_1_696' title='bbox 316 5099 646 5173; x_wconf 82' lang='lat' dir='ltr'><strong>margaritas</strong></span> <span class='ocrx_word' id='word_1_697' title='bbox 684 5096 886 5168; x_wconf 90' lang='lat' dir='ltr'><strong>porcis.</strong></span> <span class='ocrx_word' id='word_1_698' title='bbox 927 5092 972 5149; x_wconf 81' lang='lat' dir='ltr'><strong>C</strong></span> <span class='ocrx_word' id='word_1_699' title='bbox 1002 5092 1101 5146; x_wconf 85' lang='lat' dir='ltr'><strong>Est</strong></span> <span class='ocrx_word' id='word_1_700' title='bbox 1136 5092 1281 5146; x_wconf 88' lang='lat' dir='ltr'><strong>enim</strong></span> <span class='ocrx_word' id='word_1_701' title='bbox 1324 5089 1531 5164; x_wconf 88' lang='lat' dir='ltr'><strong>peccati</strong></span> <span class='ocrx_word' id='word_1_702' title='bbox 1563 5104 1768 5160; x_wconf 82' lang='lat' dir='ltr'><strong>genus,</strong></span> 
     </span>
    </p>
   </div>
   <div class='ocr_carea' id='block_1_102' title="bbox 180 5184 1355 5273">
    <p class='ocr_par' dir='ltr' id='par_1_102' title="bbox 180 5184 1355 5273">
     <span class='ocr_line' id='line_1_102' title="bbox 180 5184 1355 5273; baseline -0.01 -20"><span class='ocrx_word' id='word_1_703' title='bbox 180 5199 466 5255; x_wconf 81' lang='lat' dir='ltr'><strong>obstinatis</strong></span> <span class='ocrx_word' id='word_1_704' title='bbox 514 5194 726 5265; x_wconf 89' lang='lat' dir='ltr'><strong>eloquia</strong></span> <span class='ocrx_word' id='word_1_705' title='bbox 778 5186 995 5247; x_wconf 88' lang='lat' dir='ltr'><strong>Domini</strong></span> <span class='ocrx_word' id='word_1_706' title='bbox 1044 5184 1355 5273; x_wconf 62' lang='lat' dir='ltr'><strong>praedicare.</strong></span> 
     </span>
    </p>
   </div>
   <div class='ocr_carea' id='block_1_103' title="bbox 178 5273 1204 5367">
    <p class='ocr_par' dir='ltr' id='par_1_103' title="bbox 178 5273 1204 5367">
     <span class='ocr_line' id='line_1_103' title="bbox 178 5273 1204 5367; baseline -0.019 -21"><span class='ocrx_word' id='word_1_707' title='bbox 178 5288 243 5345; x_wconf 78' lang='grc'><strong>12</strong></span> <span class='ocrx_word' id='word_1_708' title='bbox 306 5286 635 5345; x_wconf 83' lang='lat' dir='ltr'><strong>Benedictus</strong></span> <span class='ocrx_word' id='word_1_709' title='bbox 657 5297 718 5339; x_wconf 75' lang='grc' dir='ltr'><strong>σι-</strong></span> <span class='ocrx_word' id='word_1_710' title='bbox 744 5298 799 5336; x_wconf 87' lang='lat' dir='ltr'><strong>es</strong></span> <span class='ocrx_word' id='word_1_711' title='bbox 830 5280 901 5367; x_wconf 54' lang='lat' dir='ltr'><strong>I,</strong></span> <span class='ocrx_word' id='word_1_712' title='bbox 933 5273 1159 5331; x_wconf 83' lang='lat' dir='ltr'><strong>Do&#39;mine</strong></span> <span class='ocrx_word' id='word_1_713' title='bbox 1186 5290 1204 5327; x_wconf 87' lang='lat'><strong><em>:</em></strong></span> 
     </span>
    </p>
   </div>
   <div class='ocr_carea' id='block_1_104' title="bbox 1878 4995 3476 5068">
    <p class='ocr_par' dir='ltr' id='par_1_104' title="bbox 1878 4995 3476 5068">
     <span class='ocr_line' id='line_1_104' title="bbox 1878 4995 3476 5068; baseline -0.004 -15"><span class='ocrx_word' id='word_1_714' title='bbox 1878 4997 2061 5055; x_wconf 84' lang='lat' dir='ltr'><strong>servat</strong></span> <span class='ocrx_word' id='word_1_715' title='bbox 2083 5015 2096 5052; x_wconf 90' lang='lat'><strong>:</strong></span> <span class='ocrx_word' id='word_1_716' title='bbox 2122 4998 2336 5054; x_wconf 90' lang='lat' dir='ltr'><strong>dicente</strong></span> <span class='ocrx_word' id='word_1_717' title='bbox 2358 4997 2586 5052; x_wconf 89' lang='lat' dir='ltr'><strong>Domino</strong></span> <span class='ocrx_word' id='word_1_718' title='bbox 2612 5012 2625 5048; x_wconf 90' lang='lat'><strong>:</strong></span> <span class='ocrx_word' id='word_1_719' title='bbox 2653 4995 2789 5051; x_wconf 88' lang='lat' dir='ltr'><strong>Sine</strong></span> <span class='ocrx_word' id='word_1_720' title='bbox 2806 5004 3048 5051; x_wconf 85' lang='lat' dir='ltr'><strong>mortuos</strong></span> <span class='ocrx_word' id='word_1_721' title='bbox 3069 5000 3305 5068; x_wconf 87' lang='lat' dir='ltr'><strong>sepelire</strong></span> <span class='ocrx_word' id='word_1_722' title='bbox 3335 5010 3476 5049; x_wconf 64' lang='lat' dir='ltr'><strong>nam</strong></span> 
     </span>
    </p>
   </div>
   <div class='ocr_carea' id='block_1_105' title="bbox 1880 5086 2585 5161">
    <p class='ocr_par' dir='ltr' id='par_1_105' title="bbox 1880 5086 2585 5161">
     <span class='ocr_line' id='line_1_105' title="bbox 1880 5086 2585 5161; baseline 0 -18"><span class='ocrx_word' id='word_1_723' title='bbox 1880 5092 2005 5145; x_wconf 86' lang='lat' dir='ltr'><strong>tuos</strong></span> <span class='ocrx_word' id='word_1_724' title='bbox 2038 5103 2166 5145; x_wconf 89' lang='lat' dir='ltr'><strong>suos</strong></span> <span class='ocrx_word' id='word_1_725' title='bbox 2195 5087 2409 5161; x_wconf 76' lang='lat' dir='ltr'><strong>(Matth.</strong></span> <span class='ocrx_word' id='word_1_726' title='bbox 2445 5086 2585 5158; x_wconf 79' lang='lat' dir='ltr'><strong>vui).</strong></span> 
     </span>
    </p>
   </div>
   <div class='ocr_carea' id='block_1_106' title="bbox 1886 5179 2653 5236">
    <p class='ocr_par' dir='ltr' id='par_1_106' title="bbox 1886 5179 2653 5236">
     <span class='ocr_line' id='line_1_106' title="bbox 1886 5179 2653 5236; baseline -0.001 -2"><span class='ocrx_word' id='word_1_727' title='bbox 1886 5179 1951 5235; x_wconf 83' lang='grc'><strong>18</strong></span> <span class='ocrx_word' id='word_1_728' title='bbox 2025 5179 2209 5236; x_wconf 83' lang='lat' dir='ltr'><strong>Revela</strong></span> <span class='ocrx_word' id='word_1_729' title='bbox 2257 5179 2436 5235; x_wconf 84' lang='lat' dir='ltr'><strong>oculos</strong></span> <span class='ocrx_word' id='word_1_730' title='bbox 2466 5193 2653 5234; x_wconf 88' lang='lat' dir='ltr'><strong>meos:</strong></span> 
     </span>
    </p>
   </div>
   <div class='ocr_carea' id='block_1_107' title="bbox 2033 5270 3158 5341">
    <p class='ocr_par' dir='ltr' id='par_1_107' title="bbox 2033 5270 3158 5341">
     <span class='ocr_line' id='line_1_107' title="bbox 2033 5270 3158 5341; baseline -0.002 -15"><span class='ocrx_word' id='word_1_731' title='bbox 2033 5271 2102 5326; x_wconf 80' lang='lat' dir='ltr'><strong>Et</strong></span> <span class='ocrx_word' id='word_1_732' title='bbox 2138 5270 2478 5326; x_wconf 77' lang='lat' dir='ltr'><strong>considerabo</strong></span> <span class='ocrx_word' id='word_1_733' title='bbox 2505 5270 2778 5326; x_wconf 86' lang='lat' dir='ltr'><strong>mirabilia</strong></span> <span class='ocrx_word' id='word_1_734' title='bbox 2806 5273 2870 5326; x_wconf 87' lang='lat' dir='ltr'><strong>de</strong></span> <span class='ocrx_word' id='word_1_735' title='bbox 2899 5270 3006 5341; x_wconf 74' lang='lat' dir='ltr'><strong>lege</strong></span> <span class='ocrx_word' id='word_1_736' title='bbox 3040 5279 3158 5324; x_wconf 87' lang='lat' dir='ltr'><strong>tua.</strong></span> 
     </span>
    </p>
   </div>
  </div>
