3994 5370
565 364 661 420 ιδι

1496 362 1554 417 3.
1595 363 1942 420 BRUNONlb
1981 366 2525 422 ﬂLhBlPULLNSIS
2567 368 2871 426 EPISCOPI

3736 375 3857 431 εει

566 495 728 536 sensu
773 485 1024 536 contenta
1074 477 1352 550 mysteria.
1402 474 1446 531 Η
1479 475 1642 544 Quae,
1692 477 1796 532 nisi
1843 477 2037 534 littera:
2065 492 2158 533 ve-
2182 483 2226 544 Α
2261 493 2408 533 nam.
2439 477 2481 535 C
2519 482 2818 537 consilium
2861 482 3045 556 itaque
3072 484 3352 542 inventum
3379 497 3464 543 est
3491 494 3684 543 contra
3728 504 3852 543 ma-

563 573 743 626 lamen
769 569 1070 626 abducatur
1090 611 1105 634 ,
1137 569 1436 640 intelligere
1465 583 1570 622 non
1598 583 1904 639 possumus.

563 664 633 720 i9
705 661 892 718 Iucola
941 679 1032 730 ego
1079 676 1193 714 sum
1237 661 1292 714 in
1341 670 1529 714 terra:

707 754 828 808 Non
859 753 1150 807 abscondas
1185 769 1216 806 a
1247 767 1328 805 me
1364 750 1612 804 mandata
1644 760 1756 804 tua.

631 845 673 899 C
711 845 766 899 ln
814 844 916 898 hac
947 852 1090 899 terra
1129 841 1262 911 justi
1306 850 1433 897 sunt
1479 840 1698 907 inculte,
1747 839 1839 910 Qui
1875 840 2150 910 praprlam

562 938 617 993 in
669 936 868 994 mundo
917 951 1024 991 non
1080 934 1282 991 habent
1329 933 1668 989 mansionem
1701 932 1932 997 mentis,
1973 940 2031 984 ut
2075 930 2150 984 ait

560 1028 852 1100 Apostolus
875 1043 890 1083 :
914 1028 1111 1084 Nostra
1133 1027 1474 1084 conversatio
1497 1027 1547 1081 in
1576 1027 1727 1082 caelis
1749 1035 1833 1082 est
1853 1025 2018 1094 (Phil.
2041 1025 2146 1093 ιιι).

561 1121 811 1176 Mandata
861 1122 1005 1176 enim
1060 1120 1294 1175 diximus
1333 1137 1346 1174 :
1399 1119 1598 1190 Diliges
1647 1118 1932 1173 Dominum
1979 1116 2147 1171 Deum

562 1227 752 1282 tuum;
787 1223 842 1270 et
884 1213 1103 1270 similia.
1153 1212 1279 1267 llree
1308 1221 1460 1283 rogat
1502 1221 1558 1266 ut
1611 1211 1659 1266 ei
1710 1211 2015 1266 nullatenus
2059 1225 2150 1264 ce—

559 1307 771 1371 lentur,
804 1321 924 1374 quze
951 1301 1328 1377 peccatoribus
1358 1305 1619 1359 abscousa
1649 1304 1968 1373 probantur.

557 1399 628 1455 20
701 1399 1001 1470 Concupivit
1023 1398 1201 1454 anima
1243 1413 1357 1452 mea
1401 1397 1698 1452 desiderare
1729 1395 2144 1466 justiﬁcationer

775 1501 891 1545 tuas
921 1505 940 1542 .'

697 1581 763 1635 In
786 1583 927 1636 omni
948 1591 1195 1653 tempore.

629 1673 668 1728 C
695 1673 875 1730 Potest
897 1675 1039 1730 enim
1069 1684 1124 1729 et
1165 1673 1414 1740 infidelis,
1445 1674 1510 1730 ad
1543 1674 1759 1745 aliquod
1792 1683 2001 1745 tempus
2031 1689 2144 1730 rem

555 1767 754 1821 bonam
783 1767 1210 1836 concupiscere:
1239 1768 1335 1822 sed
1379 1767 1482 1822 hoc
1529 1777 1745 1822 constat
1781 1776 1987 1822 tantum
2022 1782 2144 1836 per-

2257 567 2576 639 lignantium
2609 573 2897 628 consilium
2921 614 2937 640 ,
2987 584 3041 630 et
3069 585 3259 631 contra
3307 578 3588 648 improbos
3629 576 3853 635 furores

2255 667 2310 713 et
2337 659 2588 726 dolores,
2619 662 2826 718 scilicet
2853 664 3161 721 testimonia
3187 666 3401 722 Domini
3434 669 3717 724 meditata.
3740 669 3853 724 Eo-

2255 762 2376 802 rum
2405 750 2605 820 quippe
2645 752 2905 822 cogitatio
2925 753 3198 824 quoslioet
3227 755 3442 828 mitigat
3472 757 3712 813 dolores.

2441 861 2806 902 ARGUMENTUI
2845 863 3182 911 SEQUENTIUI
3219 865 3358 908 OCTO
3401 867 3675 910 γεκειιυιι.

2325 934 2364 988 Β
2388 934 2547 993 Plebs
2579 936 2750 993 fidelis
2775 979 2789 1006 ,
2814 950 3133 1010 paupertate
3179 943 3456 998 mundana
3499 947 3800 1001 constricta
3827 989 3843 1008 .

2247 1027 2471 1097 jannam
2508 1044 2567 1084 se
2599 1030 2742 1086 veris
2781 1031 2989 1086 divitiis
3016 1033 3190 1103 aperit
3224 1043 3323 1090 :et
3367 1035 3641 1106 frequenti
3673 1039 3847 1091 medi-

2253 1119 2480 1187 tatione,
2519 1123 2672 1192 quasi
2706 1123 2916 1180 tabulas
2942 1163 2960 1193 ,
3003 1141 3098 1181 sua
3125 1124 3422 1196 praecordia
3447 1125 3543 1182 Dei
3571 1130 3772 1182 manda
3798 1128 3848 1182 is

2251 1210 2494 1268 exhibet.

2392 1305 2438 1360 ll
2475 1304 2517 1359 Β
2545 1304 2737 1364 Daleth
2771 1327 2785 1363 :
2822 1325 3030 1382 pauper
3052 1312 3135 1367 vel
3161 1314 3355 1369 tabula:
3397 1315 3484 1371 vel
3505 1313 3700 1384 janua.

2249 1391 2319 1448 25
2390 1395 2625 1450 Adluesit
2650 1400 2947 1468 pavimento
2977 1403 3156 1456 anima
3183 1420 3299 1458 mea
3325 1418 3345 1456 :

2398 1485 2616 1556 Viviﬁca
2658 1506 2739 1544 me
2761 1493 3047 1548 secundum
3071 1496 3277 1550 terbum
3319 1506 3489 1555 tuum.

2318 1575 2361 1631 C
2389 1575 2698 1634 Adhaesisse
2740 1595 2798 1635 se
2837 1582 2968 1636 dicit
3015 1585 3166 1639 carni
3213 1601 3325 1642 suze
3357 1605 3369 1641 :
3398 1589 3545 1659 quod
3589 1591 3841 1645 vitiosum

2248 1683 2369 1724 esse
2415 1684 2518 1723 non
2552 1670 2774 1726 dubium
2821 1684 2921 1736 est,
2954 1676 3132 1730 anima
3163 1679 3305 1732 enim
3331 1681 3374 1734 si
3404 1682 3680 1737 adbzezeat
3722 1701 3843 1738 cor-

2247 1761 2390 1831 pori,
2420 1761 2631 1817 delictis
2657 1763 2821 1820 favet.
2853 1765 2896 1818 ll
2928 1766 3052 1823 ldeo
3077 1783 3144 1822 ne
3165 1767 3421 1826 delictum
3459 1773 3762 1830 iuvalescat
3787 1778 3840 1830 in

555 1857 713 1913 fcctis
737 1859 1029 1914 convenire
1051 1899 1064 1924 ,
1095 1858 1239 1928 quod
1263 1857 1493 1924 addidit,
1522 1858 1669 1912 omni
1719 1866 1981 1928 tempore.
2029 1857 2142 1910 lloc
2173 1859 2216 1918 Β
2246 1865 2356 1918 me,
2394 1861 2518 1921 peto
2546 1868 2576 1906 a
2609 1862 2660 1908 te
2701 1854 2962 1910 viviticari
2989 1897 3007 1922 ,
3052 1857 3231 1913 sciens
3272 1861 3543 1929 iquoniam
3587 1867 3840 1934 concupi-

556 1961 642 2006 est
701 1960 881 2006 autem
936 1952 1359 2023 concupiscere,
1411 1951 1552 2021 quod
1599 1951 1917 2006 desiderare
1964 1949 2146 2020 (nemo

553 2043 698 2097 enim
749 2042 1048 2108 desiderat,
1088 2043 1193 2098 nisi
1245 2043 1336 2112 qui
1377 2042 1759 2113 concupiscit),
1814 2051 2145 2111 quapropter

552 2133 920 2200 plenissimam
951 2134 1281 2188 voluntatem
1313 2133 1514 2187 indicat
1547 2131 1816 2202 geminata
1843 2130 2138 2202 professio,

552 2223 760 2279 scilicet
798 2223 1252 2294 concupiscentiae
1282 2230 1338 2279 et
1369 2221 1621 2278 desiderii

549 2314 614 2369 21
694 2313 988 2385 lncrepasti
1013 2315 1261 2386 superbos
1286 2329 1306 2369 :

694 2407 964 2462 ﬁla/edicti
987 2409 1076 2479 qui
1108 2406 1374 2462 declinant
1403 2423 1436 2462 α
1466 2405 1730 2461 mandatis
1762 2407 1884 2460 tuis.

622 2495 668 2551 ll
704 2496 1000 2569 lncrepasti
1055 2498 1316 2569 superbos
1357 2516 1369 2551 :
1407 2506 1466 2552 ut
1499 2513 1604 2552 eos
1656 2496 1723 2551 ad
1777 2497 2138 2552 humilitatem

550 2600 816 2661 sanctam,
847 2606 1009 2661 quam
1032 2589 1282 2656 docuisti,
1314 2590 1622 2645 reduceres.
1649 2589 1744 2644 Vel
1771 2605 1869 2658 per
1890 2590 2140 2664 doctores

553 2694 676 2738 tuos
712 2683 964 2754 inerepas
1013 2683 1182 2738 malos
1226 2682 1498 2738 homines.
1557 2680 1827 2736 Maledicti
1876 2690 2002 2736 sunt
2045 2681 2138 2750 qui

550 2775 828 2831 declinant
855 2791 886 2828 a
912 2775 1183 2830 mandatis
1218 2773 1313 2830 Dei
1361 2793 1374 2828 :
1419 2774 1513 2829 sed
1558 2783 1683 2830 tunc
1704 2772 1939 2841 pleniter
1965 2772 2136 2827 male-

547 2867 678 2920 dicti
707 2874 866 2921 erunt
889 2905 903 2930 ,
934 2865 1153 2934 quando
1185 2865 1430 2920 dicturus
1450 2864 1592 2919 erit:
1623 2863 1720 2929 lte,
1763 2863 2055 2927 maledicti,
2083 2863 2137 2917 in

549 2959 735 3029 ignem
786 2964 1047 3012 aeternum
1079 2955 1301 3027 (Matth.
1331 2953 1482 3024 xxv).
1532 2954 1574 3011 C
1625 2955 1914 3025 lncrepare
1956 2963 2135 3009 autem

549 3048 782 3103 dicimus
809 3088 824 3113 ,
856 3045 1012 3117 quasi
1040 3045 1108 3102 de
1143 3044 1510 3101 taciturnitate
1538 3058 1791 3116 crepare,
1818 3052 1872 3098 et
1905 3043 1958 3098 in
1991 3059 2138 3097 mor-

549 3141 708 3196 dacia
737 3140 881 3196 dicta
918 3139 1188 3207 prosilire,
1231 3139 1376 3210 quod
1420 3137 1562 3194 Deus
1589 3152 1686 3210 per
1715 3136 2024 3208 Scripturas
2051 3136 2134 3192 di-

549 3234 710 3288 vinas
748 3231 1064 3302 frequenter
1102 3229 1249 3286 facit.

547 3320 620 3374 22
690 3321 855 3391 Aufer
882 3339 914 3375 a
947 3338 1026 3377 me
1053 3321 1386 3392 opprobrium
1421 3329 1469 3375 et
1500 3330 1850 3391 contemptum
1877 3333 1896 3371 :

697 3411 836 3478 Quia
858 3412 1154 3467 testimonia
1181 3420 1272 3466 tua
1292 3411 1568 3483 exquisivi.

622 3499 662 3555 C
689 3499 1015 3556 Intuendum
1043 3508 1128 3555 est
1155 3514 1327 3569 quare
1358 3507 1549 3570 petunt
1578 3506 1846 3569 martyres
1898 3513 1927 3552 a
1957 3510 2016 3553 se
2047 3511 2140 3567 0p-

545 3593 768 3664 probria
815 3592 1122 3658 removeri,
1152 3591 1294 3648 unde
1337 3605 1398 3646 se
1436 3599 1699 3647 noverant
1733 3589 2005 3645 coronari.
2031 3588 2140 3645 Sed

548 3686 666 3742 haec
692 3684 868 3740 oratio
892 3699 991 3755 pro
1017 3683 1456 3756 persecutoribus
1508 3680 1773 3747 funditur,
1809 3689 1870 3734 ut
1905 3695 2136 3735 conver-

551 3785 758 3832 tantur.
789 3775 944 3844 Quia,
977 3777 1106 3833 dum
1148 3775 1396 3832 conversi
1421 3773 1655 3840 fuerint,
1682 3773 1889 3829 tollitur
1934 3782 2140 3844 marty-

548 3871 700 3925 ribus
741 3869 1090 3940 opprobrium
1120 3885 1138 3924 :
1168 3868 1386 3940 quando
1433 3876 1490 3924 et
1532 3875 1913 3939 persecutores
1961 3865 2136 3936 ipsam

548 3962 864 4034 religionem
892 3961 1108 4031 colunt,
1139 3977 1302 4032 quam
1352 3961 1407 4016 in
1453 3960 1660 4017 sanctis
1699 3959 2132 4030 persequendam

548 4070 670 4108 csse
696 4062 1046 4125 putaverunt.

544 4145 616 4198 23
692 4145 900 4199 Etenim
938 4145 1183 4200 sederunt
1221 4145 1482 4215 principes
1528 4153 1576 4197 et
1613 4143 1888 4198 adversum
1934 4158 2014 4196 me
2055 4142 2138 4197 lo-

765 4235 1060 4304 quebantur
1083 4254 1100 4289 :

693 4327 884 4382 Seruus
923 4338 1097 4381 autem
1125 4337 1246 4380 tuus
1274 4326 1612 4380 exercebatur
1654 4325 1707 4379 in
1727 4324 2129 4394 justiﬁcationi-

620 4507 663 4561 ll
696 4419 851 4573 Qti’ti‘ti
876 4428 1233 4576 tliiiiloquitur
1272 4506 1541 4576 Propheta
1579 4506 1647 4560 de
1691 4519 1772 4571 se,
1805 4503 2042 4559 futurum
2073 4504 2128 4558 in

2249 1943 2458 1996 scentia
2486 1944 2669 2000 carnis
2697 1955 2925 2000 mortem
2950 1958 3225 2018 operatur.
3253 1950 3293 2005 C
3333 1950 3709 2008 Pavintentum
3736 1956 3833 2025 igi-

2248 2043 2338 2088 tur
2378 2049 2479 2104 pro
2506 2050 2734 2106 corpore
2763 2039 3002 2106 ponitur.
3039 2041 3131 2094 Est
3155 2043 3304 2097 enim
3333 2045 3709 2112 pavimentum
3738 2048 3839 2101 soli

2245 2123 2474 2193 alicujus
2499 2126 2553 2180 in
2579 2125 2853 2182 levitatem
2885 2131 3173 2185 maximam
3201 2143 3516 2190 constructa
3546 2137 3795 2192 soliditas
3820 2152 3836 2191 :

2243 2223 2299 2269 et
2321 2230 2520 2286 corpus
2547 2225 2791 2272 nostrum
2821 2219 2986 2274 simili
3025 2222 3202 2278 nitore
3221 2222 3488 2294 levigatur

2242 2304 2314 2360 26
2399 2305 2523 2361 νέας
2557 2324 2698 2362 meas
2729 2311 2994 2364 enuntiari
3031 2321 3077 2365 et
3113 2315 3376 2368 exaudisti
3415 2329 3471 2370 -ι-
3503 2332 3585 2370 me
3619 2317 3639 2385 ζ
3692 2336 3707 2372 :

2386 2399 2524 2454 Doce
2555 2417 2636 2455 me
2657 2401 3071 2470 justiﬁeationes
3093 2413 3233 2459 tuas.

2314 2492 2360 2548 li
2386 2495 2512 2549 Vias
2541 2509 2708 2561 meas,
2735 2495 2786 2549 id
2811 2506 2894 2552 est
2917 2512 3080 2567 opera
3105 2499 3312 2568 peccati
3341 2500 3465 2556 mei.
3496 2501 3790 2556 Bnuntiari
3818 2521 3833 2554 :

2241 2597 2340 2654 per
2366 2582 2782 2638 confessionem.
2817 2585 2884 2640 Et
2930 2587 3199 2642 exaudisti
3241 2605 3328 2644 me
3362 2607 3376 2643 :
3406 2591 3531 2659 quia
3577 2593 3835 2647 remisisti

2242 2675 2374 2730 mihi
2397 2683 2620 2745 peccata
2664 2691 2806 2742 mea,
2855 2695 2998 2734 nunc
3027 2681 3333 2736 doctrinam
3367 2683 3587 2754 indulge
3613 2723 3628 2748 ,
3671 2699 3833 2754 quam

2243 2766 2297 2821 in
2319 2766 2804 2838 justificationibus
2833 2772 2941 2827 tuis
2971 2773 3228 2829 edocear.
3274 2773 3314 2829 (Ζ
3345 2774 3413 2828 Ει
3453 2775 3590 2830 doce
3634 2791 3715 2828 me
3742 2775 3831 2843 ju—

2241 2857 2598 2914 stiticationes
2627 2867 2747 2915 tuas
2778 2879 2791 2914 :
2817 2876 2924 2917 non
2953 2864 3020 2917 ad
3063 2864 3391 2919 audiendum
3422 2865 3516 2920 sed
3537 2865 3606 2920 ad
3634 2865 3833 2920 facien-

2241 2946 2389 3010 dum,
2423 2946 2512 3002 ille
2539 2949 2685 3004 enim
2724 2949 3028 3006 divinarum
3067 2968 3252 3009 rerum
3282 2955 3474 3010 doctus
3503 2956 3832 3019 ostenditur,

2241 3039 2334 3108 qui
2365 3039 2465 3094 sibi
2494 3042 2698 3096 credita
2725 3041 2919 3100 fecisse
2945 3056 3304 3101 monstratur.

2238 3128 2309 3182 27
2392 3129 2543 3184 Viam
2559 3131 3007 3202 justiﬁcationum
3043 3146 3256 3190 tuarum
3284 3139 3485 3192 instrue
3508 3154 3588 3191 me
3610 3153 3632 3192 :

2385 3219 2451 3276 Et
2477 3225 2755 3278 exercebar
2779 3225 2831 3279 in
2855 3225 3178 3280 mirabilibus
3206 3229 3328 3281 tuis.

2335 3313 2379 3368 ll
2420 3314 2571 3370 Viam
2614 3314 3092 3384 justificationum,
3148 3319 3202 3372 id
3252 3328 3356 3386 est,
3409 3317 3832 3387 iustiﬁcationes

2241 3422 2375 3478 quas
2411 3406 2545 3480 legis
2583 3407 2763 3465 littera
2802 3409 3050 3480 protulit,
3090 3410 3414 3480 spiritaliter
3466 3411 3710 3481 capiam.
3763 3412 3826 3466 Et

2240 3501 2542 3556 exercebor
2595 3501 2649 3556 in
2699 3501 3075 3566 mirabilibus,
3133 3501 3183 3556 id
3241 3510 3328 3557 est
3373 3501 3426 3556 in
3487 3501 3826 3572 apostolicis,

2249 3597 2572 3670 cazterisque
2610 3599 2874 3668 doctrinis
2923 3598 3329 3662 ecclesiasticis,
3377 3613 3498 3668 qum
3531 3598 3586 3653 in
3617 3613 3682 3653 ea
3715 3599 3829 3667 lege

2240 3697 2370 3743 sunt
2389 3689 2652 3759 figurata».
2667 3691 2710 3746 C
2732 3688 2980 3745 Praebent
3002 3689 3150 3744 enim
3175 3688 3445 3744 intellecta
3465 3688 3788 3742 miraculum
3809 3705 3821 3739 :

2237 3779 2452 3847 quando
2483 3779 2562 3835 sic
2599 3780 2651 3834 in
2681 3779 2936 3851 praesenti
2959 3787 3087 3835 sunt
3124 3778 3325 3851 posita,
3373 3788 3432 3834 ut
3457 3777 3621 3851 longe
3647 3778 3824 3834 futura

2237 3868 2548 3938 significare
2578 3869 2886 3924 videantur.

2236 3960 2306 4016 28
2381 3961 2695 4016 Dormitavit
2718 3963 2896 4017 anima
2932 3979 3048 4017 mea
3071 3979 3181 4034 pra:
3221 3963 3378 4018 mdia
3401 3978 3423 4017 .-

2399 4050 2668 4120 Conﬁrma
2707 4069 2785 4106 me
2815 4053 2868 4106 iu
2907 4053 3071 4107 verbis
3111 4052 3234 4106 tuis.

2309 4140 2351 4194 ll
2384 4139 2706 4194 Dormitavit
2733 4141 2914 4194 anima
2943 4159 2955 4194 :
2983 4141 3035 4195 in
3063 4139 3222 4207 hujus
3241 4139 3541 4194 habitaculi
3571 4139 3812 4194 mortalis

2236 4233 2489 4289 statione.
2521 4232 2639 4288 Prte
2669 4233 2826 4288 taedio
2862 4250 2877 4287 :
2913 4233 3298 4288 imbecillitatis
3330 4248 3634 4301 corporeae.
3686 4233 3821 4288 Con-

2236 4325 2392 4378 firma
2432 4339 2519 4378 me
2552 4342 2566 4377 :
2603 4332 2680 4388 ut,
2733 4324 2912 4379 ablato
2943 4339 3134 4379 somno
3174 4325 3406 4394 peccati,
3449 4324 3722 4378 inStanter
3765 4325 3813 4375 in

2243 4414 2329 4468 his
2363 4415 2645 4483 praeceptis
2685 4413 2980 4484 invigilem.
3017 4414 3056 4471 C
3093 4415 3336 4468 Dormire
3372 4415 3628 4469 oliliviosi
3665 4425 3820 4483 atque

2245 4509 2490 4563 socordis
2517 4516 2620 4574 est,
2649 4509 2943 4564 dormitare
2981 4525 3112 4564 vero
3157 4508 3283 4565 fessi
3333 4520 3388 4564 et
3432 4511 3812 4579 exspectantis.

542 4599 806 4670 apostolis
853 4599 1183 4670 reliquisque
1235 4600 1566 4669 martyribus
1605 4599 1743 4654 vidit
1781 4618 1794 4652 :
1830 4597 1922 4668 qui
1960 4597 2130 4652 multa
2163 4583 2210 4640 D
2241 4599 2394 4654 llanc
2461 4609 2641 4654 autem
2713 4600 3152 4656 dormitationem
3211 4601 3508 4658 Cassianus
3575 4603 3816 4657 acediam

544 4705 728 4748 coram
781 4688 998 4758 regibus
1043 4697 1098 4744 et
1132 4688 1493 4760 praesidibus,
1539 4688 1770 4745 Domino
1823 4689 2126 4752 nuntiante.

543 4779 787 4851 perpessi
831 4788 958 4834 sunt
989 4797 1002 4832 :
1035 4779 1124 4848 qui
1162 4781 1559 4834 exercebantur
1603 4781 1654 4834 in
1687 4781 1850 4850 justis
1875 4779 2129 4848 operibus

540 4881 597 4927 et
628 4871 722 4926 Dei
746 4870 1230 4940 justificationibus
1255 4913 1271 4939 ,
1297 4873 1462 4928 etiam
1494 4889 1667 4943 usque
1710 4872 1778 4927 ad
1827 4872 2126 4927 sectionem

539 4962 839 5018 cervicum.
885 4963 926 5018 (Σ
966 4962 1376 5018 Exercebantur
1417 4965 1583 5018 etiam
1629 4963 1683 5016 in
1735 4961 2021 5016 tormentis
2059 4961 2128 5014 ad

2039 5063 2120 5070 .-.ι-

2235 4699 2396 4744 vocat

2233 4777 2302 4832 29
2385 4777 2537 4832 Viam
2564 4779 2854 4851 iniquitatis
2886 4799 3065 4838 amove
3085 4801 3116 4836 a
3139 4799 3219 4838 me
3239 4799 3258 4838 :

2399 4867 2464 4920 Et
2493 4869 2548 4922 in
2577 4869 2687 4939 lege
2712 4880 2802 4924 tua
2825 4872 3070 4926 miserere
3099 4874 3220 4926 mei.

2305 4957 2346 5011 ll
2381 4959 2532 5014 Viam
2581 4960 2883 5028 iniquitatis
2926 4962 3002 5030 (id
3053 4972 3155 5026 est,
3198 4961 3525 5016 desiderium
3568 4963 3700 5016 illud
3729 4978 3815 5031 per

2234 5047 2370 5070 μη...]
2408 5049 2692 5070 --I...----..
2723 5050 2823 5070 l--_.-
2863 5067 2890 5070 -_
