3994 5370
196 293 300 349 43⁸5

1310 295 1672 355 EXPOSlTIO
1705 295 2149 356 PSALMORUM.
2547 314 2558 326 '
3361 301 3426 360 ιδ
3439 303 3473 358 ι

193 410 363 463 vitam
387 417 653 466 aeternam
681 409 861 479 (loan.
889 409 988 481 vi).
1035 409 1075 466 C
1119 411 1326 484 Eligcre
1372 423 1550 470 autem
1590 421 1671 470 est
1713 413 1780 468 de
1808 417 1854 477 Α
1883 411 1951 466 36
2026 411 2234 466 Inclina
2258 428 2348 465 cor
2372 429 2540 468 meum
2569 412 2621 469 in
2654 413 2953 468 testimonia
2974 423 3110 468 tua:

193 500 380 556 multis
407 500 601 574 ehgere
631 517 812 557 unum.

190 598 253 655 51
334 601 552 656 Adhtrsi
573 605 883 657 testimoniis
911 605 1036 670 tuis,
1061 604 1282 659 Domine
1310 623 1328 660 .-

332 690 465 746 Νοιὶ
489 709 574 748 me
595 693 934 762 confundere.

269 784 312 838 ﬂ
373 785 516 852 Quia
596 786 798 841 adhaesi
869 788 1195 844 testimoniis
1256 790 1360 845 tuis
1416 809 1430 845 :
1495 791 1619 861 quia
1691 793 1780 849 his

190 875 504 940 adhcrens,
579 878 915 933 anteriorum
999 879 1303 936 facinorum
1386 883 1773 953 indulgentiam

186 969 360 1021 merui
395 986 408 1020 :
444 968 569 1024 ideo
598 981 743 1039 pcto,
771 969 966 1038 adjuva
1006 986 1114 1037 me,
1159 989 1226 1028 ne
1265 977 1458 1030 iterum
1500 978 1552 1031 in
1593 980 1776 1048 priora

188 1070 412 1128 peccata
437 1061 763 1127 reincidam,
781 1072 836 1118 et
858 1064 931 1118 ita
955 1079 1023 1118 ne
1045 1079 1132 1119 me
1154 1067 1376 1136 patiaris
1397 1069 1464 1124 de
1482 1070 1776 1128 iteratione

187 1152 392 1220 peccati
422 1152 706 1218 confundi,
764 1165 818 1210 et
857 1155 912 1210 in
958 1155 1162 1223 judicio
1217 1159 1410 1215 deinde
1460 1172 1550 1216 tuo
1597 1162 1774 1233 palam

189 1243 576 1297 verecundiam
602 1245 733 1314 pati.

186 1349 260 1403 δὲ
337 1351 491 1406 Viam
523 1354 897 1410 mandatorum
935 1365 1146 1411 tuorum
1176 1360 1427 1415 cucurri:

325 1442 460 1496 Cum
495 1444 735 1499 dilatasti
758 1463 848 1499 cor
876 1463 1070 1502 meum.

256 1534 301 1588 Η
325 1535 559 1592 Cucurri
585 1538 728 1593 viam
773 1557 785 1593 :
821 1541 1038 1610 quando
1069 1543 1238 1597 multa
1268 1546 1521 1613 patiebar
1550 1557 1775 1618 propter

185 1629 413 1684 verbum
439 1638 614 1694 tuum,
639 1630 708 1684 ob
733 1646 881 1702 spem
907 1635 1100 1688 futura:
1123 1635 1498 1692 beatitudinis.
1523 1639 1772 1696 Dilatasti

184 1733 280 1771 eor
311 1734 516 1783 meum,
551 1719 757 1775 scilicet
790 1722 841 1775 in
882 1721 1168 1778 latitudine
1195 1726 1478 1781 charitatis
1502 1737 1556 1782 et
1577 1730 1688 1800 spei
1719 1739 1774 1785 et

186 1809 329 1862 fidei.
357 1810 400 1864 (ἶ
435 1811 534 1866 Vel
580 1813 780 1867 dicitur
813 1814 1120 1876 dilatatam.
1172 1819 1413 1875 scientia:
1464 1821 1766 1877 latitudine.

183 1900 316 1954 Cum
346 1903 492 1956 enim
522 1903 700 1957 anima
729 1904 905 1960 lumen
930 1909 1176 1963 veritatis
1203 1911 1420 1981 accipit,
1457 1913 1508 1966 in
1535 1914 1773 1968 multifa-

184 1993 296 2045 rias
319 1995 631 2064 agnitioncs
657 1998 920 2067 aperitur,
945 2009 998 2054 ct
1027 2000 1190 2056 latior
1213 2003 1454 2059 redditur
1481 2007 1772 2063 virtutibus

185 2086 439 2155 cognitis.

381 2194 750 2237 ΔΒῦυὶίΕΝΊὊΙ
780 2199 1113 2248 εερυεκτιωι
1142 2202 1279 2243 OCTO
1310 2205 1573 2246 V'ERSUUI.

255 2287 296 2342 C
323 2285 365 2341 Β
394 2287 562 2346 Beata
600 2292 754 2363 plebs
782 2296 988 2364 expetit
1020 2314 1032 2350 :
1067 2306 1125 2352 ut
1152 2299 1204 2353 in
1255 2300 1370 2373 lege
1403 2301 1612 2358 Domini
1652 2304 1770 2374 ejus

182 2377 386 2460 debeat
425 2395 652 2438 munere
708 2387 991 2443 custodiri.
1046 2388 1087 2442 Β
1137 2389 1200 2444 Et
1248 2391 1406 2458 bene,
1468 2394 1771 2464 suscipiens

184 2468 487 2538 appellatur
531 2491 544 2527 :
595 2489 715 2544 quae
762 2476 892 2532 dicit
929 2477 1005 2532 Da
1062 2479 1192 2534 mihi
1254 2481 1603 2539 intellectum.
1650 2485 1768 2556 ipsa

181 2576 402 2631 quoque
437 2561 560 2632 jure
592 2579 843 2636 vocatur,
872 2585 992 2640 quae
1032 2571 1084 2626 in
1129 2571 1317 2628 eadem
1349 2590 1563 2646 semper
1590 2577 1770 2634 inten-

185 2652 330 2706 tione
361 2655 680 2724 persistens,
715 2671 745 2711 a
778 2660 1015 2716 vanitate
1043 2662 1228 2717 saeculi
1259 2665 1446 2721 oculos
1473 2669 1694 2723 avertit.

517 2768 558 2823 B
597 2768 675 2825 lie
700 2769 744 2825 Η
774 2770 815 2825 Β
844 2771 963 2843 Ipsa
995 2775 1081 2830 vel
1121 2777 1446 2848 suscipiens.

181 2857 250 2911 55
324 2861 511 2934 Legem
534 2881 669 2934 pone
715 2866 867 2935 mihi,
905 2865 1144 2939 Domine,
1170 2871 1303 2926 riam
1324 2873 1768 2944 justiﬁcatiouum

419 2965 630 3009 tuarum
656 2971 679 3012 ἔ

327 3041 398 3096 Et
422 3047 694 3116 exquiram
721 3064 835 3104 eam
855 3067 1076 3124 semper.

2016 505 2082 560 Et
2107 521 2207 560 non
2228 506 2280 559 in
2309 506 2608 560 avaritiam.

1944 600 1987 655 C
2009 599 2260 655 lnclinari
2291 615 2385 654 cor
2412 615 2568 654 suum
2599 601 2734 670 petit
2769 601 2824 656 in
2871 601 3180 657 testimonia
3235 600 3469 668 Domini,

1874 694 1965 748 ubi
1989 708 2095 748 non
2125 706 2222 764 per
2243 707 2492 762 rapacem
2525 694 2805 748 avaritiam
2829 734 2843 758 ,
2873 695 2969 750 sed
3017 710 3113 765 per
3144 694 3471 752 laudabilem

1875 785 2234 840 humilitatem
2264 793 2558 854 praestante
2601 784 2830 840 Domino
2875 787 3214 857 pervenitur,
3268 788 3468 843 sciensr

1875 895 1982 949 que
2004 878 2201 933 cohors
2232 877 2321 931 illa
2347 886 2682 944 sanctorum,
2710 879 2995 934 avaritiam
3042 894 3298 950 capacem
3350 894 3471 933 esse

1874 969 2151 1033 vitiorum,
2183 968 2302 1022 ideo
2331 966 2470 1021 hanc
2503 968 2740 1038 postulat
2771 983 2800 1021 a
2833 984 2892 1024 se
2931 971 3190 1025 amoveri.
3229 969 3473 1023 Avaritia

1874 1070 1956 1116 est
1985 1061 2129 1116 enim
2157 1057 2390 1130 ﬂagrans
2413 1059 2635 1115 omnino
2672 1060 2999 1116 desiderium
3045 1077 3226 1117 rerum
3268 1070 3473 1132 tempo-

1878 1151 2092 1207 raliutn.

1875 1243 1942 1296 37
2016 1246 2201 1299 Avertit
2231 1245 2407 1300 oculos
2428 1261 2568 1300 meo:
2593 1262 2655 1301 ne
2680 1245 2886 1300 videant
2920 1245 3198 1301 vanitatem
3224 1263 3244 1302 :

2019 1334 2087 1390 In
2127 1336 2207 1391 via
2229 1346 2320 1391 tua
2341 1337 2541 1407 vivi/ica
2565 1355 2667 1393 me.

1947 1424 1990 1483 C
2013 1429 2345 1499 Deprecatur
2361 1429 2512 1500 plebs
2543 1434 2724 1499 beata,
2753 1442 2812 1488 ut
2835 1432 3022 1489 oculos
3049 1434 3232 1489 cordis
3257 1445 3469 1488 avertat

1878 1537 1911 1578 a
1929 1523 2220 1580 mundanis
2246 1525 2719 1592 delectationibus,
2751 1529 2885 1598 quia
2902 1543 3000 1582 nos
3031 1541 3130 1599 per
3155 1527 3340 1584 oculos
3359 1543 3476 1598 pec-

1877 1630 2002 1672 care
2025 1619 2133 1673 non
2164 1617 2388 1674 dubium
2418 1627 2518 1677 est.
2551 1619 2678 1674 dum
2705 1620 2757 1674 in
2791 1620 3092 1677 ambitione
3137 1621 3476 1676 diversarum

1879 1721 2060 1763 rerum
2093 1709 2452 1765 traducimur.
2491 1710 2599 1766 Sed
2639 1712 2854 1766 additur
2891 1719 3013 1782 apta
3043 1712 3254 1781 petitio,
3303 1720 3363 1765 ut
3416 1710 3484 1765 in

1803 1777 1848 1836 Β
1880 1798 1962 1852 via
1989 1815 2107 1865 sua,
2139 1800 2190 1854 id
2221 1809 2308 1856 est
2360 1801 2413 1855 in
2460 1801 2682 1856 Christo
2717 1777 2998 1856 viviﬁcare
3045 1777 3320 1873 dignetur.
3373 1800 3483 1856 Hie

1879 1897 2136 1944 notantur
2169 1889 2266 1954 illi,
2315 1891 2407 1962 qui
2457 1890 2690 1946 diversis
2736 1890 3059 1962 spectaculis
3117 1901 3474 1961 occupantur,
3553 1933 3558 1936 .

1875 1983 1966 2052 qui
1999 1985 2286 2040 mulierum
2319 1986 2467 2043 {mdo
2490 2003 2676 2043 amore
2702 1988 3010 2059 rapiuntur,
3040 2003 3068 2042 a
3102 1988 3300 2059 quibus
3340 2003 3476 2044 ocuo

1877 2074 1958 2132 los
1979 2085 2230 2133 avertere
2257 2078 2470 2134 nolunt.

1872 2167 1943 2224 58
2018 2167 2206 2224 Statue
2234 2185 2380 2224 servo
2405 2180 2494 2225 tuo
2525 2169 2786 2238 eloquium
2816 2181 2963 2226 tuum
2990 2183 3016 2224 θ

2017 2258 2084 2313 In
2113 2260 2299 2315 timore
2319 2268 2435 2316 tuo.

1943 2351 1985 2408 C
2015 2350 2206 2408 Statue
2235 2353 2388 2418 dicit,
2417 2353 2572 2424 quasi
2600 2359 2747 2410 stare
2775 2353 2882 2418 fac,
2914 2353 3105 2409 id‘est.
3126 2354 3312 2424 intige,
3339 2369 3469 2408 con-

1874 2440 2044 2497 solida
2073 2449 2237 2513 atque
2257 2442 2542 2510 conﬁrma,
2573 2458 2643 2499 ne
2664 2451 2916 2500 sanctum
2967 2444 3242 2514 eloquium
3299 2445 3477 2514 passio

1875 2546 1996 2588 nius
2019 2530 2195 2604 fugaci
2217 2532 2493 2589 oblivione
2517 2534 2794 2591 amittere.
2820 2531 2955 2601 Quia
2986 2533 3202 2606 plurimi
3253 2533 3474 2603 eloquia

1874 2621 2088 2678 Domini
2113 2623 2416 2694 suscipiunt
2447 2624 2800 2695 negligenter,
2852 2632 2909 2679 et
2947 2632 3206 2694 tanquam
3260 2622 3475 2678 tabulas

1874 2713 2098 2770 inutiles
2119 2713 2311 2770 audire
2335 2713 2632 2780 declinant,
2667 2715 2788 2770 ideo
2809 2714 3036 2779 addidit,
3061 2714 3115 2768 in
3141 2715 3335 2769 timore
3350 2723 3468 2778 tuo,

1875 2803 1964 2859 ubi
1997 2819 2274 2875 nunquam
2297 2806 2454 2878 culpa
2505 2807 2832 2878 acquiritur,
2880 2821 2980 2862 nec
3013 2806 3082 2861 ad
3106 2807 3325 2862 desidiae
3366 2807 3475 2861 dis.

1874 2896 2105 2952 crimina
2130 2897 2468 2968 pervenitur.

1871 2987 1941 3044 59
2014 2991 2241 3058 Amputa
2275 2991 2608 3061 opprobrium
2631 3008 2804 3047 meum
2824 2994 2964 3064 quod
2993 2992 3292 3064 suspicatus
3321 3008 3436 3046 sum
3455 3008 3493 3049 a

2180 3083 2227 3136 ia
2277 3080 2298 3152 ξ
2342 3083 2549 3153 judicia
2577 3094 2666 3138 tua
2680 3085 2943 3155 jucunda.

254 3131 299 3186 Η
335 3132 606 3204 Propheta
646 3138 698 3194 in
725 3154 957 3210 persona
986 3144 1241 3201 Ecclesia
1273 3147 1434 3204 dicit:
1464 3149 1685 3223 Legem,
1712 3154 1765 3209 id

1940 3172 1982 3226 A
2021 3172 2061 3228 C
2091 3131 2220 3229 iure
2247 3131 2377 3245 ergo
2406 3175 2641 3243 postulat
2665 3131 2768 3229 sibi
2802 3175 3070 3245 amputari
3100 3174 3478 3245 opprobrium,

180 3236 283 3292 est,
317 3229 596 3286 Christum
622 3250 762 3304 pone
793 3238 922 3292 mihi
949 3238 1057 3307 (lex
1087 3241 1231 3296 enim
1267 3242 1520 3300 Christus
1543 3247 1669 3319 est),
1703 3265 1767 3303 ac

179 3319 222 3372 si
250 3320 399 3376 dicat
429 3340 444 3378 :
477 3322 846 3398 Temetipsum
902 3345 1042 3400 pone
1086 3333 1242 3400 mihi,
1287 3335 1390 3392 hoc
1435 3346 1519 3394 est
1580 3342 1768 3396 venire

179 3411 442 3481 digneris,
471 3423 527 3468 et
557 3417 840 3486 exquiram
885 3429 937 3476 te
973 3436 1226 3493 semper:
1261 3435 1320 3480 ut
1370 3435 1458 3482 tua
1508 3431 1766 3486 mandata

179 3505 510 3561 custodiam.
543 3507 583 3564 C
627 3509 722 3564 Vel
768 3513 898 3582 quia
941 3517 1191 3586 superius
1221 3517 1375 3584 dixit,
1427 3521 1479 3576 in
1528 3522 1645 3593 lege
1679 3534 1767 3578 tua

180 3593 446 3650 miserere
471 3598 574 3652 mei
598 3599 762 3669 (quod
779 3602 979 3657 dictmn
998 3613 1081 3662 (εει
1103 3605 1373 3662 deV’eteri
1394 3607 1764 3678 Testamento,

179 3685 326 3753 quod
357 3686 561 3742 nullum
592 3691 768 3759 potuit
816 3693 1029 3749 salvarc
1076 3709 1170 3774 per
1217 3698 1298 3767 se)
1345 3713 1488 3754 nunc
1527 3699 1660 3754 dicit
1703 3704 1769 3757 de

181 3777 300 3848 lege
329 3778 464 3834 Novi
492 3779 850 3852 Testamenti,
881 3801 1043 3857 quam
1069 3790 1220 3860 cupit
1245 3792 1447 3847 venire.

178 3894 248 3948 35
326 3895 408 3950 Da
434 3897 563 3951 mihi
617 3900 936 3966 intellectum
969 3913 1018 3957 et
1054 3907 1328 3959 scrutabor
1361 3905 1524 3976 legem
1574 3919 1718 3962 tuam
1748 3925 1767 3963 :

325 3985 395 4038 Et
421 3990 713 4043 custodiam
746 3991 895 4045 illaut
922 3994 976 4047 in
1005 4002 1112 4048 toto
1140 3995 1296 4050 corde
1325 4013 1457 4049 meo.

257 4077 299 4134 C
336 4078 528 4136 Omnis
560 4083 702 4139 enim
755 4084 1064 4141 intellectus
1109 4101 1138 4141 a
1187 4088 1298 4144 Deo
1347 4088 1626 4156 tribuitur,
1675 4091 1770 4146 sed

183 4180 364 4228 tamen
424 4189 816 4247 nonnunquam
869 4179 955 4234 ad-
987 4181 1170 4235 studia
1219 4198 1383 4252 prava
1443 4184 1766 4240 deﬂectitur.

186 4261 229 4315 ll
265 4264 372 4318 Sed
403 4266 492 4321 hic
524 4276 680 4338 rogat
706 4269 974 4336 Ecclesia,
1000 4280 1060 4325 ut
1091 4272 1359 4344 intelligat
1381 4275 1768 4331 discretionem

188 4353 328 4409 inter
359 4355 563 4411 bonum
587 4367 641 4412 et
671 4360 896 4427 malum,
937 4363 1079 4416 inter
1116 4362 1354 4418 litteram
1407 4376 1462 4421 et
1499 4383 1720 4422 sensum
1753 4387 1765 4424 :

186 4457 240 4500 ut
294 4449 568 4504 custodiat
627 4450 772 4506 illam
824 4453 879 4507 in
939 4461 1054 4508 toto
1097 4454 1280 4520 corde,
1328 4455 1380 4511 id
1411 4466 1512 4522 est,
1553 4471 1619 4512 ex
1661 4467 1770 4514 tota

1870 3263 2014 3334 quod
2045 3279 2110 3318 ex
2140 3264 2448 3334 suspicione
2467 3265 2636 3322 venit.
2675 3265 2830 3336 Saepe
2879 3266 3025 3320 enim
3053 3264 3288 3335 aliquem
3328 3263 3476 3332 judi-

1871 3368 2058 3408 camus
2085 3352 2247 3408 talem
2275 3369 2339 3409 ex
2367 3355 2890 3424 suspicione,qualis
2911 3369 3016 3410 non
3042 3362 3145 3420 est,
3175 3361 3230 3409 et
3258 3352 3474 3408 inveni-

1871 3459 1995 3497 mur
2027 3443 2334 3508 mendaces,
2365 3454 2422 3500 et
2452 3445 2782 3500 incurrimus
2811 3445 2884 3499 ita
2935 3445 3310 3514 approbrium,
3367 3443 3476 3498 tale

1870 3534 2220 3603 opprobrium
2243 3544 2298 3590 et
2323 3533 2699 3590 confusionem
2724 3535 2860 3606 petit
2886 3534 3151 3599 amoveri,
3178 3533 3318 3588 unde
3344 3548 3474 3588 reus

1871 3633 2086 3694 poterat
2106 3625 2359 3681 inveniri.
2384 3625 2637 3696 Suspicio
2659 3626 2808 3681 enim
2857 3626 3162 3694 saepissime
3208 3625 3476 3694 probatus

1873 3715 2103 3780 incerta,
2135 3732 2255 3786 quae
2283 3732 2414 3772 vero
2465 3717 2779 3773 Christiano
2809 3731 2916 3771 non
2944 3716 3218 3771 convenit.
3277 3713 3345 3770 Et
3392 3713 3472 3771 sic

1874 3807 2194 3878 exponendo
2219 3817 2434 3880 oportet
2461 3809 2604 3879 quod
2631 3809 2757 3878 poni
2805 3805 3337 3877 conjunctionaliter.
3372 3803 3470 3865 Ju_~

1871 3902 2010 3956 dicia
2040 3911 2130 3956 tua
2151 3900 2414 3970 jucunda,
2440 3903 2616 3972 prima
2641 3901 2926 3957 confessus
2969 3907 3052 3956 est
3100 3896 3473 3951 inﬁrmitatem

1874 4008 2048 4053 suam.
2081 4009 2226 4048 nunc
2273 3994 2485 4048 Domini
2527 3994 2711 4048 laudat
2755 3991 2960 4060 judicia
2989 4029 3009 4056 ,
3054 3988 3473 4056 cujusverbum

1875 4097 2064 4137 verum
2092 4092 2176 4138 est
2205 4098 2442 4152 veraque
2469 4083 2761 4138 sententia.
2787 4082 2916 4136 Ideo
2961 4088 3173 4136 amator
3219 4077 3474 4130 veritatis

1873 4173 2070 4230 meaito
2113 4173 2215 4228 sibi
2249 4174 2548 4245 jucundum
2592 4173 2726 4228 dicit
2774 4171 2990 4227 Domini
3037 4170 3334 4238 eloquium,
3378 4184 3511 4238 per,

1871 4266 2017 4336 quod
2050 4267 2290 4337 requiem
2331 4274 2386 4321 et
2414 4281 2670 4322 coronam
2706 4281 2765 4321 se
2794 4265 2942 4319 novit
2967 4262 3378 4334 acquisiturum.
3411 4318 3422 4322 η

1871 4360 1940 4414 40
2012 4359 2150 4415 Ecce
2171 4359 2440 4430 concupiui
2466 4359 2718 4414 mandata
2745 4367 2837 4412 tua
2867 4371 2902 4412 .'~

2025 4449 2089 4504 In
2110 4450 2352 4521 aequitate
2379 4459 2470 4504 tua
2496 4449 2700 4518 vivi/ica
2720 4466 2822 4504 me.

173 4539 498 4614 dilectione.
523 4542 564 4597 C
590 4543 697 4599 Sed
721 4560 842 4599 cum
867 4545 1018 4614 prius
1047 4545 1362 4614 dixit,viam
1387 4549 1766 4604 mandatorum
1800 4509 1848 4569 Β
1945 4541 1985 4597 C
2015 4542 2073 4596 ιη
2100 4541 2204 4597 1100
2229 4541 2374 4596 ειιίῐη
2397 4555 2561 4597 "61‘5"
2597 4548 2787 4596 δληοῑίι
2823 4538 3020 4596 οοιιοτε
3049 4551 3110 4593 se
3161 4537 3294 4593 ἀίοίί
3342 4551 3472 4592 con‘

184 4633 418 4696 cucurri,
453 4634 580 4702 quid
614 4643 698 4689 est
725 4637 870 4705 quod
911 4637 1117 4690 iterum
1150 4637 1304 4706 petit,
1355 4654 1477 4707 qua:
1517 4655 1576 4694 se
1613 4642 1764 4710 prius

186 4724 457 4791 accepisse
472 4727 815 4789 memoravit,
835 4727 1046 4782 scilicet
1062 4726 1258 4795 legem,
1278 4730 1769 4800 mandatorumque

185 4813 496 4884 viamiquia
514 4817 655 4871 dona
672 4817 880 4873 Domini
899 4819 1158 4874 continue
1171 4829 1293 4874 sunt
1308 4823 1558 4890 petenda,
1576 4832 1632 4876 ut
1648 4839 1778 4878 con-

185 4917 500 4962 serventur:
529 4910 912 4978 scmperenim
951 4910 1045 4965 dat
1071 4911 1162 4980 qui
1189 4911 1387 4968 donata
1413 4924 1719 4970 conservat.

185 4992 252 5049 55
324 4996 500 5053 Deduc
529 5015 614 5053 me
639 5001 692 5053 in
724 5002 913 5056 semita
940 5002 1313 5058 mandatorum
1342 5016 1554 5062 tuorum
1578 5021 1598 5060 :
1732 5010 1740 5018 '

324 5089 462 5155 Quia
485 5092 660 5162 ipsam
689 5094 847 5148 uolui.

254 5178 296 5234 li
324 5179 532 5238 Semita
572 5182 750 5239 minor
782 5193 867 5242 est
892 5197 1060 5254 quam
1112 5185 1222 5252 via,
1267 5186 1370 5245 hoc
1409 5194 1498 5247 est
1532 5196 1680 5244 arcta
1720 5196 1775 5245 et

468 5272 515 5298 2..
583 5270 633 5298 :J
663 5282 784 5298 μη...
830 5271 1088 5298 ...ιηιιροη
1137 5277 1361 5298 -_-.!-,.-
1461 5293 1542 5298 --_-
1577 5277 1686 5298 ,ιμμν
1755 5288 1771 5298 .

190 5281 397 5298 ..ιη-ιβιδ
430 5272 515 5298 "2-
583 5271 633 5298 τι.
663 5282 784 5298 αις-ι.
830 5271 1088 5298 uas-‘1.-.“
1137 5289 1196 5298 Α-

1875 4644 2120 4691 secutam
2144 4633 2534 4705 plenitudinem
2589 4633 2918 4704 gratiarum,
2972 4630 3099 4699 quia
3159 4627 3476 4696 concupivit

1875 4742 2007 4782 vera
2029 4727 2283 4782 mandata
2309 4727 2429 4791 Dei,
2454 4741 2576 4796 qnce
2603 4741 2792 4782 veram
2822 4723 3169 4797 prudentiam
3197 4721 3482 4781 conferunt

1879 4825 1932 4872 ct
1961 4817 2210 4872 salutem.
2241 4815 2498 4887 quuitas
2538 4823 2724 4871 autem
2759 4826 2844 4873 est
2892 4813 3117 4868 verbum
3171 4811 3381 4869 Patris,
3439 4805 3496 4856 ia
3526 4853 3532 4860 ,

1879 4921 1990 4978 quo
2012 4922 2070 4962 se
2104 4905 2364 4961 viviﬁcari
2390 4906 2650 4976 postulat.

2056 5011 2423 5053 ARGUIIENTUI
2463 5010 2820 5058 saansaan-un
2856 5007 2992 5050 oc'ro
3024 5004 3329 5054 venemur.
3451 5063 3482 5074 η
3505 5059 3518 5072 ⁸

1953 5087 1995 5142 C
2023 5088 2064 5141 Β
2093 5086 2337 5143 Postulat
2378 5087 2744 5156 congregatio
2801 5092 2981 5147 sancta
3031 5079 3399 5144 salutarem.
3426 5063 3526 5117 sibi

1880 5177 2171 5234 Dominum
2192 5173 2392 5234 debere
2418 5175 2664 5240 concedi,
2700 5193 2782 5238 ut
2812 5173 3062 5236 inimicos
3087 5164 3171 5222 de
3266 5170 3412 5233 tan“
3435 5163 3551 5254 ’ξδ’

2764 5276 2816 5298 2..
2851 5272 2967 5298 1......
3019 5259 3290 5298 nnmrh:
3343 5241 3521 5298 assidu
3551 5253 3576 5286 ιι

1880 5269 2263 5298 ΜιιηηκηΙῖΛηΛ
2292 5267 2584 5298 ΑΑαιΓιιοιιίῆ.
2638 5275 2696 5298 Δ.
