3994 5370
560 261 672 320 ηδ

1486 269 1542 323 8.
1587 265 1934 325 BRCNONlS
1971 265 2516 328 llERBlPOLENSlS
2555 273 2862 333 EPISCOPI

3729 270 3834 327 ιδιι

565 385 922 446 nuneupetur,
949 384 1015 431 .et
1045 376 1160 447 ipse
1191 377 1441 436 videlicet
1465 377 1557 435 'cui
1587 382 1815 437 dicitur:
1851 381 1930 436 Tu
1967 391 2148 436 autem

2276 385 2324 440 ιϐ
2397 388 2464 442 Et
2501 391 2751 460 loquebar
2787 392 2839 446 iu
2874 385 3180 446 testimoniis
3220 391 3324 446 luis
3359 389 3414 444 in
3459 399 3724 459 conspectu
3758 407 3827 444 re-

562 468 704 525 idem
735 471 849 539 ipse
883 485 942 524 es
969 467 1140 538 (Psal.
1164 471 1260 539 et),
1291 471 1342 524 id
1367 482 1451 526 est
1478 482 1734 527 teternus.
1761 473 1819 527 In
1853 472 2006 540 cujus
2055 473 2160 528 ﬁde

560 563 728 617 etiam
787 561 1030 617 Ecclesia
1072 562 1198 631 ipsa
1255 577 1418 628 esse,
1476 565 1529 619 id
1579 574 1663 620 est
1708 581 1813 620 una
1863 567 2162 636 eademque

559 655 848 710 devotione
870 671 1087 728 semper
1112 657 1199 712 hic
1228 657 1364 714 etin
1403 657 1586 714 futuro
1632 673 1756 714 eum
1812 674 1878 715 eo
1933 674 2169 730 regnare

557 748 882 804 promeruit.

1059 840 1105 894 ll
1145 841 1184 896 Β
1224 842 1339 896 Vau
1373 860 1385 894 :
1431 842 1498 897 Et
1537 841 1671 912 ipse.

558 931 620 986 Η
704 931 775 986 Et
804 933 975 986 veniat
994 949 1152 1002 super
1172 950 1254 986 me
1282 934 1642 994 misericordia
1664 942 1757 987 tua
1781 975 1795 999 ,
1824 933 2039 988 Domine
2067 948 2094 985 :.

581 1053 584 1056 -
654 1078 657 1080 _
710 1023 960 1079 Salutare
981 1034 1128 1076 tuum
1148 1025 1435 1078 secundum
1459 1022 1722 1095 eloquium
1751 1035 1920 1078 tuum.

632 1114 674 1170 C
723 1115 986 1168 l’recatur
1037 1129 1168 1185 ergo
1214 1123 1402 1169 saneta
1462 1116 1834 1186 congregatio,
1887 1124 1948 1170 ut
1995 1131 2161 1186 supra

561 1219 681 1260 eam
713 1205 972 1260 Dominus
1005 1203 1260 1260 Salvator
1301 1205 1577 1270 adveniat,
1607 1205 1701 1275 qui
1733 1215 1816 1260 est
1845 1206 2159 1261 misericor-

561 1297 647 1351 dia
683 1305 1052 1366 peccatorum,
1077 1303 1132 1350 et
1157 1297 1263 1350 vita
1295 1294 1558 1352 ﬁdelium.
1618 1296 1875 1353 Salutare
1921 1311 2048 1353 ecce
2101 1309 2163 1354 ut

559 1387 837 1444 Christum
868 1403 991 1444 esse
1012 1387 1446 1443 misericordiam
1500 1389 1661 1444 istam
1718 1405 1842 1445 esse
1905 1391 2166 1445 ostende-

564 1491 673 1548 ret,
707 1481 914 1536 addidit
943 1479 1183 1535 salutare
1214 1489 1390 1534 tuum.
1415 1479 1517 1547 Qui
1549 1481 1690 1538 bene
1741 1479 1979 1536 salutare
2026 1480 2164 1536 dici-

562 1585 680 1640 tur,
737 1589 838 1644 per
890 1587 1051 1644 quem
1102 1572 1248 1630 salus
1309 1573 1560 1643 gentibus
1610 1573 1796 1637 venit,
1837 1572 1928 1643 qui
1962 1573 2164 1627 mundo

561 1667 852 1738 aegrotanti
878 1665 1205 1721 medicinam
1237 1679 1348 1719 suae
1372 1664 1590 1733 pietatis
1631 1663 1900 1718 attribuit.
1957 1662 2157 1718 Secun-

2473 500 2596 552 gum
2623 503 2641 536 .·

2407 573 2453 626 Ε
2457 585 2472 627 ι
2501 591 2601 629 nou
2633 575 3017 646 ronfuudebar.

2333 665 2372 720 (2
2404 664 2692 734 Loquebar
2718 668 2784 722 de
2815 668 3139 723 testimoniis
3169 667 3288 734 Dei,
3326 668 3586 738 quoniam
3623 671 3840 739 petierat

2262 765 2318 812 et
2373 769 2674 826 acceperat,
2737 767 2797 813 ut
2856 759 3210 828 responderet
3257 759 3709 829 exprobrantibus
3744 762 3840 814 sibi

2265 850 2507 907 verbum.
2543 852 2659 919 Qua
2695 853 2950 908 ﬁrmitate
2983 852 3293 918 roboratus,
3323 853 3466 908 inter
3490 867 3644 923 reges
3671 852 3838 908 muli

2265 960 2371 997 non
2404 959 2463 999 se
2494 944 2625 1000 dicit
2666 958 2786 1000 esse
2838 943 3122 1000 confusum
3148 985 3162 1008 ,
3217 947 3311 1000 sed
3359 945 3645 1000 veritatem
3686 959 3840 1014 quam

2264 1043 2446 1089 mente
2471 1044 2816 1106 conceperat,
2841 1036 3127 1106 intrepidis
3156 1036 3499 1091 sermonibus
3525 1035 3837 1105 proferebat.

2262 1124 2626 1182 Confunditur
2681 1136 2863 1182 autem
2919 1127 3046 1192 ille,
3101 1126 3258 1198 cujus
3320 1143 3418 1197 per
3478 1128 3839 1182 ratiocinatior

2261 1233 2384 1271 nem
2423 1219 2563 1273 dicta
2607 1219 2937 1286 vincuntur;
2991 1219 3058 1273 ad
3110 1221 3492 1276 verecundiam
3545 1229 3716 1275 autem
3757 1235 3843 1274 ve—

2262 1307 2380 1363 nire
2422 1323 2528 1363 non
2563 1319 2770 1378 potest,
2803 1310 2894 1381 qui
2924 1310 3173 1366 veritatis
3211 1311 3378 1381 ipsius
3428 1310 3732 1366 testimonio
3760 1325 3842 1363 res

2260 1397 2392 1452 bora
2403 1407 2454 1451 tu
2465 1415 2508 1452 r.

2262 1488 2329 1543 47
2405 1490 2471 1544 Et
2498 1492 2792 1547 meditabar
2818 1495 2873 1548 in
2901 1495 3168 1550 mandatis
3194 1495 3297 1549 tuis
3325 1509 3350 1547 :.

2406 1579 2537 1646 Qum
2565 1582 2746 1638 dilexi.

2337 1670 2376 1726 (ἶ
2406 1671 2503 1726 llic
2532 1675 2769 1728 ostendit
2789 1684 3144 1744 trequentatte
3175 1676 3548 1731 meditationis
3576 1678 3842 1739 ardorem,

561 1764 687 1816 dum
713 1760 1009 1829 eloquium,
1039 1758 1090 1812 id
1116 1767 1199 1812 est
1221 1757 1519 1812 secundum
1544 1755 1963 1826 promissionem
1989 1771 2154 1825 quam

2276 1765 2510 1818 neditari
2565 1765 2711 1820 enim
2763 1769 3017 1820 mandata
3071 1783 3179 1821 non
3228 1778 3444 1837 potest,
3498 1768 3602 1821 nisi
3653 1768 3738 1836 qui
3784 1785 3848 1819 ea

559 1870 658 1924 per
687 1854 978 1924 prophetas
1016 1850 1287 1920 pollicitus
1315 1863 1395 1903 es.

561 1946 633 2000 42
708 1944 776 1998 Et
803 1943 1124 2016 respondebo
1155 1942 1586 2011 exprobrantibus
1609 1942 1736 1995 milii
1759 1941 1964 1995 verbum
1994 1955 2013 1992 :

708 2037 848 2102 Quia
875 2035 1081 2104 speravi
1104 2035 1157 2087 in
1179 2036 1504 2088 sermonibus
1535 2035 1658 2092 tuis.

635 2129 676 2183 (Σ
703 2129 1049 2198 Exprobrant
1077 2127 1222 2182 enim
1260 2128 1426 2182 verbo
1454 2128 1544 2197 qui
1567 2125 1769 2181 Filium
1799 2127 2015 2181 dicnnt~
2042 2140 2168 2182 esse

569 2221 861 2275 minorem.
905 2217 1134 2288 Vel,qui
1167 2233 1288 2272 cum
1311 2233 1476 2272 carne
1503 2233 1720 2288 passum
1774 2217 2002 2271 minime
2050 2231 2168 2270 cre-

567 2314 840 2387 diderunt.
877 2311 1078 2382 Utique
1130 2313 1296 2366 etiam
1354 2311 1474 2366 ideo
1528 2312 1658 2366 dicit
1708 2310 2164 2380 respondendum,

562 2405 700 2472 Quia
732 2404 971 2476 speravit
999 2405 1052 2458 in
1083 2401 1429 2460 sermonibus
1453 2403 1546 2457 Dei
1593 2403 1791 2472 quibus
1824 2403 1959 2456 dixit
1987 2420 2000 2454 ε
2031 2400 2166 2456 Cum

562 2499 825 2554 veneritis
871 2508 997 2553 ante
1026 2513 1184 2570 reges
1241 2506 1296 2552 et
1348 2497 1645 2566 principes,
1707 2495 1873 2550 nolite
1926 2495 2169 2562 cogitare

564 2590 838 2659 quomodo
875 2598 969 2643 aut
991 2589 1120 2656 quid
1164 2587 1509 2657 loquamini,
1549 2586 1764 2641 dabitur
1818 2586 1965 2640 enim
2016 2584 2168 2639 vobis

565 2682 694 2750 quid
732 2680 1028 2750 loquamini
1055 2679 1270 2751 (Matth.
1304 2681 1382 2749 ι).
1409 2679 1759 2748 Exprobrant
1815 2677 1980 2731 etiam
2040 2676 2169 2731 inli-

568 2771 719 2825 deles
749 2771 1086 2840 martyribus
1117 2770 1169 2823 in
1212 2771 1466 2839 passione
1507 2778 1563 2824 et
1617 2767 1903 2822 tormentis
1942 2767 2168 2822 verbum

568 2863 693 2916 tidei
716 2863 955 2917 dicentes
986 2877 1000 2914 :
1038 2859 1138 2915 Ubi
1172 2870 1253 2914 est
1295 2861 1436 2914 Deus
1462 2859 1682 2914 vester?

564 2955 636 3009 ιδ
709 2955 776 3009 Et
795 2972 863 3009 ne
885 2955 1100 3024 auferas
1131 2955 1196 3006 de
1229 2969 1318 3007 ore
1349 2969 1461 3006 meo
1490 2952 1698 3007 verbum
1731 2952 1959 3006 veritatis
1981 2969 2170 3023 usque-

779 3064 982 3116 quaque
1011 3063 1030 3098 :

709 3138 848 3203 Quia
871 3136 1150 3208 iujudiciis
1179 3137 1282 3190 tuis
1309 3138 1689 3206 supersperari.

635 3229 676 3284 C
707 3229 773 3283 Et
800 3244 867 3282 ne
887 3227 1104 3282 auferas
1132 3228 1235 3282 hoc
1267 3228 1494 3282 verbum
1529 3226 1674 3290 ﬁdei,
1705 3226 1772 3281 de
1802 3241 1911 3296 quo
1933 3228 2164 3295 Aposto«

565 3325 652 3377 ius
675 3323 779 3377 ait:
805 3321 918 3376 lloc
937 3331 1020 3376 est
1048 3322 1268 3380 verbum
1292 3321 1436 3391 quod
1468 3320 1830 3389 prmdicantus
1855 3319 1903 3390 (I
1939 3319 2061 3374 Cor.
2096 3318 2158 3388 ι).

567 3414 744 3483 Rogat
772 3402 902 3484 ergo
922 3453 936 3476 ,
987 3421 1046 3466 ut
1095 3412 1492 3467 confessionem
1524 3413 1771 3467 veritatis
1801 3413 1867 3467 de
1901 3412 2018 3481 ejus
2067 3428 2163 3466 ore

567 3509 728 3563 nulla:
757 3523 952 3579 paenae,
985 3507 1165 3562 nullus
1190 3517 1368 3562 terror
1392 3516 1747 3575 extorqueat,
1779 3507 1873 3560 sed
1909 3514 2164 3560 constan-

566 3613 653 3656 ter
684 3603 736 3655 itt
781 3602 884 3655 llde
915 3609 1152 3655 maneat.
1197 3600 1371 3670 Iniqui
1412 3601 1555 3654 enim
1609 3615 1732 3653 cum
1784 3599 2161 3663 molestantur,

575 3693 898 3757 desperant;
927 3691 1096 3744 sancti
1127 3699 1308 3745 autem
1340 3690 1435 3743 viri
1461 3689 1504 3743 si
1530 3687 1854 3759 afﬂigantur,
1879 3703 2028 3757 spem
2054 3705 2165 3742 tua-

571 3781 654 3851 εἰς
681 3795 794 3835 sum
825 3780 1132 3836 dilectionis
1165 3780 1459 3850 accipiunt.

641 3873 685 3926 Α
706 3871 746 3927 C
767 3873 872 3927 Sed
899 3887 1020 3927 cum
1044 3872 1195 3936 dicit,
1219 3885 1622 3942 usquequaque,
1649 3870 1920 3940 signiﬁcat
1939 3869 2163 3924 verbum

569 3963 820 4018 veritatis
851 3965 918 4018 ad
947 3974 1158 4030 tempus
1184 3963 1454 4033 aliquibus
1486 3962 1648 4016 fuisse
1675 3961 1940 4026 ablatum,
1973 3971 2031 4015 ttt
2059 3962 2162 4015 Pe-

569 4061 663 4106 tro
694 4061 777 4106 ter
808 4053 1049 4124 neganti,
1082 4052 1176 4108 sed
1211 4069 1316 4107 non
1359 4066 1748 4123 usquequaque
1796 4052 2032 4107 ablatum
2060 4051 2164 4106 sibi

570 4142 696 4208 fuit,
732 4145 948 4215 quando
970 4145 1185 4214 culpam
1216 4142 1430 4200 ﬂetibus
1459 4145 1616 4198 diluit
1642 4155 1696 4198 et
1727 4145 2006 4214 sanguinis
2032 4141 2165 4197 ellu-

571 4237 721 4291 sione
753 4237 1054 4294 mandavit.

569 4326 639 4379 44
714 4325 780 4380 Et
811 4330 1102 4382 custodiam
1129 4329 1289 4399 legem
1317 4340 1460 4383 tuam
1483 4346 1685 4400 semper
1709 4345 1728 4382 :

719 4416 783 4469 In
814 4417 1062 4471 saxulum
1089 4430 1135 4472 et
1167 4421 1223 4473 in
1247 4421 1497 4473 steculum
1523 4435 1584 4474 οι-
1608 4419 1788 4473 sa’culi
1821 4419 1842 4490 ζ
1874 4456 1888 4471 .

2269 1857 2484 1911 assidua
2526 1857 2758 1911 lectione
2785 1859 3045 1920 cucurrit,
3075 1867 3132 1914 et
3161 1869 3219 1914 ut
3244 1860 3547 1915 evidentius
3577 1861 3710 1914 hanc
3745 1859 3846 1911 fre-

2270 1948 2547 2016 quentiam
2595 1947 2923 2012 declararet,
2945 1949 3172 2013 addidit,
3197 1964 3318 2019 qua:
3349 1949 3516 2004 dilexi
3548 1967 3561 2003 :
3596 1950 3856 2022 negligere

2270 2040 2414 2092 enim
2445 2055 2717 2109 nunquam
2751 2049 2928 2109 potest
2955 2041 3114 2095 homo
3139 2056 3202 2095 ea
3230 2056 3348 2110 quae
3375 2041 3574 2110 diligit.

2269 2128 2338 2184 48
2411 2128 2478 2182 Et
2533 2129 2695 2183 levari
2752 2146 2938 2184 manus
2988 2146 3128 2184 meas
3179 2133 3248 2184 ad
3301 2132 3553 2186 mandata
3609 2143 3692 2185 tua
3742 2147 3849 2202 qua

2481 2223 2642 2276 dilexi
2667 2240 2685 2276 :

2415 2314 2479 2368 Et
2509 2315 2786 2369 exercebar
2817 2317 2868 2370 in
2891 2317 3368 2386 justi/irationilms
3392 2319 3518 2371 tuis.

2343 2406 2382 2459 C
2413 2404 2614 2459 chare
2643 2414 2822 2460 autem
2859 2424 3069 2471 manus,
3105 2409 3377 2478 signiﬁcat
3417 2409 3576 2464 bonis
3611 2407 3852 2477 operibus

2270 2497 2547 2565 occupari.
2587 2496 2674 2550 lile
2729 2497 2872 2551 levat
2911 2515 3102 2552 manus
3149 2500 3215 2552 ad
3256 2501 3542 2564 mandata,
3598 2501 3686 2568 qui
3735 2499 3850 2551 facit

2271 2587 2680 2658 eleemosynas,
2719 2603 2852 2656 quas
2886 2582 3002 2642 ﬁeri
3027 2589 3220 2657 jubent
3254 2592 3530 2644 mandata.
3572 2591 3852 2644 Evereetnr

2274 2679 2326 2732 in
2349 2680 2849 2750 justiﬁeationibus,
2897 2681 2988 2750 qui
3019 2683 3212 2749 quaerit
3241 2683 3363 2736 boni
3394 2683 3578 2752 operis
3611 2684 3845 2751 frequen-

2273 2773 2532 2827 tationem
2570 2772 2852 2842 prolicere.
2894 2771 2935 2825 ll
2970 2773 3062 2826 Vel
3099 2775 3186 2842 qui
3219 2773 3269 2827 in
3300 2775 3413 2834 bis,
3465 2790 3588 2843 qum
3645 2789 3734 2842 per
3780 2772 3832 2823 lit

2275 2871 2444 2917 teram
2471 2863 2868 2928 indicabantur,
2894 2863 3231 2934 spiritualem
3263 2865 3602 2919 intellectum
3639 2875 3849 2918 conatur

2272 2955 2534 3009 invenire.
3330 2960 3331 2963 “

2452 3062 2815 3102 ARCL'MENTUM
2854 3062 3189 3110 SEQI‘ENTILT.“
3232 3063 3371 3102 OCTO
3413 3062 3679 3102 \‘ERSUUI’.

2189 3117 2236 3177 (ἶ
2338 3138 2378 3195 C
2411 3138 2451 3192 Β
2475 3139 2686 3194 Chorus
2715 3150 3024 3194 sanctorum
3050 3181 3064 3204 ,
3108 3155 3258 3210 spem
3302 3141 3722 3210 promissionum
3754 3139 3846 3193 Do-

2268 3231 2420 3296 mini,
2472 3231 2724 3286 sensibus
2762 3232 2962 3286 nostris
3009 3233 3418 3294 conuuendans,
3453 3232 3650 3285 asserit
3684 3229 3852 3283 ﬁdeles

2269 3322 2496 3376 adversa
2544 3321 2728 3375 mundi
2784 3321 3081 3385 sustinere,
3131 3322 3328 3391 quibus
3359 3330 3569 3375 :eterna
3601 3321 3708 3373 vita
3740 3334 3846 3387 pro-

2267 3413 2520 3466 mittitur.
2553 3411 2594 3464 B
2625 3412 2727 3465 Ista
2754 3426 2885 3480 ergo
2916 3412 3025 3465 vita
3054 3427 3174 3480 qu:e
3201 3411 3288 3464 hic
3318 3410 3369 3464 in
3401 3425 3528 3480 spe,
3563 3408 3674 3464 illic
3710 3409 3760 3460 in
3803 3420 3847 3459 re

2265 3504 2586 3574 percipitur,
2615 3503 2770 3558 oliva:
2799 3505 3021 3560 nomine
3051 3519 3212 3574 quam
3251 3503 3344 3556 Zai
3395 3503 3576 3556 littera
3621 3500 3848 3570 designat

2266 3595 2619 3665 exprimitur;
2674 3595 2798 3665 quia
2839 3605 2892 3650 et
2940 3596 3026 3650 hic
3081 3604 3391 3650 sanctorum
3432 3593 3606 3649 facies
3653 3595 3844 3648 exhila-

2267 3696 2421 3741 ratur
2476 3687 2528 3740 in
2581 3685 2738 3752 oleo,
2787 3697 2841 3741 et
2887 3688 2995 3743 illic
3051 3688 3342 3759 perfectius
3391 3687 3634 3756 Spiritus
3687 3676 3846 3739 sancti

2266 3785 2466 3831 aeterna
2493 3775 2703 3831 visione
2733 3778 3056 3848 pinguescit.
3092 3777 3296 3832 Nomen
3333 3787 3515 3831 autem
3551 3775 3847 3830 fornicatio-

2269 3869 2355 3926 nis
2398 3870 2650 3940 eongruit
2699 3870 3074 3939 peccatoribus
3129 3869 3637 3940 derelinquentibus
3692 3867 3845 3936 legem

2267 3961 2504 4016 Domini.

2660 4053 2700 4109 B
2727 4054 2841 4117 Zai,
2873 4053 3012 4108 oliva
3045 4054 3125 4108 vel
3160 4053 3464 4108 fornicatio.

2341 4144 2380 4198 li
2415 4144 2478 4198 Et
2507 4145 2629 4214 quia
2673 4145 3006 4214 septifnrmis
3041 4153 3124 4198 est
3170 4145 3405 4213 Spiritus
3451 4144 3623 4197 sancti
3669 4142 3843 4212 gratia,

2270 4248 2418 4292 recte
2449 4239 2677 4307 septima
2707 4238 2882 4291 littera
2916 4237 3184 4291 vocitatur
3211 4237 3321 4288 oliv

2270 4327 2336 4383 £9
2409 4327 2614 4382 Mentor
2634 4337 2743 4381 esto
2774 4327 2909 4389 rerbi
2937 4328 3014 4380 lui
3053 4343 3198 4380 servo
3224 4336 3316 4378 tuo

2410 4418 2476 4472 In
2503 4435 2606 4489 quo
2634 4419 2761 4471 milii
2790 4433 2930 4487 spem
2957 4418 3168 4471 dedisti.
3229 4455 3240 4464 .

641 4505 682 4560 C
709 4506 992 4562 Custodire
1020 4523 1077 4562 se
1106 4509 1277 4579 legem
1312 4510 1442 4563 dicit
1485 4509 1696 4564 Domini
1735 4524 1983 4579 semper,
2036 4508 2164 4577 quia
2190 4471 2243 4529 Β
2347 4510 2387 4563 C
2428 4510 2502 4564 Ex
2529 4510 2762 4563 humana
2800 4508 3212 4571 consuetudine,
3247 4521 3457 4563 memor
3495 4516 3636 4567 esto,
3670 4506 3845 4560 dicitur

568 4600 622 4653 in
657 4600 771 4669 ipsa
800 4599 1000 4652 variari
1041 4599 1332 4656 nefandum
1373 4609 1478 4655 est.
1515 4600 1789 4656 Interdum
1821 4614 2037 4670 seraper
2071 4615 2165 4669 po-

568 4692 720 4744 nitur
748 4706 920 4760 nsque
941 4691 1007 4744 ad
1033 4691 1192 4749 ﬁnem
1219 4690 1379 4760 hujus
1406 4691 1588 4746 saeculi
1623 4709 1635 4744 :
1665 4691 1756 4746 sed
1779 4691 1867 4746 hic
1889 4707 2012 4746 cum
2037 4692 2168 4747 dicit

569 4782 624 4834 in
663 4783 920 4836 szeculum
974 4782 1198 4848 sazculi,
1251 4782 1397 4836 illam
1443 4782 1846 4852 perennitatem
1875 4781 2164 4853 signiﬁcat,

573 4886 692 4940 qua!
739 4887 845 4926 non
883 4872 1049 4926 habet
1097 4872 1282 4926 ﬁnem.
1331 4872 1491 4929 Novit
1527 4874 1672 4928 enim
1714 4872 2162 4938 consuetudinem

570 4963 882 5034 angelorum
915 4975 970 5020 et
1007 4974 1400 5035 potestatuum,
1433 4966 1721 5022 Dominum
1752 4966 1868 5022 sine
1907 4965 2016 5020 ﬁne
2047 4964 2164 5019 lau-

569 5060 721 5112 dare.

565 5149 638 5204 ιδ
712 5149 778 5204 Et
806 5152 1141 5207 ambulabant
1174 5154 1227 5207 in
1255 5153 1530 5209 latitudine
1553 5172 1574 5210 :

714 5240 853 5306 Quia
878 5243 1139 5296 mandata.
1160 5254 1251 5297 tua
1276 5245 1554 5314 exquisivi.

632 5327 685 5370 'f‘.
718 5329 967 5370 [alihnln
996 5342 1173 5370 nullam
1201 5333 1302 5370 {cla
1332 5343 1410 5370 nul
1443 5335 1683 5370 (Jun-itan
1771 5337 1838 5370 rla
1883 5349 1986 5370 num
2021 5337 2159 5370 ιρι-ὖ-

2272 4603 2416 4668 Deo,
2450 4603 2539 4671 qui
2570 4601 2704 4656 nihil
2755 4609 2930 4671 po'est
2965 4600 3236 4654 ullatenus
3283 4598 3551 4653 oblivisci.
3591 4597 3705 4651 Non
3736 4611 3844 4664 ergo

2273 4696 2377 4750 hoc
2413 4695 2564 4758 dicit,
2591 4693 2717 4763 quia
2744 4693 2963 4763 dignum
2998 4701 3116 4747 erat
3153 4691 3204 4745 in
3237 4690 3328 4745 illa
3359 4689 3648 4758 majestate
3666 4702 3845 4758 ponete

2273 4786 2524 4855 injuriam
2553 4784 2862 4848 oblivionis,
2904 4784 2997 4838 sed
3030 4793 3301 4852 precatur,
3336 4792 3396 4836 ut
3424 4783 3536 4836 cito
3575 4797 3734 4836 servo
3765 4794 3844 4833 suo

2272 4875 2520 4930 conferat
2548 4875 2986 4944 promissionem,
3018 4890 3181 4944 quam
3237 4877 3290 4930 in
3332 4873 3628 4942 Evangelio
3668 4871 3845 4942 promi-

2273 4966 2363 5019 sit.
2403 4964 2553 5020 Bcati
2591 4965 2682 5033 qui
2731 4964 2934 5035 lugent,
2985 4966 3241 5034 quoniam
3295 4964 3394 5033 ipsi
3444 4963 3844 5018 consolabuntur

2275 5055 2492 5126 (.‘lfattlt.
2519 5057 2591 5126 ν).
2619 5056 2791 5111 Servo
2812 5067 2921 5120 tuo,
2939 5057 3366 5112 subaudiendum
3387 5056 3619 5125 implete
3642 5054 3844 5125 promis-

2269 5163 2411 5203 sum.
2444 5148 2499 5202 In
2532 5163 2640 5217 quo
2669 5148 2797 5203 mihi
2831 5148 2904 5217 (id
2934 5148 3090 5202 estin
3114 5148 3235 5215 illa,
3273 5147 3480 5204 scilicet
3507 5147 3843 5219 promissione

2272 5239 2421 5293 verbi
2463 5239 2562 5308 tui)
2593 5255 2742 5309 spem
2772 5239 2986 5294 dedisti.

2271 5329 2342 5370 ΞΠ
2421 5329 2546 5370 Ηηη·
2584 5347 2665 5370 mn
2695 5329 2962 5370 rnncnlnln
3002 5341 3078 5370 ιιι
3111 5333 3164 5370 in
3197 5331 3495 5370 ΙηηιιὸΙὸΙι-ιιι
3536 5349 3653 5370 anan
3676 5346 3688 5358 ·
