3994 5370
199 156 295 211 437

196 378 375 421 omnia
430 376 527 432 pro
560 359 781 415 Christo
831 358 1103 429 patienter
1150 357 1439 411 sustinere.
1496 354 1633 423 Quia
1669 355 1781 416 elo-

194 455 377 526 quium
408 460 556 507 tuum
603 449 918 505 viviﬁcavit.
948 446 1180 503 Causam
1225 445 1613 502 consolationis
1667 461 1780 502 sua:

194 544 376 615 ponit:
405 540 697 613 promissio
724 539 924 611 quippe
954 538 1091 594 tanti
1133 536 1335 609 iudicis
1382 537 1617 591 ﬁrmavit
1665 534 1782 591 ani-

199 650 340 690 mam
382 631 730 699 sustinentis,
785 639 840 686 et
883 644 1011 702 spes
1050 626 1440 684 consolationis
1490 626 1785 683 viviﬁcavit

199 726 463 783 alﬁictum.

194 822 251 876 5|
330 818 551 889 Superbi
579 818 757 890 inique
784 817 1005 890 agebant
1042 834 1441 890 usquequaque.

328 912 372 966 Δ
394 912 504 984 lege
533 926 600 967 -t-
626 921 837 966 autem:
873 922 966 965 tua
993 926 1098 965 non
1120 909 1401 965 declinavi.

263 1005 302 1060 C
327 1004 620 1076 Superbos,
661 1002 717 1060 id
759 1011 845 1060 est
883 1003 1149 1075 malignos
1175 1011 1340 1074 atque
1368 1011 1632 1074 tyrannos
1661 1016 1785 1057 eruo

202 1097 382 1151 deliter
409 1096 589 1168 egisse
618 1105 1042 1153 commemorat:
1074 1095 1165 1167 qui
1191 1110 1299 1152 non
1343 1094 1655 1151 viviﬁcandi
1685 1094 1783 1150 sed

205 1189 374 1258 potius
423 1187 791 1244 mortiﬁcaodi
848 1195 997 1244 sunt.
1055 1188 1102 1243 Α
1157 1186 1276 1258 lege
1323 1194 1413 1242 tua
1463 1201 1569 1242 non
1614 1184 1784 1242 decli-

202 1279 341 1341 navi,
366 1274 575 1333 scilicet
622 1286 684 1333 ut
731 1277 805 1333 illi
839 1277 1125 1349 putabant,
1183 1278 1275 1347 qui
1324 1275 1787 1347 persequebantur

201 1370 471 1426 innoxios:
529 1371 627 1427 sed
669 1369 943 1442 signiﬁcat
995 1383 1057 1425 se
1106 1369 1161 1425 in
1216 1368 1465 1424 veritatis
1514 1369 1785 1423 mansisse

194 1458 385 1532 iugiter
416 1463 710 1519 sententia.

198 1549 263 1605 εξ
331 1550 531 1609 lentor
548 1553 632 1625 fui
652 1554 1206 1624 judiciorumtuorum
1232 1568 1265 1605 a
1290 1549 1507 1617 seculo,
1533 1549 1785 1605 Domine:

330 1642 398 1699 Et
425 1645 730 1701 consolatus
750 1661 890 1701 sum.

262 1732 302 1789 (Ζ
325 1733 528 1790 Memor
553 1742 639 1790 est
659 1734 988 1805 judiciornm
1015 1752 1029 1789 :
1055 1734 1146 1803 qui
1186 1732 1480 1804 plectibilia
1510 1748 1616 1788 non
1646 1747 1789 1803 praes

198 1826 350 1881 sumit
373 1836 689 1898 perpetrare
706 1834 949 1897 peccata.
978 1825 1117 1894 Quia
1145 1834 1291 1882 metu
1321 1841 1607 1896 poenarum
1635 1840 1790 1880 revo-

200 1927 362 1983 catur,
385 1919 477 1989 qui
507 1918 719 1973 Domini
744 1917 939 1989 judicii
975 1917 1313 1973 recordatur.
1343 1916 1384 1971 Α
1429 1914 1629 1974 smculo
1659 1931 1673 1968 :
1710 1915 1789 1969 si-

199 2009 405 2080 gniﬁcat
432 2026 557 2066 cum
580 2009 952 2066 administrari
969 2021 1182 2081 coeptus
1205 2010 1559 2065 estmundus.
1586 2007 1789 2063 Conso-

199 2103 325 2158 latus
344 2118 461 2159 sum
481 2121 495 2158 :
519 2103 651 2176 quia
670 2118 947 2175 nunquam
974 2103 1176 2160 deserit
1196 2116 1325 2159 suos
1346 2100 1577 2158 famulos
1604 2099 1787 2156 divina
1816 2120 1819 2121 ν

197 2194 376 2251 virtus.

196 2283 258 2340 55
322 2280 555 2359 Defectio
590 2290 756 2345 tenuit
786 2307 867 2345 me
889 2306 984 2360 pro
1013 2287 1405 2360 peccatoribus:

322 2381 818 2452 Derelinquentibus
852 2382 1016 2453 legem
1044 2390 1210 2435 tuam.

258 2473 556 2530 CNccesse
579 2482 665 2530 est
703 2473 869 2539 enim,
919 2481 980 2527 ut
1027 2480 1277 2527 sanctum
1329 2470 1503 2526 virum
1558 2467 1783 2524 alterius

196 2563 333 2633 culpa
362 2565 677 2629 contristet,
711 2571 767 2618 et
798 2579 857 2619 se
888 2562 1072 2618 dolore
1125 2561 1391 2617 defecisse
1442 2558 1611 2625 dicat,
1648 2559 1777 2614 dum

194 2656 394 2712 animus
409 2657 531 2728 pius
545 2656 820 2712 desiderat
841 2655 1019 2711 salvos
1044 2653 1163 2710 ﬁeri
1191 2655 1500 2709 universos:
1535 2660 1590 2708 et
1619 2665 1779 2721 quem

194 2763 288 2802 nou
318 2757 471 2819 optat
500 2747 789 2814 excedere,
822 2747 1099 2818 afﬂigitur,
1122 2761 1246 2802 cum
1269 2746 1318 2800 ei
1356 2760 1545 2816 pmnas
1579 2758 1780 2815 cogna-

195 2842 321 2894 verit
344 2838 672 2896 imminere:
705 2839 847 2894 unde
872 2847 1062 2894 sancta
1092 2837 1289 2893 cohors
1318 2844 1635 2907 martyrum,
1670 2851 1777 2892 non

192 2942 390 2988 tantum
413 2934 591 3004 poenis
630 2933 765 2998 suis,
803 2939 1066 3002 quantum
1093 2928 1390 3002 tyrannicis
1426 2926 1778 2996 torquebatur

1286 145 1648 206 EXPOSlTiO
1677 144 2124 204 PSALMOBUH.

195 276 367 333 deret.
396 268 451 326 In
479 267 814 335 humilitate:
844 265 969 335 quia
990 271 1179 321 sancta
1208 265 1471 334 probatur
1500 261 1779 320 humilitas
1810 267 1855 328 Α

3356 144 3480 205 133

2093 276 2458 318 Διωωιεκτυι
2481 275 2817 327 πουεκτιυι
2839 277 2978 321 οετο
2998 280 3260 322 νεκευυκ.

1955 353 1999 409 Η
2017 353 2505 425 BAgmcnheatnm
2527 355 2797 412 desiderat
2820 356 3004 413 videre
3018 356 3211 413 faciem
3229 358 3475 415 Domini:

1882 452 2007 522 quia
2037 448 2155 520 ejus
2202 448 2469 504 mandatis
2497 450 2743 505 noscitur
2787 450 3132 506 obsecutum.
3172 451 3213 505 Β
3248 451 3315 507 Et
3347 453 3475 520 quia

1886 543 1993 598 hoc
2023 539 2354 597 desiderium
2390 539 2447 594 in
2476 540 2891 596 resurrectionis
2919 540 3090 610 gloria
3140 541 3483 612 perﬁcietur,

1884 644 2075 691 octava
2104 633 2305 701 littera,
2331 633 2455 688 vita:
2484 632 2746 695 vocabulo
2782 633 2999 705 gaudet.

2438 722 2483 779 li
2511 723 2554 778 Β
2579 722 2718 779 Heth
2747 738 2764 779 :
2790 724 2921 779 vita.

1957 819 2099 876 ﬂeth
2129 820 2409 889 vita:quae
2432 817 2485 874 in
2511 817 2710 873 divinis
2734 816 3030 888 Scripturis
3061 817 3367 889 reperitur:
3386 820 3479 890 qui

1884 923 1967 968 est
1989 914 2263 970 Christus.
3436 926 3453 936 ί

1886 1004 1954 1059 57
2029 1004 2213 1060 Portio
2242 1021 2380 1071 mea,
2410 1003 2634 1060 Domine
2658 1019 2681 1057 :

2028 1098 2155 1154 Dixi
2181 1098 2443 1155 custodire
2479 1098 2642 1169 legem
2668 1107 2834 1154 tuam.

1963 1188 2213 1246 CPortio
2269 1205 2301 1246 a
2347 1198 2502 1262 parte
2550 1189 2696 1246 dicta
2740 1198 2828 1246 est
2866 1207 2880 1244 :
2941 1189 3085 1246 illius
3118 1189 3263 1246 enim
3310 1191 3482 1261 partis

1889 1297 2098 1348 sumus,
2121 1280 2278 1351 cujus
2305 1303 2308 1309 ’
2332 1282 2705 1339 voluntatibus
2730 1283 3057 1339 .obedimus:
3107 1282 3252 1339 unde
3287 1283 3484 1338 merito

1888 1374 2067 1445 portio
2080 1375 2291 1447 piorum
2306 1374 2567 1431 Deusdici
2576 1382 2679 1433 tur.
2703 1373 2844 1438 Dixi.
2873 1373 2926 1430 id
2941 1383 3049 1442 est,
3059 1374 3249 1442 statui,
3271 1374 3484 1431 decrevi

1890 1568 1974 1615 est
1999 1560 2053 1616 in
2088 1559 2298 1617 Domini
2329 1561 2598 1631 portione.

1815 1638 1859 1701 Β
1888 1651 1957 1708 58
2030 1652 2348 1725 Deprecatus
2380 1669 2497 1709 sum
2531 1654 2720 1725 faciem
2751 1664 2896 1709 tuam
2918 1654 2972 1709 in
2999 1662 3107 1709 toto
3130 1654 3288 1709 corde
3337 1666 3484 1709 meo:

2036 1746 2288 1803 Miserere
2311 1748 2412 1804 mei
2440 1747 2725 1803 secundum
2745 1747 3010 1821 eloquium
3031 1758 3201 1804 tuum.

1959 1842 2002 1898 (Σ
2033 1840 2274 1898 Postulat
2300 1843 2447 1898 enim
2480 1842 2634 1914 plebs
2661 1841 2836 1898 ﬁdelis
2864 1841 3065 1898 debere
3097 1841 3354 1913 compleri
3384 1842 3486 1897 mi«

1888 1931 2240 1988 sericordiam
2263 1933 2524 1987 adventus
2558 1931 2780 2000 Christi,
2805 1946 2914 2003 quo
2937 1931 3135 1987 mundo
3164 1940 3376 2003 poterat
3396 1946 3487 1987 sa-

1888 2021 2081 2077 lutaris
2113 2037 2393 2094 apparere.
2429 2024 2738 2079 Secundum
2767 2023 3079 2092 eloquium,
3114 2022 3242 2076 illud
3273 2022 3481 2079 scilicet

1886 2129 1995 2184 quo
2027 2115 2295 2185 promittit
2322 2116 2529 2171 sanctis
2576 2130 2730 2169 snam
2759 2115 2975 2170 beatam
3005 2113 3166 2170 nimis
3192 2123 3244 2169 et
3270 2113 3483 2170 incom-

1886 2205 2178 2276 parabilem
2205 2221 2304 2277 per
2335 2206 2515 2262 omnia
2539 2206 2825 2262 visionem.

1889 2294 1960 2350 59
2036 2294 2276 2368 Cogitavi
2307 2297 2417 2352 vias
2452 2312 2596 2351 meas
2624 2312 2646 2350 :

2027 2385 2094 2441 Et
2124 2390 2353 2443 converti
2378 2388 2533 2459 pedes
2555 2404 2698 2443 meos
2725 2388 2780 2443 in
2818 2390 3113 2445 testimonia
3134 2398 3245 2444 tua.

1954 2478 1994 2535 C
2033 2479 2287 2536 Ordinem
2309 2481 2559 2536 humanas
2590 2480 3015 2536 conversationis
3043 2480 3282 2550 exponit.
3319 2477 3483 2534 Prius

1882 2572 2025 2628 enim
2073 2580 2157 2628 est
2195 2571 2309 2626 vias
2356 2587 2483 2628 suas
2525 2572 2788 2644 cogitare,
2838 2572 2996 2627 idest
3022 2582 3175 2627 actus
3207 2572 3475 2626 humanos

1883 2658 2180 2722 districtius
2205 2679 2453 2735 pensare,
2495 2673 2552 2720 et
2579 2665 2659 2721 sic
2696 2665 2764 2720 ad
2795 2665 3006 2721 Domini
3033 2665 3284 2721 mandata
3315 2665 3482 2737 pedes

1882 2774 2010 2815 suos
2063 2767 2380 2815 convertere
2407 2775 2421 2813 :
2450 2758 2502 2813 in
2531 2758 2726 2829 quibus
2756 2759 2801 2815 si
2831 2758 3033 2830 aliquis
3069 2757 3331 2825 ambulat,
3382 2773 3479 2828 po-

1882 2858 1990 2905 tcst
2043 2848 2199 2905 ﬁrma
2248 2850 2452 2905 habere
2504 2851 2753 2922 vestigia.
2812 2849 3053 2906 Dicendo
3099 2849 3267 2921 pedes
3326 2862 3478 2905 meos

1885 2944 2127 3001 converti
2155 2962 2167 2998 :
2199 2941 2435 3000 ostendit
2465 2942 2717 3013 primi-tus
2744 2942 2911 2999 fuisse
2931 2957 3234 3014 perversos.
3438 2932 3441 2939 ’

189 3029 514 3083 excessibus.
553 3026 594 3081 ll
618 3028 740 3082 Ideo
769 3040 877 3080 non
902 3024 1017 3080 vult
1044 3036 1372 3093 quemquam
1410 3034 1657 3091 peccare,
1687 3018 1781 3074 sed
1809 3004 1853 3068 C
1888 3034 1956 3089 ϐο
2035 3034 2266 3088 parum,
2294 3049 2410 3088 sum
2436 3004 2486 3087 εξ
2512 3050 2614 3088 non
2642 3050 2758 3088 sum
2781 3004 3024 3089 ιηνιναξιιε
3049 3047 3068 3087 ;

188 3134 370 3174 onmes
394 3119 549 3189 cupit
579 3120 721 3173 viam
745 3117 994 3174 veritatis
1028 3126 1345 3184 agnoscere.

187 3210 254 3265 δι
323 3211 627 3267 Can’abiles
654 3212 781 3266 mihi
804 3218 952 3264 erant
985 3205 1394 3278 justiﬁcationes
1430 3215 1534 3259 tua:

325 3304 391 3359 In
415 3304 532 3359 loco
560 3301 1000 3375 peregrinationis
1026 3318 1172 3355 mea'.

254 3396 297 3453 ε
320 3396 455 3453 Cum
482 3396 614 3453 dicit
634 3394 964 3452 cantahiles:
989 3393 1260 3464 signiﬁcat
1280 3390 1636 3463 psalmodiam
1660 3405 1783 3446 cum

192 3507 383 3564 magna
409 3490 770 3547 delectatione
809 3487 1197 3560 peragendam.
1231 3483 1436 3541 Cantus
1466 3484 1609 3539 enim
1638 3497 1783 3539 sem.

194 3604 285 3659 per
319 3588 527 3644 relevat
555 3587 785 3647 labores,
819 3594 874 3639 et
904 3599 1011 3638 non
1067 3580 1201 3636 sinit
1245 3579 1527 3651 subripere
1569 3579 1784 3633 taedium

196 3681 385 3736 animo.
413 3678 591 3736 Locus
619 3675 1099 3750 peregrinationis,
1130 3681 1214 3728 est
1243 3671 1475 3727 mttndus
1500 3671 1588 3726 ubi
1624 3685 1784 3741 perc-

195 3771 470 3840 grinantur
506 3784 693 3825 omnes
724 3767 819 3838 qui
850 3766 1077 3820 Domino
1104 3761 1322 3818 Christo
1360 3760 1541 3815 devoti
1567 3767 1710 3815 sunt.

196 3860 259 3919 55
328 3863 536 3919 Mentor
559 3863 638 3932 [ui
666 3863 720 3916 in
750 3857 1162 3933 noctenominis
1202 3857 1300 3925 tui,
1330 3854 1592 3910 Domine:

324 3953 394 4009 Et
428 3952 683 4009 custodivi
709 3951 871 4022 legem
898 3960 1067 4004 tuam.

202 4118 208 4125 .
255 4047 300 4102 A
325 4044 493 4103 CPer
536 4046 1063 4103 noctemmnndum
1101 4046 1263 4101 istum
1295 4044 1587 4117 signiﬁcari
1626 4059 1784 4113 posse

198 4156 295 4196 non
315 4134 537 4195 dubium
560 4148 668 4205 est,
685 4139 737 4192 in
764 4144 873 4208 quo
887 4130 1229 4208 peccatorum
1254 4135 1780 4205 regnatobscuritas.

197 4231 360 4288 CSed
387 4230 600 4285 utinam
640 4227 829 4284 oculos
875 4242 1169 4299 corporeos
1219 4226 1518 4291 clauderet,
1574 4234 1631 4280 et
1675 4240 1782 4280 non

194 4323 359 4378 cordis
392 4321 602 4378 lumina
624 4318 980 4392 periculosius
1018 4325 1342 4373 διείρεαι-ει.
1394 4317 1452 4373 in
1482 4317 1586 4373 hac
1634 4316 1780 4372 enim

193 4427 338 4473 nocte
363 4431 577 4473 memor
607 4423 691 4471 est
722 4412 960 4468 nominis
983 4411 1080 4468 Dei
1112 4431 1126 4466 :
1158 4412 1249 4482 qui
1302 4409 1568 4467 beneﬁcia
1609 4409 1782 4480 ipsius

192 4495 286 4564 ron
309 4509 423 4564 suis
447 4507 682 4574 meritis,
723 4508 818 4563 sed
849 4505 1048 4562 divinis
1076 4502 1393 4561 muneribus
1431 4501 1698 4574 applicat:
1729 4509 1785 4558 et

191 4617 277 4672 per
302 4602 405 4657 hoc
432 4600 609 4673 legem
633 4600 730 4655 Dei
755 4599 1012 4656 custodit.
1059 4598 1106 4652 A
1139 4586 1234 4653 Vel
1269 4597 1322 4653 iu
1353 4607 1514 4653 nocte
1542 4593 1784 4652 adversi-

192 4696 335 4750 tatis:
368 4693 463 4749 ubi
504 4693 682 4765 magis
733 4692 941 4765 gratias
967 4702 1129 4760 agere
1167 4700 1382 4760 oportet
1409 4702 1569 4759 quam
1599 4687 1655 4744 in
1697 4685 1793 4741 die

192 4784 584 4856 prosperitatis.

189 4875 251 4933 56
321 4875 456 4932 Hazc
484 4876 634 4946 facta
666 4885 739 4932 est
766 4877 900 4932 mihi
943 4891 960 4928 :

324 4968 468 5037 Quia
493 4968 903 5039 justiﬁcationes
940 4979 1064 5022 tuas
1102 4970 1367 5040 exquisivi.

256 5065 295 5120 C
325 5064 479 5126 Haec,
512 5060 722 5118 scilicet
749 5079 856 5120 nox
884 5059 1028 5116 facta
1064 5070 1147 5116 est
1172 5063 1323 5133 mihi,
1374 5062 1604 5122 subaudi
1648 5076 1776 5119 con-

191 5156 397 5217 solatio.
431 5153 693 5224 Sequitur
717 5170 913 5221 causa,
940 5166 1106 5222 quare
1136 5152 1205 5209 illi
1229 5171 1335 5215 nox
1368 5156 1515 5213 facta
1546 5155 1768 5229 sit-con-

191 5246 403 5305 solatio:
422 5244 553 5316 quia
576 5242 995 5319 justilicationes
1022 5250 1137 5298 tuas
1156 5248 1444 5318 exquisivi.
1469 5244 1609 5303 Tuas
1631 5242 1736 5301 dici

192 5355 286 5370 ..Λ-ι
318 5351 467 5370 mna:
489 5353 502 5364 -
535 5343 589 5370 AI
620 5334 733 5370 ἷιιοιι
763 5333 954 5370 munt“
983 5332 1211 5370 taught-ia
1241 5354 1344 5370 nnn
1378 5335 1549 5370 ηηΙιιῖΙ
1584 5338 1759 5370 nisiut)-

2035 3122 2103 3178 Ut
2127 3123 2421 3179 custodiant
2454 3122 2705 3179 mandata
2734 3133 2848 3177 (ita.

1958 3213 2000 3269 C
2038 3213 2293 3270 Paratum
2319 3228 2378 3268 se
2398 3213 2464 3268 ad
2492 3222 2762 3285 praecepta
2786 3214 2880 3270 Dei
2913 3212 3262 3271 custodienda
3287 3213 3376 3271 ille
3402 3222 3495 3269 te-

1887 3313 2082 3372 statur,
2122 3304 2215 3376 qui
2252 3320 2355 3362 nec
2396 3313 2770 3376 persecutores
2817 3304 3041 3371 metuit,
3093 3313 3151 3361 et
3197 3304 3487 3361 illecebras

1886 3398 2045 3477 hujus
2073 3397 2253 3456 saeculi
2280 3413 2310 3453 a
2333 3397 2446 3454 suis
2471 3398 2718 3454 sensibus
2745 3396 3022 3470 ell‘ugavit.
3049 3395 3166 3453 Non
3209 3412 3326 3453 sum
3366 3403 3483 3451 tur-

1887 3494 2067 3557 batus,
2121 3491 2187 3547 ad
2239 3489 2643 3546 tribulationem
2671 3488 3040 3545 sustinendam
3064 3496 3287 3559 propter
3311 3485 3479 3542 Chri-

1886 3594 2031 3643 stum
2062 3583 2376 3656 (improvisa
2431 3582 2577 3639 enim
2629 3582 3000 3639 conturbant:
3041 3581 3137 3637 sed
3177 3580 3481 3636 deliberata

1886 3676 2154 3734 sententia
2177 3676 2416 3731 animum
2443 3674 2750 3746 perturbari
2780 3690 2887 3731 non
2913 3674 3085 3745 sinit).
3119 3673 3284 3729 Infert
3313 3673 3481 3728 etiam

1886 3768 1953 3823 ad
1984 3768 2131 3839 quod
2175 3776 2427 3839 paratum
2476 3783 2536 3824 se
2565 3782 2686 3823 esse
2717 3767 2954 3833 diccbat,
3001 3765 3211 3821 scilicet
3232 3770 3290 3818 ut
3322 3776 3476 3816 man-

1886 3859 2011 3914 data
2034 3859 2129 3914 Dci
2156 3860 2454 3915 custodiret
2482 3876 2496 3914 :
2528 3860 2656 3929 quia
2682 3859 2761 3915 sic
2789 3859 2997 3930 integre
3024 3867 3329 3922 servantur,
3354 3869 3493 3910 cans

1870 3944 2186 4004 adversitas
2214 3948 2356 4003 nulla
2378 3948 2657 4003 metuitur.

1886 4038 1950 4095 61
2030 4037 2212 4095 Funes
2238 4048 2574 4110 peccatorum
2605 4037 2947 4109 circumplexi
2971 4045 3092 4092 sunt
3123 4052 3203 4090 me
3229 4074 3243 4088 .
3313 4090 3327 4106 ,

2030 4146 2089 4189 σε-
2118 4131 2186 4186 Ει
2219 4132 2239 4204 ζ
2269 4130 2430 4202 legem
2453 4139 2599 4184 tuam
2624 4146 2724 4183 non
2751 4146 2862 4184 sum
2890 4128 3101 4182 oblitus.

1956 4225 1996 4281 C
2034 4223 2168 4280 Cum
2219 4223 2352 4279 dicit
2402 4220 2561 4278 funes
2608 4230 2997 4292 peccatorum:
3033 4217 3270 4276 ostendit
3298 4226 3376 4274 tot
3399 4218 3482 4273 la;

1886 4332 2055 4387 queos
2100 4331 2257 4383 esse,
2291 4323 2428 4385 quot
2466 4320 2687 4384 peccata
2728 4310 3154 4368 committimus:
3192 4321 3249 4364 et
3268 4308 3372 4365 hoc
3398 4324 3485 4363 re»

1888 4406 2170 4461 ferendum
2202 4414 2286 4462 est
2326 4403 2394 4459 ad
2415 4404 2661 4474 corporis
2685 4403 3033 4474 pravitatem,
3065 4400 3183 4455 ﬁeri
3210 4401 3353 4456 enim
3385 4414 3480 4469 po-

1890 4503 1993 4559 tuit
2045 4509 2104 4555 ut
2159 4515 2288 4557 caro
2333 4499 2664 4556 delictorum
2707 4497 2926 4555 funibus
2964 4494 3245 4567 ligaretur,
3271 4493 3485 4549 animus

1889 4609 2071 4653 autem
2117 4594 2407 4652 incentivis
2436 4593 2583 4649 vitiis
2611 4593 2910 4657 reluctans,
2941 4589 3078 4671 legis
3104 4589 3199 4644 Dei
3222 4602 3327 4642 non
3354 4585 3486 4639 fuis-

1890 4698 1980 4749 set
1998 4688 2219 4745 oblitus.
2256 4687 2436 4744 Funes
2471 4693 2677 4754 autem,
2709 4694 2836 4744 sunt
2862 4680 3122 4751 implicita
3150 4687 3205 4733 et
3246 4686 3489 4759 tortuosa

1888 4780 2156 4858 ligamina
2187 4795 2203 4834 :
2244 4779 2369 4837 talia
2392 4778 2557 4834 etiam
2612 4788 2746 4835 sunt
2777 4780 2993 4849 peccata
3017 4768 3215 4837 quibus
3241 4782 3299 4821 se
3326 4762 3490 4820 deliu-

1872 4883 2135 4952 quentes
2161 4888 2376 4945 semper
2406 4868 2749 4940 astringunt.
2968 4949 2987 4954 Α
3102 4948 3113 4954 _

1882 4943 1979 5030 (-52
2059 4962 2233 5019 Media
2265 4943 2409 5019 nocte
2435 4958 2729 5027 surgebam
2756 4958 2823 5015 ad
2857 4948 3208 5018 conﬁtendum
3233 4943 3321 4998 tibi
3348 4956 3366 4997 :

2054 5054 2227 5124 Super
2254 5050 2457 5125 judicia
2473 5045 2899 5118 justiﬁcan‘onis
2926 5049 3044 5092 ture.
3266 5064 3270 5067 Α

1974 5152 2018 5211 C
2048 5121 2221 5205 Media
2255 5121 2452 5200 nocte:
2485 5137 2590 5192 scit
2649 5146 2802 5201 enim
2838 5137 2940 5191 hoc
2974 5136 3223 5192 tempore
3246 5121 3521 5193 primoge-

1872 5254 2026 5308 “ita
2051 5234 2428 5308 Egyptiorum
2449 5243 2734 5303 percussa
2775 5220 2969 5304 (Exod.
2996 5213 3092 5283 xu)
3121 5232 3137 5280 ;
3178 5215 3278 5271 SC“
3297 5210 3518 5309 Ρεῑτῖξί

1872 5299 2069 5370 ἔζης
2100 5299 2312 5370 ινῖξιῖηιιε.
2336 5299 2564 5370 mnium
2593 5337 2609 5370 :
2677 5299 2795 5370 an“
2819 5322 3029 5370 nuonue
3058 5318 3321 5370 Sponsum
3351 5299 3521 5357 ωείὶῖο

1873 1477 2053 1540 atque
2077 1469 2300 1539 promisi
2317 1510 2332 1533 ,
2360 1478 2631 1540 praecepta
2658 1468 2755 1525 Dei
2788 1483 3040 1526 servare:
3066 1470 3210 1526 unde
3234 1478 3290 1526 et
3312 1468 3485 1525 factus
3524 1508 3531 1513 .

3527 4898 3534 4929 l
