3994 5370
595 349 700 408 439

1485 354 1539 410 ε.
1581 357 1925 415 ΒΞῖΟΝΟΝΙὸ
1965 358 2503 418 HERBIPOLENSIS
2541 362 2843 423 EPISCOPI

3734 373 3845 431 M0

591 462 722 518 dicit
751 464 1070 534 surgebam;
1108 466 1234 535 quia
1262 466 1431 537 surgit
1460 468 1551 537 qui
1586 483 1800 540 semper
1819 471 1883 525 ad
1917 470 2011 526 Dei
2038 487 2172 541 prte-
2199 478 2243 533 Α
2273 476 2479 542 quium,
2512 478 2637 546 quia
2666 482 2861 534 meruit
2897 481 3168 537 .‘mtuiliari
3194 525 3208 545 ,
3244 485 3482 541 sicutait
3508 487 3791 556 Apostolus
3825 509 3844 543 :

590 553 744 607 conia
781 552 1016 609 festinat.
1073 557 1153 610 Ad
1184 556 1568 622 confitendum,
1601 558 1653 613 id
1701 568 1804 628 est,
1841 561 1909 617 ad
1945 561 2170 617 laudan-

594 648 721 701 dum
747 646 952 716 judicia
983 648 1208 719 jnstitim
1239 651 1462 707 Christi.

594 736 664 790 63
732 735 1007 811 Particeps
1034 757 1126 812 ego
1151 755 1267 798 sum
1294 745 1526 797 omnium
1549 745 1839 799 timentium
1871 753 1925 800 te
1948 757 1973 804 :

739 828 807 883 Et
837 832 1245 888 custodientium
1265 836 1518 890 mandata
1562 848 1674 891 tua.

656 915 698 971 C
737 918 992 987 Quisquis
1017 921 1159 977 enim
1187 923 1241 977 in
1271 924 1508 978 novitate
1532 926 1654 980 vitae
1683 926 2039 985 ambulaverit
2061 927 2168 983 erit

584 1009 860 1079 particeps
889 1008 1111 1066 Christi.
1158 1013 1221 1067 Et
1247 1014 1372 1084 quia
1398 1015 1530 1069 dixit
1555 1017 1794 1073 omnium
1838 1017 2164 1085 timentium,

583 1113 652 1153 ne
684 1098 801 1153 illos
834 1108 1038 1155 tantum
1068 1103 1408 1168 advertisses,
1449 1105 1540 1175 qui
1595 1106 1687 1161 Dei
1734 1106 1939 1175 judicia
1983 1108 2165 1164 servili

582 1188 780 1242 timore
822 1188 1134 1256 formidant,
1191 1193 1335 1247 addit
1362 1203 1417 1248 et
1443 1196 1858 1251 custodientium
1909 1198 2164 1252 mandata

581 1289 716 1333 tua:
760 1281 852 1349 qui
893 1283 1225 1337 devotissimi
1267 1285 1706 1355 comprobantur,
1748 1288 1943 1344 timore
1971 1290 2163 1343 castis-

579 1372 717 1425 simo
744 1381 798 1426 et
826 1389 1010 1429 amore
1045 1376 1361 1433 reverenda.

580 1463 648 1516 64
726 1463 1093 1521 Misericordia
1124 1468 1334 1524 Domini
1359 1472 1513 1539 plena
1534 1482 1608 1526 est
1636 1483 1776 1528 terra
1800 1491 1827 1529 τ

729 1555 1146 1625 Justiﬁcationer
1183 1570 1300 1615 tuas
1322 1563 1450 1618 doce
1478 1581 1581 1619 me.

650 1643 690 1699 C
727 1644 1092 1703 Misericordia
1146 1649 1361 1707 Domini
1420 1667 1541 1707 cum
1589 1655 1722 1710 dicit
1776 1655 1990 1726 plenam
2040 1673 2169 1714 esse

576 1743 777 1788 terram
805 1753 817 1789 :
849 1737 1085 1792 ostendit
1106 1740 1289 1811 utique
1316 1741 1628 1797 dilatatione
1647 1744 1970 1802 Christianae
1997 1746 2156 1801 fidei:

2265 562 2574 622 llumilibus
2604 578 2785 624 autem
2829 571 2919 626 dat
2967 573 3193 643 gratiam
3223 575 3275 645 (Ι
3306 572 3455 631 Petr.
3494 592 3572 647 ν).
3629 579 3733 643 Et,
3786 592 3845 635 ut

2269 657 2641 712 excedentium
2690 659 2959 716 licentiam
3007 663 3324 731 cohiberet,
3353 676 3475 735 post
3515 667 3843 724 humiliatio-

2270 756 2391 796 nem
2408 759 2581 808 suam,
2597 748 2866 818 eloquium
2881 751 3114 815 Domini.
3133 753 3186 808 id
3199 763 3286 809 est
3300 765 3517 812 sanctas
3529 756 3838 832 Scriptura:

2270 845 2329 884 se
2382 832 2516 887 dicit
2550 834 2666 903 ejus
2692 837 2835 892 dono
2861 841 3177 899 custodisse.

2267 919 2336 973 88
2406 921 2584 976 Bonus
2614 942 2665 978 es
2690 935 2746 979 tu
2772 940 2791 977 :

2411 1011 2477 1063 Et
2506 1013 2558 1065 in
2587 1013 2812 1067 bonitate
2837 1026 2928 1070 run
2957 1018 3082 1073 doce
3106 1035 3188 1074 me
3215 1021 3628 1092 justiﬁcationes
3661 1038 3799 1082 tuas.

2338 1096 2377 1152 C
2411 1098 2551 1154 Petit
2583 1102 2780 1157 bonum
2812 1106 3148 1174 magistrum,
3179 1117 3238 1164 ut
3261 1110 3310 1164 in
3339 1127 3434 1166 sua
3463 1112 3707 1170 bonitate
3752 1118 3834 1172 di-

2264 1197 2461 1261 gnetur
2489 1191 2685 1246 docere
2717 1192 3035 1262 discipulum
3060 1237 3075 1258 ,
3122 1206 3182 1253 ut
3204 1198 3623 1269 justiﬂcationes
3646 1242 3662 1269 ,
3703 1221 3841 1274 quas

2265 1277 2497 1333 lectione
2528 1281 2811 1347 didicerat,
2838 1300 3003 1352 opere
3032 1287 3217 1342 sciret.
3247 1288 3399 1347 Tunc
3424 1292 3573 1346 enim
3592 1293 3832 1363 perfecto

2266 1368 2550 1425 discuntur
2574 1372 2823 1428 mandata
2859 1390 2980 1430 cum
3020 1376 3173 1432 linat.

2265 1458 2331 1512 69
2407 1459 2757 1530 Multiplicata
2781 1475 2855 1519 est
2877 1483 3033 1536 super
3064 1485 3144 1522 me
3168 1470 3419 1542 iniquitas
3438 1476 3774 1545 superborum
3794 1491 3821 1531 :

2407 1548 2521 1620 Ego
2559 1563 2733 1607 niuem
2759 1556 2813 1609 in
2845 1565 2950 1611 toto
2974 1560 3128 1614 corde
3146 1563 3423 1617 scrutabor
3446 1565 3697 1618 "tandem
3712 1575 3828 1618 tua.

2336 1641 2526 1697 CDicit
2540 1645 2683 1699 enim
2699 1646 3101 1716 multiplicatam
3118 1666 3281 1720 super
3296 1668 3355 1708 se
3396 1655 3835 1726 persequentium

2268 1733 2633 1803 iniquitatem.
2653 1744 2710 1791 et.
2730 1737 2848 1793 ideo
2860 1738 2994 1808 petit
3015 1755 3082 1795 ne
3105 1743 3283 1812 poenis
3301 1744 3559 1814 gravibus
3581 1747 3837 1815 superbo»

579 1840 743 1894 quam
803 1827 882 1881 sic
930 1827 1354 1886 misericorditer
1391 1832 1654 1902 implevit,
1694 1844 1753 1890 ut
1796 1839 2033 1907 undique
2062 1854 2154 1893 va-

2263 1839 2379 1877 rum
2407 1824 2523 1894 eius
2555 1825 2746 1880 devota
2778 1827 3057 1883 humilitas
3101 1830 3462 1887 macularetur
3483 1873 3499 1899 ,
3542 1835 3634 1888 sed
3650 1814 3833 1901 potius

576 1920 816 1975 nissimae
858 1921 1256 1991 superstitionis
1309 1938 1505 1980 nomen
1548 1942 1840 1986 evacuasse
1880 1929 2154 1985 doceatur.

572 2009 999 2067 Justilicatioues
1048 2022 1166 2067 tuas
1213 2014 1348 2071 doce
1394 2030 1499 2082 me,
1546 2016 1593 2072 ll
1624 2019 1726 2074 hoc
1781 2028 1862 2075 est
1892 2029 1982 2075 tua
2006 2037 2158 2077 man-

574 2099 722 2165 data,
777 2109 838 2155 ut
889 2100 978 2155 illa
1032 2100 1328 2174 intelligam
1376 2112 1430 2161 et
1468 2108 1756 2178 praedicem
1777 2119 1834 2165 et
1867 2125 2029 2181 opere
2060 2112 2157 2166 im-

578 2188 775 2259 pleam.
961 2251 976 2263 ο

754 2300 1122 2345 ΔΒϐυὶΙΕΝΤυΙ
1159 2303 1495 2353 εερυεατιυι
1533 2307 1672 2348 οετο
1707 2306 1975 2350 ΥΕῆΒῦυΙ.

650 2374 691 2429 C
730 2373 768 2428 Β
806 2377 1039 2448 Populus
1086 2378 1274 2435 beatus
1330 2382 1533 2452 gratias
1558 2384 1687 2451 agit,
1737 2384 2074 2439 humiliatum
2098 2400 2159 2441 se

572 2464 763 2528 fuisse,
803 2476 863 2521 ut
915 2469 981 2522 ad
1024 2468 1443 2538 iustificationes
1487 2473 1699 2529 Domini
1744 2476 2077 2544 perveniret,
2114 2474 2157 2533 Β

538 2602 541 2603 ,
570 2570 874 2626 nomenque
910 2559 1106 2616 litterae
1126 2564 1410 2631 praesentis
1433 2578 1709 2635 exponens
1731 2583 1752 2622 ες
1775 2564 1981 2623 bonum
2000 2581 2155 2622 suum

579 2645 732 2712 dicit,
761 2647 983 2704 verbum
1014 2651 1107 2705 Dei
1138 2651 1412 2707 humiliter
1438 2654 1703 2709 meditari.

1063 2740 1105 2794 Η
1136 2741 1195 2795 Β.
1224 2741 1418 2806 Theth,
1448 2742 1670 2800 bonum.

577 2826 645 2881 65
719 2827 1015 2885 Bonitalem
1046 2830 1216 2900 fecisti
1243 2848 1360 2885 cum
1389 2848 1533 2888 servo
1568 2842 1677 2898 tuo,
1717 2833 1939 2891 Domine
1968 2847 1987 2887 .'

716 2921 1018 2977 Secundum
1043 2926 1251 2979 verbum
1278 2933 1451 2979 tuum.

641 3011 688 3065 Α
722 3009 770 3066 C
802 3010 952 3067 Nunc
988 3013 1182 3068 collata
1209 3013 1311 3069 sibi
1341 3030 1371 3068 a
1404 3014 1631 3071 Domino
1659 3030 1883 3070 munera
1936 3015 2152 3086 proﬁte-

572 3109 681 3154 tur.
726 3100 902 3177 Bonus
933 3103 1129 3172 quippe
1163 3103 1421 3159 Dominus
1444 3104 1617 3159 servis
1639 3104 1752 3159 suis
1786 3103 1974 3159 tribuit
1996 3104 2151 3160 boni-

2261 1924 2523 1982 quantum
2552 1914 2626 1969 illi
2652 1916 3043 1972 contenderent
3068 1929 3287 1976 sanctos
3313 1922 3600 1988 seducere,
3627 1931 3830 1976 tantum

2260 2007 2347 2061 isti
2369 2006 2676 2063 viderentur
2692 2010 2958 2065 mandatis
2974 2011 3590 2081 Dnminicisadhaerere,
3604 2023 3660 2069 et
3677 2030 3829 2069 man-

2258 2097 2507 2170 datorum
2553 2108 2890 2156 scrutatores
2938 2102 3171 2172 amplius
3216 2103 3376 2158 emci.
3406 2104 3478 2161 Et
3504 2104 3580 2160 ita
3633 2102 3827 2160 factum

2258 2195 2341 2240 est
2371 2196 2429 2240 ut
2457 2188 2549 2257 qui
2578 2189 2753 2257 ptenis
2789 2192 3173 2261 temporalibus
3197 2201 3414 2250 sanctos
3440 2195 3659 2250 vincere
3687 2203 3804 2250 ten-

2261 2284 2530 2342 taverunt,
2557 2287 2612 2331 et
2657 2293 2686 2331 a
2730 2278 2847 2350 lege
2894 2278 2997 2334 Dei.
3026 2280 3267 2336 dividere
3316 2282 3418 2337 nisi
3454 2290 3623 2347 sunt,
3668 2292 3821 2337 tanto.

2261 2366 2379 2421 illos
2411 2368 2785 2422 mandatorum
2811 2379 3145 2426 scrutatores
3184 2371 3413 2442 amplius
3440 2372 3763 2428 eliecerunt.

2259 2457 2327 2511 70
2400 2456 2751 2528 Coagulatum
2775 2468 2850 2513 est
2872 2460 3005 2513 sicut
3026 2459 3108 2514 lac
3137 2476 3228 2515 cor
3248 2477 3428 2517 eorum
3454 2478 3481 2521 ξ

2401 2545 2514 2618 Ego
2546 2564 2663 2602 vero
2694 2548 2854 2619 legem
2884 2560 3035 2604 tuam
3066 2551 3346 2605 meditatus
3369 2566 3509 2604 sum.

2326 2636 2366 2692 C
2402 2636 2507 2692 Per
2531 2638 2614 2693 lac
2640 2640 3004 2710 coagulatum,
3056 2639 3167 2694 vult
3199 2639 3423 2711 intelligi
3470 2640 3827 2696 conduratam

2256 2728 2608 2796 superborum
2658 2729 3019 2799 iniquitatem,
3068 2746 3186 2799 qua:
3215 2745 3364 2787 more
3404 2732 3566 2788 lactis
3600 2734 3655 2787 in
3684 2749 3824 2787 cras-

2255 2818 2453 2872 siorem
2502 2818 2859 2875 substantiam
2910 2818 3090 2877 fuerat
3137 2830 3435 2876 contracta.
3484 2821 3598 2877 Lac
3647 2832 3819 2877 autem

2256 2907 2456 2965 dictum
2480 2923 2519 2965 a_
2543 2908 2771 2978 liquore,
2797 2910 2925 2981 quia
2952 2911 3017 2966 de
3061 2911 3274 2967 interna
3316 2912 3623 2967 substantia
3664 2923 3823 2967 natu-

2254 3000 2354 3055 tuli
2386 2999 2593 3069 liquore
2619 3002 2893 3069 decurrat,
2916 3020 2947 3056 a
2972 3007 3113 3059 enim
3139 3004 3229 3059 ini
3254 3005 3592 3063 convertitur
3615 3014 3673 3059 ut
3700 3008 3824 3060 ami-

2256 3084 2351 3152 cus
2383 3097 2660 3162 inimicus,
2686 3105 2740 3151 et
2767 3097 2851 3151 his
2879 3097 3098 3155 similia.
3126 3098 3236 3171 Ego
3280 3113 3409 3156 vero
3451 3098 3627 3170 legem
3661 3107 3821 3162 tuatu,

571 3202 761 3246 tatem.
790 3172 861 3247 [Et
896 3158 1115 3263 quaesit
1149 3196 1237 3251 illa
1278 3196 1491 3251 bonitas
1526 3196 1711 3251 subter
1744 3197 1986 3265 exponit,
2022 3198 2150 3252 dum
2181 3158 2226 3220 Ο
2259 3189 2311 3245 id
2358 3199 2441 3245 est
2467 3200 2729 3261 quantum
2772 3188 2843 3247 illi
2874 3189 2926 3242 ill
2978 3188 3120 3246 milio
3164 3191 3567 3257 dUPCSCCbaIIl.
3621 3199 3824 3251 tantum

570 3282 701 3337 dicit
738 3298 752 3337 :
796 3282 1002 3340 Bonum
1061 3286 1192 3341 mihi
1251 3288 1393 3357 quod
1444 3286 1741 3342 humiliasti
1786 3302 1919 3343 me:
1957 3288 2023 3343 de
2070 3288 2151 3343 af-

570 3374 810 3432 ﬂictione
837 3378 980 3432 enim
1012 3378 1235 3433 salutari
1264 3378 1469 3449 gratias
1500 3379 1632 3449 agit,
1666 3394 1771 3434 non
1801 3378 1867 3434 de
1896 3378 2151 3435 felicitate

573 3469 863 3522 uumdana.
917 3469 1187 3526 Intellexit
1226 3471 1372 3525 enim
1420 3470 1714 3525 bonitatem
1763 3470 1909 3525 illam
1953 3471 2151 3526 debere

571 3557 680 3613 dici
736 3560 875 3614 unde
928 3562 1230 3630 prolicitur,
1271 3575 1376 3614 non
1420 3560 1561 3614 unde
1600 3559 1745 3614 inani
1791 3560 2150 3617 exsultatione

567 3649 848 3713 gaudetnr.
915 3649 1006 3706 Sic
1044 3651 1341 3706 bonitatem
1399 3650 1527 3706 facit
1559 3651 1797 3708 medicus
1845 3666 1965 3706 cum
2001 3660 2151 3709 secat

575 3741 822 3807 vulnera,
852 3743 933 3799 sic
959 3753 1112 3812 pater
1138 3759 1260 3800 cum
1285 3744 1443 3799 caedit
1468 3743 1654 3798 lilium.
1694 3743 2001 3801 Secundum
2031 3759 2151 3799 ver-

568 3830 697 3886 bum
728 3841 876 3886 tuum
908 3851 921 3886 :
965 3834 1114 3901 illud,
1164 3834 1371 3890 scilicet
1425 3849 1531 3904 quo
1570 3834 1787 3901 dicitur,
1828 3834 1928 3903 Qui
1961 3851 2021 3890 se
2053 3836 2150 3892 hu-

569 3921 1087 3978 miliatexaltabitur
1142 3923 1354 3995 (Matth.
1377 3924 1563 3996 χχιιι).
1627 3925 1673 3981 ll
1724 3924 1821 3981 Vel
1851 3925 2145 3981 bonitatem

567 4012 793 4068 fecisti:
830 4014 1044 4084 quando
1105 4014 1158 4069 in
1218 4030 1383 4072 carne
1442 4031 1538 4071 nos
1602 4016 1895 4071 redemisti.
1947 4016 2148 4072 Secun-

570 4102 696 4157 dum
725 4104 947 4158 verbum
987 4112 1133 4159 tuum
1168 4119 1183 4158 :
1216 4105 1358 4175 (ptod
1404 4103 1699 4177 promisisti
1726 4103 1958 4163 Abrahae
2001 4105 2147 4161 aliis-

568 4207 675 4260 que
704 4193 1045 4262 patriarchis.

574 4280 644 4333 eo
718 4282 1015 4339 Bonitatem
1045 4298 1093 4340 et
1133 4287 1461 4357 disciplinam
1496 4296 1544 4344 et
1570 4286 1845 4344 scientiam
1869 4287 1996 4343 doce
2018 4302 2100 4341 me
2125 4301 2146 4341 .'

714 4374 850 4440 Quia
880 4379 1142 4433 mandatis
1167 4382 1268 4435 tuis
1304 4380 1521 4435 credidi.

2252 3281 2356 3335 istc
2383 3298 2412 3335 a
2436 3280 2553 3351 lege
2585 3281 2676 3335 Dei
2709 3282 2980 3351 segregari
3008 3298 3113 3338 non
3147 3292 3385 3353 poterat.

2252 3372 2314 3427 71
2391 3371 2594 3426 Bonum
2622 3372 2748 3425 uti/ti
2785 3373 2908 3444 quia
2931 3373 3220 3430 humiliasti
3249 3389 3329 3428 me

2395 3461 2461 3516 Ut
2494 3462 2695 3516 discam
2714 3463 3122 3532 jurtiﬁcationes
3150 3474 3299 3525 tuos.

2318 3552 2360 3608 C
2422 3552 2628 3607 Bonum
2685 3552 2788 3607 sibi
2843 3552 2972 3607 dicit
3028 3556 3168 3624 quod
3230 3552 3408 3624 poenis
3475 3552 3816 3610 saevientium

2250 3645 2602 3712 Subdebatur,
2655 3662 2760 3700 non
2815 3645 3101 3715 praesentia
3159 3646 3442 3716 c0gitans,
3493 3648 3591 3703 sed
3644 3646 3818 3700 futura

2260 3735 2600 3793 desiderans.
2632 3735 2888 3807 Coeperat
2913 3737 3058 3791 enim
3088 3737 3153 3793 de
3180 3736 3266 3792 illa
3293 3737 3580 3794 dulcedine
3610 3751 3823 3812 gustare

2251 3829 2481 3896 caelesti,
2509 3845 2628 3900 quae
2651 3844 2841 3885 omnes
2871 3830 3167 3884 suavitates
3195 3829 3428 3885 excedit.
3457 3830 3610 3885 Talis
3658 3832 3821 3900 siqui-

2250 3920 2374 3976 dem
2409 3919 2684 3974 humilitas
2733 3919 2972 3975 ccelestis
2996 3918 3332 3974 Hierusalem
3368 3921 3541 3991 tangit
3588 3921 3820 3991 gloriosa

2249 4012 2483 4080 fastigia.
2514 4011 2646 4067 Nam
2691 4013 2834 4068 sicut
2868 4012 3121 4084 superbia
3155 4012 3349 4083 mergit
3399 4012 3467 4066 ad
3512 4022 3779 4066 tartarum
3808 4053 3820 4075 ,

2249 4103 2323 4157 ita
2354 4104 2460 4158 ista
2496 4102 2772 4159 humilitas
2799 4103 2935 4158 tollit
2959 4105 3024 4160 ad
3055 4103 3269 4158 coelum.
3308 4100 3378 4157 Ut
3424 4103 3632 4158 discam
3671 4103 3825 4172 justi-

2247 4195 2528 4253 ﬁcationes
2556 4205 2712 4260 tuas,
2746 4196 2799 4251 id
2848 4205 2931 4251 est
2980 4204 3038 4250 ut
3087 4195 3322 4250 facerem
3370 4193 3514 4265 quod
3568 4195 3819 4249 docuisti.

2247 4284 2399 4340 Tunc
2423 4285 2571 4340 enim
2603 4284 2839 4355 perfecte
2885 4285 3134 4351 discitur,
3165 4283 3380 4354 quando
3428 4293 3704 4354 praecepta
3734 4282 3821 4338 Dei

2247 4373 2390 4429 ﬁdeli
2422 4374 2636 4430 actione
2666 4382 3057 4429 monstrantur.

642 4464 684 4519 C
723 4465 889 4521 Docet
911 4476 1087 4522 autem
1114 4470 1254 4525 Deus
1299 4471 1595 4525 bonitatem
1637 4470 1949 4540 inspirando
1999 4469 2144 4526 desi-
2176 4506 2225 4567 Β
2250 4466 2319 4521 72
2389 4464 2595 4567 {ianum
2627 4463 2859 4567 lex
2883 4465 2988 4567 oris
3010 4465 3129 4522 tui:

567 4556 779 4612 derium
808 4556 1109 4626 charitatis,
1132 4561 1289 4615 docet
1317 4562 1814 4632 disciplinam,cum
1828 4562 2146 4634 patientiam

568 4651 625 4703 in
664 4648 1010 4704 tribulatione
1034 4650 1214 4713 donat,
1246 4653 1401 4707 docet
1424 4652 1724 4714 scientiam,
1745 4663 1803 4707 ut
1823 4654 1959 4709 sciat
1986 4655 2145 4713 homo

568 4738 881 4794 discernere
912 4738 1055 4793 inter
1095 4739 1293 4796 bonum
1338 4751 1393 4796 et
1438 4741 1635 4797 malum
1660 4781 1675 4808 ,
1706 4742 1848 4797 inter
1886 4744 2051 4797 vitam
2090 4754 2146 4800 et

571 4836 825 4885 mortem.
855 4826 1070 4883 Credidi
1094 4869 1112 4895 ,
1140 4827 1182 4884 (Ξ
1203 4830 1255 4884 id
1282 4839 1368 4884 est
1392 4830 1677 4900 praeceptis
1702 4831 1809 4885 tuis
1846 4831 2078 4895 obedivi,
2097 4831 2143 4886 ll

574 4920 657 4974 vel
682 4936 846 4990 opere
867 4913 1107 4991 impievi.
1129 4921 1419 4977 Prtemittit
1439 4929 1617 4977 autem
1642 4923 1882 4978 scientiae
1906 4922 2145 4991 discipli-

2395 4557 2568 4628 Super
2594 4556 2757 4611 millia
2779 4559 2900 4610 auri
2927 4567 2975 4612 et
2998 4558 3221 4629 argenti.

2322 4646 2363 4704 C
2396 4647 2531 4702 Cum
2565 4647 2695 4702 dicit
2726 4646 2807 4701 lex
2843 4647 2955 4702 oris
3006 4648 3105 4713 tui,
3154 4663 3260 4702 non
3289 4646 3399 4716 iam
3429 4648 3818 4718 prophetarum

2251 4752 2351 4795 nec
2410 4738 2817 4807 apostolorum,
2877 4739 2970 4793 sed
3020 4746 3286 4809 prmcepta
3336 4739 3677 4809 evangelica,
3723 4739 3816 4794 sibi

2253 4836 2483 4881 testatur
2504 4828 2912 4897 pretiosissima,
2937 4843 3056 4898 qua:
3086 4839 3211 4885 sunt
3237 4844 3332 4885 ore
3358 4829 3561 4885 Christi
3593 4830 3814 4900 prolata.

2255 4916 2429 4988 Super
2454 4917 2641 4983 millia,
2679 4919 2837 4990 quasi
2867 4920 3070 4974 diceret
3095 4935 3255 4989 super
3274 4921 3451 4975 omnia
3486 4920 3658 4975 millia
3707 4918 3815 4974 anni

2842 5010 2867 5024 Α
