3994 5370
562 248 669 311 443

1452 234 1510 298 8.
1554 239 1902 298 ΒξιυΝοΝιε
1941 237 2486 295 liERBlPOLENSlS
2528 239 2835 296 EPISCOPI

3723 242 3824 297 ιιι

561 374 617 417 οι
637 377 704 417 ne
730 359 929 429 aliqais
964 359 1036 414 ita
1071 356 1448 433 exponendum
1470 368 1532 417 et
1559 355 1897 412 sentientium
1930 353 2140 409 dubita-
2173 360 2217 418 Α
2238 332 2316 412 ’88
2393 353 2690 410 Secundum
2718 357 3129 411 misericordiam
3150 368 3295 412 mem
3317 358 3518 428 riviﬁca
3548 375 3627 412 me
3654 373 3675 412 :

564 460 668 515 ret,
693 449 937 519 adjunxit
971 467 983 502 :
1014 448 1080 502 Et
1106 448 1160 502 in
1192 446 1416 501 verbum
1449 455 1621 512 tuum,
1646 446 2146 517 idestunigcnltum

564 542 787 613 trinum,
815 539 906 610 qui
934 549 1018 595 est
1053 538 1149 592 Dei
1174 538 1347 592 virtus

561 636 631 690 εξ
703 626 1013 703 Defecerunt
1037 630 1177 687 oculi
1198 630 1299 685 mei
1326 633 1381 685 in
1407 631 1672 703 eloquium
1703 639 1851 685 tuum
1879 644 1897 682 :

706 726 966 782 Dicentes.
997 724 1222 791 Quando
1244 723 1597 779 consolaberis
1625 740 1707 778 me
1728 725 1754 779 1’

631 817 958 873 Defecerunt
997 817 1138 872 oculi
1191 816 1406 879 cordis;
1461 824 1515 870 et
1547 815 1667 870 vide
1690 855 1704 879 ,
1749 814 1801 870 in
1838 812 2147 883 eloquium,

560 927 666 966 non
697 910 766 965 ab
794 908 1030 980 eloquio,
1064 907 1349 963 defecisse.
1400 907 1643 977 Deﬁcere
1677 906 1819 962 enim
1847 906 1916 961 ab
1935 906 2149 987 eloquio

559 1004 657 1060 Dri
702 1012 786 1061 est
832 1004 998 1060 totius
1041 1002 1170 1059 boni
1204 1001 1487 1074 privatio;
1511 1001 1565 1055 in
1587 999 1859 1070 eloquium
1883 996 2013 1055 vero
2035 997 2150 1068 ejus

561 1093 818 1159 deﬁcere,
879 1106 1098 1163 semper
1150 1092 1335 1163 augeri
1378 1098 1482 1145 est.
1512 1088 1784 1156 Dicentes,
1817 1103 1939 1144 cum
1969 1088 2149 1159 lingua

564 1186 709 1256 loqui
768 1185 962 1251 soleat,
990 1185 1123 1241 dicit
1145 1184 1333 1240 oculos
1364 1182 1593 1249 locutos,
1624 1191 1683 1237 ut
1710 1179 1961 1237 ostendat
1986 1179 2147 1234 lumi-

560 1292 693 1332 nosa
712 1275 907 1341 cordis
949 1274 1248 1340 desideria,
1302 1273 1585 1328 silentioso
1626 1271 1861 1342 quodam
1900 1284 2151 1325 sermone

561 1365 924 1436 proclamare,
971 1374 1029 1420 et
1073 1380 1185 1435 prze
1217 1362 1455 1419 clamore
1483 1362 1869 1418 ardentissimo
1894 1358 2148 1438 deﬁcere,

560 1470 615 1514 et
645 1468 754 1514 tam
782 1458 873 1515 diu
912 1472 974 1515 se
995 1458 1126 1514 dicit
1149 1456 1419 1514 defectum
1444 1458 1611 1525 istum
1636 1454 1947 1527 pertulisse,
1976 1454 2150 1510 donec

564 1559 882 1621 exspectata
936 1549 1248 1608 incarnatio
1301 1549 1396 1605 Dei
1443 1549 1626 1605 cordis
1668 1555 1959 1622 appareret
2001 1560 2153 1620 aspeo

561 1647 738 1702 ctibus
966 1699 971 1705 .

561 1737 631 1792 83
704 1735 844 1802 Quia
868 1736 1041 1807 factus
1066 1752 1181 1790 sum
1206 1736 1338 1791 sicut
1367 1746 1482 1791 uter
1511 1735 1566 1789 in
1591 1734 1785 1805 pruina
1809 1745 1829 1779 -'

700 1827 1121 1897 Justiﬁcaiioncs
1143 1838 1261 1882 tuas
1284 1843 1387 1883 non
1410 1843 1528 1885 sum
1549 1825 1763 1880 oblitus.

631 1921 673 1975 C
710 1920 946 1977 Causam
992 1936 1094 1975 cur
1145 1917 1508 1988 adiuvandum
1547 1933 1606 1975 se
1649 1926 1706 1972 et
1758 1914 2148 1975 consolandum

560 2028 610 2082 p:
631 2019 710 2066 tat
754 2012 846 2066 hic
888 2011 1062 2082 ponit.
1101 2010 1236 2066 Uter
1274 2010 1442 2076 enim,
1497 2007 1956 2080 corpusmortale
1982 2007 2151 2078 signi—

562 2104 690 2156 ticat
720 2117 737 2168 ;
767 2103 979 2172 pruina,
1022 2101 1246 2157 caeleste
1297 2100 1622 2156 beneficium
1656 2098 2033 2156 conversionis
2059 2113 2149 2153 os.-

564 2194 760 2260 tendit,
814 2210 913 2265 per
969 2210 1132 2265 quam
1162 2195 1345 2250 evenit
1372 2203 1433 2249 ut
1475 2208 1604 2250 caro
1636 2202 1822 2249 nostra
1863 2191 2150 2248 lasciviens

562 2285 853 2342 afﬂictione
898 2288 1235 2356 poenitentia:
1288 2286 1669 2341 contrahatur.
1708 2284 1844 2341 Uter
1887 2283 2053 2354 igitur
2093 2282 2147 2337 in

562 2378 778 2447 pruina,
810 2378 995 2433 nativo
1020 2378 1203 2434 colore
1234 2378 1508 2444 desertus,
1552 2376 1766 2449 glaciali
1797 2376 1979 2447 rigore
2011 2390 2148 2431 con-

560 2468 796 2522 trahitur
827 2485 841 2535 ;
875 2469 955 2529 sic
990 2483 1191 2539 corpus
1220 2475 1559 2536 sanctorum,
1583 2466 1862 2522 incentivo
1890 2464 2147 2520 vitiorum

561 2562 745 2618 calore
780 2571 1088 2626 vacuatum,
1114 2559 1382 2617 beneﬁcio
1408 2559 1782 2616 conversionis
1812 2557 2146 2623 attrahitur;

559 2663 612 2707 et
649 2670 773 2729 cum
802 2655 880 2710 sic
912 2654 1076 2709 fuerit
1105 2653 1340 2709 feliciter
1361 2650 2148 2723 maceratum,proveuitqnod

560 2747 825 2814 sequitur,
867 2756 929 2801 ut
971 2745 1395 2822 iustiﬁcationes
1445 2746 1542 2802 Dei
1594 2745 1902 2801 nullatenus
1932 2743 2150 2799 valeant

561 2836 827 2893 oblivisci.
1478 2850 1483 2854 '

560 2927 630 2982 84
704 2926 842 2994 Quot
868 2939 990 2985 sunt
1016 2930 1127 2985 dies
1154 2931 1386 2986 serritui
1414 2944 1432 2983 :

705 3019 932 3086 Quando
964 3021 1126 3092 facies
1146 3022 1211 3078 de
1234 3021 1661 3094 persequentibus
1683 3037 1765 3075 me
1768 3019 2034 3091 judicium
2052 3061 2065 3073 .

632 3111 674 3168 C
712 3111 904 3168 Sciens
929 3124 1106 3170 coetus
1128 3124 1440 3169 sanctorqu
1466 3129 1635 3183 usque
1665 3112 1732 3167 ad
1764 3114 1925 3169 ﬁnem
1959 3111 2145 3167 mundi

561 3217 621 3257 se
657 3204 1047 3260 tentationibus
1088 3205 1285 3261 diaboli
1319 3203 1619 3273 subjacere,
1654 3203 1951 3275 interrogat
1973 3218 2146 3272 quan-

561 3293 632 3346 do
663 3295 894 3350 mundus
919 3294 1022 3351 iste
1047 3294 1287 3361 ﬁniatur,
1327 3303 1386 3349 ut
1406 3294 1472 3350 de
1497 3293 1957 3364 persecutoribus,
1990 3293 2041 3347 id
2068 3286 2151 3347 est

561 3380 776 3437 diabolo
808 3398 930 3439 cum
984 3384 1250 3440 ministris
1276 3393 1577 3455 praeparata
1607 3383 1741 3438 ultio
1787 3383 2145 3453 compleatur,

562 3487 668 3527 non
709 3474 836 3544 quia
892 3475 1017 3531 vita:
1045 3491 1156 3532 suae
1194 3485 1406 3547 tempus
1451 3476 1669 3531 volebat
1711 3490 2027 3547 agnoscere,
2053 3475 2148 3529 sed

562 3562 900 3619 celeritatem
952 3564 1120 3620 futuri
1166 3565 1478 3636 postulabat
1519 3563 1733 3634 jndicii,
1785 3563 1839 3617 in
1890 3578 1998 3632 quo
2034 3561 2147 3631 jam

561 3652 741 3709 beatis
765 3655 868 3709 erit
891 3656 1104 3726 requies
1130 3663 1185 3710 et
1208 3656 1461 3728 gaudium
1479 3656 1595 3710 sine
1610 3653 1719 3709 ﬁne
1736 3667 2072 3709 mansurum.

561 3742 632 3798 85
707 3742 1070 3803 Narraverunt
1092 3747 1221 3800 ini/ii
1252 3746 1417 3816 iniqui
1448 3744 1799 3815 fabulationes
1827 3763 1839 3798 :

703 3833 810 3890 Sed
838 3845 892 3888 ut
929 3851 1030 3889 non
1065 3834 1149 3889 (ea:
1178 3846 1292 3889 tua.

632 3924 678 3979 ll
717 3928 764 3981 Α
801 3925 843 3982 C
881 3925 1076 3996 Iniqui,
1109 3937 1234 3981 sunt
1267 3925 1509 3982 haeretici
1549 3925 1632 3980 vel
1660 3924 1829 3981 Judaei
1861 3926 1941 3980 vel
1968 3925 2145 3996 genti-

560 4016 639 4071 lcs
672 4017 996 4087 philosophi.
1024 4018 1066 4073 C
1096 4018 1335 4085 Quorum
1368 4017 1619 4073 doctrina
1675 4016 1928 4071 inanibus
1949 4015 2148 4081 fabulis

560 4116 647 4162 est
687 4118 1022 4180 comparata,
1047 4110 1188 4179 'qnia
1235 4126 1263 4163 a
1316 4110 1432 4179 lege
1470 4109 1563 4164 Dei
1609 4109 1830 4165 omnino
1853 4109 2143 4179 discrepat,

561 4210 614 4250 et
639 4214 666 4251 a
700 4201 967 4256 catholica
1004 4202 1235 4261 veritate
1255 4200 1505 4259 discedit.

550 4287 634 4342 .86
709 4289 902 4351 Omnia
932 4295 1184 4347 mandata
1211 4303 1303 4347 tua
1334 4295 1522 4349 veritas
1555 4306 1573 4345 :

706 4378 882 4450 Iniqui
913 4384 1166 4450 persecuti
1196 4394 1315 4439 sunt
1339 4400 1440 4451 me,
1467 4385 1661 4456 adjuva
1688 4402 1789 4440 me.

632 4466 673 4524 C
715 4467 929 4524 Veritas
951 4472 1096 4526 enim
1127 4487 1345 4542 semper
1374 4489 1559 4530 verum
1598 4475 1861 4545 loquitur,
1902 4476 1996 4532 sed
2020 4492 2142 4545 per-

565 4563 655 4617 ﬁdi
687 4577 805 4617 eam
836 4566 1160 4633 quibusdam
1213 4567 1425 4623 nebulis
1477 4569 1756 4625 obcaaeare
1783 4572 2138 4625 contendunt.

562 4656 623 4710 Et
656 4657 927 4724 persecuti
950 4666 1095 4721 sunt,
1121 4656 1362 4726 iubendo
1388 4675 1661 4728 perversa,
1686 4661 1819 4716 falsa
1842 4664 2138 4718 suadendo.

566 4748 797 4817 Adjecit,
830 4748 1023 4819 adjuva
1051 4765 1160 4814 me,
1188 4751 1343 4819 quasi
1370 4761 1557 4805 contra
1586 4752 1879 4807 immanem
1904 4753 2137 4808 belluam

560 4848 615 4893 et
638 4841 859 4903 hostem,
875 4841 1312 4898 crudelissimum
1337 4857 1398 4899 se
1417 4844 1662 4916 adjuvari
1691 4846 1927 4920 postulat
1948 4857 2138 4901 contra

559 4931 637 4985 s'c
667 4929 990 4987 fabulantes.

557 5021 625 5076 87
672 5022 1016 5078 Paulonn‘nus
1041 5036 1532 5081 consummaverunt
1563 5044 1644 5082 me
1674 5028 1728 5082 in
1759 5036 1900 5082 terra
1926 5044 1943 5081 :

699 5110 812 5184 Ego
840 5124 1015 5173 autem
1044 5133 1145 5170 non
1175 5117 1431 5190 dereliqui
1462 5120 1713 5174 mamlata
1739 5128 1852 5175 tua.

554 5236 558 5245 ι
631 5202 672 5258 C
694 5204 827 5259 Dum
859 5208 990 5265 dicit
1018 5210 1377 5279 paulominus,
1409 5220 1466 5268 et
1511 5214 1845 5269 nimietatem
1875 5229 2133 5284 perseeu-

558 5298 720 5350 toais
762 5302 1016 5367 ostendit,
1041 5311 1097 5357 et
1138 5319 1199 5359 se
1236 5312 1413 5359 tamen
1444 5321 1550 5361 non
1580 5306 1844 5362 defecisse
1866 5306 1970 5360 Dei
2020 5318 2135 5359 mu-

2392 445 2460 502 Et
2494 449 2787 503 custodiant
2816 442 3111 506 tcSh‘monia
3134 452 3241 505 oris
3266 450 3364 505 tui.

2318 543 2359 599 C
2388 542 2611 599 Viviﬁca
2650 558 2756 608 me,
2803 543 2940 599 dixit
2973 544 3265 599 secundum
3293 532 3739 609 misericordiam,
3779 545 3830 602 id

2249 646 2353 700 est,
2389 635 2440 690 in
2471 634 2558 689 illa
2583 635 2692 690 vita
2720 643 2921 691 teterna
2950 636 3238 702 constitue,
3265 637 3354 692 ubi
3388 645 3701 692 sanctorum
3726 639 3831 693 vita

2210 766 2213 767 ν
2248 734 2351 801 est.
2382 722 2452 782 Ut
2477 725 2776 781 custodiam
2797 766 2811 791 ,
2843 723 2890 779 Η
2933 724 3017 780 vel
3044 739 3107 780 ea
3138 741 3256 795 qua!
3287 726 3338 780 in
3377 725 3497 797 lege
3541 728 3831 791 mandasti,

2249 817 2336 873 vel
2377 816 2464 872 illa
2504 832 2623 888 qua:
2660 817 2713 873 in
2740 817 3034 888 evangeliis
3060 818 3353 889 protulisti.
3397 818 3443 872 Α
3496 816 3656 873 Nullo
3683 820 3833 873 modo

2250 918 2522 982 martyres
2570 910 2879 967 testimonia
2934 912 3051 980 Dei,
3084 911 3136 968 id
3189 921 3274 968 est
3321 912 3607 984 martyria,
3637 923 3833 984 martyr

2251 1004 2394 1060 enim
2425 1004 2569 1060 testis
2607 1004 2838 1072 dicitur,
2869 1006 3225 1070 custodirent,
3251 1006 3351 1061 nisi
3383 1006 3599 1061 Domini
3626 1006 3832 1063 miseri-

2251 1095 2433 1152 cordia
2464 1094 2558 1152 Dei
2588 1095 3037 1165 vivificarcutur;
3096 1097 3353 1153 viviﬁcati
3394 1105 3520 1153 sunt
3555 1096 3723 1160 enim,
3770 1113 3832 1150 ne

2246 1170 2482 1267 amando
2523 1187 2691 1242 vitam
2727 1196 2990 1259 negarent
3037 1187 3226 1252 vitam,
3275 1198 3331 1243 et
3385 1187 3633 1259 negando
3672 1187 3828 1241 vitam

2252 1277 2567 1334 amitterent
2616 1277 2815 1346 vitam;
2867 1293 2933 1334 ae
2977 1278 3057 1333 sic
3105 1278 3198 1349 qui
3249 1294 3347 1349 pro
3396 1279 3505 1333 vita
3561 1277 3831 1333 veritatem

2251 1367 2507 1425 deserere
2568 1367 2859 1424 noluerunt
2917 1367 3198 1424 moriendo
3248 1383 3347 1440 pro
3404 1366 3637 1423 veritate
3688 1366 3833 1420 vixe-

2251 1469 2403 1516 runt.

2442 1566 2808 1609 ARGUIIENTUI
2848 1566 3187 1617 SEQUENTIUI
3225 1564 3366 1607 OCTO
3396 1562 3666 1605 VERSch

2323 1641 2365 1699 c
2394 1642 2436 1698 Β
2462 1643 2624 1699 Plebs
2663 1624 2860 1712 ﬁdelis,
2891 1642 3147 1698 virtutem
3200 1640 3416 1697 Domini
3465 1639 3719 1709 factaque
3747 1638 3836 1692 de-
3907 1634 3911 1638 ‘

2179 1716 2226 1779 Β
2255 1734 2530 1802 scribens,
2554 1734 2683 1790 dicit
2697 1735 2879 1791 omnia
2896 1731 3213 1805 temporalia
3229 1745 3387 1803 posse
3406 1730 3574 1797 ﬁniri,
3588 1730 3834 1784 mandata

2247 1840 2377 1883 vero
2394 1826 2511 1896 ejus
2535 1842 2875 1898 nequaquam
2899 1825 3190 1882 terminum
3219 1822 3462 1894 reperire
3490 1864 3506 1890 ,
3533 1822 3576 1877 Β
3614 1838 3835 1893 quorum

2248 1918 2548 1990 disciplina:
2577 1918 2792 1974 subdita
2819 1918 3122 1990 proclamat
3152 1935 3167 1970 :
3197 1915 3254 1972 In
3277 1924 3544 1971 mternum
3571 1928 3679 1969 non
3707 1911 3835 1969 obli-

2246 2009 2428 2065 viscar
2452 2008 2871 2081 justiﬁcationes
2895 2018 3018 2066 tuas

2672 2101 2718 2156 Α
2742 2101 2784 2156 Β
2812 2100 3073 2169 Lamech,
3112 2097 3420 2171 disciplina.

2318 2195 2361 2250 Β
2402 2196 2468 2250 Ει
2501 2196 2622 2252 ideo
2667 2194 2903 2251 Lameeh
2949 2194 3282 2266 disciplinam
3322 2199 3514 2257 sonat,
3568 2190 3696 2261 quia
3750 2188 3838 2244 Dei

2249 2287 2552 2358 disciplinae
2577 2286 2732 2358 plebs
2759 2287 2933 2343 lidelis
2956 2285 3313 2343 libentissime
3335 2282 3554 2340 subdita
3583 2289 3689 2338 est.

2248 2380 2316 2437 89
2391 2378 2461 2451 In
2489 2388 2765 2446 wternunt,
2790 2378 3014 2434 Domine
3038 2392 3059 2431 :

2395 2470 2623 2526 Verbum
2650 2480 2801 2526 tuum
2826 2481 3094 2542 permanet
3119 2472 3174 2527 in
3198 2470 3344 2527 calo.

2320 2563 2362 2621 C
2413 2562 2705 2618 Permanet
2739 2562 2902 2633 igitur
2956 2562 3182 2617 verbum
3221 2564 3318 2619 Dei
3374 2562 3429 2618 in
3478 2567 3742 2617 aeternum
3789 2560 3837 2614 in

2239 2654 2408 2727 coelo,
2440 2653 2492 2709 id
2519 2663 2627 2720 est,
2656 2652 2710 2707 in
2741 2664 3067 2723 unoquoque
3111 2662 3319 2719 sancto,
3368 2668 3506 2724 quos
3570 2651 3639 2707 de
3674 2662 3835 2706 morte

2247 2744 2381 2800 facit
2407 2744 2608 2809 vivere,
2637 2743 2690 2800 id
2738 2751 2840 2805 est,
2879 2758 2977 2814 per
3002 2750 3230 2797 mortem
3282 2742 3636 2813 temporalem
3667 2741 3835 2794 vivere

2249 2835 2620 2901 azternaliter;
2651 2842 2737 2890 est
2776 2833 2923 2890 enim
2972 2834 3026 2889 in
3076 2833 3181 2889 illis
3210 2833 3429 2901 coelum,
3457 2832 3546 2888 vel
3594 2832 3668 2887 illi
3721 2840 3835 2885 sunt

2249 2924 2471 2991 coelum,
2501 2924 2592 2994 qui
2644 2939 2703 2979 se
2753 2923 2962 2979 cmlesti
3009 2924 3425 2979 conversatione
3472 2931 3710 2986 tractare
3750 2938 3814 2975 no

2250 3024 2496 3072 scuntur.
2530 3013 2648 3079 Vel,
2678 3014 2732 3069 in
2764 3014 2925 3080 etelo,
2956 3014 3008 3069 id
3038 3023 3141 3081 est,
3169 3016 3223 3070 in
3275 3014 3502 3086 angelis,
3550 3014 3607 3069 in
3652 3015 3834 3085 quibus

2251 3106 2397 3161 Deus
2447 3105 2678 3161 habitat.
2709 3105 2892 3161 Manet
2939 3106 3106 3178 igitur
3134 3107 3187 3161 in
3228 3106 3333 3161 illis
3376 3120 3594 3176 semper
3625 3108 3834 3160 verbum

2249 3196 2368 3264 Dei,
2401 3198 2528 3268 quia
2569 3196 2645 3251 illi
2679 3197 2886 3269 jugiter
2914 3198 2969 3252 in
3000 3198 3090 3253 Dei
3133 3196 3437 3252 ministerio
3473 3205 3530 3251 et
3561 3197 3721 3253 laude
3754 3198 3828 3251 ﬁr-

2234 3292 2495 3355 missima
2523 3291 2914 3348 deliberatione
2940 3292 3266 3346 consistunt.

2248 3383 2317 3439 90
2386 3381 2456 3437 In
2477 3384 2808 3453 generatione
2832 3392 2879 3437 et
2902 3382 3235 3453 generatione
3261 3380 3451 3435 veritas
3477 3388 3572 3434 tua
3597 3397 3619 3435 ε

2360 3516 2373 3553 .'
2389 3469 2657 3526 Fundasti
2681 3481 2877 3526 terram
2897 3480 2947 3526 et
2975 3481 3264 3541 permanet.

2323 3563 2363 3617 ll
2397 3562 2437 3617 C
2475 3563 2530 3616 In
2563 3562 2914 3631 generatione
2963 3573 3020 3618 et
3065 3563 3447 3634 generatione,
3490 3571 3737 3633 tempora
3777 3560 3817 3616 si

2249 3654 2474 3725 gniﬁcat
2499 3655 2697 3726 quibus
2718 3655 2824 3710 duo
2846 3654 3026 3725 populi
3055 3655 3282 3710 Domino
3303 3654 3680 3718 crediderunt,
3706 3667 3834 3707 unus

2247 3746 2382 3818 legis
2400 3756 2457 3801 et
2482 3747 2888 3818 prophetarum,
2918 3745 3057 3800 alius
3081 3746 3357 3818 Evangelii
3379 3757 3434 3801 et
3451 3745 3833 3816 apostolorum,

2247 3836 2288 3892 C
2319 3837 2372 3891 in
2401 3837 2600 3907 quibus
2633 3845 2717 3891 est
2750 3838 2973 3905 veritas,
3017 3837 3071 3892 id
3093 3848 3196 3899 est,
3235 3838 3351 3908 ipse
3392 3836 3658 3891 Dominus
3686 3836 3835 3892 Chri-

2247 3940 2386 3984 stus.
2411 3928 2674 3983 Fundasti
2707 3937 2937 3994 terram,
2984 3929 3088 3983 hoc
3127 3937 3212 3983 est
3241 3927 3571 3984 constituisti
3607 3937 3833 3989 sanctos,

2247 4020 2338 4090 qui
2374 4020 2452 4075 sic
2482 4018 2692 4073 fundati
2715 4028 2863 4083 sunt,
2887 4026 2945 4072 ut
2969 4019 3022 4072 in
3044 4017 3249 4073 Christi
3278 4017 3603 4073 credulitate
3633 4031 3835 4086 perma-

2247 4118 2428 4164 neant.
2459 4108 2525 4162 Et
2552 4108 2669 4165 haec
2690 4117 2778 4163 est
2817 4122 2980 4164 causa
3013 4124 3112 4162 cur
3156 4108 3209 4162 in
3258 4106 3615 4177 generatione
3644 4107 3836 4160 veritas

2246 4210 2348 4263 est,
2400 4199 2530 4269 quia
2573 4196 2801 4253 fundata
2839 4208 2924 4254 est
2962 4210 3131 4263 terra,
3183 4199 3236 4253 id
3287 4206 3390 4263 est,
3431 4197 3743 4252 credentes.
3784 4196 3833 4249 Si

2245 4292 2390 4346 enim
2421 4290 2536 4360 ipse
2588 4304 2695 4344 non
2744 4289 3025 4346 fundasset
3051 4290 3130 4345 sic
3161 4300 3398 4355 terram,
3431 4289 3485 4343 id
3516 4297 3604 4343 est
3642 4290 3835 4343 conﬁr-

2176 4416 2221 4474 υ
2250 4390 2472 4448 masset,
2512 4397 2611 4438 nec
2634 4384 2786 4452 prior
2810 4384 3092 4453 generatio
3118 4398 3219 4461 nec
3239 4396 3476 4451 sequens
3509 4380 3596 4435 vel
3622 4383 3836 4437 credere

2247 4475 2301 4530 iu
2329 4474 2627 4539 Christum,
2651 4474 2736 4529 vel
2760 4489 3082 4544 permanere
3115 4474 3166 4531 in
3197 4474 3301 4528 ﬁde
3329 4473 3615 4544 potuisset.

2247 4567 2309 4624 91
2388 4565 2734 4622 Ordinatione
2755 4578 2844 4620 tua
2865 4576 3156 4637 perseverat
3179 4568 3290 4621 dies
3345 4607 3348 4610 .

2392 4658 2656 4724 Quoniam
2682 4659 2858 4712 omnia
2882 4659 3113 4727 seruiunt
3142 4658 3258 4711 tibi.

2319 4748 2360 4806 C
2384 4748 2606 4815 Quoties
2629 4748 2897 4820 singulari
2917 4765 3144 4804 numero
3168 4750 3283 4805 dies
3309 4750 3554 4820 ponitur,
3580 4757 3834 4816 venturus

2249 4844 2337 4899 ille
2366 4843 2721 4916 signiﬁcatur,
2751 4843 2845 4912 qui
2878 4858 3019 4899 unus
3049 4852 3212 4913 atque
3251 4852 3489 4898 aeternus
3513 4852 3623 4907 est,
3656 4849 3711 4895 et
3737 4856 3833 4893 non

2244 4935 2409 4990 habet
2456 4944 2715 5000 noctem;
2757 4933 2823 4989 de
2859 4949 2969 5003 quo
3014 4934 3277 5004 scriptum
3314 4942 3398 4990 est
3429 4951 3444 4987 :
3474 4932 3545 4987 Et
3583 4934 3694 4987 erit
3738 4930 3832 4985 illis

2242 5027 2505 5087 Dominus
2528 5028 2710 5083 lumen
2735 5037 2998 5085 aeternum
3032 5010 3220 5099 (Apoc.
3265 5029 3400 5092 xxi).
3456 5027 3526 5082 Et
3577 5042 3646 5083 ne
3694 5026 3829 5096 φύε.

2242 5120 2514 5189 quomodo
2552 5121 2659 5191 hoc
2705 5119 2823 5176 ﬁeri
2861 5130 3063 5190 posset,
3098 5121 3460 5190 interrogaret
3512 5116 3825 5177 dubitando,

2222 5208 2439 5278 ‘adjeeit
2476 5210 2662 5266 omnia
2706 5211 2911 5268 servire
2940 5211 3223 5277 Creatori,
3249 5212 3340 5280 qui
3383 5225 3485 5282 pro
3523 5226 3624 5267 sua
3653 5207 3827 5265 volun-

2241 5309 2353 5355 tate
2378 5308 2435 5355 et
2456 5301 2772 5370 temporalia
2800 5311 2855 5357 et
2875 5311 3079 5358 mterna
3108 5302 3366 5370 disponit.
