3994 5370
185 324 294 380 ita
1143 326 1153 385 ξ

1376 308 1741 374 ΕΧΡΟΞΙΤΙΟ
1777 301 2233 363 ΡεΑωιοιιυω.

3350 298 3485 357 ,διδ

191 443 451 495 ﬁrmatus
476 443 742 494 tormenta
769 434 942 506 possit
966 431 1245 491 saevientia
1294 427 1595 500 intrepidus
1621 437 1782 492 supe-
1812 425 1856 484 Λ
1887 416 2064 488 pinetis
2111 424 2164 470 et
2212 413 2454 485 psalmis.
2505 411 2735 481 Propter
2781 406 2925 506 quod
2974 405 3027 460 in
3081 419 3246 464 cruce
3294 404 3477 459 dixit:

186 546 332 584 rare.
368 528 429 585 in
462 528 787 593 humilitate,
828 526 884 581 in
911 524 1298 582 afﬂictionibus
1320 521 1470 585 dicit,
1522 531 1659 588 quas
1699 516 1787 585 pia

184 615 475 671 voluntate
534 616 864 681 toleravit,a
911 614 1108 686 quibus
1157 627 1216 670 se
1262 609 1465 684 gaudet
1515 616 1787 679 ereptum,

186 708 410 778 quando
461 708 663 764 meruit
708 707 778 765 ad
832 716 1079 763 sanetum
1125 704 1410 785 pervenire
1444 698 1787 772 martyrium,

185 798 485 855 ilumilitas
541 799 641 854 ista
692 815 723 853 a
771 798 1098 868 quibusdam
1160 793 1487 850 necessitate
1545 788 1783 856 subitur,

186 890 256 942 ab
276 887 428 954 aliis,
462 899 523 944 ut
548 905 580 942 a
611 888 834 952 sanctis,
859 885 1140 941 voluntate
1167 883 1483 954 suscipitur.

186 975 259 1031 93
332 975 402 1031 In
425 987 681 1032 trternum
704 994 805 1032 non
830 975 1108 1033 obliviscar
1120 974 1527 1044 justiﬁcationes
1548 982 1666 1027 tua:
1685 1011 1701 1026 .

335 1063 478 1130 Quia
497 1067 551 1121 in
576 1068 611 1136 ἱ]
630 1068 701 1121 sis
717 1066 991 1135 vit'iﬁcasti
1014 1084 1113 1121 me.

258 1155 303 1212 (ἒ
334 1156 524 1213 Nullus
552 1158 696 1212 enim
723 1157 960 1214 ﬁdelium
989 1156 1150 1213 debet
1174 1156 1417 1213 oblivisci
1451 1155 1665 1211 illorum
1692 1152 1786 1210 be-

187 1250 503 1306 niﬁeiorum
533 1250 768 1316 Domini,
797 1266 827 1305 a
857 1250 1054 1322 quibus
1103 1249 1265 1305 vitale
1298 1262 1494 1305 munus
1542 1247 1789 1303 noscitur

176 1338 504 1414 accepisse,
534 1344 650 1400 haec
679 1355 861 1400 autem
903 1336 1162 1401 beneﬁcia
1193 1354 1319 1403 sunt
1342 1343 1783 1414 justiﬁrationes,

191 1450 316 1516 qua:
343 1437 502 1492 nobis
524 1436 692 1491 vitam
724 1438 920 1493 animae
947 1438 1320 1508 praestiterunt
1379 1438 1433 1491 in
1488 1436 1611 1492 ﬁde.
1647 1436 1785 1492 Pos-

189 1534 322 1581 sunt
362 1527 507 1580 enim
561 1527 795 1583 fortasse
842 1527 946 1584 alia
975 1529 1250 1585 memoria:
1275 1529 1549 1595 decidere,
1577 1526 1781 1583 beneﬁ—

189 1618 337 1672 cium
358 1627 540 1675 autem
572 1620 753 1676 nullus
781 1620 1018 1677 ﬁdelium
1056 1621 1409 1687 obliviscitur,
1453 1621 1507 1677 in
1543 1636 1651 1692 quo
1676 1619 1785 1675 vita

188 1719 500 1777 praestatur.

190 1797 260 1853 9!
338 1798 482 1854 Tuus
510 1816 626 1855 sum
654 1817 747 1872 ego
772 1802 973 1857 salvum
995 1820 1076 1858 me
1103 1804 1211 1873 fac.

336 1891 605 1959 Quoniam
616 1897 1029 1966 justiﬂcationes
1058 1909 1178 1953 tuas
1200 1901 1476 1970 exquisivi.

264 1981 307 2038 C
336 1982 490 2038 Tuus
513 2001 634 2040 sum
672 2002 796 2058 ego.
824 2005 933 2045 non
979 1999 1158 2060 potest
1206 1991 1391 2048 dicere
1431 2006 1560 2047 vere
1586 1992 1679 2064 qui
1728 2007 1790 2050 se

104 2146 115 2153 _
191 2073 349 2128 novit
385 2085 612 2144 peccato
653 2076 881 2134 servire.
931 2078 1138 2136 Servus
1183 2080 1331 2136 enim
1377 2082 1631 2137 vitiorum
1678 2098 1787 2139 non

191 2173 435 2219 meretur
482 2165 772 2222 Dominum
827 2168 1030 2224 habere
1069 2178 1405 2226 sanctorum.
1435 2169 1569 2227 Illud
1601 2181 1787 2227 autem

94 2254 101 2259 ’
190 2246 505 2322 considera,
529 2258 675 2327 quod
715 2257 842 2314 dum
874 2260 1117 2329 professa
1173 2262 1340 2319 fuerit
1367 2264 1567 2320 cohors
1594 2273 1788 2321 sancta

189 2361 249 2400 se
286 2362 411 2403 esse
439 2349 681 2430 Domini,
713 2352 891 2408 adhuc
914 2355 1050 2424 petit
1081 2364 1139 2410 ut
1166 2355 1314 2412 salva
1344 2355 1460 2423 ﬁat,
1492 2358 1676 2428 utique
1733 2358 1788 2414 in

189 2438 279 2493 illa
300 2440 639 2511 judicatioue
669 2442 1019 2510 futurarcum
1050 2447 1194 2503 beati
1220 2449 1422 2506 intrant
1456 2451 1511 2505 in
1544 2453 1786 2521 requiem

191 2530 600 2600 sempiternam.
671 2532 780 2589 Sed
832 2550 1002 2606 quare
1065 2538 1210 2593 salus
1266 2540 1369 2595 ista
1424 2548 1644 2611 petatur
1693 2557 1787 2597 as-

191 2620 391 2686 sidue,
453 2622 639 2677 subter
691 2622 939 2694 adjunxit
998 2627 1185 2683 dit-ens
1238 2644 1253 2684 :
1309 2630 1575 2698 Quoniam
1617 2631 1784 2701 justi-

178 2711 480 2770 ’ﬁcationcs
531 2725 649 2770 tuas
701 2719 991 2790 exquisivi.
1041 2721 1143 2776 Alii
1195 2721 1452 2789 honores,
1482 2722 1571 2779 alii
1598 2725 1785 2780 mundi

192 2806 413 2874 gaudia,
445 2807 534 2862 alii
578 2809 848 2865 connubia
877 2822 1125 2883 quaerunt
1158 2854 1172 2879 ,
1230 2829 1331 2884 ego
1364 2813 1784 2883 iustificationes

194 2902 335 2949 tuas.
1013 2916 1017 2920 -

188 2987 262 3041 95
339 2989 430 3044 Me
459 3005 888 3063 exspectaverunt
916 3006 1214 3065 peceatores
1244 3006 1298 3050 ut
1326 2998 1598 3068 perderent
1630 3017 1712 3054 me
1737 3016 1757 3053 :

342 3081 671 3140 Testimonia
702 3097 793 3140 tua
819 3087 1074 3141 intellexi.

259 3170 303 3227 Ο
334 3171 421 3227 Me
449 3181 927 3245 exSpectaverunt,
959 3177 1166 3233 scilicet
1198 3179 1320 3234 mali
1352 3197 1604 3237 suasores
1630 3181 1781 3238 blan-

191 3259 411 3316 diendo.
456 3262 607 3330 Quod
650 3265 918 3336 agebant,
962 3276 1019 3321 ut
1064 3284 1237 3322 meam
1278 3270 1514 3324 animam
1559 3272 1779 3330 vulnere

191 3353 480 3422 pravitatis
505 3358 839 3413 sauciarent.
857 3358 1102 3415 Ostendit
1120 3377 1251 3417 vero
1272 3378 1367 3433 per
1388 3364 1491 3419 hoc
1513 3365 1657 3433 quod
1680 3366 1777 3433 ait,

191 3458 675 3519 exspectaverunt,
708 3466 924 3522 pmnam
958 3455 1205 3527 martyrii
1238 3472 1344 3510 non
1377 3456 1544 3512 fuisse
1572 3458 1780 3514 accele-

192 3549 363 3597 ratam
395 3551 454 3595 et
480 3544 873 3614 prmcipitatam
894 3586 909 3608 ,
943 3554 1000 3599 ut
1029 3546 1247 3617 gravior
1276 3545 1429 3602 ﬁeret
1460 3564 1617 3617 pcena
1648 3564 1773 3618 pro-

192 3638 366 3685 tracta
414 3646 579 3700 quam
625 3634 953 3700 subitanea;
990 3636 1207 3705 gravior
1234 3646 1318 3690 est
1344 3639 1486 3691 enim
1519 3638 1620 3692 ista
1652 3654 1777 3709 per-

190 3720 438 3787 secutio,
488 3737 610 3791 quas
658 3731 717 3778 et
764 3738 1020 3779 coronam
1072 3726 1318 3796 martyrii
1367 3728 1680 3797 suspendit,
1725 3737 1780 3783 et

191 3821 421 3866 mortem
452 3814 647 3869 animae
680 3816 910 3870 suadere
944 3832 1049 3871 non
1080 3818 1300 3873 desinit.
1336 3818 1441 3872 Sed
1475 3819 1781 3890 intelligens

191 3902 293 3956 iste
323 3903 695 3960 testimonium
730 3906 823 3961 Dei
853 3922 959 3961 non
1008 3916 1221 3975 poterat
1261 3908 1327 3962 ad
1377 3909 1504 3963 vitia
1548 3909 1779 3964 nefanda

191 3995 417 4063 perduci
439 4037 452 4062 ,
484 3999 629 4051 unde
662 3997 738 4051 illi
769 3998 869 4052 soli
898 4014 926 4051 a
960 3999 1052 4053 tali
1086 3999 1329 4069 periculo
1362 3988 1661 4055 liberantur
1686 4003 1778 4072 qui

191 4083 408 4141 Domini
462 4086 868 4144 illuminatione
911 4092 1218 4146 lirmantur.
1275 4091 1515 4147 intellexi
1593 4102 1773 4148 autem

191 4190 517 4248 exponatur,
548 4182 600 4236 id
625 4191 711 4237 cst
732 4223 745 4247 ,
778 4194 1034 4252 operatus
1062 4200 1180 4238 sum
1202 4226 1217 4248 ,
1249 4185 1387 4239 sicut
1419 4184 1471 4237 in
1505 4184 1612 4239 alio
1638 4185 1778 4254 psal-

192 4287 278 4325 mo
329 4273 579 4327 dicitur:
635 4268 841 4329 Beatus
887 4275 976 4344 qui
1028 4274 1282 4339 intelligit
1332 4289 1496 4344 super
1546 4289 1775 4345 egenum

191 4364 211 4433 ζ
235 4361 383 4418 ΡιαΙ.
416 4364 527 4434 η)
554 4406 568 4430 ,
600 4366 653 4419 id
684 4374 804 4431 est,
834 4367 1084 4421 subvenit
1126 4382 1316 4438 egeno.
1365 4368 1454 4422 ille
1497 4368 1641 4422 enim
1683 4369 1793 4443 qui.

189 4465 446 4524 operatur
474 4457 775 4512 secundum
803 4457 1110 4512 testimonia
1133 4498 1147 4523 ,
1182 4474 1286 4513 non
1313 4468 1491 4530 potest
1522 4459 1588 4514 ad
1612 4458 1737 4515 vitia
1760 4501 1774 4527 ,
1801 4491 1856 4551 Β

189 4558 247 4600 ut
275 4549 551 4614 diximus,
586 4550 822 4605 nefanda
854 4552 1099 4618 perduci.

190 4641 257 4695 96
330 4641 489 4697 Omni
517 4644 960 4698 consummationi
990 4645 1096 4697 vidi
1126 4644 1283 4712 ﬁnem
1310 4660 1329 4700 :

331 4731 519 4786 Latum
547 4735 859 4788 mandatum
890 4743 1039 4787 tuum
1071 4736 1247 4788 nimis.

254 4822 297 4878 C
331 4823 743 4879 Consummatio
776 4834 859 4881 est
901 4824 1048 4879 enim
1090 4826 1331 4880 omnium
1363 4829 1622 4883 virtutum
1651 4844 1773 4900 per-

189 4912 349 4970 ΐίοοιὶο
370 4956 385 4977 ,
419 4916 504 4970 cui
531 4917 990 4972 consummationi
1019 4913 1265 4972 Christus
1293 4928 1377 4975 est
1420 4920 1544 4974 ﬁnis
1568 4962 1581 4987 ,
1610 4938 1772 4991 quem
1840 4958 1851 4962 -

190 5021 246 5058 se
276 5007 480 5062 vidisse
507 5007 672 5073 dicit,
700 5024 822 5063 cum
852 5021 981 5063 eum
1010 5005 1309 5062 illuminata
1339 5019 1521 5065 mente
1546 5014 1778 5069 credidit

190 5112 309 5152 esse
350 5107 660 5175 venturum.
704 5099 899 5178 Latum
947 5097 1260 5153 mandatum
1288 5101 1564 5172 signiﬁcat
1593 5103 1774 5161 chari-

192 5197 354 5245 tatem
376 5231 392 5257 ,
424 5207 588 5261 quam
621 5193 759 5249 circa
790 5196 971 5250 Deum
1005 5189 1204 5247 habere
1226 5190 1487 5260 iubemur
1511 5203 1565 5249 et
1593 5200 1775 5266 proxi-

190 5295 357 5334 mum.
389 5279 521 5335 Nam
551 5283 677 5353 quid
707 5285 868 5340 latius
899 5293 1029 5345 esse
1055 5280 1161 5334 dici
1192 5292 1401 5353 potest,
1442 5300 1602 5355 quam
1630 5289 1773 5358 quod

1891 513 2337 569 Cousuunuatum
2367 514 2449 561 cst
2480 504 2683 576 (Joun.
2714 517 2804 555 xtx
2834 500 2873 566 ).

2059 614 2420 657 ABGUIIENTU“
2471 607 2804 659 SEQUENTIUH
2856 606 2994 647 OCTO
3040 605 3311 646 γεηςυωι.

1962 695 2004 752 C
2052 695 2093 749 Β
2140 691 2377 762 Populus
2424 690 2613 745 beatus
2654 686 3038 757 prophetarum
3084 691 3252 753 atque
3300 682 3473 738 Evan-

1891 784 2018 858 gelii
2043 781 2393 839 meditatione
2415 776 2707 850 proﬁciens
2736 788 2899 846 super
2928 773 3181 829 docentes
3210 787 3268 827 se
3296 787 3359 827 ac
3388 788 3479 827 se-

1889 878 2107 941 niores,
2156 872 2353 928 asserit
2398 886 2457 926 se
2505 868 2686 925 divina
2735 864 3064 922 intellexisse
3113 863 3408 927 mandata,
3437 862 3482 915 Β

1888 970 2033 1041 quod
2062 982 2193 1039 ergo
2220 981 2362 1020 mem
2397 954 2791 1033 interpretatur
2831 974 2896 1013 ex
2932 973 3034 1029 quo
3061 974 3080 1012 :
3112 955 3382 1028 signiﬁcat
3409 969 3476 1037 ex

1888 1077 2029 1132 quo,
2069 1059 2173 1115 hoc
2214 1065 2298 1111 est
2338 1053 2481 1125 quod
2529 1050 2730 1107 dicitur
2758 1049 2802 1115 li
2829 1048 2870 1102 Β
2901 1067 2915 1103 :
2948 1086 2967 1105 .
2993 1047 3274 1117 Quomodo
3315 1047 3478 1101 dilexi

1888 1153 2063 1224 legem
2115 1160 2283 1214 tuam,
2314 1145 2541 1202 Domine
2565 1145 2587 1199 ?
2618 1143 2670 1200 id
2697 1151 2813 1208 est,
2840 1156 2907 1196 ex
2935 1155 3041 1212 quo
3069 1138 3264 1194 all'ectu
3294 1137 3477 1192 dulce-

1887 1246 2030 1301 dinis
2055 1254 2112 1300 et
2140 1243 2346 1299 amoris
2367 1283 2383 1309 ,
2414 1250 2474 1296 ut
2500 1238 2773 1311 signiﬁCet
2799 1251 2866 1291 ex
2898 1235 3107 1290 intimo.
3159 1230 3312 1301 Quod
3343 1245 3474 1285 vero

1887 1339 2090 1393 dicitur
2114 1352 2181 1392 ex
2214 1335 2346 1406 ipsis
2373 1353 2386 1389 :
2419 1332 2691 1409 signiﬁcat
2713 1344 2782 1384 ex
2809 1326 2940 1397 ipsis
2964 1323 3175 1383 Domini
3206 1321 3479 1410 mandatis

1887 1429 2205 1488 eorumdem
2249 1426 2664 1498 concipiendum
2710 1435 2986 1486 amorem,
3036 1417 3180 1474 unde
3224 1414 3393 1481 dicit,
3445 1429 3478 1468 a
3566 1448 3573 1451 ~

1887 1523 2160 1583 mandatis
2192 1522 2299 1576 tuis
2325 1519 2587 1575 intellexi.

2203 1611 2248 1666 il
2282 1612 2322 1665 Β
2352 1610 2524 1676 Mem,
2556 1624 2624 1664 ex
2655 1622 2763 1679 quo
2788 1605 2874 1662 vel
2904 1620 2972 1661 ex
3001 1602 3157 1675 ipsis.

1886 1708 1955 1764 97
2029 1704 2305 1774 Quomodo
2335 1703 2499 1758 dilexi
2529 1708 2694 1773 tegent
2726 1709 2895 1763 tuam,
2927 1696 3144 1752 Domine
3170 1709 3189 1748 .'

1813 1779 1861 1842 Β
2033 1800 2165 1862 Tota
2190 1797 2276 1851 die
2300 1794 2569 1851 meditatio
2595 1809 2710 1846 utea
2749 1805 2812 1846 +
2842 1799 2919 1845 est
2949 1790 2972 1861 ζ

1962 1893 2004 1949 C
2035 1890 2300 1955 Dicendo,
2317 1876 2611 1959 quomodo,
2631 1882 2975 1955 promittitse
2987 1880 3257 1935 dicturum
3288 1893 3478 1948 quem-

1862 1984 2183 2043 admodum
2231 1982 2405 2054 legem
2454 1977 2554 2035 Dei
2580 1976 2852 2049 praecipua
2883 1973 3183 2031 intentione
3208 1979 3263 2028 et
3292 1969 3479 2024 volun-

1890 2085 2004 2133 tate
2048 2072 2320 2132 dilexerit.
2365 2070 2502 2129 Tota
2541 2068 2662 2134 die,
2705 2066 3023 2125 continuum
3068 2072 3280 2133 tempus
3307 2060 3478 2133 signi-

1888 2170 2045 2235 ﬁcat,
2072 2167 2369 2231 meditatur
2393 2164 2540 2222 enim
2570 2170 2684 2219 toto
2707 2162 2835 2216 vita:
2863 2167 3107 2229 tempore
3124 2157 3306 2231 legem
3340 2155 3432 2227 Dei
3455 2196 3471 2219 ,

1887 2261 1980 2333 qui
2019 2244 2203 2317 omnia
2245 2272 2366 2328 qua:
2406 2255 2570 2320 facit,
2607 2253 2663 2309 in
2691 2251 2905 2308 laudem
2946 2249 3041 2306 Dei
3080 2248 3208 2319 agit.
3253 2246 3309 2302 Si
3351 2246 3476 2316 quis

1887 2355 2034 2414 enim
2074 2368 2197 2410 cum
2241 2352 2438 2408 timore
2466 2348 2561 2404 Dei
2592 2347 2746 2403 cibos
2772 2351 3140 2415 temperanter
3166 2340 3363 2410 accipit
3384 2379 3400 2405 ,
3428 2337 3474 2393 si

1887 2463 2109 2508 somnos
2148 2444 2537 2503 convenienter
2573 2439 2780 2510 carpit,
2822 2436 2997 2507 legem
3040 2434 3135 2490 Dei
3178 2432 3474 2488 meditatur

1884 2542 1942 2597 in
2001 2538 2295 2604 omnibus,
2360 2534 2618 2605 quoniam
2686 2545 2747 2587 se
2811 2529 3040 2585 honesta
3096 2534 3154 2581 ct
3206 2522 3473 2597 probabili

1885 2634 2103 2690 actione
2151 2627 2517 2687 commendat.

1883 2725 1952 2782 98
2026 2720 2199 2793 Super
2227 2718 2469 2775 inimicos
2494 2730 2639 2771 meo:
2667 2712 2980 2786 prudentem
3009 2724 3091 2764 me
3127 2706 3297 2778 fecisti

2120 2866 2125 2871 .
2175 2809 2429 2871 mandato
2455 2818 2589 2869 tuo:
2664 2844 2673 2847 -

2096 2903 2237 2971 Quia
2263 2903 2319 2956 in
2346 2910 2602 2957 internum
2627 2897 2757 2953 mihi
2781 2906 2880 2953 est.
2918 2914 2925 2919 ί

1952 2999 1994 3055 C
2032 2995 2243 3053 inimici
2288 2991 2624 3063 intelligendi
2661 2998 2789 3047 sunt
2827 2988 3089 3044 obstinati
3130 2986 3334 3050 Judmi,
3368 2987 3475 3043 itte-

1842 3116 1850 3157 ;
1882 3092 2041 3149 retici
2088 3100 2146 3147 et
2183 3087 2409 3161 pagani,
2453 3087 2548 3156 qui
2580 3092 2853 3156 praecata
2898 3083 2993 3139 Dei
3021 3099 3131 3137 non
3158 3089 3472 3152 cperantur.

1885 3185 2064 3256 Supra
2095 3184 2231 3239 istos
2256 3180 2580 3252 prudentem
2607 3190 2666 3234 se
2708 3177 2843 3232 dicit
2880 3174 3166 3238 eli‘cctum,
3215 3172 3473 3242 quoniam

1879 3278 2031 3347 jussa
2063 3276 2157 3331 Dei
2183 3275 2409 3331 devotus
2434 3269 2695 3340 implevit.
2727 3266 2834 3323 Sed
2860 3267 3005 3323 unde
3032 3265 3206 3321 factus
3235 3262 3474 3333 prudens

1848 3369 2085 3433 .fucrit,
2138 3364 2391 3421 addidit:
2438 3371 2532 3419 tuo
2580 3358 2860 3415 mandato.
2906 3355 3177 3424 Quoniam
3223 3354 3350 3409 dum
3399 3348 3473 3409 illi

1882 3458 2123 3516 obedivit
2190 3454 2447 3520 ﬁdeliter,
2515 3458 2746 3508 cunctos
2806 3456 3056 3504 errantes
3117 3441 3470 3500 transcendit.

1881 3550 2136 3620 Adiecit:
2179 3547 2308 3619 quia
2351 3545 2407 3601 in
2451 3550 2718 3600 teternum
2749 3538 2879 3594 mihi
2908 3544 3033 3601 est,
3065 3534 3277 3595 scilicet
3315 3544 3471 3586 man-

1882 3642 2067 3696 datum
2099 3648 2253 3694 tuum
2272 3676 2288 3703 ,
2315 3634 2525 3692 scilicet
2549 3630 2770 3688 dilectio
2797 3627 2894 3684 Dei
2921 3635 2979 3681 et
3000 3622 3254 3696 proximi.

1883 3730 1954 3787 99
2030 3728 2208 3797 Super
2237 3740 2415 3782 omnes
2441 3723 2686 3777 docentes
2715 3734 2798 3773 me
2826 3713 3060 3771 intellexi
3088 3729 3107 3769 :

2095 3819 2237 3887 Quia
2273 3816 2569 3873 testimonia
2596 3823 2687 3868 tua
2716 3810 2989 3867 meditatio
3018 3823 3132 3862 mea
3169 3820 3233 3862 -ι-
3264 3813 3339 3860 est
3396 3803 3414 3875 ζ
3450 3818 3469 3858 .'

1953 3911 1995 3969 C
2038 3908 2391 3966 intendamus
2436 3905 2527 3960 hic
2575 3902 2914 3974 superiorem
2960 3911 3211 3961 versum,
3243 3896 3332 3959 ubi
3364 3912 3470 3951 non

1883 4002 2053 4065 dixit,
2080 4013 2250 4069 supra
2281 4005 2499 4067 patres,
2529 3994 2621 4048 sed
2654 4007 2818 4061 super
2848 3988 3098 4044 inimicos
3123 4004 3138 4051 ;
3170 3987 3257 4042 hic
3285 3994 3471 4040 autem

1883 4097 2065 4167 arguit
2093 4093 2420 4163 magistros,
2453 4088 2665 4145 scilicet
2687 4081 3190 4151 Pharisaeos,quia
3224 4080 3291 4134 ad
3319 4079 3473 4132 litte-

1882 4204 1997 4243 ram
2030 4202 2087 4242 se
2116 4190 2396 4246 tenentes,
2436 4175 2742 4248 spiritalem
2783 4171 3197 4243 intelligentiam
3234 4167 3473 4239 neglige-

1881 4280 2033 4335 baut.
2078 4276 2253 4348 Supra
2300 4272 2437 4328 tales
2486 4270 2649 4339 igitur
2694 4280 2886 4322 omnes
2931 4263 3216 4327 doctores,
3268 4259 3470 4315 merito

1882 4374 2080 4429 cohors
2136 4377 2325 4425 sancta
2380 4380 2439 4422 se
2490 4362 2685 4418 melius
2738 4356 3070 4415 intellexisse
3116 4353 3290 4417 dicit,
3342 4348 3471 4420 quia

1882 4465 2156 4519 sinceram
2193 4458 2287 4514 Dei
2332 4452 2636 4511 doctrinam
2682 4447 2921 4518 accepit,
2952 4447 3046 4501 sed
3075 4454 3131 4500 et
3154 4458 3254 4499 cur
3278 4439 3477 4511 melius

1882 4552 2257 4615 intellexerit,
2312 4542 2769 4608 causam‘d-icit',
2825 4541 2954 4610 quia
3008 4536 3320 4593 testimonia
3377 4542 3474 4591 tua

1843 4645 2162 4702 *meditatio
2207 4657 2326 4698 mea
2371 4651 2473 4697 est.

1882 4740 1988 4794 100
2026 4736 2197 4807 Super
2228 4750 2375 4790 senes
2412 4729 2686 4788 intellexi:

2026 4828 2163 4894 Quia
2190 4824 2442 4880 mandata
2485 4833 2577 4876 tua
2604 4819 2844 4890 quaesivi.

1955 4920 2131 4988 Super
2158 4930 2319 4971 senes
2360 4911 2624 4969 intellexi.
2654 4910 2826 4965 Senes
2860 4904 2990 4960 dicit
3021 4902 3142 4968 hic,
3173 4916 3277 4955 non
3307 4910 3478 4953 canos

1856 4986 2065 5069 .mente
2086 5049 2102 5076 ,
2149 5009 2245 5063 sed
2275 5020 2522 5075 corpore.
2552 5001 2686 5065 Vult
2718 5003 2883 5072 igitur
2910 4995 3123 5057 dicere,
3171 4991 3362 5047 melius
3392 4986 3478 5039 in-

1878 5101 2091 5159 tellexit
2122 5098 2355 5168 populus
2381 5108 2554 5150 novus
2578 5092 2697 5159 (qui
2729 5088 2959 5156 feliciter
2986 5082 3264 5145 Christum
3293 5089 3476 5131 susce-

1878 5195 1978 5267 pit)
2014 5205 2177 5263 quam
2201 5190 2385 5246 senior
2414 5187 2505 5242 ille
2526 5181 2815 5247 Judaicus,
2834 5176 2940 5247 qui
2968 5189 3094 5228 eum
3122 5179 3477 5267 contemnen-

1879 5258 2006 5343 dum
2027 5258 2310 5355 judicavit.
2347 5281 2529 5349 Quare
2555 5276 2829 5332 intellexit
2855 5282 3018 5336 super
3044 5266 3295 5319 senium
3324 5258 3476 5355 addi-

3288 5350 3447 5370 __I_-
