3994 5370
556 183 660 240 M7

1509 175 1561 236 ὃ.
1602 172 1948 233 BRUNONlS
1986 173 2529 233 HEBBIPOLENSIS
2570 170 2863 233 EPISCOH

3716 166 3830 225 ΗΒ

555 310 652 350 vas
671 295 983 357 suasioues,
1014 293 1209 365 quibus
1253 293 1325 349 illi
1357 293 1746 350 blandiuntur:
1778 290 1863 346 vel
1891 291 2133 347 omnium
2162 295 2212 352 Α
2239 290 2399 346 miter
2443 290 2497 346 in
2543 290 2726 346 animo
2749 289 3083 346 constituere
3115 290 3314 346 bonum
3340 285 3677 359 propositum
3717 286 3830 340 im-

556 387 822 443 malorum
853 402 1016 457 prava
1044 402 1230 456 opera.
1276 386 1447 441 Pedes
1491 394 1672 439 autem
1703 398 1853 439 meos
1882 402 1894 437 :
1929 381 2131 453 signiﬁ-

2233 378 2403 450 plere.
2431 377 2642 435 Iudicia
2666 393 2795 435 vero
2812 379 3036 452 justitize
3065 387 3228 435 sunt:
3259 390 3385 436 cum
3409 377 3613 435 exaltat
3638 377 3828 432 humi-

559 488 650 534 cat
672 492 950 533 assensum
976 478 1194 542 mentis,
1221 477 1313 546 qui
1353 475 1704 545 nosquozlam
1732 473 1958 545 vestigio
1987 472 2135 527 ducit
2236 469 2332 533 les,
2367 470 2554 540 dejicit
2589 471 2874 541 superbos.

557 570 625 624 ad
652 571 861 638 culpam
889 585 902 622 :
936 567 1042 622 nisi
1072 568 1245 637 pietas
1273 566 1368 621 Dei
1391 581 1490 621 nos
1512 563 1857 620 abstraxerit.
1884 561 1949 617 Ut
1970 563 2134 617 verba

561 668 652 712 tua
688 657 990 713 custodiam
1018 675 1031 711 :
1063 655 1221 712 aliter
1244 656 1386 712 enim
1416 655 1580 709 verba
1608 652 1701 709 Dei
1726 652 1999 708 custodire
2027 665 2135 705 non

556 757 812 821 poterat,
870 748 975 805 nisi
1028 763 1151 805 cum
1206 747 1295 803 illa
1339 745 1598 817 pestifera
1647 744 1830 802 suasio
1878 742 2138 814 probatur

559 837 807 907 expulsa.

564 927 667 982 102
701 928 745 980 Α
782 927 1005 1000 judiciis
1044 926 1150 980 tuis
1191 942 1300 1001 non
1329 924 1627 983 aeclirmvi:

710 1018 849 1085 Quia
872 1028 929 1073 tu
961 1018 1122 1088 legem
1163 1018 1381 1087 posuisti
1416 1018 1564 1072 mihi.

637 1112 746 1168 CA
782 1110 1002 1180 judiciis
1039 1111 1144 1166 tuis
1170 1111 1331 1177 dicit,
1384 1111 1435 1165 id
1480 1119 1564 1166 est
1620 1111 1687 1165 ab
1727 1109 1819 1165 illo
1866 1110 2006 1179 quod
2051 1116 2143 1163 tua

565 1204 815 1260 voluntas
853 1203 1134 1259 constituit
1165 1213 1219 1259 et
1246 1203 1461 1259 vivendi
1511 1203 1751 1274 regulam
1779 1203 1950 1269 dedit,
1981 1202 2049 1257 ab
2080 1217 2145 1257 eo

567 1296 754 1365 utique
780 1308 884 1347 non
911 1293 1196 1351 declinavi.
1236 1293 1371 1362 Quia
1413 1303 1466 1349 tu
1503 1293 1677 1365 legem
1708 1292 1933 1364 posuisti
1972 1291 2101 1346 mihi
2130 1310 2141 1344 :

569 1385 671 1440 hoc
694 1391 780 1438 est
809 1383 1178 1453 Evangelium,
1205 1382 1350 1454 quod
1381 1382 1546 1438 totius
1590 1382 1939 1454 plenitudinis
1981 1382 2147 1437 dona-

570 1478 644 1532 vit
671 1475 919 1533 etfectum
964 1493 978 1532 :
1010 1492 1116 1531 non
1145 1491 1274 1547 ergo
1309 1475 1395 1530 lex
1423 1484 1578 1531 vetus
1608 1473 1747 1546 (qua:
1782 1471 2013 1530 cilicium
2041 1488 2151 1545 pa:-

570 1569 761 1640 dagogi
804 1567 989 1639 habet)
1021 1567 1108 1623 hic
1133 1568 1415 1637 accipitur.

572 1658 676 1714 105
715 1657 885 1724 Quam
925 1656 1104 1711 dulcia
1125 1656 1368 1727 faucibus
1398 1656 1525 1711 meis
1552 1653 1757 1728 eloquia
1781 1666 1870 1711 tua
1905 1664 1927 1710 :

713 1749 883 1821 Super
918 1749 1020 1804 mel
1061 1750 1140 1804 ori
1187 1766 1323 1804 meo.

640 1840 683 1896 C
711 1839 880 1908 Quam
929 1840 1129 1904 dulcia.
1178 1840 1230 1896 id
1277 1849 1361 1896 est
1408 1840 1527 1909 plus
1577 1839 1842 1896 omnibus.
1879 1839 2053 1896 dulcia
2096 1848 2153 1896 et

572 1933 813 1989 maxime
857 1931 1054 1989 dulcia.
1106 1932 1243 2001 Quia
1293 1931 1340 1988 ll
1399 1933 1627 1988 transito
1680 1932 1836 1988 melle
1889 1932 1995 2004 (vel
2047 1932 2153 1987 alio

573 2023 720 2096 cibo)
765 2039 865 2096 per
910 2024 1170 2096 palatum,
1219 2024 1423 2080 nullum
1472 2023 1639 2081 habet
1683 2024 1824 2080 ultra
1861 2038 2151 2095 saporem:

575 2116 788 2188 eloquia
821 2131 949 2172 vero
985 2117 1081 2174 Dei
1126 2117 1263 2189 (sive
1300 2117 1355 2173 in
1384 2133 1499 2185 ore,
1539 2119 1654 2174 sive
1678 2118 1732 2173 in
1780 2117 2045 2182 faucibus,
2072 2115 2155 2171 vel

577 2206 635 2263 in
661 2222 862 2263 arcano
891 2206 1061 2264 abditi
1090 2207 1346 2280 pectoris)
1376 2224 1591 2280 semper
1617 2207 1793 2265 dulcia
1825 2217 1952 2264 sunt
1979 2206 2154 2263 medi-

578 2300 821 2357 tantibus
846 2316 930 2357 ea.
979 2300 1021 2358 C
1054 2299 1189 2356 Cum
1222 2301 1366 2356 enim
1414 2299 1592 2357 omnis
1624 2309 1817 2373 gustus
1858 2298 2158 2371 corporalis

575 2386 650 2445 sit
684 2388 740 2445 in
768 2390 951 2461 palato
975 2398 1031 2445 et
1055 2389 1304 2446 faucibus
1334 2397 1577 2457 tantum,
1604 2389 1823 2460 eloquia
1848 2398 2028 2445 tamen
2054 2387 2159 2444 Do-

578 2480 714 2536 mini
745 2480 1003 2553 deglutita
1030 2481 1084 2537 in
1116 2482 1298 2538 cordis
1320 2481 1637 2539 dulcescunt
1652 2480 1922 2540 faucibus.

581 2573 685 2630 104
717 2573 764 2627 Α
800 2574 1065 2629 mandatis
1091 2576 1196 2629 tuis
1233 2574 1466 2629 intellexi
1493 2587 1513 2628 :

723 2665 1009 2737 Propterea
1033 2666 1170 2722 odiut'
1194 2682 1396 2722 onmem
1419 2666 1556 2720 viam
1582 2663 1892 2736 iniquitatis.

652 2755 918 2828 CLegem
965 2757 1109 2813 enim
1151 2756 1243 2812 Dei
1290 2757 1545 2823 edoctus,
1598 2754 1861 2811 intellexit
1899 2754 2162 2825 scriptum

582 2844 758 2903 illud:
792 2846 925 2914 Fili,
979 2845 1088 2903 noli
1159 2846 1441 2904 ambulare
1483 2860 1607 2902 cum
1656 2845 1834 2914 impiis
1876 2844 2060 2915 (Prov.
2094 2846 2161 2918 ι).

584 2936 717 2991 Item
779 2937 1065 2994 audierat:
1095 2935 1382 2994 Perdidisti
1428 2950 1622 2993 omnes
1681 2936 1775 3007 qui
1826 2935 2163 2992 fornicamur

2174 1653 2224 1716 B

2241 579 2340 636 l07
2376 580 2703 637 Humiliatus
2730 598 2846 637 sum
2875 598 3243 655 usquequaque
3265 595 3286 636 :

2383 672 2629 739 Domine,
2677 674 2878 744 vivi/ira
2909 692 2989 730 me
3025 677 3308 730 secundum
3340 675 3549 730 verbum
3581 683 3752 728 tuum.

2311 765 2353 823 C
2399 765 2567 823 Deum
2612 781 2673 822 se
2724 767 2909 838 dicunt
2952 768 3191 823 membra
3258 766 3461 825 Christi
3519 780 3833 838 usquequa-

2242 870 2347 926 que
2377 855 2700 914 humiliata:
2730 857 3022 913 ostendunt
3065 856 3356 913 multarum
3385 858 3833 928 persecutionum

2243 962 2304 1004 se
2343 947 2664 1004 sustinuisse
2705 948 2986 1019 pericula,
3042 956 3097 1005 et
3146 964 3213 1005 ex
3261 949 3572 1005 humilitate
3616 965 3712 1005 sua
3742 964 3834 1004 se-

2245 1039 2482 1094 cundum
2523 1038 2913 1109 promissiones
2943 1040 3037 1096 Dei
3059 1039 3322 1096 viviﬁcari
3353 1056 3412 1096 se
3446 1050 3664 1112 petunt.
3698 1039 3833 1094 Ver-

2246 1129 2373 1186 bum
2394 1131 2540 1186 enim
2561 1130 2691 1186 illud
2715 1131 2819 1187 dici
2842 1139 3019 1202 potest
3043 1149 3056 1185 :
3081 1130 3271 1187 Venite
3291 1132 3360 1188 ad
3386 1145 3491 1198 me,
3518 1147 3714 1188 omnes
3737 1130 3833 1201 qui

2247 1219 2530 1288 laboratis,
2569 1230 2672 1278 etc.
2705 1221 2921 1295 (Matth.
2962 1221 3066 1294 ιι).

2253 1333 2354 1391 108
2400 1333 2713 1389 Voluntaria
2741 1336 2846 1391 oris
2878 1336 2979 1391 mei
3008 1335 3328 1409 beneplacita
3354 1333 3467 1405 fac,
3492 1331 3718 1389 Domine
3743 1349 3763 1386 :

2394 1422 2465 1479 Et
2481 1425 2690 1496 judicia
2716 1435 2809 1481 tua
2838 1427 2966 1482 doce
2990 1444 3095 1483 me.

2324 1517 2366 1573 C
2393 1515 2516 1574 Oris
2538 1526 2720 1574 autem
2742 1516 3047 1574 voluntaria
3068 1517 3333 1574 sacriﬁcia
3369 1531 3464 1574 seu
3495 1515 3833 1587 beneplaeita

2257 1620 2419 1667 sunt:
2451 1602 2789 1666 devotionem
2826 1610 3003 1669 laudis
3024 1610 3240 1674 ollerre,
3270 1627 3375 1667 non
3422 1608 3653 1679 alicujus
3682 1625 3838 1664 mun-

2253 1705 2406 1759 danae
2433 1702 2715 1769 utilitatis,
2740 1692 2835 1759 sed
2869 1703 3103 1775 propriae
3139 1702 3435 1759 voluntatis
3473 1701 3696 1757 intuitu.
3746 1700 3835 1754 Illa

2251 1814 2382 1870 ergo
2418 1799 2551 1870 petit
2578 1808 2639 1857 ut.
2665 1799 2961 1855 reddantur
2993 1807 3212 1868 accepta
3243 1797 3354 1852 Deo
3379 1813 3397 1850 :
3440 1793 3838 1867 quatenushae

2251 1889 2523 1948 oblatione
2547 1890 2815 1962 placatus,
2835 1889 3038 1960 judicia
3068 1905 3166 1946 sua
3207 1904 3333 1945 eum
3363 1887 3578 1954 dor-eat,
3624 1900 3749 1956 qua
3780 1884 3838 1938 ft-

2253 1984 2461 2040 delibus
2491 1984 2764 2041 mentibus
2789 1984 3043 2056 dignatur
3075 1981 3306 2054 aperire.

2255 2074 2358 2133 109
2394 2075 2587 2130 Anima
2616 2091 2731 2130 mea
2755 2075 2811 2129 in
2837 2074 3079 2130 manibus
3104 2073 3233 2127 meis
3260 2086 3462 2143 semper
3483 2082 3505 2123 :

2399 2165 2467 2220 Et
2492 2165 2654 2238 legem
2679 2175 2825 2220 tuam
2854 2181 2958 2220 non
2984 2179 3100 2219 sum
3125 2161 3334 2218 oblitus.

2326 2258 2373 2314 ri
2397 2259 2590 2313 Anima
2614 2272 2735 2314 mea
2757 2258 2812 2313 in
2833 2256 3084 2314 manibus
3112 2253 3284 2312 meis:
3312 2255 3415 2312 hoc
3434 2259 3539 2320 est,
3565 2253 3694 2325 quia
3715 2248 3836 2307 ani.

2257 2364 2402 2407 mam
2432 2363 2610 2404 meam
2641 2348 2697 2407 in
2734 2347 2893 2404 bonis
2939 2344 3194 2417 operibus
3245 2343 3561 2416 (secundum
3585 2342 3731 2412 quod
3758 2342 3841 2397 lex

2259 2450 2348 2497 tua
2369 2438 2545 2511 jubet)
2574 2446 2819 2511 paratam
2847 2452 3061 2510 semper
3086 2435 3300 2493 habeo:
3330 2433 3417 2491 vel
3455 2434 3580 2505 quia
3612 2442 3837 2504 paratus

2256 2547 2379 2588 sum
2408 2531 2729 2603 martyrium
2759 2538 2979 2601 propter
3009 2537 3059 2584 te
3082 2528 3374 2584 sustinere.
3400 2523 3442 2581 C
3476 2525 3591 2582 Hoc
3639 2523 3843 2593 ubique

2260 2636 2472 2693 semper
2491 2620 2820 2692 praecipitur,
2844 2621 2949 2675 hoc
2976 2617 3281 2689 specialiter
3317 2628 3749 2676 commonemur,
3779 2620 3841 2669 ut

2261 2714 2342 2770 sic
2368 2713 2654 2769 redeamus
2684 2712 2752 2768 ad
2781 2711 2953 2783 legem
2979 2728 2994 2767 :
3024 2725 3092 2767 ne
3116 2709 3454 2766 discedamus
3497 2722 3531 2762 a
3553 2706 3691 2778 lege.
3735 2704 3838 2760 Per

2262 2820 2455 2861 manus
2484 2804 2687 2875 itaque,
2717 2802 2803 2858 vel
2825 2802 3195 2873 operationes,
3217 2799 3302 2863 vel
3324 2807 3562 2871 potestas
3590 2794 3845 2870 intelligi-

2265 2904 2378 2963 tur,
2403 2894 2490 2952 vel
2523 2894 2893 2966 promptitudo
2922 2893 2992 2950 ad
3026 2892 3343 2964 martyrium
3366 2899 3421 2946 et
3447 2889 3781 2961 passionem.

584 2980 1026 3100 δξῖιέξῑξλί·
1050 2980 1415 3099 λέιῇιῑῖξίξε.
1431 2980 1646 3099 "sui.
1680 2980 2157 3083 sinistris;
2186 3011 2232 3074 ο
2263 2987 2365 3043 uo
2402 2980 3483 3100 13.3933555.533.153.533:mu.a:

587 3119 714 3176 dum
738 3119 1000 3189 audisset,
1026 3122 1170 3177 viam
1201 3118 1502 3192 iniquitatis
1545 3119 1810 3175 intellexit
1836 3117 2166 3174 omnimodis

587 3209 1004 3277 exsecrandum,
1027 3209 1303 3281 quasjusto
1323 3209 1554 3266 Domino
1574 3207 1787 3280 placere
1804 3223 1912 3264 non
1932 3216 2162 3279 poterat.

789 3313 1152 3357 Αιιοσηεκτωι
1178 3315 1515 3366 εερυειετιυκ
1542 3314 1681 3357 οετο
1705 3314 1970 3356 νεηευυκ.

659 3389 704 3449 C
731 3389 775 3447 Β
818 3391 1028 3447 Cohors
1055 3392 1245 3457 beata,
1281 3392 1511 3463 pedibus
1545 3392 1660 3447 suis
1702 3389 1968 3446 Dominici
2014 3391 2167 3446 verbi

590 3482 775 3539 lumen
816 3483 1030 3540 radiare
1073 3484 1441 3555 congaudens.
1479 3484 1522 3538 B
1550 3483 1765 3554 Expetit
1804 3482 2167 3537 retributiones

594 3575 804 3631 Domini
835 3587 1160 3647 perpetuas:
1189 3577 1258 3631 ob
1292 3589 1428 3646 quas
1468 3576 1584 3647 lucc
1628 3576 1809 3630 littera
1854 3574 2166 3644 sempiterni

591 3681 788 3723 nomen
843 3667 1069 3738 accepit.
1124 3668 1295 3723 Porro
1344 3665 1485 3737 quod
1530 3666 1695 3736 piscis
1746 3667 2164 3734 interpretatur:

591 3758 830 3813 ostendit
876 3773 1000 3813 eum
1051 3759 1141 3828 qui
1191 3758 1244 3813 in
1295 3756 1549 3814 ﬂuctibus
1595 3758 1775 3814 smculi
1807 3757 1985 3811 lumen
2017 3756 2167 3811 verbi

589 3848 839 3919 requirit.

881 3942 928 3998 Η
948 3942 994 3997 Β
1015 3941 1154 4009 Nun,
1182 3944 1566 4014 sempiternum
1592 3941 1675 3997 vel
1701 3942 1882 4011 piscis.

594 4032 697 4090 105
734 4033 971 4090 Lucerna
992 4034 1207 4106 pedibus
1237 4036 1364 4089 meis
1391 4034 1599 4089 verbum
1620 4044 1767 4087 tuum
1788 4047 1806 4084 :

737 4123 808 4180 Et
845 4125 1021 4181 lumen
1067 4127 1266 4181 semitis
1307 4126 1456 4180 meis.

666 4215 706 4270 C
737 4215 992 4271 Testatur
1037 4218 1196 4273 beata
1250 4218 1468 4284 Cohors,
1520 4218 1745 4286 pedibus
1793 4216 1906 4272 suis
1945 4218 2167 4273 verbum

596 4307 689 4362 Dei
721 4306 796 4378 (id
835 4317 917 4363 est
948 4308 1258 4380 Scripturas
1299 4311 1537 4383 sanctas)
1576 4310 1783 4370 lucere,
1819 4324 1885 4364 ne
1924 4309 2167 4364 absentia

596 4397 712 4452 veri
756 4397 975 4453 luminis
1023 4400 1227 4456 incidat
1272 4402 1328 4456 in
1370 4402 1620 4456 ruinam:
1653 4415 1818 4471 quam
1867 4414 1962 4470 per
2012 4415 2166 4453 suam

598 4489 994 4559 providentiam
1025 4493 1197 4549 vitare
1228 4510 1333 4550 non
1361 4503 1591 4563 poterat.
1634 4494 1701 4548 Et
1743 4494 1922 4549 lumen
1959 4493 2168 4549 semitis

600 4584 736 4639 meis
760 4601 773 4638 :
804 4583 849 4639 Η
882 4584 951 4640 Ut
977 4585 1080 4641 hoc
1108 4585 1309 4641 lumine
1333 4594 1625 4656 praeeunte,
1649 4588 1775 4640 dum
1801 4586 2023 4640 semitas
2042 4587 2169 4641 vita:

554 4720 557 4724 λ
597 4673 755 4729 istius
793 4675 1103 4744 gradimur,
1146 4677 1212 4731 ad
1247 4677 1392 4731 illam
1434 4692 1555 4747 qua:
1579 4691 1706 4732 vera
1737 4675 1822 4730 via
1862 4685 1943 4730 est
1968 4677 2168 4745 perdu-

597 4777 808 4818 camur.
847 4764 1090 4820 Lucerna
1118 4781 1246 4838 ergo
1304 4766 1585 4835 Scriptura
1613 4774 1796 4822 sancta
1822 4766 2169 4835 diciturpro-

596 4855 922 4921 phetarum:
969 4867 1024 4912 et
1069 4857 1481 4929 Evangeliorum
1535 4857 1746 4924 lumen,
1776 4855 1861 4912 vel
1884 4865 2170 4926 utrumque

595 4946 777 5004 lumen
807 4957 862 5004 et
890 4949 1131 5005 lucerna.

595 5035 701 5093 106
737 5037 927 5093 Juraui
952 5048 1002 5093 et
1029 5039 1193 5093 statui
1223 5052 1244 5091 :

743 5130 1021 5188 Custodire
1037 5131 1246 5202 judicia
1268 5131 1492 5202 justitia'
1516 5141 1640 5190 tute.

667 5222 711 5276 ο
739 5220 934 5279 iurare
961 5232 1046 5278 est
1078 5221 1225 5278 enim
1269 5237 1391 5294 jure
1434 5238 1628 5292 orare,
1654 5224 1709 5281 id
1743 5233 1827 5281 est
1860 5226 2169 5296 equitatem

599 5310 783 5367 dicere
807 5330 819 5366 :
849 5328 918 5370 ne
940 5314 1070 5370 velit
1094 5314 1360 5370 auisniam
1383 5314 1526 5370 auod
1554 5317 1831 5370 promisit.
1864 5319 1921 5370 in
1959 5324 2170 5370 partem

2412 3078 2483 3133 Et
2508 3077 2572 3133 de
2596 3077 2860 3132 mandatis
2883 3075 2988 3131 tuis
3011 3090 3115 3129 non
3137 3073 3328 3129 erravi.

2338 3171 2382 3227 ll
2418 3171 2559 3239 Quid
2603 3177 2730 3226 sunt
2756 3168 2848 3224 isti
2897 3166 3075 3237 laquei
3118 3183 3133 3222 :
3174 3164 3281 3221 nisi
3318 3161 3605 3221 tendicuke
3649 3159 3845 3216 diaboli

2264 3266 2351 3322 vel
2375 3263 2744 3336 suggestiones
2769 3259 2923 3332 ejus?
2951 3258 2994 3314 C
3029 3258 3086 3314 lu
3113 3257 3216 3314 hac
3256 3254 3400 3312 enim
3445 3253 3580 3309 silva
3630 3253 3839 3315 mundi,

2268 3368 2348 3415 tot
2370 3358 2594 3427 laqueos
2635 3354 2864 3419 invenis,
2903 3360 3039 3423 quot
3065 3351 3195 3405 vitia
3241 3347 3539 3405 conlueris.
3587 3345 3845 3416 Sequitur

2269 3447 2586 3511 remedium,
2616 3446 2758 3516 quod
2788 3443 3130 3515 cognoscitur
3149 3449 3329 3496 contra
3355 3440 3457 3493 ista
3505 3453 3708 3493 venena
3734 3453 3833 3506 pu-

2265 3555 2445 3611 gnare,
2475 3536 2813 3607 scilicetquia
2840 3550 2872 3589 a
2897 3533 3165 3593 mandatis
3191 3531 3285 3588 Dei
3311 3531 3533 3586 minime
3546 3528 3834 3585 declinavi.

2268 3633 2350 3687 Ah
2373 3632 2478 3687 illis
2503 3630 2647 3687 enim
2682 3628 2774 3699 qui
2807 3643 2913 3683 non
2945 3626 3200 3692 declinat,
3229 3623 3335 3679 ulla
3369 3620 3692 3691 deceptione
3736 3632 3841 3674 non

2269 3723 2512 3793 capitur:
2548 3721 2673 3790 quia
2697 3720 2853 3791 juxta
2878 3720 2990 3788 ipsa
3017 3717 3290 3780 mandata,
3326 3729 3431 3769 non
3460 3714 3514 3768 in
3562 3713 3698 3784 ipsis
3724 3712 3847 3767 insi-

2270 3814 2371 3869 diae
2400 3823 2546 3869 sunt.
2578 3812 2622 3865 ll
2653 3810 2902 3881 Laqueus
2931 3809 3074 3864 enim
3100 3809 3256 3879 juxta
3280 3806 3444 3870 viam,
3495 3821 3605 3861 non
3666 3806 3721 3859 in
3763 3805 3844 3857 via

2269 3905 2523 3976 ponitur:
2552 3902 2674 3958 etsi
2704 3916 2955 3969 egressus
2987 3900 3054 3955 de
3097 3899 3184 3953 via
3231 3897 3397 3953 lueris
3441 3895 3842 3958 mandatorum,

2269 3996 2432 4053 cades
2459 3995 2515 4050 in
2549 3994 2821 4065 laqueum.

2271 4110 2365 4164 ill
2407 4107 2730 4163 "meditate
2757 4104 3006 4177 acquisiui
3028 4104 3322 4160 testimonia
3346 4111 3437 4157 tua
3462 4101 3517 4156 in
3547 4111 3840 4156 mternum:

2413 4199 2552 4265 Quia
2581 4198 2866 4254 exsultatio
2892 4197 3066 4251 cordis
3088 4196 3188 4252 ntei
3207 4205 3351 4250 sunt.

2345 4291 2385 4346 C
2411 4291 2513 4346 ista
2541 4275 2827 4346 hareditas
2872 4287 3130 4344 lucrativa
3177 4294 3380 4342 aeterna
3424 4283 3703 4355 possessio
3747 4290 3840 4338 est.

2322 4381 2630 4447 cstimonia,
2661 4379 3001 4435 sanctissima
3030 4387 3299 4449 praecepta
3340 4383 3487 4437 sunt.
3537 4375 3734 4430 Herito
3760 4390 3848 4427 ex-

2273 4474 2617 4530 sultationem
2635 4473 2716 4527 sui
2738 4472 2917 4528 cordis
2931 4485 3052 4526 esse
3072 4470 3285 4525 dicebat
3304 4468 3681 4523 haereditatem
3703 4466 3844 4536 regni

2274 4565 2509 4623 caelestis
2535 4584 2548 4619 :
2584 4565 2697 4635 ipse
2715 4564 2858 4619 enim
2888 4570 3127 4618 meretur
3150 4561 3217 4617 ad
3241 4575 3356 4617 eam
3377 4559 3685 4629 pervenire,
3712 4557 3845 4628 quod

2272 4659 2533 4730 probatur
2555 4657 2620 4713 de
2650 4656 2748 4711 tali
2774 4655 3131 4725 acquisitione
3157 4653 3411 4723 gaudere.
3443 4649 3485 4705 ll
3514 4636 3843 4705 Testimonia

2274 4750 2417 4804 enim
2444 4757 2500 4803 et
2523 4756 2788 4818 praecepta
2818 4756 2927 4812 tua,
2960 4747 3075 4802 haec
3101 4755 3227 4801 sunt
3254 4742 3544 4800 haereditas
3563 4741 3723 4810 justi,
3757 4744 3839 4797 hic

2275 4851 2332 4898 et
2359 4842 2412 4897 in
2442 4840 2680 4897 futurum
2704 4840 2759 4895 in
2782 4850 3060 4895 aeternum.

2279 4954 2380 5010 H2
2415 4952 2675 5007 Inclinavi
2700 4967 2790 5004 cor
2815 4966 2984 5005 meum
3012 4947 3083 5003 ad
3128 4946 3401 5018 faciendas
3436 4944 3841 5015 justiﬁcationes

2478 5055 2597 5099 tuas
2625 5044 2680 5096 in
2703 5054 2952 5098 mternum
2980 5054 2999 5095 :

2427 5136 2647 5208 Propter
2666 5136 3085 5191 retributionem.

2347 5226 2393 5281 Η
2429 5224 2685 5281 inclinavi
2725 5238 2823 5279 cor
2856 5238 3059 5288 meum,
3103 5221 3309 5278 scilicet
3345 5220 3415 5276 ad
3460 5219 3837 5275 humilitatem.

2275 5315 2528 5370 inclinavi
2554 5315 2721 5370 enim.
2749 5312 2803 5370 id
2826 5323 2908 5370 est
2932 5312 3215 5370 humiliari
3239 5326 3334 5370 cor
3360 5324 3564 5370 meum.
3590 5320 3653 5364 nt
3679 5321 3732 5365 te
3758 5309 3829 5364 in.
