  <div class='ocr_page' id='page_1' title='image "/cluster/home/n/w/nwhite01/storage/ocr_20150623/142/hvd.32044015471808/231.png"; bbox 0 0 3994 5370; ppageno 0'>
   <div class='ocr_carea' id='block_1_1' title="bbox 527 284 683 341">
    <p class='ocr_par' dir='ltr' id='par_1_1' title="bbox 527 284 683 341">
     <span class='ocr_line' id='line_1_1' title="bbox 527 284 683 341; baseline 0.013 -1"><span class='ocrx_word' id='word_1_1' title='bbox 527 284 625 341; x_wconf 70' lang='grc'><strong>451</strong></span> <span class='ocrx_word' id='word_1_2' title='bbox 668 304 683 315; x_wconf 80' lang='lat'><strong><em>’</em></strong></span> 
     </span>
    </p>
   </div>
   <div class='ocr_carea' id='block_1_2' title="bbox 1437 265 2850 364">
    <p class='ocr_par' dir='ltr' id='par_1_2' title="bbox 1437 265 2850 364">
     <span class='ocr_line' id='line_1_2' title="bbox 1437 265 2850 364; baseline 0.011 -15"><span class='ocrx_word' id='word_1_3' title='bbox 1437 265 1531 349; x_wconf 56' lang='lat' dir='ltr'><strong>&#39;s.</strong></span> <span class='ocrx_word' id='word_1_4' title='bbox 1570 280 1920 353; x_wconf 76' lang='lat' dir='ltr'><strong>BRUNONIS</strong></span> <span class='ocrx_word' id='word_1_5' title='bbox 1956 294 2498 359; x_wconf 62' lang='lat' dir='ltr'><strong>usumromxsrs</strong></span> <span class='ocrx_word' id='word_1_6' title='bbox 2538 288 2850 364; x_wconf 78' lang='lat' dir='ltr'><strong>EPISCOPI</strong></span> 
     </span>
    </p>
   </div>
   <div class='ocr_carea' id='block_1_3' title="bbox 532 390 3519 497">
    <p class='ocr_par' dir='ltr' id='par_1_3' title="bbox 532 390 3519 497">
     <span class='ocr_line' id='line_1_3' title="bbox 532 390 3519 497; baseline 0.009 -40"><span class='ocrx_word' id='word_1_7' title='bbox 532 410 624 457; x_wconf 84' lang='lat' dir='ltr'><strong>est</strong></span> <span class='ocrx_word' id='word_1_8' title='bbox 659 401 976 475; x_wconf 74' lang='lat' dir='ltr'><strong>evangelica</strong></span> <span class='ocrx_word' id='word_1_9' title='bbox 1023 400 1214 460; x_wconf 79' lang='lat' dir='ltr'><strong>verba.</strong></span> <span class='ocrx_word' id='word_1_10' title='bbox 1262 418 1384 475; x_wconf 69' lang='lat' dir='ltr'><strong>qua:</strong></span> <span class='ocrx_word' id='word_1_11' title='bbox 1441 390 1686 462; x_wconf 87' lang='lat' dir='ltr'><strong>dicturus</strong></span> <span class='ocrx_word' id='word_1_12' title='bbox 1740 416 1856 463; x_wconf 88' lang='lat' dir='ltr'><strong>erat</strong></span> <span class='ocrx_word' id='word_1_13' title='bbox 1910 408 2106 480; x_wconf 87' lang='lat' dir='ltr'><strong>populo</strong></span> <span class='ocrx_word' id='word_1_14' title='bbox 2134 424 2182 484; x_wconf 74' lang='grc' dir='ltr'>Α</span> <span class='ocrx_word' id='word_1_15' title='bbox 2213 411 2314 467; x_wconf 72' lang='grc'><strong>129</strong></span> <span class='ocrx_word' id='word_1_16' title='bbox 2354 412 2621 470; x_wconf 79' lang='lat' dir='ltr'><strong>Mirabilia</strong></span> <span class='ocrx_word' id='word_1_17' title='bbox 2658 402 2953 475; x_wconf 79' lang='lat' dir='ltr'><strong>testimonia</strong></span> <span class='ocrx_word' id='word_1_18' title='bbox 2984 430 3076 478; x_wconf 82' lang='lat' dir='ltr'><strong>tua</strong></span> <span class='ocrx_word' id='word_1_19' title='bbox 3103 437 3165 480; x_wconf 86' lang='lat' dir='ltr'><strong>-t-</strong></span> <span class='ocrx_word' id='word_1_20' title='bbox 3192 424 3414 483; x_wconf 80' lang='lat' dir='ltr'><strong>Domine</strong></span> <span class='ocrx_word' id='word_1_21' title='bbox 3444 426 3464 497; x_wconf 72' lang='grc' dir='ltr'>ζ</span> <span class='ocrx_word' id='word_1_22' title='bbox 3500 446 3519 484; x_wconf 92' lang='lat'><strong><em>:</em></strong></span> 
     </span>
    </p>
   </div>
   <div class='ocr_carea' id='block_1_4' title="bbox 526 493 822 549">
    <p class='ocr_par' dir='ltr' id='par_1_4' title="bbox 526 493 822 549">
     <span class='ocr_line' id='line_1_4' title="bbox 526 493 822 549; baseline -0.007 0"><span class='ocrx_word' id='word_1_23' title='bbox 526 493 822 549; x_wconf 83' lang='lat' dir='ltr'><strong>credituro.</strong></span> 
     </span>
    </p>
   </div>
   <div class='ocr_carea' id='block_1_5' title="bbox 528 609 2110 672">
    <p class='ocr_par' dir='ltr' id='par_1_5' title="bbox 528 609 2110 672">
     <span class='ocr_line' id='line_1_5' title="bbox 528 609 2110 672; baseline 0.004 -7"><span class='ocrx_word' id='word_1_24' title='bbox 528 610 632 665; x_wconf 66' lang='grc'><strong>124</strong></span> <span class='ocrx_word' id='word_1_25' title='bbox 670 609 914 672; x_wconf 63' lang='lat' dir='ltr'><strong>Factum</strong></span> <span class='ocrx_word' id='word_1_26' title='bbox 928 626 1076 665; x_wconf 77' lang='lat' dir='ltr'><strong>servo</strong></span> <span class='ocrx_word' id='word_1_27' title='bbox 1093 620 1184 665; x_wconf 86' lang='lat' dir='ltr'><strong>tuo</strong></span> <span class='ocrx_word' id='word_1_28' title='bbox 1200 613 1485 667; x_wconf 83' lang='lat' dir='ltr'><strong>secundum</strong></span> <span class='ocrx_word' id='word_1_29' title='bbox 1502 614 1914 670; x_wconf 78' lang='lat' dir='ltr'><strong>misericordiam</strong></span> <span class='ocrx_word' id='word_1_30' title='bbox 1932 628 2074 672; x_wconf 78' lang='lat' dir='ltr'><strong>tuam</strong></span> <span class='ocrx_word' id='word_1_31' title='bbox 2090 632 2110 671; x_wconf 90' lang='lat'><strong><em>:</em></strong></span> 
     </span>
    </p>
   </div>
   <div class='ocr_carea' id='block_1_6' title="bbox 668 702 1599 770">
    <p class='ocr_par' dir='ltr' id='par_1_6' title="bbox 668 702 1599 770">
     <span class='ocr_line' id='line_1_6' title="bbox 668 702 1599 770; baseline 0.005 -15"><span class='ocrx_word' id='word_1_32' title='bbox 668 702 736 756; x_wconf 86' lang='lat' dir='ltr'><strong>Et</strong></span> <span class='ocrx_word' id='word_1_33' title='bbox 757 702 1163 770; x_wconf 78' lang='lat' dir='ltr'><strong>justiﬁcationes</strong></span> <span class='ocrx_word' id='word_1_34' title='bbox 1191 714 1311 758; x_wconf 85' lang='lat' dir='ltr'><strong>tuas</strong></span> <span class='ocrx_word' id='word_1_35' title='bbox 1340 704 1469 759; x_wconf 83' lang='lat' dir='ltr'><strong>doce</strong></span> <span class='ocrx_word' id='word_1_36' title='bbox 1497 723 1599 760; x_wconf 88' lang='lat' dir='ltr'><strong>me.</strong></span> 
     </span>
    </p>
   </div>
   <div class='ocr_carea' id='block_1_7' title="bbox 600 788 2111 866">
    <p class='ocr_par' dir='ltr' id='par_1_7' title="bbox 600 788 2111 866">
     <span class='ocr_line' id='line_1_7' title="bbox 600 788 2111 866; baseline 0.005 -19"><span class='ocrx_word' id='word_1_37' title='bbox 600 788 642 847; x_wconf 88' lang='lat' dir='ltr'><strong>C</strong></span> <span class='ocrx_word' id='word_1_38' title='bbox 674 791 1100 847; x_wconf 76' lang='lat' dir='ltr'><strong>Misericordiam</strong></span> <span class='ocrx_word' id='word_1_39' title='bbox 1125 809 1287 862; x_wconf 86' lang='lat' dir='ltr'><strong>supra</strong></span> <span class='ocrx_word' id='word_1_40' title='bbox 1314 810 1372 848; x_wconf 90' lang='lat' dir='ltr'><strong>se</strong></span> <span class='ocrx_word' id='word_1_41' title='bbox 1396 794 1510 849; x_wconf 87' lang='lat' dir='ltr'><strong>ﬁcri</strong></span> <span class='ocrx_word' id='word_1_42' title='bbox 1545 796 1679 865; x_wconf 92' lang='lat' dir='ltr'><strong>petit</strong></span> <span class='ocrx_word' id='word_1_43' title='bbox 1713 814 1725 849; x_wconf 88' lang='lat'><strong>:</strong></span> <span class='ocrx_word' id='word_1_44' title='bbox 1759 797 1885 866; x_wconf 89' lang='lat' dir='ltr'><strong>quia</strong></span> <span class='ocrx_word' id='word_1_45' title='bbox 1904 795 2111 866; x_wconf 90' lang='lat' dir='ltr'><strong>justum</strong></span> 
     </span>
    </p>
   </div>
   <div class='ocr_carea' id='block_1_8' title="bbox 522 884 2108 956">
    <p class='ocr_par' dir='ltr' id='par_1_8' title="bbox 522 884 2108 956">
     <span class='ocr_line' id='line_1_8' title="bbox 522 884 2108 956; baseline 0.002 -16"><span class='ocrx_word' id='word_1_46' title='bbox 522 896 604 940; x_wconf 87' lang='lat' dir='ltr'><strong>est</strong></span> <span class='ocrx_word' id='word_1_47' title='bbox 646 893 703 938; x_wconf 88' lang='lat' dir='ltr'><strong>ut</strong></span> <span class='ocrx_word' id='word_1_48' title='bbox 730 884 936 954; x_wconf 80' lang='lat' dir='ltr'><strong>jugiter</strong></span> <span class='ocrx_word' id='word_1_49' title='bbox 966 894 1205 953; x_wconf 82' lang='lat' dir='ltr'><strong>rogetur,</strong></span> <span class='ocrx_word' id='word_1_50' title='bbox 1237 886 1327 954; x_wconf 87' lang='lat' dir='ltr'><strong>qui</strong></span> <span class='ocrx_word' id='word_1_51' title='bbox 1351 886 1396 939; x_wconf 88' lang='lat' dir='ltr'><strong>si</strong></span> <span class='ocrx_word' id='word_1_52' title='bbox 1425 901 1530 939; x_wconf 90' lang='lat' dir='ltr'><strong>non</strong></span> <span class='ocrx_word' id='word_1_53' title='bbox 1562 895 1780 956; x_wconf 89' lang='lat' dir='ltr'><strong>petatur</strong></span> <span class='ocrx_word' id='word_1_54' title='bbox 1800 887 2108 943; x_wconf 84' lang='lat' dir='ltr'><strong>oll&#39;enditnr.</strong></span> 
     </span>
    </p>
   </div>
   <div class='ocr_carea' id='block_1_9' title="bbox 524 977 2112 1048">
    <p class='ocr_par' dir='ltr' id='par_1_9' title="bbox 524 977 2112 1048">
     <span class='ocr_line' id='line_1_9' title="bbox 524 977 2112 1048; baseline 0.004 -18"><span class='ocrx_word' id='word_1_55' title='bbox 524 979 696 1033; x_wconf 78' lang='lat' dir='ltr'><strong>Servo</strong></span> <span class='ocrx_word' id='word_1_56' title='bbox 732 986 824 1032; x_wconf 89' lang='lat' dir='ltr'><strong>tuo</strong></span> <span class='ocrx_word' id='word_1_57' title='bbox 859 993 872 1029; x_wconf 88' lang='lat'><strong>:</strong></span> <span class='ocrx_word' id='word_1_58' title='bbox 903 977 1031 1046; x_wconf 87' lang='lat' dir='ltr'><strong>quia</strong></span> <span class='ocrx_word' id='word_1_59' title='bbox 1066 977 1252 1031; x_wconf 89' lang='lat' dir='ltr'><strong>statim</strong></span> <span class='ocrx_word' id='word_1_60' title='bbox 1299 978 1531 1043; x_wconf 88' lang='lat' dir='ltr'><strong>corruit,</strong></span> <span class='ocrx_word' id='word_1_61' title='bbox 1585 978 1675 1048; x_wconf 85' lang='lat' dir='ltr'><strong>qui</strong></span> <span class='ocrx_word' id='word_1_62' title='bbox 1727 978 1947 1035; x_wconf 85' lang='lat' dir='ltr'><strong>alterius</strong></span> <span class='ocrx_word' id='word_1_63' title='bbox 1991 996 2112 1036; x_wconf 83' lang='lat' dir='ltr'><strong>esse</strong></span> 
     </span>
    </p>
   </div>
   <div class='ocr_carea' id='block_1_10' title="bbox 521 1064 2143 1141">
    <p class='ocr_par' dir='ltr' id='par_1_10' title="bbox 521 1064 2143 1141">
     <span class='ocr_line' id='line_1_10' title="bbox 521 1064 2143 1141; baseline 0.004 -22"><span class='ocrx_word' id='word_1_64' title='bbox 521 1066 773 1120; x_wconf 71' lang='lat' dir='ltr'><strong>valuerit.</strong></span> <span class='ocrx_word' id='word_1_65' title='bbox 807 1065 873 1120; x_wconf 89' lang='lat' dir='ltr'><strong>Et</strong></span> <span class='ocrx_word' id='word_1_66' title='bbox 916 1067 1209 1137; x_wconf 62' lang='lat' dir='ltr'><strong>vide&#39;quod</strong></span> <span class='ocrx_word' id='word_1_67' title='bbox 1236 1064 1654 1135; x_wconf 73' lang='lat' dir='ltr'><strong>iustiﬁcationes</strong></span> <span class='ocrx_word' id='word_1_68' title='bbox 1681 1085 1739 1124; x_wconf 90' lang='lat' dir='ltr'><strong>se</strong></span> <span class='ocrx_word' id='word_1_69' title='bbox 1789 1071 1969 1126; x_wconf 86' lang='lat' dir='ltr'><strong>doceri</strong></span> <span class='ocrx_word' id='word_1_70' title='bbox 2011 1087 2143 1141; x_wconf 87' lang='lat' dir='ltr'><strong>po--</strong></span> 
     </span>
    </p>
   </div>
   <div class='ocr_carea' id='block_1_11' title="bbox 520 1156 2108 1231">
    <p class='ocr_par' dir='ltr' id='par_1_11' title="bbox 520 1156 2108 1231">
     <span class='ocr_line' id='line_1_11' title="bbox 520 1156 2108 1231; baseline 0.003 -20"><span class='ocrx_word' id='word_1_71' title='bbox 520 1158 762 1222; x_wconf 78' lang='lat' dir='ltr'><strong>Stulavit,</strong></span> <span class='ocrx_word' id='word_1_72' title='bbox 813 1172 950 1228; x_wconf 86' lang='lat' dir='ltr'><strong>quas</strong></span> <span class='ocrx_word' id='word_1_73' title='bbox 983 1156 1097 1225; x_wconf 90' lang='lat' dir='ltr'><strong>jam</strong></span> <span class='ocrx_word' id='word_1_74' title='bbox 1146 1159 1372 1213; x_wconf 82' lang='lat' dir='ltr'><strong>devotus</strong></span> <span class='ocrx_word' id='word_1_75' title='bbox 1409 1159 1756 1229; x_wconf 70' lang='lat' dir='ltr'><strong>accepit.°Et</strong></span> <span class='ocrx_word' id='word_1_76' title='bbox 1797 1176 1893 1231; x_wconf 89' lang='lat' dir='ltr'><strong>per</strong></span> <span class='ocrx_word' id='word_1_77' title='bbox 1941 1171 2108 1216; x_wconf 86' lang='lat' dir='ltr'><strong>totum</strong></span> 
     </span>
    </p>
   </div>
   <div class='ocr_carea' id='block_1_12' title="bbox 518 1246 2108 1320">
    <p class='ocr_par' dir='ltr' id='par_1_12' title="bbox 518 1246 2108 1320">
     <span class='ocr_line' id='line_1_12' title="bbox 518 1246 2108 1320; baseline 0.005 -21"><span class='ocrx_word' id='word_1_78' title='bbox 518 1246 785 1313; x_wconf 66' lang='lat' dir='ltr'><strong>psalmum</strong></span> <span class='ocrx_word' id='word_1_79' title='bbox 825 1247 1152 1315; x_wconf 82' lang='lat' dir='ltr'><strong>&#39;irequenter</strong></span> <span class='ocrx_word' id='word_1_80' title='bbox 1194 1248 1328 1317; x_wconf 85' lang='lat' dir='ltr'><strong>petit</strong></span> <span class='ocrx_word' id='word_1_81' title='bbox 1374 1264 1483 1302; x_wconf 89' lang='lat' dir='ltr'><strong>uno</strong></span> <span class='ocrx_word' id='word_1_82' title='bbox 1533 1249 1672 1317; x_wconf 94' lang='lat' dir='ltr'><strong>loco,</strong></span> <span class='ocrx_word' id='word_1_83' title='bbox 1726 1251 1868 1320; x_wconf 89' lang='lat' dir='ltr'><strong>quod</strong></span> <span class='ocrx_word' id='word_1_84' title='bbox 1901 1252 2008 1308; x_wconf 91' lang='lat' dir='ltr'><strong>alio</strong></span> <span class='ocrx_word' id='word_1_85' title='bbox 2047 1269 2108 1308; x_wconf 89' lang='lat' dir='ltr'><strong>se</strong></span> 
     </span>
    </p>
   </div>
   <div class='ocr_carea' id='block_1_13' title="bbox 520 1335 2112 1409">
    <p class='ocr_par' dir='ltr' id='par_1_13' title="bbox 520 1335 2112 1409">
     <span class='ocr_line' id='line_1_13' title="bbox 520 1335 2112 1409; baseline 0.008 -21"><span class='ocrx_word' id='word_1_86' title='bbox 520 1336 798 1405; x_wconf 78' lang='lat' dir='ltr'><strong>accepisse</strong></span> <span class='ocrx_word' id='word_1_87' title='bbox 829 1335 1029 1389; x_wconf 79' lang='lat' dir='ltr'><strong>fatetur</strong></span> <span class='ocrx_word' id='word_1_88' title='bbox 1058 1354 1071 1390; x_wconf 88' lang='lat'><strong>:</strong></span> <span class='ocrx_word' id='word_1_89' title='bbox 1105 1348 1162 1390; x_wconf 92' lang='lat' dir='ltr'><strong>ut</strong></span> <span class='ocrx_word' id='word_1_90' title='bbox 1193 1339 1335 1393; x_wconf 88' lang='lat' dir='ltr'><strong>Deus</strong></span> <span class='ocrx_word' id='word_1_91' title='bbox 1363 1338 1507 1409; x_wconf 86' lang='lat' dir='ltr'><strong>quod</strong></span> <span class='ocrx_word' id='word_1_92' title='bbox 1538 1341 1687 1396; x_wconf 88' lang='lat' dir='ltr'><strong>dedit</strong></span> <span class='ocrx_word' id='word_1_93' title='bbox 1710 1354 2029 1406; x_wconf 84' lang='lat' dir='ltr'><strong>conservet.</strong></span> <span class='ocrx_word' id='word_1_94' title='bbox 2057 1354 2112 1401; x_wconf 89' lang='lat' dir='ltr'><strong>et</strong></span> 
     </span>
    </p>
   </div>
   <div class='ocr_carea' id='block_1_14' title="bbox 519 1428 2112 1501">
    <p class='ocr_par' dir='ltr' id='par_1_14' title="bbox 519 1428 2112 1501">
     <span class='ocr_line' id='line_1_14' title="bbox 519 1428 2112 1501; baseline 0.008 -20"><span class='ocrx_word' id='word_1_95' title='bbox 519 1428 646 1499; x_wconf 68' lang='lat' dir='ltr'><strong>quia</strong></span> <span class='ocrx_word' id='word_1_96' title='bbox 705 1431 918 1499; x_wconf 84' lang='lat' dir='ltr'><strong>petendi</strong></span> <span class='ocrx_word' id='word_1_97' title='bbox 960 1447 1234 1501; x_wconf 85' lang='lat' dir='ltr'><strong>nunquam</strong></span> <span class='ocrx_word' id='word_1_98' title='bbox 1277 1432 1436 1488; x_wconf 85' lang='lat' dir='ltr'><strong>debet</strong></span> <span class='ocrx_word' id='word_1_99' title='bbox 1474 1449 1595 1491; x_wconf 88' lang='lat' dir='ltr'><strong>esse</strong></span> <span class='ocrx_word' id='word_1_100' title='bbox 1620 1434 1912 1491; x_wconf 77' lang='lat' dir='ltr'><strong>fastidium.</strong></span> <span class='ocrx_word' id='word_1_101' title='bbox 1960 1438 2112 1493; x_wconf 82' lang='lat' dir='ltr'><strong>Hauc</strong></span> 
     </span>
    </p>
   </div>
   <div class='ocr_carea' id='block_1_15' title="bbox 527 1518 2113 1600">
    <p class='ocr_par' dir='ltr' id='par_1_15' title="bbox 527 1518 2113 1600">
     <span class='ocr_line' id='line_1_15' title="bbox 527 1518 2113 1600; baseline 0.009 -30"><span class='ocrx_word' id='word_1_102' title='bbox 527 1518 674 1571; x_wconf 82' lang='lat' dir='ltr'><strong>enim</strong></span> <span class='ocrx_word' id='word_1_103' title='bbox 707 1519 1077 1585; x_wconf 85' lang='lat' dir='ltr'><strong>assiduitatem</strong></span> <span class='ocrx_word' id='word_1_104' title='bbox 1108 1530 1161 1576; x_wconf 90' lang='lat' dir='ltr'><strong>et</strong></span> <span class='ocrx_word' id='word_1_105' title='bbox 1191 1522 1364 1578; x_wconf 89' lang='lat' dir='ltr'><strong>oratio</strong></span> <span class='ocrx_word' id='word_1_106' title='bbox 1386 1523 1661 1580; x_wconf 68' lang='lat' dir='ltr'><strong>Drminiea</strong></span> <span class='ocrx_word' id='word_1_107' title='bbox 1700 1527 1964 1599; x_wconf 79' lang='lat' dir='ltr'><strong>designat,</strong></span> <span class='ocrx_word' id='word_1_108' title='bbox 1993 1544 2113 1600; x_wconf 67' lang='lat' dir='ltr'><strong>qua:</strong></span> 
     </span>
    </p>
   </div>
   <div class='ocr_carea' id='block_1_16' title="bbox 523 1609 2114 1686">
    <p class='ocr_par' dir='ltr' id='par_1_16' title="bbox 523 1609 2114 1686">
     <span class='ocr_line' id='line_1_16' title="bbox 523 1609 2114 1686; baseline 0.011 -24"><span class='ocrx_word' id='word_1_109' title='bbox 523 1609 657 1663; x_wconf 80' lang='lat' dir='ltr'><strong>dicit</strong></span> <span class='ocrx_word' id='word_1_110' title='bbox 715 1627 727 1663; x_wconf 93' lang='lat'>:</span> <span class='ocrx_word' id='word_1_111' title='bbox 794 1610 991 1667; x_wconf 84' lang='lat' dir='ltr'><strong>Panem</strong></span> <span class='ocrx_word' id='word_1_112' title='bbox 1055 1623 1305 1669; x_wconf 91' lang='lat' dir='ltr'><strong>nostrum</strong></span> <span class='ocrx_word' id='word_1_113' title='bbox 1374 1618 1752 1686; x_wconf 89' lang='lat' dir='ltr'><strong>quotidianum</strong></span> <span class='ocrx_word' id='word_1_114' title='bbox 1825 1621 1891 1676; x_wconf 87' lang='lat' dir='ltr'><strong>da</strong></span> <span class='ocrx_word' id='word_1_115' title='bbox 1955 1622 2114 1679; x_wconf 84' lang='lat' dir='ltr'><strong>nobis</strong></span> 
     </span>
    </p>
   </div>
   <div class='ocr_carea' id='block_1_17' title="bbox 517 1703 679 1758">
    <p class='ocr_par' dir='ltr' id='par_1_17' title="bbox 517 1703 679 1758">
     <span class='ocr_line' id='line_1_17' title="bbox 517 1703 679 1758; baseline 0 0"><span class='ocrx_word' id='word_1_116' title='bbox 517 1703 679 1758; x_wconf 86' lang='lat' dir='ltr'><strong>hodie</strong></span> 
     </span>
    </p>
   </div>
   <div class='ocr_carea' id='block_1_18' title="bbox 517 1793 1445 1871">
    <p class='ocr_par' dir='ltr' id='par_1_18' title="bbox 517 1793 1445 1871">
     <span class='ocr_line' id='line_1_18' title="bbox 517 1793 1445 1871; baseline 0.011 -23"><span class='ocrx_word' id='word_1_117' title='bbox 517 1793 621 1848; x_wconf 68' lang='lat'><strong>425</strong></span> <span class='ocrx_word' id='word_1_118' title='bbox 658 1793 849 1850; x_wconf 84' lang='lat' dir='ltr'><strong>Servus</strong></span> <span class='ocrx_word' id='word_1_119' title='bbox 877 1807 999 1851; x_wconf 87' lang='lat' dir='ltr'><strong>tuus</strong></span> <span class='ocrx_word' id='word_1_120' title='bbox 1026 1814 1087 1854; x_wconf 72' lang='grc' dir='ltr'><strong>-ε-</strong></span> <span class='ocrx_word' id='word_1_121' title='bbox 1110 1816 1227 1855; x_wconf 86' lang='lat' dir='ltr'><strong>sum</strong></span> <span class='ocrx_word' id='word_1_122' title='bbox 1260 1798 1276 1869; x_wconf 71' lang='grc' dir='ltr'>ζ</span> <span class='ocrx_word' id='word_1_123' title='bbox 1309 1818 1403 1871; x_wconf 87' lang='lat' dir='ltr'><strong>ego</strong></span> <span class='ocrx_word' id='word_1_124' title='bbox 1430 1843 1445 1859; x_wconf 89' lang='lat'><strong>.</strong></span> 
     </span>
    </p>
   </div>
   <div class='ocr_carea' id='block_1_19' title="bbox 656 1884 1989 1955">
    <p class='ocr_par' dir='ltr' id='par_1_19' title="bbox 656 1884 1989 1955">
     <span class='ocr_line' id='line_1_19' title="bbox 656 1884 1989 1955; baseline 0.013 -17"><span class='ocrx_word' id='word_1_125' title='bbox 656 1884 741 1939; x_wconf 89' lang='lat' dir='ltr'><strong>Da</strong></span> <span class='ocrx_word' id='word_1_126' title='bbox 769 1888 895 1941; x_wconf 80' lang='lat' dir='ltr'><strong>mihi</strong></span> <span class='ocrx_word' id='word_1_127' title='bbox 924 1889 1242 1947; x_wconf 70' lang='lat' dir='ltr'><strong>intellectura</strong></span> <span class='ocrx_word' id='word_1_128' title='bbox 1271 1903 1326 1947; x_wconf 89' lang='lat' dir='ltr'><strong>ut</strong></span> <span class='ocrx_word' id='word_1_129' title='bbox 1349 1895 1513 1949; x_wconf 86' lang='lat' dir='ltr'><strong>sciam</strong></span> <span class='ocrx_word' id='word_1_130' title='bbox 1552 1899 1848 1954; x_wconf 75' lang='lat' dir='ltr'><strong>testimonia</strong></span> <span class='ocrx_word' id='word_1_131' title='bbox 1875 1910 1989 1955; x_wconf 85' lang='lat' dir='ltr'><strong>tua.</strong></span> 
     </span>
    </p>
   </div>
   <div class='ocr_carea' id='block_1_20' title="bbox 572 1977 2103 2059">
    <p class='ocr_par' dir='ltr' id='par_1_20' title="bbox 572 1977 2103 2059">
     <span class='ocr_line' id='line_1_20' title="bbox 572 1977 2103 2059; baseline 0.011 -26"><span class='ocrx_word' id='word_1_132' title='bbox 572 1977 634 2034; x_wconf 70' lang='grc' dir='ltr'><strong>(ἒ</strong></span> <span class='ocrx_word' id='word_1_133' title='bbox 673 1978 875 2036; x_wconf 87' lang='lat' dir='ltr'><strong>Servus</strong></span> <span class='ocrx_word' id='word_1_134' title='bbox 909 1988 1036 2039; x_wconf 88' lang='lat' dir='ltr'><strong>tuus</strong></span> <span class='ocrx_word' id='word_1_135' title='bbox 1074 1998 1214 2049; x_wconf 88' lang='lat' dir='ltr'><strong>sum,</strong></span> <span class='ocrx_word' id='word_1_136' title='bbox 1253 1986 1320 2040; x_wconf 92' lang='lat' dir='ltr'><strong>da</strong></span> <span class='ocrx_word' id='word_1_137' title='bbox 1346 1988 1478 2042; x_wconf 83' lang='lat' dir='ltr'><strong>mihi</strong></span> <span class='ocrx_word' id='word_1_138' title='bbox 1511 2006 1525 2043; x_wconf 90' lang='lat'><strong>:</strong></span> <span class='ocrx_word' id='word_1_139' title='bbox 1567 1991 1658 2059; x_wconf 91' lang='lat' dir='ltr'><strong>qui</strong></span> <span class='ocrx_word' id='word_1_140' title='bbox 1686 1992 1877 2048; x_wconf 87' lang='lat' dir='ltr'><strong>solitus</strong></span> <span class='ocrx_word' id='word_1_141' title='bbox 1907 2008 1967 2049; x_wconf 87' lang='lat' dir='ltr'><strong>es</strong></span> <span class='ocrx_word' id='word_1_142' title='bbox 2006 1995 2103 2050; x_wconf 88' lang='lat' dir='ltr'><strong>do-</strong></span> 
     </span>
    </p>
   </div>
   <div class='ocr_carea' id='block_1_21' title="bbox 516 2066 2104 2153">
    <p class='ocr_par' dir='ltr' id='par_1_21' title="bbox 516 2066 2104 2153">
     <span class='ocr_line' id='line_1_21' title="bbox 516 2066 2104 2153; baseline 0.013 -31"><span class='ocrx_word' id='word_1_143' title='bbox 516 2066 994 2143; x_wconf 64' lang='lat' dir='ltr'><strong>nare,&#39;quae.juste</strong></span> <span class='ocrx_word' id='word_1_144' title='bbox 1020 2090 1085 2131; x_wconf 90' lang='lat' dir='ltr'><strong>ac</strong></span> <span class='ocrx_word' id='word_1_145' title='bbox 1117 2076 1443 2135; x_wconf 82' lang='lat' dir='ltr'><strong>ﬁducialiler</strong></span> <span class='ocrx_word' id='word_1_146' title='bbox 1464 2084 1683 2151; x_wconf 88' lang='lat' dir='ltr'><strong>peteris.</strong></span> <span class='ocrx_word' id='word_1_147' title='bbox 1724 2083 1793 2139; x_wconf 89' lang='lat' dir='ltr'><strong>Ut</strong></span> <span class='ocrx_word' id='word_1_148' title='bbox 1814 2085 2011 2153; x_wconf 85' lang='lat' dir='ltr'><strong>sciam,</strong></span> <span class='ocrx_word' id='word_1_149' title='bbox 2048 2088 2104 2142; x_wconf 93' lang='lat' dir='ltr'><strong>id</strong></span> 
     </span>
    </p>
   </div>
   <div class='ocr_carea' id='block_1_22' title="bbox 512 2166 2102 2248">
    <p class='ocr_par' dir='ltr' id='par_1_22' title="bbox 512 2166 2102 2248">
     <span class='ocr_line' id='line_1_22' title="bbox 512 2166 2102 2248; baseline 0.012 -32"><span class='ocrx_word' id='word_1_150' title='bbox 512 2172 593 2217; x_wconf 88' lang='lat' dir='ltr'><strong>est</strong></span> <span class='ocrx_word' id='word_1_151' title='bbox 626 2170 686 2215; x_wconf 88' lang='lat' dir='ltr'><strong>ut</strong></span> <span class='ocrx_word' id='word_1_152' title='bbox 710 2173 931 2235; x_wconf 85' lang='lat' dir='ltr'><strong>accepta</strong></span> <span class='ocrx_word' id='word_1_153' title='bbox 961 2166 1242 2225; x_wconf 81' lang='lat' dir='ltr'><strong>retineam.</strong></span> <span class='ocrx_word' id='word_1_154' title='bbox 1271 2169 1426 2226; x_wconf 87' lang='lat' dir='ltr'><strong>Scire</strong></span> <span class='ocrx_word' id='word_1_155' title='bbox 1454 2172 1597 2227; x_wconf 90' lang='lat' dir='ltr'><strong>enim</strong></span> <span class='ocrx_word' id='word_1_156' title='bbox 1645 2173 1775 2230; x_wconf 91' lang='lat' dir='ltr'><strong>illud</strong></span> <span class='ocrx_word' id='word_1_157' title='bbox 1807 2185 1910 2241; x_wconf 90' lang='lat' dir='ltr'><strong>est,</strong></span> <span class='ocrx_word' id='word_1_158' title='bbox 1956 2178 2102 2248; x_wconf 93' lang='lat' dir='ltr'><strong>quod</strong></span> 
     </span>
    </p>
   </div>
   <div class='ocr_carea' id='block_1_23' title="bbox 511 2254 2099 2329">
    <p class='ocr_par' dir='ltr' id='par_1_23' title="bbox 511 2254 2099 2329">
     <span class='ocr_line' id='line_1_23' title="bbox 511 2254 2099 2329; baseline 0.011 -21"><span class='ocrx_word' id='word_1_159' title='bbox 511 2254 569 2308; x_wconf 88' lang='lat' dir='ltr'><strong>iu</strong></span> <span class='ocrx_word' id='word_1_160' title='bbox 598 2264 837 2310; x_wconf 75' lang='lat' dir='ltr'><strong>nostram</strong></span> <span class='ocrx_word' id='word_1_161' title='bbox 870 2258 1119 2313; x_wconf 86' lang='lat' dir='ltr'><strong>notitiam</strong></span> <span class='ocrx_word' id='word_1_162' title='bbox 1145 2262 1386 2329; x_wconf 85' lang='lat' dir='ltr'><strong>veniens,</strong></span> <span class='ocrx_word' id='word_1_163' title='bbox 1406 2264 1550 2319; x_wconf 89' lang='lat' dir='ltr'><strong>nulla</strong></span> <span class='ocrx_word' id='word_1_164' title='bbox 1576 2265 1847 2324; x_wconf 86' lang='lat' dir='ltr'><strong>oblivione</strong></span> <span class='ocrx_word' id='word_1_165' title='bbox 1870 2270 2099 2326; x_wconf 84' lang='lat' dir='ltr'><strong>deletur.</strong></span> 
     </span>
    </p>
   </div>
   <div class='ocr_carea' id='block_1_24' title="bbox 516 2346 2102 2432">
    <p class='ocr_par' dir='ltr' id='par_1_24' title="bbox 516 2346 2102 2432">
     <span class='ocr_line' id='line_1_24' title="bbox 516 2346 2102 2432; baseline 0.013 -33"><span class='ocrx_word' id='word_1_166' title='bbox 516 2346 583 2401; x_wconf 86' lang='lat' dir='ltr'><strong>Et</strong></span> <span class='ocrx_word' id='word_1_167' title='bbox 610 2348 858 2428; x_wconf 84' lang='lat' dir='ltr'><strong>quamvis</strong></span> <span class='ocrx_word' id='word_1_168' title='bbox 910 2352 1091 2407; x_wconf 86' lang='lat' dir='ltr'><strong>omnia</strong></span> <span class='ocrx_word' id='word_1_169' title='bbox 1139 2355 1484 2424; x_wconf 85' lang='lat' dir='ltr'><strong>expedientia</strong></span> <span class='ocrx_word' id='word_1_170' title='bbox 1529 2360 1800 2418; x_wconf 91' lang='lat' dir='ltr'><strong>continuis</strong></span> <span class='ocrx_word' id='word_1_171' title='bbox 1844 2364 2102 2432; x_wconf 91' lang='lat' dir='ltr'><strong>precibus</strong></span> 
     </span>
    </p>
   </div>
   <div class='ocr_carea' id='block_1_25' title="bbox 514 2423 2102 2515">
    <p class='ocr_par' dir='ltr' id='par_1_25' title="bbox 514 2423 2102 2515">
     <span class='ocr_line' id='line_1_25' title="bbox 514 2423 2102 2515; baseline 0.013 -24"><span class='ocrx_word' id='word_1_172' title='bbox 514 2436 624 2491; x_wconf 90' lang='lat' dir='ltr'><strong>sint</strong></span> <span class='ocrx_word' id='word_1_173' title='bbox 650 2453 677 2492; x_wconf 88' lang='lat' dir='ltr'><strong>a</strong></span> <span class='ocrx_word' id='word_1_174' title='bbox 705 2423 932 2495; x_wconf 84' lang='lat' dir='ltr'><strong>Domino</strong></span> <span class='ocrx_word' id='word_1_175' title='bbox 958 2443 1301 2513; x_wconf 89' lang='lat' dir='ltr'><strong>postulanda,</strong></span> <span class='ocrx_word' id='word_1_176' title='bbox 1326 2449 1561 2504; x_wconf 80' lang='lat' dir='ltr'><strong>maxime</strong></span> <span class='ocrx_word' id='word_1_177' title='bbox 1588 2459 1767 2507; x_wconf 90' lang='lat' dir='ltr'><strong>tamen</strong></span> <span class='ocrx_word' id='word_1_178' title='bbox 1795 2453 2102 2515; x_wconf 88' lang='lat' dir='ltr'><strong>divinarum</strong></span> 
     </span>
    </p>
   </div>
   <div class='ocr_carea' id='block_1_26' title="bbox 513 2525 2096 2610">
    <p class='ocr_par' dir='ltr' id='par_1_26' title="bbox 513 2525 2096 2610">
     <span class='ocr_line' id='line_1_26' title="bbox 513 2525 2096 2610; baseline 0.014 -31"><span class='ocrx_word' id='word_1_179' title='bbox 513 2525 921 2597; x_wconf 86' lang='lat' dir='ltr'><strong>Scripturarum</strong></span> <span class='ocrx_word' id='word_1_180' title='bbox 988 2531 1295 2591; x_wconf 89' lang='lat' dir='ltr'><strong>intellectus</strong></span> <span class='ocrx_word' id='word_1_181' title='bbox 1346 2537 1551 2609; x_wconf 80' lang='lat' dir='ltr'><strong>jugiter</strong></span> <span class='ocrx_word' id='word_1_182' title='bbox 1613 2542 1881 2610; x_wconf 90' lang='lat' dir='ltr'><strong>petendus</strong></span> <span class='ocrx_word' id='word_1_183' title='bbox 1943 2555 2027 2599; x_wconf 91' lang='lat' dir='ltr'><strong>est</strong></span> <span class='ocrx_word' id='word_1_184' title='bbox 2083 2564 2096 2601; x_wconf 93' lang='lat'><strong>:</strong></span> 
     </span>
    </p>
   </div>
   <div class='ocr_carea' id='block_1_27' title="bbox 509 2616 2098 2693">
    <p class='ocr_par' dir='ltr' id='par_1_27' title="bbox 509 2616 2098 2693">
     <span class='ocr_line' id='line_1_27' title="bbox 509 2616 2098 2693; baseline 0.014 -25"><span class='ocrx_word' id='word_1_185' title='bbox 509 2616 603 2685; x_wconf 89' lang='lat' dir='ltr'><strong>qui</strong></span> <span class='ocrx_word' id='word_1_186' title='bbox 631 2627 835 2687; x_wconf 82' lang='lat' dir='ltr'><strong>quanto</strong></span> <span class='ocrx_word' id='word_1_187' title='bbox 867 2620 987 2689; x_wconf 91' lang='lat' dir='ltr'><strong>plus</strong></span> <span class='ocrx_word' id='word_1_188' title='bbox 1010 2623 1330 2693; x_wconf 86' lang='lat' dir='ltr'><strong>percipitur,</strong></span> <span class='ocrx_word' id='word_1_189' title='bbox 1356 2634 1507 2683; x_wconf 90' lang='lat' dir='ltr'><strong>tanto</strong></span> <span class='ocrx_word' id='word_1_190' title='bbox 1546 2631 1765 2686; x_wconf 80' lang='lat' dir='ltr'><strong>suavior</strong></span> <span class='ocrx_word' id='word_1_191' title='bbox 1801 2631 2098 2690; x_wconf 81' lang='lat' dir='ltr'><strong>invenitur.</strong></span> 
     </span>
    </p>
   </div>
   <div class='ocr_carea' id='block_1_28' title="bbox 512 2707 1463 2781">
    <p class='ocr_par' dir='ltr' id='par_1_28' title="bbox 512 2707 1463 2781">
     <span class='ocr_line' id='line_1_28' title="bbox 512 2707 1463 2781; baseline 0.012 -19"><span class='ocrx_word' id='word_1_192' title='bbox 512 2707 617 2763; x_wconf 75' lang='grc'><strong>126</strong></span> <span class='ocrx_word' id='word_1_193' title='bbox 658 2708 880 2780; x_wconf 80' lang='lat' dir='ltr'><strong>Tempus</strong></span> <span class='ocrx_word' id='word_1_194' title='bbox 909 2712 1161 2781; x_wconf 71' lang='lat' dir='ltr'><strong>faciendi,</strong></span> <span class='ocrx_word' id='word_1_195' title='bbox 1197 2713 1420 2773; x_wconf 85' lang='lat' dir='ltr'><strong>Domine</strong></span> <span class='ocrx_word' id='word_1_196' title='bbox 1443 2732 1463 2772; x_wconf 83' lang='lat'><strong>.&#39;</strong></span> 
     </span>
    </p>
   </div>
   <div class='ocr_carea' id='block_1_29' title="bbox 653 2800 1437 2877">
    <p class='ocr_par' dir='ltr' id='par_1_29' title="bbox 653 2800 1437 2877">
     <span class='ocr_line' id='line_1_29' title="bbox 653 2800 1437 2877; baseline 0.015 -23"><span class='ocrx_word' id='word_1_197' title='bbox 653 2800 1053 2872; x_wconf 83' lang='lat' dir='ltr'><strong>Dissipaverunt</strong></span> <span class='ocrx_word' id='word_1_198' title='bbox 1081 2805 1245 2877; x_wconf 85' lang='lat' dir='ltr'><strong>legem</strong></span> <span class='ocrx_word' id='word_1_199' title='bbox 1270 2818 1437 2867; x_wconf 83' lang='lat' dir='ltr'><strong>tuam.</strong></span> 
     </span>
    </p>
   </div>
   <div class='ocr_carea' id='block_1_30' title="bbox 579 2892 2104 2975">
    <p class='ocr_par' dir='ltr' id='par_1_30' title="bbox 579 2892 2104 2975">
     <span class='ocr_line' id='line_1_30' title="bbox 579 2892 2104 2975; baseline 0.016 -28"><span class='ocrx_word' id='word_1_200' title='bbox 579 2892 626 2947; x_wconf 84' lang='lat' dir='ltr'><strong>A</strong></span> <span class='ocrx_word' id='word_1_201' title='bbox 664 2892 875 2949; x_wconf 86' lang='lat' dir='ltr'><strong>Clamat</strong></span> <span class='ocrx_word' id='word_1_202' title='bbox 911 2896 1141 2968; x_wconf 91' lang='lat' dir='ltr'><strong>populus</strong></span> <span class='ocrx_word' id='word_1_203' title='bbox 1168 2898 1376 2967; x_wconf 88' lang='lat' dir='ltr'><strong>ﬁdelis,</strong></span> <span class='ocrx_word' id='word_1_204' title='bbox 1403 2910 1621 2975; x_wconf 83' lang='lat' dir='ltr'><strong>tempus</strong></span> <span class='ocrx_word' id='word_1_205' title='bbox 1660 2907 1896 2966; x_wconf 79' lang='lat' dir='ltr'><strong>faciendi</strong></span> <span class='ocrx_word' id='word_1_206' title='bbox 1942 2931 1956 2968; x_wconf 91' lang='lat'><strong>:</strong></span> <span class='ocrx_word' id='word_1_207' title='bbox 2000 2914 2104 2973; x_wconf 90' lang='lat' dir='ltr'><strong>hoc</strong></span> 
     </span>
    </p>
   </div>
   <div class='ocr_carea' id='block_1_31' title="bbox 513 2987 2099 3074">
    <p class='ocr_par' dir='ltr' id='par_1_31' title="bbox 513 2987 2099 3074">
     <span class='ocr_line' id='line_1_31' title="bbox 513 2987 2099 3074; baseline 0.013 -34"><span class='ocrx_word' id='word_1_208' title='bbox 513 2993 599 3040; x_wconf 88' lang='lat' dir='ltr'><strong>est</strong></span> <span class='ocrx_word' id='word_1_209' title='bbox 641 2994 702 3039; x_wconf 92' lang='lat' dir='ltr'><strong>ut</strong></span> <span class='ocrx_word' id='word_1_210' title='bbox 750 2987 953 3042; x_wconf 90' lang='lat' dir='ltr'><strong>mundo</strong></span> <span class='ocrx_word' id='word_1_211' title='bbox 994 3004 1278 3061; x_wconf 89' lang='lat' dir='ltr'><strong>apparcas,</strong></span> <span class='ocrx_word' id='word_1_212' title='bbox 1338 3003 1564 3063; x_wconf 89' lang='lat' dir='ltr'><strong>peccata</strong></span> <span class='ocrx_word' id='word_1_213' title='bbox 1617 2998 1894 3066; x_wconf 84' lang='lat' dir='ltr'><strong>dissolvas,</strong></span> <span class='ocrx_word' id='word_1_214' title='bbox 1924 3003 2099 3074; x_wconf 90' lang='lat' dir='ltr'><strong>ipsum</strong></span> 
     </span>
    </p>
   </div>
   <div class='ocr_carea' id='block_1_32' title="bbox 509 3074 2100 3165">
    <p class='ocr_par' dir='ltr' id='par_1_32' title="bbox 509 3074 2100 3165">
     <span class='ocr_line' id='line_1_32' title="bbox 509 3074 2100 3165; baseline 0.015 -37"><span class='ocrx_word' id='word_1_215' title='bbox 509 3074 780 3129; x_wconf 86' lang='lat' dir='ltr'><strong>diabolum</strong></span> <span class='ocrx_word' id='word_1_216' title='bbox 805 3087 1136 3147; x_wconf 86' lang='lat' dir='ltr'><strong>prosternas.</strong></span> <span class='ocrx_word' id='word_1_217' title='bbox 1159 3081 1321 3137; x_wconf 84' lang='lat' dir='ltr'><strong>Addit</strong></span> <span class='ocrx_word' id='word_1_218' title='bbox 1347 3099 1567 3141; x_wconf 88' lang='lat' dir='ltr'><strong>causam</strong></span> <span class='ocrx_word' id='word_1_219' title='bbox 1592 3087 1821 3147; x_wconf 80' lang='lat' dir='ltr'><strong>faciendi</strong></span> <span class='ocrx_word' id='word_1_220' title='bbox 1843 3094 1986 3163; x_wconf 87' lang='lat' dir='ltr'><strong>quod</strong></span> <span class='ocrx_word' id='word_1_221' title='bbox 2004 3111 2100 3165; x_wconf 89' lang='lat' dir='ltr'><strong>pe-</strong></span> 
     </span>
    </p>
   </div>
   <div class='ocr_carea' id='block_1_33' title="bbox 2356 505 3315 573">
    <p class='ocr_par' dir='ltr' id='par_1_33' title="bbox 2356 505 3315 573">
     <span class='ocr_line' id='line_1_33' title="bbox 2356 505 3315 573; baseline 0.016 -15"><span class='ocrx_word' id='word_1_222' title='bbox 2356 505 2485 560; x_wconf 85' lang='lat' dir='ltr'><strong>ldeo</strong></span> <span class='ocrx_word' id='word_1_223' title='bbox 2513 519 2746 563; x_wconf 75' lang='lat' dir='ltr'><strong>scrutata</strong></span> <span class='ocrx_word' id='word_1_224' title='bbox 2767 521 2845 565; x_wconf 79' lang='lat' dir='ltr'><strong>est</strong></span> <span class='ocrx_word' id='word_1_225' title='bbox 2871 529 2933 567; x_wconf 85' lang='lat' dir='ltr'><strong>ea</strong></span> <span class='ocrx_word' id='word_1_226' title='bbox 2957 515 3136 569; x_wconf 84' lang='lat' dir='ltr'><strong>anima</strong></span> <span class='ocrx_word' id='word_1_227' title='bbox 3175 534 3315 573; x_wconf 83' lang='lat' dir='ltr'><strong>mea.</strong></span> 
     </span>
    </p>
   </div>
   <div class='ocr_carea' id='block_1_34' title="bbox 2284 597 3792 673">
    <p class='ocr_par' dir='ltr' id='par_1_34' title="bbox 2284 597 3792 673">
     <span class='ocr_line' id='line_1_34' title="bbox 2284 597 3792 673; baseline 0.015 -22"><span class='ocrx_word' id='word_1_228' title='bbox 2284 597 2326 653; x_wconf 88' lang='lat' dir='ltr'><strong>C</strong></span> <span class='ocrx_word' id='word_1_229' title='bbox 2362 598 2746 658; x_wconf 81' lang='lat' dir='ltr'><strong>Dillinitionem</strong></span> <span class='ocrx_word' id='word_1_230' title='bbox 2791 606 3225 665; x_wconf 84' lang='lat' dir='ltr'><strong>testimoniorum</strong></span> <span class='ocrx_word' id='word_1_231' title='bbox 3278 628 3385 669; x_wconf 92' lang='lat' dir='ltr'><strong>uno</strong></span> <span class='ocrx_word' id='word_1_232' title='bbox 3434 613 3608 671; x_wconf 82' lang='lat' dir='ltr'><strong>verbo</strong></span> <span class='ocrx_word' id='word_1_233' title='bbox 3655 631 3792 673; x_wconf 81' lang='lat' dir='ltr'><strong>com-</strong></span> 
     </span>
    </p>
   </div>
   <div class='ocr_carea' id='block_1_35' title="bbox 2212 687 3792 777">
    <p class='ocr_par' dir='ltr' id='par_1_35' title="bbox 2212 687 3792 777">
     <span class='ocr_line' id='line_1_35' title="bbox 2212 687 3792 777; baseline 0.015 -36"><span class='ocrx_word' id='word_1_234' title='bbox 2212 687 2402 758; x_wconf 78' lang='lat' dir='ltr'><strong>plexus</strong></span> <span class='ocrx_word' id='word_1_235' title='bbox 2429 699 2530 756; x_wconf 89' lang='lat' dir='ltr'><strong>est,</strong></span> <span class='ocrx_word' id='word_1_236' title='bbox 2562 692 2749 748; x_wconf 91' lang='lat' dir='ltr'><strong>dicens</strong></span> <span class='ocrx_word' id='word_1_237' title='bbox 2772 696 3058 753; x_wconf 86' lang='lat' dir='ltr'><strong>mirabilia.</strong></span> <span class='ocrx_word' id='word_1_238' title='bbox 3112 699 3377 759; x_wconf 84' lang='lat' dir='ltr'><strong>Mirabilia</strong></span> <span class='ocrx_word' id='word_1_239' title='bbox 3435 705 3639 776; x_wconf 88' lang='lat' dir='ltr'><strong>plane:</strong></span> <span class='ocrx_word' id='word_1_240' title='bbox 3666 723 3792 777; x_wconf 78' lang='lat' dir='ltr'><strong>quo-</strong></span> 
     </span>
    </p>
   </div>
   <div class='ocr_carea' id='block_1_36' title="bbox 2213 779 3811 854">
    <p class='ocr_par' dir='ltr' id='par_1_36' title="bbox 2213 779 3811 854">
     <span class='ocr_line' id='line_1_36' title="bbox 2213 779 3811 854; baseline 0.016 -24"><span class='ocrx_word' id='word_1_241' title='bbox 2213 779 2360 832; x_wconf 86' lang='lat' dir='ltr'><strong>niam</strong></span> <span class='ocrx_word' id='word_1_242' title='bbox 2404 794 2505 850; x_wconf 89' lang='lat' dir='ltr'><strong>per</strong></span> <span class='ocrx_word' id='word_1_243' title='bbox 2533 796 2597 837; x_wconf 87' lang='lat' dir='ltr'><strong>ea</strong></span> <span class='ocrx_word' id='word_1_244' title='bbox 2623 784 2864 841; x_wconf 80' lang='lat' dir='ltr'><strong>ccelcstis</strong></span> <span class='ocrx_word' id='word_1_245' title='bbox 2891 788 3063 844; x_wconf 87' lang='lat' dir='ltr'><strong>virtus</strong></span> <span class='ocrx_word' id='word_1_246' title='bbox 3087 789 3397 850; x_wconf 85' lang='lat' dir='ltr'><strong>hominibus</strong></span> <span class='ocrx_word' id='word_1_247' title='bbox 3439 798 3673 852; x_wconf 76' lang='lat' dir='ltr'><strong>terrenis</strong></span> <span class='ocrx_word' id='word_1_248' title='bbox 3722 784 3811 854; x_wconf 50' lang='lat' dir='ltr'><strong>inv&quot;</strong></span> 
     </span>
    </p>
   </div>
   <div class='ocr_carea' id='block_1_37' title="bbox 2214 869 3791 962">
    <p class='ocr_par' dir='ltr' id='par_1_37' title="bbox 2214 869 3791 962">
     <span class='ocr_line' id='line_1_37' title="bbox 2214 869 3791 962; baseline 0.012 -35"><span class='ocrx_word' id='word_1_249' title='bbox 2214 874 2388 929; x_wconf 86' lang='lat' dir='ltr'><strong>notuit</strong></span> <span class='ocrx_word' id='word_1_250' title='bbox 2440 891 2453 929; x_wconf 89' lang='lat'><strong>:</strong></span> <span class='ocrx_word' id='word_1_251' title='bbox 2506 885 2562 931; x_wconf 91' lang='lat' dir='ltr'><strong>et</strong></span> <span class='ocrx_word' id='word_1_252' title='bbox 2604 869 2765 933; x_wconf 81' lang='lat' dir='ltr'><strong>nosse</strong></span> <span class='ocrx_word' id='word_1_253' title='bbox 2815 880 3080 938; x_wconf 85' lang='lat' dir='ltr'><strong>dederunt</strong></span> <span class='ocrx_word' id='word_1_254' title='bbox 3114 886 3376 955; x_wconf 80' lang='lat' dir='ltr'><strong>parvulis,</strong></span> <span class='ocrx_word' id='word_1_255' title='bbox 3428 889 3576 944; x_wconf 85' lang='lat' dir='ltr'><strong>unde</strong></span> <span class='ocrx_word' id='word_1_256' title='bbox 3632 892 3791 962; x_wconf 79' lang='lat' dir='ltr'><strong>angeli</strong></span> 
     </span>
    </p>
   </div>
   <div class='ocr_carea' id='block_1_38' title="bbox 2212 964 3789 1049">
    <p class='ocr_par' dir='ltr' id='par_1_38' title="bbox 2212 964 3789 1049">
     <span class='ocr_line' id='line_1_38' title="bbox 2212 964 3789 1049; baseline 0.012 -32"><span class='ocrx_word' id='word_1_257' title='bbox 2212 964 2370 1020; x_wconf 80' lang='lat' dir='ltr'><strong>beata</strong></span> <span class='ocrx_word' id='word_1_258' title='bbox 2401 966 2760 1024; x_wconf 84' lang='lat' dir='ltr'><strong>delectatione</strong></span> <span class='ocrx_word' id='word_1_259' title='bbox 2780 973 3142 1041; x_wconf 87' lang='lat' dir='ltr'><strong>complentur.</strong></span> <span class='ocrx_word' id='word_1_260' title='bbox 3170 974 3296 1031; x_wconf 66' lang='lat' dir='ltr'><strong>Haec</strong></span> <span class='ocrx_word' id='word_1_261' title='bbox 3319 993 3538 1049; x_wconf 89' lang='lat' dir='ltr'><strong>semper</strong></span> <span class='ocrx_word' id='word_1_262' title='bbox 3560 983 3789 1036; x_wconf 87' lang='lat' dir='ltr'><strong>scrutari</strong></span> 
     </span>
    </p>
   </div>
   <div class='ocr_carea' id='block_1_39' title="bbox 2213 1052 3793 1138">
    <p class='ocr_par' dir='ltr' id='par_1_39' title="bbox 2213 1052 3793 1138">
     <span class='ocr_line' id='line_1_39' title="bbox 2213 1052 3793 1138; baseline 0.015 -33"><span class='ocrx_word' id='word_1_263' title='bbox 2213 1052 2357 1121; x_wconf 88' lang='lat' dir='ltr'><strong>licet,</strong></span> <span class='ocrx_word' id='word_1_264' title='bbox 2390 1066 2445 1110; x_wconf 89' lang='lat' dir='ltr'><strong>et</strong></span> <span class='ocrx_word' id='word_1_265' title='bbox 2489 1057 2708 1115; x_wconf 84' lang='lat' dir='ltr'><strong>assidua</strong></span> <span class='ocrx_word' id='word_1_266' title='bbox 2751 1062 3106 1120; x_wconf 89' lang='lat' dir='ltr'><strong>meditatione</strong></span> <span class='ocrx_word' id='word_1_267' title='bbox 3152 1070 3390 1138; x_wconf 87' lang='lat' dir='ltr'><strong>perquiri</strong></span> <span class='ocrx_word' id='word_1_268' title='bbox 3444 1088 3458 1125; x_wconf 90' lang='lat'><strong>:</strong></span> <span class='ocrx_word' id='word_1_269' title='bbox 3508 1088 3617 1126; x_wconf 91' lang='lat' dir='ltr'><strong>non</strong></span> <span class='ocrx_word' id='word_1_270' title='bbox 3674 1074 3793 1128; x_wconf 89' lang='lat' dir='ltr'><strong>illud</strong></span> 
     </span>
    </p>
   </div>
   <div class='ocr_carea' id='block_1_40' title="bbox 2216 1146 3795 1230">
    <p class='ocr_par' dir='ltr' id='par_1_40' title="bbox 2216 1146 3795 1230">
     <span class='ocr_line' id='line_1_40' title="bbox 2216 1146 3795 1230; baseline 0.013 -32"><span class='ocrx_word' id='word_1_271' title='bbox 2216 1146 2393 1203; x_wconf 91' lang='lat' dir='ltr'><strong>timeri</strong></span> <span class='ocrx_word' id='word_1_272' title='bbox 2422 1151 2566 1218; x_wconf 88' lang='lat' dir='ltr'><strong>quod</strong></span> <span class='ocrx_word' id='word_1_273' title='bbox 2604 1151 2777 1208; x_wconf 72' lang='lat' dir='ltr'><strong>dicit:</strong></span> <span class='ocrx_word' id='word_1_274' title='bbox 2825 1152 3033 1211; x_wconf 84' lang='lat' dir='ltr'><strong>Altiora</strong></span> <span class='ocrx_word' id='word_1_275' title='bbox 3071 1166 3121 1213; x_wconf 87' lang='lat' dir='ltr'><strong>te</strong></span> <span class='ocrx_word' id='word_1_276' title='bbox 3164 1175 3234 1214; x_wconf 90' lang='lat' dir='ltr'><strong>ne</strong></span> <span class='ocrx_word' id='word_1_277' title='bbox 3261 1157 3563 1230; x_wconf 62' lang='lat' dir='ltr'><strong>Quaesieris,</strong></span> <span class='ocrx_word' id='word_1_278' title='bbox 3595 1173 3654 1220; x_wconf 90' lang='lat' dir='ltr'><strong>et</strong></span> <span class='ocrx_word' id='word_1_279' title='bbox 3695 1165 3795 1218; x_wconf 80' lang='lat' dir='ltr'><strong>ior-</strong></span> 
     </span>
    </p>
   </div>
   <div class='ocr_carea' id='block_1_41' title="bbox 2213 1240 3791 1326">
    <p class='ocr_par' dir='ltr' id='par_1_41' title="bbox 2213 1240 3791 1326">
     <span class='ocr_line' id='line_1_41' title="bbox 2213 1240 3791 1326; baseline 0.013 -34"><span class='ocrx_word' id='word_1_280' title='bbox 2213 1240 2351 1295; x_wconf 89' lang='lat' dir='ltr'><strong>tiora</strong></span> <span class='ocrx_word' id='word_1_281' title='bbox 2412 1251 2465 1296; x_wconf 92' lang='lat' dir='ltr'><strong>te</strong></span> <span class='ocrx_word' id='word_1_282' title='bbox 2525 1259 2594 1299; x_wconf 90' lang='lat' dir='ltr'><strong>ne</strong></span> <span class='ocrx_word' id='word_1_283' title='bbox 2636 1256 2914 1304; x_wconf 90' lang='lat' dir='ltr'><strong>scrutatus</strong></span> <span class='ocrx_word' id='word_1_284' title='bbox 2959 1249 3131 1307; x_wconf 80' lang='lat' dir='ltr'><strong>fueris</strong></span> <span class='ocrx_word' id='word_1_285' title='bbox 3185 1253 3385 1323; x_wconf 85' lang='lat' dir='ltr'><strong>(Eccle.</strong></span> <span class='ocrx_word' id='word_1_286' title='bbox 3433 1257 3517 1326; x_wconf 84' lang='lat' dir='ltr'><strong>ut)</strong></span> <span class='ocrx_word' id='word_1_287' title='bbox 3549 1271 3568 1309; x_wconf 89' lang='lat'><strong>:</strong></span> <span class='ocrx_word' id='word_1_288' title='bbox 3612 1257 3791 1312; x_wconf 84' lang='lat' dir='ltr'><strong>altiora</strong></span> 
     </span>
    </p>
   </div>
   <div class='ocr_carea' id='block_1_42' title="bbox 2211 1332 3794 1414">
    <p class='ocr_par' dir='ltr' id='par_1_42' title="bbox 2211 1332 3794 1414">
     <span class='ocr_line' id='line_1_42' title="bbox 2211 1332 3794 1414; baseline 0.011 -29"><span class='ocrx_word' id='word_1_289' title='bbox 2211 1332 2357 1385; x_wconf 87' lang='lat' dir='ltr'><strong>euim</strong></span> <span class='ocrx_word' id='word_1_290' title='bbox 2381 1332 2487 1388; x_wconf 89' lang='lat' dir='ltr'><strong>diei</strong></span> <span class='ocrx_word' id='word_1_291' title='bbox 2518 1349 2625 1389; x_wconf 90' lang='lat' dir='ltr'><strong>non</strong></span> <span class='ocrx_word' id='word_1_292' title='bbox 2646 1348 2894 1406; x_wconf 87' lang='lat' dir='ltr'><strong>possunt,</strong></span> <span class='ocrx_word' id='word_1_293' title='bbox 2922 1354 3041 1410; x_wconf 65' lang='lat' dir='ltr'><strong>quae</strong></span> <span class='ocrx_word' id='word_1_294' title='bbox 3070 1350 3129 1397; x_wconf 91' lang='lat' dir='ltr'><strong>ut</strong></span> <span class='ocrx_word' id='word_1_295' title='bbox 3149 1345 3602 1414; x_wconf 89' lang='lat' dir='ltr'><strong>perquirerentur</strong></span> <span class='ocrx_word' id='word_1_296' title='bbox 3627 1348 3794 1403; x_wconf 84' lang='lat' dir='ltr'><strong>edicta</strong></span> 
     </span>
    </p>
   </div>
   <div class='ocr_carea' id='block_1_43' title="bbox 2212 1431 2359 1476">
    <p class='ocr_par' dir='ltr' id='par_1_43' title="bbox 2212 1431 2359 1476">
     <span class='ocr_line' id='line_1_43' title="bbox 2212 1431 2359 1476; baseline 0.007 -2"><span class='ocrx_word' id='word_1_297' title='bbox 2212 1431 2359 1476; x_wconf 85' lang='lat' dir='ltr'><strong>sunt.</strong></span> 
     </span>
    </p>
   </div>
   <div class='ocr_carea' id='block_1_44' title="bbox 2215 1513 3561 1581">
    <p class='ocr_par' dir='ltr' id='par_1_44' title="bbox 2215 1513 3561 1581">
     <span class='ocr_line' id='line_1_44' title="bbox 2215 1513 3561 1581; baseline 0.01 -15"><span class='ocrx_word' id='word_1_298' title='bbox 2215 1513 2322 1568; x_wconf 80' lang='grc'><strong>150</strong></span> <span class='ocrx_word' id='word_1_299' title='bbox 2361 1513 2665 1572; x_wconf 80' lang='lat' dir='ltr'><strong>Derlaratio</strong></span> <span class='ocrx_word' id='word_1_300' title='bbox 2692 1535 2988 1576; x_wconf 76' lang='lat' dir='ltr'><strong>sermonum</strong></span> <span class='ocrx_word' id='word_1_301' title='bbox 3014 1531 3221 1578; x_wconf 85' lang='lat' dir='ltr'><strong>tuorum</strong></span> <span class='ocrx_word' id='word_1_302' title='bbox 3247 1524 3513 1581; x_wconf 79' lang='lat' dir='ltr'><strong>illuminat</strong></span> <span class='ocrx_word' id='word_1_303' title='bbox 3543 1541 3561 1580; x_wconf 91' lang='lat'><strong>:</strong></span> 
     </span>
    </p>
   </div>
   <div class='ocr_carea' id='block_1_45' title="bbox 2355 1603 3179 1683">
    <p class='ocr_par' dir='ltr' id='par_1_45' title="bbox 2355 1603 3179 1683">
     <span class='ocr_line' id='line_1_45' title="bbox 2355 1603 3179 1683; baseline 0.012 -24"><span class='ocrx_word' id='word_1_304' title='bbox 2355 1603 2425 1659; x_wconf 81' lang='lat' dir='ltr'><strong>Et</strong></span> <span class='ocrx_word' id='word_1_305' title='bbox 2462 1606 2779 1662; x_wconf 83' lang='lat' dir='ltr'><strong>intellectum</strong></span> <span class='ocrx_word' id='word_1_306' title='bbox 2805 1611 2897 1665; x_wconf 87' lang='lat' dir='ltr'><strong>dat</strong></span> <span class='ocrx_word' id='word_1_307' title='bbox 2922 1615 3179 1683; x_wconf 85' lang='lat' dir='ltr'><strong>parvulis.</strong></span> 
     </span>
    </p>
   </div>
   <div class='ocr_carea' id='block_1_46' title="bbox 2283 1692 3795 1778">
    <p class='ocr_par' dir='ltr' id='par_1_46' title="bbox 2283 1692 3795 1778">
     <span class='ocr_line' id='line_1_46' title="bbox 2283 1692 3795 1778; baseline 0.011 -31"><span class='ocrx_word' id='word_1_308' title='bbox 2283 1692 2324 1747; x_wconf 89' lang='lat' dir='ltr'>C</span> <span class='ocrx_word' id='word_1_309' title='bbox 2363 1692 2652 1751; x_wconf 86' lang='lat' dir='ltr'><strong>Sermones</strong></span> <span class='ocrx_word' id='word_1_310' title='bbox 2681 1698 2777 1753; x_wconf 90' lang='lat' dir='ltr'><strong>Dei</strong></span> <span class='ocrx_word' id='word_1_311' title='bbox 2808 1709 2934 1755; x_wconf 89' lang='lat' dir='ltr'><strong>sunt</strong></span> <span class='ocrx_word' id='word_1_312' title='bbox 2960 1720 2972 1754; x_wconf 90' lang='lat'>:</span> <span class='ocrx_word' id='word_1_313' title='bbox 3003 1718 3140 1772; x_wconf 90' lang='lat' dir='ltr'><strong>quos</strong></span> <span class='ocrx_word' id='word_1_314' title='bbox 3159 1703 3425 1775; x_wconf 88' lang='lat' dir='ltr'><strong>justorum</strong></span> <span class='ocrx_word' id='word_1_315' title='bbox 3451 1708 3795 1778; x_wconf 64' lang='lat' dir='ltr'><strong>prophcarit</strong></span> 
     </span>
    </p>
   </div>
   <div class='ocr_carea' id='block_1_47' title="bbox 2136 1783 3792 1869">
    <p class='ocr_par' dir='ltr' id='par_1_47' title="bbox 2136 1783 3792 1869">
     <span class='ocr_line' id='line_1_47' title="bbox 2136 1783 3792 1869; baseline 0.01 -34"><span class='ocrx_word' id='word_1_316' title='bbox 2136 1786 2185 1846; x_wconf 86' lang='lat' dir='ltr'><strong>B</strong></span> <span class='ocrx_word' id='word_1_317' title='bbox 2212 1783 2531 1850; x_wconf 89' lang='lat' dir='ltr'><strong>auctoritas,</strong></span> <span class='ocrx_word' id='word_1_318' title='bbox 2558 1795 2617 1841; x_wconf 91' lang='lat' dir='ltr'><strong>ut</strong></span> <span class='ocrx_word' id='word_1_319' title='bbox 2647 1793 2730 1842; x_wconf 90' lang='lat' dir='ltr'><strong>est</strong></span> <span class='ocrx_word' id='word_1_320' title='bbox 2770 1806 2784 1843; x_wconf 90' lang='lat'><strong>:</strong></span> <span class='ocrx_word' id='word_1_321' title='bbox 2821 1789 2959 1847; x_wconf 83' lang='lat' dir='ltr'><strong>Ecce</strong></span> <span class='ocrx_word' id='word_1_322' title='bbox 2984 1793 3138 1865; x_wconf 81' lang='lat' dir='ltr'><strong>virgo</strong></span> <span class='ocrx_word' id='word_1_323' title='bbox 3175 1796 3445 1865; x_wconf 84' lang='lat' dir='ltr'><strong>concipiet</strong></span> <span class='ocrx_word' id='word_1_324' title='bbox 3471 1796 3634 1867; x_wconf 84' lang='lat' dir='ltr'><strong>(lsai.</strong></span> <span class='ocrx_word' id='word_1_325' title='bbox 3678 1800 3792 1869; x_wconf 76' lang='lat' dir='ltr'><strong>vn).</strong></span> 
     </span>
    </p>
   </div>
   <div class='ocr_carea' id='block_1_48' title="bbox 2205 1875 3789 1961">
    <p class='ocr_par' dir='ltr' id='par_1_48' title="bbox 2205 1875 3789 1961">
     <span class='ocr_line' id='line_1_48' title="bbox 2205 1875 3789 1961; baseline 0.007 -30"><span class='ocrx_word' id='word_1_326' title='bbox 2205 1875 2272 1931; x_wconf 85' lang='lat' dir='ltr'><strong>Et</strong></span> <span class='ocrx_word' id='word_1_327' title='bbox 2297 1876 2425 1932; x_wconf 86' lang='lat' dir='ltr'><strong>alibi</strong></span> <span class='ocrx_word' id='word_1_328' title='bbox 2458 1895 2474 1933; x_wconf 88' lang='lat'><strong>:</strong></span> <span class='ocrx_word' id='word_1_329' title='bbox 2516 1878 2731 1935; x_wconf 84' lang='lat' dir='ltr'><strong>Videbit</strong></span> <span class='ocrx_word' id='word_1_330' title='bbox 2752 1882 2930 1936; x_wconf 90' lang='lat' dir='ltr'><strong>omnis</strong></span> <span class='ocrx_word' id='word_1_331' title='bbox 2955 1899 3083 1940; x_wconf 91' lang='lat' dir='ltr'><strong>caro</strong></span> <span class='ocrx_word' id='word_1_332' title='bbox 3109 1885 3349 1941; x_wconf 86' lang='lat' dir='ltr'><strong>salutare</strong></span> <span class='ocrx_word' id='word_1_333' title='bbox 3374 1887 3467 1942; x_wconf 90' lang='lat' dir='ltr'><strong>Dei</strong></span> <span class='ocrx_word' id='word_1_334' title='bbox 3498 1887 3659 1958; x_wconf 84' lang='lat' dir='ltr'><strong>(lsai.</strong></span> <span class='ocrx_word' id='word_1_335' title='bbox 3685 1892 3789 1961; x_wconf 70' lang='lat' dir='ltr'><strong>XL).</strong></span> 
     </span>
    </p>
   </div>
   <div class='ocr_carea' id='block_1_49' title="bbox 2204 1966 3790 2050">
    <p class='ocr_par' dir='ltr' id='par_1_49' title="bbox 2204 1966 3790 2050">
     <span class='ocr_line' id='line_1_49' title="bbox 2204 1966 3790 2050; baseline 0.008 -27"><span class='ocrx_word' id='word_1_336' title='bbox 2204 1966 2341 2025; x_wconf 90' lang='lat' dir='ltr'><strong>Istos</strong></span> <span class='ocrx_word' id='word_1_337' title='bbox 2396 1982 2679 2027; x_wconf 89' lang='lat' dir='ltr'><strong>sermones</strong></span> <span class='ocrx_word' id='word_1_338' title='bbox 2737 1974 3034 2050; x_wconf 79' lang='lat' dir='ltr'><strong>declaravit</strong></span> <span class='ocrx_word' id='word_1_339' title='bbox 3078 1976 3477 2035; x_wconf 88' lang='lat' dir='ltr'><strong>illuminatione</strong></span> <span class='ocrx_word' id='word_1_340' title='bbox 3529 1981 3790 2035; x_wconf 81' lang='lat' dir='ltr'><strong>adventus</strong></span> 
     </span>
    </p>
   </div>
   <div class='ocr_carea' id='block_1_50' title="bbox 2202 2062 3793 2142">
    <p class='ocr_par' dir='ltr' id='par_1_50' title="bbox 2202 2062 3793 2142">
     <span class='ocr_line' id='line_1_50' title="bbox 2202 2062 3793 2142; baseline 0.007 -27"><span class='ocrx_word' id='word_1_341' title='bbox 2202 2062 2285 2116; x_wconf 89' lang='lat' dir='ltr'><strong>sui</strong></span> <span class='ocrx_word' id='word_1_342' title='bbox 2315 2079 2331 2117; x_wconf 91' lang='lat'><strong>:</strong></span> <span class='ocrx_word' id='word_1_343' title='bbox 2368 2064 2490 2135; x_wconf 83' lang='lat' dir='ltr'><strong>quia</strong></span> <span class='ocrx_word' id='word_1_344' title='bbox 2519 2081 2614 2135; x_wconf 85' lang='lat' dir='ltr'><strong>per</strong></span> <span class='ocrx_word' id='word_1_345' title='bbox 2658 2067 2831 2135; x_wconf 83' lang='lat' dir='ltr'><strong>ipsum</strong></span> <span class='ocrx_word' id='word_1_346' title='bbox 2866 2069 3147 2139; x_wconf 79' lang='lat' dir='ltr'><strong>manifesta</strong></span> <span class='ocrx_word' id='word_1_347' title='bbox 3192 2070 3336 2139; x_wconf 76' lang='lat' dir='ltr'><strong>facta</strong></span> <span class='ocrx_word' id='word_1_348' title='bbox 3370 2083 3513 2135; x_wconf 88' lang='lat' dir='ltr'><strong>sunt,</strong></span> <span class='ocrx_word' id='word_1_349' title='bbox 3547 2088 3670 2142; x_wconf 66' lang='lat' dir='ltr'><strong>quae</strong></span> <span class='ocrx_word' id='word_1_350' title='bbox 3712 2089 3793 2126; x_wconf 84' lang='lat' dir='ltr'><strong>sa-</strong></span> 
     </span>
    </p>
   </div>
   <div class='ocr_carea' id='block_1_51' title="bbox 2203 2147 3791 2224">
    <p class='ocr_par' dir='ltr' id='par_1_51' title="bbox 2203 2147 3791 2224">
     <span class='ocr_line' id='line_1_51' title="bbox 2203 2147 3791 2224; baseline 0.004 -17"><span class='ocrx_word' id='word_1_351' title='bbox 2203 2153 2311 2208; x_wconf 90' lang='lat' dir='ltr'><strong>cris</strong></span> <span class='ocrx_word' id='word_1_352' title='bbox 2338 2154 2532 2210; x_wconf 90' lang='lat' dir='ltr'><strong>litteris</strong></span> <span class='ocrx_word' id='word_1_353' title='bbox 2560 2157 2883 2212; x_wconf 88' lang='lat' dir='ltr'><strong>tenebantur</strong></span> <span class='ocrx_word' id='word_1_354' title='bbox 2903 2147 3241 2214; x_wconf 88' lang='lat' dir='ltr'><strong>abscondita.</strong></span> <span class='ocrx_word' id='word_1_355' title='bbox 3276 2160 3489 2215; x_wconf 85' lang='lat' dir='ltr'><strong>Parvuli</strong></span> <span class='ocrx_word' id='word_1_356' title='bbox 3517 2170 3669 2224; x_wconf 87' lang='lat' dir='ltr'><strong>sunt,</strong></span> <span class='ocrx_word' id='word_1_357' title='bbox 3692 2176 3791 2214; x_wconf 87' lang='lat' dir='ltr'><strong>non</strong></span> 
     </span>
    </p>
   </div>
   <div class='ocr_carea' id='block_1_52' title="bbox 2204 2247 3793 2322">
    <p class='ocr_par' dir='ltr' id='par_1_52' title="bbox 2204 2247 3793 2322">
     <span class='ocr_line' id='line_1_52' title="bbox 2204 2247 3793 2322; baseline 0.006 -23"><span class='ocrx_word' id='word_1_358' title='bbox 2204 2254 2363 2302; x_wconf 64' lang='lat' dir='ltr'><strong>aetate</strong></span> <span class='ocrx_word' id='word_1_359' title='bbox 2394 2247 2525 2303; x_wconf 90' lang='lat' dir='ltr'><strong>dicti</strong></span> <span class='ocrx_word' id='word_1_360' title='bbox 2564 2249 2658 2305; x_wconf 89' lang='lat' dir='ltr'><strong>sed</strong></span> <span class='ocrx_word' id='word_1_361' title='bbox 2705 2249 2772 2305; x_wconf 90' lang='lat' dir='ltr'><strong>de</strong></span> <span class='ocrx_word' id='word_1_362' title='bbox 2810 2250 3157 2322; x_wconf 87' lang='lat' dir='ltr'><strong>simplicitate</strong></span> <span class='ocrx_word' id='word_1_363' title='bbox 3201 2263 3258 2309; x_wconf 91' lang='lat' dir='ltr'><strong>et</strong></span> <span class='ocrx_word' id='word_1_364' title='bbox 3307 2254 3617 2310; x_wconf 83' lang='lat' dir='ltr'><strong>humilitate</strong></span> <span class='ocrx_word' id='word_1_365' title='bbox 3666 2270 3793 2311; x_wconf 80' lang='lat' dir='ltr'><strong>con-</strong></span> 
     </span>
    </p>
   </div>
   <div class='ocr_carea' id='block_1_53' title="bbox 2204 2339 2467 2393">
    <p class='ocr_par' dir='ltr' id='par_1_53' title="bbox 2204 2339 2467 2393">
     <span class='ocr_line' id='line_1_53' title="bbox 2204 2339 2467 2393; baseline 0 -1"><span class='ocrx_word' id='word_1_366' title='bbox 2204 2339 2467 2393; x_wconf 59' lang='lat' dir='ltr'><strong>scientiae.</strong></span> 
     </span>
    </p>
   </div>
   <div class='ocr_carea' id='block_1_54' title="bbox 2205 2414 3435 2508">
    <p class='ocr_par' dir='ltr' id='par_1_54' title="bbox 2205 2414 3435 2508">
     <span class='ocr_line' id='line_1_54' title="bbox 2205 2414 3435 2508; baseline 0.009 -24"><span class='ocrx_word' id='word_1_367' title='bbox 2205 2414 2303 2484; x_wconf 70' lang='grc'><strong>151</strong></span> <span class='ocrx_word' id='word_1_368' title='bbox 2345 2429 2417 2485; x_wconf 87' lang='lat' dir='ltr'><strong>0s</strong></span> <span class='ocrx_word' id='word_1_369' title='bbox 2445 2447 2613 2486; x_wconf 88' lang='lat' dir='ltr'><strong>meum</strong></span> <span class='ocrx_word' id='word_1_370' title='bbox 2642 2435 2827 2504; x_wconf 87' lang='lat' dir='ltr'><strong>aperui</strong></span> <span class='ocrx_word' id='word_1_371' title='bbox 2849 2445 2897 2489; x_wconf 84' lang='lat' dir='ltr'><strong>et</strong></span> <span class='ocrx_word' id='word_1_372' title='bbox 2926 2437 3123 2493; x_wconf 65' lang='lat' dir='ltr'><strong>attraxi</strong></span> <span class='ocrx_word' id='word_1_373' title='bbox 3146 2439 3386 2508; x_wconf 82' lang='lat' dir='ltr'><strong>spiritum</strong></span> <span class='ocrx_word' id='word_1_374' title='bbox 3416 2459 3435 2495; x_wconf 94' lang='lat'><em>:</em></span> 
     </span>
    </p>
   </div>
   <div class='ocr_carea' id='block_1_55' title="bbox 2348 2520 3292 2585">
    <p class='ocr_par' dir='ltr' id='par_1_55' title="bbox 2348 2520 3292 2585">
     <span class='ocr_line' id='line_1_55' title="bbox 2348 2520 3292 2585; baseline 0.011 -12"><span class='ocrx_word' id='word_1_375' title='bbox 2348 2520 2484 2585; x_wconf 83' lang='lat' dir='ltr'><strong>Quia</strong></span> <span class='ocrx_word' id='word_1_376' title='bbox 2514 2523 2768 2578; x_wconf 84' lang='lat' dir='ltr'><strong>mandata</strong></span> <span class='ocrx_word' id='word_1_377' title='bbox 2796 2535 2887 2579; x_wconf 87' lang='lat' dir='ltr'><strong>tua</strong></span> <span class='ocrx_word' id='word_1_378' title='bbox 2909 2527 3292 2584; x_wconf 80' lang='lat' dir='ltr'><strong>desiderabant.</strong></span> 
     </span>
    </p>
   </div>
   <div class='ocr_carea' id='block_1_56' title="bbox 2277 2609 3792 2698">
    <p class='ocr_par' dir='ltr' id='par_1_56' title="bbox 2277 2609 3792 2698">
     <span class='ocr_line' id='line_1_56' title="bbox 2277 2609 3792 2698; baseline 0.01 -32"><span class='ocrx_word' id='word_1_379' title='bbox 2277 2611 2318 2665; x_wconf 71' lang='grc' dir='ltr'><strong>(Σ</strong></span> <span class='ocrx_word' id='word_1_380' title='bbox 2356 2609 2430 2667; x_wconf 93' lang='lat' dir='ltr'><strong>Os</strong></span> <span class='ocrx_word' id='word_1_381' title='bbox 2451 2613 2596 2667; x_wconf 90' lang='lat' dir='ltr'><strong>enim</strong></span> <span class='ocrx_word' id='word_1_382' title='bbox 2627 2614 2758 2670; x_wconf 87' lang='lat' dir='ltr'><strong>dicit</strong></span> <span class='ocrx_word' id='word_1_383' title='bbox 2786 2614 2987 2691; x_wconf 87' lang='lat' dir='ltr'><strong>mentis</strong></span> <span class='ocrx_word' id='word_1_384' title='bbox 3017 2618 3296 2675; x_wconf 85' lang='lat' dir='ltr'><strong>introitum</strong></span> <span class='ocrx_word' id='word_1_385' title='bbox 3326 2640 3343 2677; x_wconf 68' lang='grc' dir='ltr'>ξ</span> <span class='ocrx_word' id='word_1_386' title='bbox 3376 2623 3467 2693; x_wconf 88' lang='lat' dir='ltr'><strong>qui</strong></span> <span class='ocrx_word' id='word_1_387' title='bbox 3514 2631 3646 2680; x_wconf 88' lang='lat' dir='ltr'><strong>tunc</strong></span> <span class='ocrx_word' id='word_1_388' title='bbox 3674 2642 3792 2698; x_wconf 81' lang='lat' dir='ltr'><strong>ape-</strong></span> 
     </span>
    </p>
   </div>
   <div class='ocr_carea' id='block_1_57' title="bbox 2204 2699 3790 2789">
    <p class='ocr_par' dir='ltr' id='par_1_57' title="bbox 2204 2699 3790 2789">
     <span class='ocr_line' id='line_1_57' title="bbox 2204 2699 3790 2789; baseline 0.012 -35"><span class='ocrx_word' id='word_1_389' title='bbox 2204 2699 2373 2768; x_wconf 90' lang='lat' dir='ltr'><strong>ritur,</strong></span> <span class='ocrx_word' id='word_1_390' title='bbox 2397 2705 2613 2774; x_wconf 79' lang='lat' dir='ltr'><strong>quando</strong></span> <span class='ocrx_word' id='word_1_391' title='bbox 2631 2704 2835 2777; x_wconf 89' lang='lat' dir='ltr'><strong>aliquid</strong></span> <span class='ocrx_word' id='word_1_392' title='bbox 2864 2708 3074 2766; x_wconf 89' lang='lat' dir='ltr'><strong>discere</strong></span> <span class='ocrx_word' id='word_1_393' title='bbox 3103 2727 3373 2769; x_wconf 85' lang='lat' dir='ltr'><strong>curamus.</strong></span> <span class='ocrx_word' id='word_1_394' title='bbox 3410 2717 3653 2778; x_wconf 73' lang='lat' dir='ltr'><strong>Attraltit</strong></span> <span class='ocrx_word' id='word_1_395' title='bbox 3684 2719 3790 2789; x_wconf 86' lang='lat' dir='ltr'><strong>spi-</strong></span> 
     </span>
    </p>
   </div>
   <div class='ocr_carea' id='block_1_58' title="bbox 2122 2788 3788 2881">
    <p class='ocr_par' dir='ltr' id='par_1_58' title="bbox 2122 2788 3788 2881">
     <span class='ocr_line' id='line_1_58' title="bbox 2122 2788 3788 2881; baseline 0.012 -34"><span class='ocrx_word' id='word_1_396' title='bbox 2122 2802 2127 2809; x_wconf 88' lang='lat'><strong>‘</strong></span> <span class='ocrx_word' id='word_1_397' title='bbox 2203 2792 2387 2859; x_wconf 86' lang='lat' dir='ltr'><strong>ritum,</strong></span> <span class='ocrx_word' id='word_1_398' title='bbox 2406 2794 2459 2849; x_wconf 92' lang='lat' dir='ltr'><strong>id</strong></span> <span class='ocrx_word' id='word_1_399' title='bbox 2485 2788 2571 2851; x_wconf 82' lang='lat' dir='ltr'><strong>est</strong></span> <span class='ocrx_word' id='word_1_400' title='bbox 2592 2797 2848 2854; x_wconf 90' lang='lat' dir='ltr'><strong>virtutem</strong></span> <span class='ocrx_word' id='word_1_401' title='bbox 2873 2798 3132 2870; x_wconf 80' lang='lat' dir='ltr'><strong>faciendi,</strong></span> <span class='ocrx_word' id='word_1_402' title='bbox 3162 2819 3322 2875; x_wconf 88' lang='lat' dir='ltr'><strong>quam</strong></span> <span class='ocrx_word' id='word_1_403' title='bbox 3351 2821 3449 2876; x_wconf 89' lang='lat' dir='ltr'><strong>per</strong></span> <span class='ocrx_word' id='word_1_404' title='bbox 3474 2824 3663 2865; x_wconf 89' lang='lat' dir='ltr'><strong>senon</strong></span> <span class='ocrx_word' id='word_1_405' title='bbox 3691 2788 3788 2881; x_wconf 86' lang='lat' dir='ltr'><strong>po-</strong></span> 
     </span>
    </p>
   </div>
   <div class='ocr_carea' id='block_1_59' title="bbox 2203 2886 3793 2970">
    <p class='ocr_par' dir='ltr' id='par_1_59' title="bbox 2203 2886 3793 2970">
     <span class='ocr_line' id='line_1_59' title="bbox 2203 2886 3793 2970; baseline 0.012 -33"><span class='ocrx_word' id='word_1_406' title='bbox 2203 2891 2345 2939; x_wconf 86' lang='lat' dir='ltr'><strong>terat</strong></span> <span class='ocrx_word' id='word_1_407' title='bbox 2394 2886 2642 2958; x_wconf 82' lang='lat' dir='ltr'><strong>adipisci.</strong></span> <span class='ocrx_word' id='word_1_408' title='bbox 2699 2888 3014 2947; x_wconf 82' lang='lat' dir='ltr'><strong>Attrahitur</strong></span> <span class='ocrx_word' id='word_1_409' title='bbox 3059 2895 3205 2950; x_wconf 89' lang='lat' dir='ltr'><strong>enim</strong></span> <span class='ocrx_word' id='word_1_410' title='bbox 3266 2898 3521 2966; x_wconf 88' lang='lat' dir='ltr'><strong>spiritus,</strong></span> <span class='ocrx_word' id='word_1_411' title='bbox 3579 2903 3793 2970; x_wconf 86' lang='lat' dir='ltr'><strong>quando</strong></span> 
     </span>
    </p>
   </div>
   <div class='ocr_carea' id='block_1_60' title="bbox 2203 2976 3794 3063">
    <p class='ocr_par' dir='ltr' id='par_1_60' title="bbox 2203 2976 3794 3063">
     <span class='ocr_line' id='line_1_60' title="bbox 2203 2976 3794 3063; baseline 0.011 -34"><span class='ocrx_word' id='word_1_412' title='bbox 2203 2990 2357 3031; x_wconf 85' lang='lat' dir='ltr'><strong>mens</strong></span> <span class='ocrx_word' id='word_1_413' title='bbox 2377 2976 2631 3034; x_wconf 79' lang='lat' dir='ltr'><strong>salutaris</strong></span> <span class='ocrx_word' id='word_1_414' title='bbox 2661 2979 2913 3038; x_wconf 85' lang='lat' dir='ltr'><strong>desiderii</strong></span> <span class='ocrx_word' id='word_1_415' title='bbox 2950 2984 3254 3055; x_wconf 90' lang='lat' dir='ltr'><strong>completur</strong></span> <span class='ocrx_word' id='word_1_416' title='bbox 3276 2984 3493 3054; x_wconf 77' lang='lat' dir='ltr'><strong>aliectu,</strong></span> <span class='ocrx_word' id='word_1_417' title='bbox 3526 2999 3584 3044; x_wconf 91' lang='lat' dir='ltr'><strong>et</strong></span> <span class='ocrx_word' id='word_1_418' title='bbox 3609 2992 3794 3063; x_wconf 85' lang='lat' dir='ltr'><strong>incipit</strong></span> 
     </span>
    </p>
   </div>
   <div class='ocr_carea' id='block_1_61' title="bbox 2202 3064 3794 3148">
    <p class='ocr_par' dir='ltr' id='par_1_61' title="bbox 2202 3064 3794 3148">
     <span class='ocr_line' id='line_1_61' title="bbox 2202 3064 3794 3148; baseline 0.011 -29"><span class='ocrx_word' id='word_1_419' title='bbox 2202 3064 2357 3122; x_wconf 89' lang='lat' dir='ltr'><strong>ﬁrma</strong></span> <span class='ocrx_word' id='word_1_420' title='bbox 2388 3078 2572 3125; x_wconf 81' lang='lat' dir='ltr'><strong>mente</strong></span> <span class='ocrx_word' id='word_1_421' title='bbox 2599 3071 2738 3127; x_wconf 87' lang='lat' dir='ltr'><strong>velle</strong></span> <span class='ocrx_word' id='word_1_422' title='bbox 2773 3074 2917 3144; x_wconf 91' lang='lat' dir='ltr'><strong>quod</strong></span> <span class='ocrx_word' id='word_1_423' title='bbox 2954 3084 3080 3132; x_wconf 86' lang='lat' dir='ltr'><strong>ante</strong></span> <span class='ocrx_word' id='word_1_424' title='bbox 3121 3079 3399 3148; x_wconf 87' lang='lat' dir='ltr'><strong>appetivit.</strong></span> <span class='ocrx_word' id='word_1_425' title='bbox 3450 3080 3591 3148; x_wconf 81' lang='lat' dir='ltr'><strong>Quia</strong></span> <span class='ocrx_word' id='word_1_426' title='bbox 3640 3100 3794 3137; x_wconf 83' lang='lat' dir='ltr'><strong>man-</strong></span> 
     </span>
    </p>
   </div>
   <div class='ocr_carea' id='block_1_62' title="bbox 513 3145 3795 3252">
    <p class='ocr_par' dir='ltr' id='par_1_62' title="bbox 513 3145 3795 3252">
     <span class='ocr_line' id='line_1_62' title="bbox 513 3145 3795 3252; baseline 0.014 -32"><span class='ocrx_word' id='word_1_427' title='bbox 513 3167 655 3221; x_wconf 88' lang='lat' dir='ltr'><strong>tivit.</strong></span> <span class='ocrx_word' id='word_1_428' title='bbox 685 3145 822 3234; x_wconf 81' lang='lat' dir='ltr'><strong>Quia</strong></span> <span class='ocrx_word' id='word_1_429' title='bbox 847 3168 1249 3241; x_wconf 83' lang='lat' dir='ltr'><strong>dissipaverunt</strong></span> <span class='ocrx_word' id='word_1_430' title='bbox 1272 3171 1440 3231; x_wconf 65' lang='lat' dir='ltr'><strong>Judaei</strong></span> <span class='ocrx_word' id='word_1_431' title='bbox 1472 3176 1671 3251; x_wconf 84' lang='lat' dir='ltr'><strong>legem,</strong></span> <span class='ocrx_word' id='word_1_432' title='bbox 1701 3145 1877 3252; x_wconf 44' lang='lat' dir='ltr'><strong>quaml</strong></span> <span class='ocrx_word' id='word_1_433' title='bbox 1890 3145 1986 3242; x_wconf 70' lang='lat' dir='ltr'><strong>ille</strong></span> <span class='ocrx_word' id='word_1_434' title='bbox 2004 3145 2098 3244; x_wconf 48' lang='lat' dir='ltr'><strong>litis</strong></span> <span class='ocrx_word' id='word_1_435' title='bbox 2125 3145 2170 3208; x_wconf 63' lang='grc' dir='ltr'>Ο</span> <span class='ocrx_word' id='word_1_436' title='bbox 2202 3155 2329 3252; x_wconf 35' lang='lat' dir='ltr'><strong>diu?</strong></span> <span class='ocrx_word' id='word_1_437' title='bbox 2353 3169 2443 3252; x_wconf 40' lang='lat' dir='ltr'><strong>tu?</strong></span> <span class='ocrx_word' id='word_1_438' title='bbox 2473 3175 2491 3216; x_wconf 70' lang='grc'><strong>³</strong></span> <span class='ocrx_word' id='word_1_439' title='bbox 2517 3161 2766 3252; x_wconf 56' lang='lat' dir='ltr'><strong>illam“</strong></span> <span class='ocrx_word' id='word_1_440' title='bbox 2816 3160 3081 3234; x_wconf 63' lang='lat' dir='ltr'><strong>siquidem</strong></span> <span class='ocrx_word' id='word_1_441' title='bbox 3115 3169 3494 3226; x_wconf 52' lang='lat' dir='ltr'><strong>mandatorum</strong></span> <span class='ocrx_word' id='word_1_442' title='bbox 3539 3172 3795 3229; x_wconf 61' lang='lat' dir='ltr'><strong>habuisse</strong></span> 
     </span>
    </p>
   </div>
   <div class='ocr_carea' id='block_1_63' title="bbox 509 3255 2099 3342">
    <p class='ocr_par' dir='ltr' id='par_1_63' title="bbox 509 3255 2099 3342">
     <span class='ocr_line' id='line_1_63' title="bbox 509 3255 2099 3342; baseline 0.014 -32"><span class='ocrx_word' id='word_1_443' title='bbox 509 3255 903 3313; x_wconf 89' lang='lat' dir='ltr'><strong>inviolabiliter</strong></span> <span class='ocrx_word' id='word_1_444' title='bbox 941 3261 1215 3318; x_wconf 88' lang='lat' dir='ltr'><strong>custodire</strong></span> <span class='ocrx_word' id='word_1_445' title='bbox 1241 3266 1518 3337; x_wconf 65' lang='lat' dir='ltr'><strong>praecepit.</strong></span> <span class='ocrx_word' id='word_1_446' title='bbox 1546 3268 1820 3342; x_wconf 89' lang='lat' dir='ltr'><strong>Dissipare</strong></span> <span class='ocrx_word' id='word_1_447' title='bbox 1847 3275 1992 3331; x_wconf 91' lang='lat' dir='ltr'><strong>enim</strong></span> <span class='ocrx_word' id='word_1_448' title='bbox 2020 3276 2099 3333; x_wconf 87' lang='lat' dir='ltr'><strong>le-</strong></span> 
     </span>
    </p>
   </div>
   <div class='ocr_carea' id='block_1_64' title="bbox 509 3348 2099 3434">
    <p class='ocr_par' dir='ltr' id='par_1_64' title="bbox 509 3348 2099 3434">
     <span class='ocr_line' id='line_1_64' title="bbox 509 3348 2099 3434; baseline 0.015 -35"><span class='ocrx_word' id='word_1_449' title='bbox 509 3362 654 3415; x_wconf 80' lang='lat' dir='ltr'><strong>gem,</strong></span> <span class='ocrx_word' id='word_1_450' title='bbox 677 3356 759 3402; x_wconf 91' lang='lat' dir='ltr'><strong>est</strong></span> <span class='ocrx_word' id='word_1_451' title='bbox 785 3348 943 3404; x_wconf 75' lang='lat' dir='ltr'><strong>aliter</strong></span> <span class='ocrx_word' id='word_1_452' title='bbox 982 3350 1165 3407; x_wconf 90' lang='lat' dir='ltr'><strong>vivere</strong></span> <span class='ocrx_word' id='word_1_453' title='bbox 1195 3368 1359 3424; x_wconf 88' lang='lat' dir='ltr'><strong>quam</strong></span> <span class='ocrx_word' id='word_1_454' title='bbox 1397 3356 1486 3412; x_wconf 81' lang='lat' dir='ltr'><strong>lex</strong></span> <span class='ocrx_word' id='word_1_455' title='bbox 1521 3361 1795 3434; x_wconf 73' lang='lat' dir='ltr'><strong>praecipit,</strong></span> <span class='ocrx_word' id='word_1_456' title='bbox 1832 3372 1888 3419; x_wconf 89' lang='lat' dir='ltr'><strong>et</strong></span> <span class='ocrx_word' id='word_1_457' title='bbox 1918 3364 2099 3424; x_wconf 79' lang='lat' dir='ltr'><strong>facere</strong></span> 
     </span>
    </p>
   </div>
   <div class='ocr_carea' id='block_1_65' title="bbox 509 3439 2119 3509">
    <p class='ocr_par' dir='ltr' id='par_1_65' title="bbox 509 3439 2119 3509">
     <span class='ocr_line' id='line_1_65' title="bbox 509 3439 2119 3509; baseline 0.014 -17"><span class='ocrx_word' id='word_1_458' title='bbox 509 3441 654 3509; x_wconf 84' lang='lat' dir='ltr'><strong>quod</strong></span> <span class='ocrx_word' id='word_1_459' title='bbox 675 3439 760 3495; x_wconf 81' lang='lat' dir='ltr'><strong>lex</strong></span> <span class='ocrx_word' id='word_1_460' title='bbox 786 3439 1029 3499; x_wconf 89' lang='lat' dir='ltr'><strong>damnat.</strong></span> <span class='ocrx_word' id='word_1_461' title='bbox 1188 3474 1191 3477; x_wconf 94' lang='lat'><strong><em>-</em></strong></span> <span class='ocrx_word' id='word_1_462' title='bbox 2114 3466 2119 3471; x_wconf 76' lang='grc'><strong>“</strong></span> 
     </span>
    </p>
   </div>
   <div class='ocr_carea' id='block_1_66' title="bbox 510 3550 1400 3619">
    <p class='ocr_par' dir='ltr' id='par_1_66' title="bbox 510 3550 1400 3619">
     <span class='ocr_line' id='line_1_66' title="bbox 510 3550 1400 3619; baseline 0.013 -12"><span class='ocrx_word' id='word_1_463' title='bbox 510 3550 611 3611; x_wconf 69' lang='grc'><strong>127</strong></span> <span class='ocrx_word' id='word_1_464' title='bbox 651 3554 780 3610; x_wconf 79' lang='lat' dir='ltr'><strong>ideo</strong></span> <span class='ocrx_word' id='word_1_465' title='bbox 803 3556 968 3612; x_wconf 76' lang='lat' dir='ltr'><strong>dilexi</strong></span> <span class='ocrx_word' id='word_1_466' title='bbox 987 3560 1240 3618; x_wconf 86' lang='lat' dir='ltr'><strong>mandata</strong></span> <span class='ocrx_word' id='word_1_467' title='bbox 1262 3573 1355 3618; x_wconf 86' lang='lat' dir='ltr'><strong>tua</strong></span> <span class='ocrx_word' id='word_1_468' title='bbox 1380 3578 1400 3619; x_wconf 87' lang='lat'><strong><em>:</em></strong></span> 
     </span>
    </p>
   </div>
   <div class='ocr_carea' id='block_1_67' title="bbox 653 3634 1420 3724">
    <p class='ocr_par' dir='ltr' id='par_1_67' title="bbox 653 3634 1420 3724">
     <span class='ocr_line' id='line_1_67' title="bbox 653 3634 1420 3724; baseline 0.013 -24"><span class='ocrx_word' id='word_1_469' title='bbox 653 3644 824 3717; x_wconf 84' lang='lat' dir='ltr'><strong>Super</strong></span> <span class='ocrx_word' id='word_1_470' title='bbox 846 3665 1038 3705; x_wconf 86' lang='lat' dir='ltr'><strong>aurum</strong></span> <span class='ocrx_word' id='word_1_471' title='bbox 1065 3634 1114 3705; x_wconf 77' lang='lat' dir='ltr'><strong>et</strong></span> <span class='ocrx_word' id='word_1_472' title='bbox 1153 3650 1420 3724; x_wconf 75' lang='lat' dir='ltr'><strong>topazion.</strong></span> 
     </span>
    </p>
   </div>
   <div class='ocr_carea' id='block_1_68' title="bbox 579 3734 2097 3827">
    <p class='ocr_par' dir='ltr' id='par_1_68' title="bbox 579 3734 2097 3827">
     <span class='ocr_line' id='line_1_68' title="bbox 579 3734 2097 3827; baseline 0.016 -37"><span class='ocrx_word' id='word_1_473' title='bbox 579 3734 628 3791; x_wconf 85' lang='grc' dir='ltr'><em>Η</em></span> <span class='ocrx_word' id='word_1_474' title='bbox 666 3735 821 3793; x_wconf 87' lang='lat' dir='ltr'><strong>Sicut</strong></span> <span class='ocrx_word' id='word_1_475' title='bbox 841 3739 985 3794; x_wconf 90' lang='lat' dir='ltr'><strong>enim</strong></span> <span class='ocrx_word' id='word_1_476' title='bbox 1015 3758 1210 3799; x_wconf 87' lang='lat' dir='ltr'><strong>aurum</strong></span> <span class='ocrx_word' id='word_1_477' title='bbox 1241 3755 1565 3804; x_wconf 89' lang='lat' dir='ltr'><strong>cunctorum</strong></span> <span class='ocrx_word' id='word_1_478' title='bbox 1599 3748 1942 3811; x_wconf 85' lang='lat' dir='ltr'><strong>metallorum</strong></span> <span class='ocrx_word' id='word_1_479' title='bbox 1970 3771 2097 3827; x_wconf 85' lang='lat' dir='ltr'><strong>pre-</strong></span> 
     </span>
    </p>
   </div>
   <div class='ocr_carea' id='block_1_69' title="bbox 508 3823 2099 3916">
    <p class='ocr_par' dir='ltr' id='par_1_69' title="bbox 508 3823 2099 3916">
     <span class='ocr_line' id='line_1_69' title="bbox 508 3823 2099 3916; baseline 0.015 -33"><span class='ocrx_word' id='word_1_480' title='bbox 508 3828 645 3885; x_wconf 91' lang='lat' dir='ltr'><strong>tium</strong></span> <span class='ocrx_word' id='word_1_481' title='bbox 672 3823 959 3913; x_wconf 62' lang='lat' dir='ltr'><strong>praécellit,</strong></span> <span class='ocrx_word' id='word_1_482' title='bbox 987 3834 1059 3889; x_wconf 87' lang='lat' dir='ltr'><strong>ita</strong></span> <span class='ocrx_word' id='word_1_483' title='bbox 1087 3838 1335 3908; x_wconf 84' lang='lat' dir='ltr'><strong>topazius</strong></span> <span class='ocrx_word' id='word_1_484' title='bbox 1362 3841 1626 3912; x_wconf 90' lang='lat' dir='ltr'><strong>(omnium</strong></span> <span class='ocrx_word' id='word_1_485' title='bbox 1653 3860 1996 3916; x_wconf 82' lang='lat' dir='ltr'><strong>gemmarum</strong></span> <span class='ocrx_word' id='word_1_486' title='bbox 2041 3852 2099 3907; x_wconf 88' lang='lat' dir='ltr'><strong>in</strong></span> 
     </span>
    </p>
   </div>
   <div class='ocr_carea' id='block_1_70' title="bbox 504 3910 2123 4017">
    <p class='ocr_par' dir='ltr' id='par_1_70' title="bbox 504 3910 2123 4017">
     <span class='ocr_line' id='line_1_70' title="bbox 504 3910 2123 4017; baseline 0.014 -42"><span class='ocrx_word' id='word_1_487' title='bbox 504 3936 568 3977; x_wconf 73' lang='lat' dir='ltr'><strong>se</strong></span> <span class='ocrx_word' id='word_1_488' title='bbox 604 3910 808 3979; x_wconf 85' lang='lat' dir='ltr'><strong>habens</strong></span> <span class='ocrx_word' id='word_1_489' title='bbox 836 3925 1291 4002; x_wconf 88' lang='lat' dir='ltr'><strong>pulchritudines)</strong></span> <span class='ocrx_word' id='word_1_490' title='bbox 1333 3910 1576 3989; x_wconf 86' lang='lat' dir='ltr'><strong>omnium</strong></span> <span class='ocrx_word' id='word_1_491' title='bbox 1626 3910 1798 3993; x_wconf 78' lang='lat' dir='ltr'><strong>vincit</strong></span> <span class='ocrx_word' id='word_1_492' title='bbox 1842 3938 2123 4017; x_wconf 20' lang='lat' dir='ltr'><strong>honores,‘</strong></span> 
     </span>
    </p>
   </div>
   <div class='ocr_carea' id='block_1_71' title="bbox 505 4013 2094 4091">
    <p class='ocr_par' dir='ltr' id='par_1_71' title="bbox 505 4013 2094 4091">
     <span class='ocr_line' id='line_1_71' title="bbox 505 4013 2094 4091; baseline 0.011 -21"><span class='ocrx_word' id='word_1_493' title='bbox 505 4013 628 4070; x_wconf 88' lang='lat' dir='ltr'><strong>ideo</strong></span> <span class='ocrx_word' id='word_1_494' title='bbox 650 4013 922 4087; x_wconf 86' lang='lat' dir='ltr'><strong>Propheta</strong></span> <span class='ocrx_word' id='word_1_495' title='bbox 948 4033 1114 4091; x_wconf 89' lang='lat' dir='ltr'><strong>super</strong></span> <span class='ocrx_word' id='word_1_496' title='bbox 1135 4021 1317 4076; x_wconf 91' lang='lat' dir='ltr'><strong>omnia</strong></span> <span class='ocrx_word' id='word_1_497' title='bbox 1344 4022 1459 4078; x_wconf 55' lang='lat' dir='ltr'><strong>haec</strong></span> <span class='ocrx_word' id='word_1_498' title='bbox 1482 4027 1733 4081; x_wconf 88' lang='lat' dir='ltr'><strong>mandata</strong></span> <span class='ocrx_word' id='word_1_499' title='bbox 1763 4027 1856 4084; x_wconf 89' lang='lat' dir='ltr'><strong>Dei</strong></span> <span class='ocrx_word' id='word_1_500' title='bbox 1875 4028 2094 4088; x_wconf 82' lang='lat' dir='ltr'><strong>dilexit:</strong></span> 
     </span>
    </p>
   </div>
   <div class='ocr_carea' id='block_1_72' title="bbox 502 4106 2113 4191">
    <p class='ocr_par' dir='ltr' id='par_1_72' title="bbox 502 4106 2113 4191">
     <span class='ocr_line' id='line_1_72' title="bbox 502 4106 2113 4191; baseline 0.012 -31"><span class='ocrx_word' id='word_1_501' title='bbox 502 4106 631 4177; x_wconf 83' lang='lat' dir='ltr'><strong>quia</strong></span> <span class='ocrx_word' id='word_1_502' title='bbox 660 4108 712 4162; x_wconf 91' lang='lat' dir='ltr'><strong>in</strong></span> <span class='ocrx_word' id='word_1_503' title='bbox 740 4109 825 4165; x_wconf 89' lang='lat' dir='ltr'><strong>his</strong></span> <span class='ocrx_word' id='word_1_504' title='bbox 847 4108 1138 4167; x_wconf 88' lang='lat' dir='ltr'><strong>adventum</strong></span> <span class='ocrx_word' id='word_1_505' title='bbox 1166 4112 1401 4183; x_wconf 89' lang='lat' dir='ltr'><strong>Domini,</strong></span> <span class='ocrx_word' id='word_1_506' title='bbox 1433 4117 1526 4187; x_wconf 90' lang='lat' dir='ltr'><strong>qui</strong></span> <span class='ocrx_word' id='word_1_507' title='bbox 1553 4119 1813 4176; x_wconf 87' lang='lat' dir='ltr'><strong>mundum</strong></span> <span class='ocrx_word' id='word_1_508' title='bbox 1843 4122 2113 4191; x_wconf 45' lang='lat' dir='ltr'><strong>redemit,‘</strong></span> 
     </span>
    </p>
   </div>
   <div class='ocr_carea' id='block_1_73' title="bbox 506 4196 1087 4257">
    <p class='ocr_par' dir='ltr' id='par_1_73' title="bbox 506 4196 1087 4257">
     <span class='ocr_line' id='line_1_73' title="bbox 506 4196 1087 4257; baseline 0.012 -7"><span class='ocrx_word' id='word_1_509' title='bbox 506 4196 814 4253; x_wconf 89' lang='lat' dir='ltr'><strong>nuntiatum</strong></span> <span class='ocrx_word' id='word_1_510' title='bbox 846 4199 1087 4257; x_wconf 85' lang='lat' dir='ltr'><strong>invenit.-</strong></span> 
     </span>
    </p>
   </div>
   <div class='ocr_carea' id='block_1_74' title="bbox 507 4286 2047 4374">
    <p class='ocr_par' dir='ltr' id='par_1_74' title="bbox 507 4286 2047 4374">
     <span class='ocr_line' id='line_1_74' title="bbox 507 4286 2047 4374; baseline 0.012 -33"><span class='ocrx_word' id='word_1_511' title='bbox 507 4286 612 4343; x_wconf 64' lang='lat'><strong>128</strong></span> <span class='ocrx_word' id='word_1_512' title='bbox 647 4287 933 4358; x_wconf 80' lang='lat' dir='ltr'><strong>Propterea</strong></span> <span class='ocrx_word' id='word_1_513' title='bbox 953 4293 1022 4347; x_wconf 88' lang='lat' dir='ltr'><strong>ad</strong></span> <span class='ocrx_word' id='word_1_514' title='bbox 1043 4296 1221 4350; x_wconf 85' lang='lat' dir='ltr'><strong>omnia</strong></span> <span class='ocrx_word' id='word_1_515' title='bbox 1241 4298 1494 4354; x_wconf 87' lang='lat' dir='ltr'><strong>mandata</strong></span> <span class='ocrx_word' id='word_1_516' title='bbox 1531 4309 1624 4355; x_wconf 86' lang='lat' dir='ltr'><strong>tua</strong></span> <span class='ocrx_word' id='word_1_517' title='bbox 1653 4301 1920 4374; x_wconf 85' lang='lat' dir='ltr'><strong>dirigebar</strong></span> <span class='ocrx_word' id='word_1_518' title='bbox 1941 4320 1961 4359; x_wconf 89' lang='lat'><strong><em>:</em></strong></span> <span class='ocrx_word' id='word_1_519' title='bbox 2046 4296 2047 4299; x_wconf 32' lang='grc'><em>“</em></span> 
     </span>
    </p>
   </div>
   <div class='ocr_carea' id='block_1_75' title="bbox 554 4378 1633 4458">
    <p class='ocr_par' dir='ltr' id='par_1_75' title="bbox 554 4378 1633 4458">
     <span class='ocr_line' id='line_1_75' title="bbox 554 4378 1633 4458; baseline 0.016 -27"><span class='ocrx_word' id='word_1_520' title='bbox 554 4410 557 4413; x_wconf 66' lang='grc'><strong>»</strong></span> <span class='ocrx_word' id='word_1_521' title='bbox 654 4378 873 4437; x_wconf 86' lang='lat' dir='ltr'><strong>Omnem</strong></span> <span class='ocrx_word' id='word_1_522' title='bbox 892 4384 1029 4438; x_wconf 72' lang='lat' dir='ltr'><strong>riam</strong></span> <span class='ocrx_word' id='word_1_523' title='bbox 1050 4387 1286 4458; x_wconf 84' lang='lat' dir='ltr'><strong>iniquam</strong></span> <span class='ocrx_word' id='word_1_524' title='bbox 1307 4392 1428 4445; x_wconf 89' lang='lat' dir='ltr'><strong>odio</strong></span> <span class='ocrx_word' id='word_1_525' title='bbox 1452 4392 1633 4449; x_wconf 82' lang='lat' dir='ltr'><strong>habui.</strong></span> 
     </span>
    </p>
   </div>
   <div class='ocr_carea' id='block_1_76' title="bbox 580 4470 2084 4563">
    <p class='ocr_par' dir='ltr' id='par_1_76' title="bbox 580 4470 2084 4563">
     <span class='ocr_line' id='line_1_76' title="bbox 580 4470 2084 4563; baseline 0.013 -35"><span class='ocrx_word' id='word_1_526' title='bbox 580 4472 623 4528; x_wconf 87' lang='lat' dir='ltr'><strong><em>C</em></strong></span> <span class='ocrx_word' id='word_1_527' title='bbox 659 4470 762 4539; x_wconf 85' lang='lat' dir='ltr'><strong>Qui</strong></span> <span class='ocrx_word' id='word_1_528' title='bbox 788 4473 958 4544; x_wconf 80' lang='lat' dir='ltr'><strong>legem</strong></span> <span class='ocrx_word' id='word_1_529' title='bbox 991 4477 1085 4533; x_wconf 87' lang='lat' dir='ltr'><strong>Dei</strong></span> <span class='ocrx_word' id='word_1_530' title='bbox 1113 4479 1374 4551; x_wconf 76' lang='lat' dir='ltr'><strong>diligebat</strong></span> <span class='ocrx_word' id='word_1_531' title='bbox 1405 4499 1569 4555; x_wconf 90' lang='lat' dir='ltr'><strong>super</strong></span> <span class='ocrx_word' id='word_1_532' title='bbox 1596 4500 1789 4543; x_wconf 87' lang='lat' dir='ltr'><strong>aurum</strong></span> <span class='ocrx_word' id='word_1_533' title='bbox 1841 4498 1894 4544; x_wconf 90' lang='lat' dir='ltr'><strong>et</strong></span> <span class='ocrx_word' id='word_1_534' title='bbox 1938 4506 2084 4563; x_wconf 82' lang='lat' dir='ltr'><strong>gem-</strong></span> 
     </span>
    </p>
   </div>
   <div class='ocr_carea' id='block_1_77' title="bbox 506 4563 2089 4646">
    <p class='ocr_par' dir='ltr' id='par_1_77' title="bbox 506 4563 2089 4646">
     <span class='ocr_line' id='line_1_77' title="bbox 506 4563 2089 4646; baseline 0.015 -31"><span class='ocrx_word' id='word_1_535' title='bbox 506 4576 650 4629; x_wconf 86' lang='lat' dir='ltr'><strong>mas,</strong></span> <span class='ocrx_word' id='word_1_536' title='bbox 680 4576 905 4619; x_wconf 81' lang='lat' dir='ltr'><strong>necesse</strong></span> <span class='ocrx_word' id='word_1_537' title='bbox 930 4563 1113 4621; x_wconf 79' lang='lat' dir='ltr'><strong>fuitut</strong></span> <span class='ocrx_word' id='word_1_538' title='bbox 1137 4570 1203 4625; x_wconf 91' lang='lat' dir='ltr'><strong>ad</strong></span> <span class='ocrx_word' id='word_1_539' title='bbox 1230 4572 1410 4625; x_wconf 88' lang='lat' dir='ltr'><strong>omnia</strong></span> <span class='ocrx_word' id='word_1_540' title='bbox 1434 4575 1689 4632; x_wconf 86' lang='lat' dir='ltr'><strong>mandata</strong></span> <span class='ocrx_word' id='word_1_541' title='bbox 1712 4578 1828 4646; x_wconf 88' lang='lat' dir='ltr'><strong>ejus</strong></span> <span class='ocrx_word' id='word_1_542' title='bbox 1851 4581 2089 4637; x_wconf 89' lang='lat' dir='ltr'><strong>directus</strong></span> 
     </span>
    </p>
   </div>
   <div class='ocr_carea' id='block_1_78' title="bbox 507 4659 2115 4727">
    <p class='ocr_par' dir='ltr' id='par_1_78' title="bbox 507 4659 2115 4727">
     <span class='ocr_line' id='line_1_78' title="bbox 507 4659 2115 4727; baseline 0.016 -24"><span class='ocrx_word' id='word_1_543' title='bbox 507 4660 798 4720; x_wconf 84' lang='lat' dir='ltr'><strong>appareret</strong></span> <span class='ocrx_word' id='word_1_544' title='bbox 825 4668 842 4705; x_wconf 88' lang='lat'><strong>:</strong></span> <span class='ocrx_word' id='word_1_545' title='bbox 880 4662 934 4708; x_wconf 88' lang='lat' dir='ltr'><strong>et</strong></span> <span class='ocrx_word' id='word_1_546' title='bbox 959 4670 1255 4727; x_wconf 71' lang='lat' dir='ltr'><strong>congruum</strong></span> <span class='ocrx_word' id='word_1_547' title='bbox 1286 4659 1387 4715; x_wconf 79' lang='lat' dir='ltr'><strong>fuit</strong></span> <span class='ocrx_word' id='word_1_548' title='bbox 1416 4671 1476 4717; x_wconf 90' lang='lat' dir='ltr'><strong>ut</strong></span> <span class='ocrx_word' id='word_1_549' title='bbox 1512 4664 1950 4725; x_wconf 79' lang='lat' dir='ltr'><strong>odissetomnem</strong></span> <span class='ocrx_word' id='word_1_550' title='bbox 1980 4671 2115 4726; x_wconf 79' lang='lat' dir='ltr'><strong>ini-‘</strong></span> 
     </span>
    </p>
   </div>
   <div class='ocr_carea' id='block_1_79' title="bbox 506 4743 2109 4833">
    <p class='ocr_par' dir='ltr' id='par_1_79' title="bbox 506 4743 2109 4833">
     <span class='ocr_line' id='line_1_79' title="bbox 506 4743 2109 4833; baseline 0.015 -38"><span class='ocrx_word' id='word_1_551' title='bbox 506 4758 670 4812; x_wconf 81' lang='lat' dir='ltr'><strong>quam</strong></span> <span class='ocrx_word' id='word_1_552' title='bbox 698 4743 863 4812; x_wconf 87' lang='lat' dir='ltr'><strong>viam,</strong></span> <span class='ocrx_word' id='word_1_553' title='bbox 886 4746 981 4817; x_wconf 88' lang='lat' dir='ltr'><strong>qui</strong></span> <span class='ocrx_word' id='word_1_554' title='bbox 1007 4750 1207 4805; x_wconf 87' lang='lat' dir='ltr'><strong>meruit</strong></span> <span class='ocrx_word' id='word_1_555' title='bbox 1250 4767 1437 4810; x_wconf 88' lang='lat' dir='ltr'><strong>amare</strong></span> <span class='ocrx_word' id='word_1_556' title='bbox 1478 4757 1863 4814; x_wconf 82' lang='lat' dir='ltr'><strong>rectissimam.</strong></span> <span class='ocrx_word' id='word_1_557' title='bbox 1898 4756 2109 4833; x_wconf 80' lang='lat' dir='ltr'><strong>Iniqua</strong></span> 
     </span>
    </p>
   </div>
   <div class='ocr_carea' id='block_1_80' title="bbox 504 4835 2108 4925">
    <p class='ocr_par' dir='ltr' id='par_1_80' title="bbox 504 4835 2108 4925">
     <span class='ocr_line' id='line_1_80' title="bbox 504 4835 2108 4925; baseline 0.013 -35"><span class='ocrx_word' id='word_1_558' title='bbox 504 4835 651 4890; x_wconf 83' lang='lat' dir='ltr'><strong>enim</strong></span> <span class='ocrx_word' id='word_1_559' title='bbox 691 4836 778 4891; x_wconf 89' lang='lat' dir='ltr'><strong>via</strong></span> <span class='ocrx_word' id='word_1_560' title='bbox 815 4847 916 4904; x_wconf 89' lang='lat' dir='ltr'><strong>est,</strong></span> <span class='ocrx_word' id='word_1_561' title='bbox 954 4854 1210 4911; x_wconf 77' lang='lat' dir='ltr'><strong>quaenos</strong></span> <span class='ocrx_word' id='word_1_562' title='bbox 1235 4843 1387 4902; x_wconf 85' lang='lat' dir='ltr'><strong>ducit</strong></span> <span class='ocrx_word' id='word_1_563' title='bbox 1423 4848 1492 4902; x_wconf 90' lang='lat' dir='ltr'><strong>ad</strong></span> <span class='ocrx_word' id='word_1_564' title='bbox 1543 4849 1675 4905; x_wconf 84' lang='lat' dir='ltr'><strong>vitia</strong></span> <span class='ocrx_word' id='word_1_565' title='bbox 1705 4865 1720 4905; x_wconf 87' lang='lat'><strong>:</strong></span> <span class='ocrx_word' id='word_1_566' title='bbox 1752 4862 1921 4920; x_wconf 86' lang='lat' dir='ltr'><strong>recta,</strong></span> <span class='ocrx_word' id='word_1_567' title='bbox 1969 4854 2108 4925; x_wconf 60' lang='lat' dir='ltr'><strong>quia</strong></span> 
     </span>
    </p>
   </div>
   <div class='ocr_carea' id='block_1_81' title="bbox 504 4928 2106 5016">
    <p class='ocr_par' dir='ltr' id='par_1_81' title="bbox 504 4928 2106 5016">
     <span class='ocr_line' id='line_1_81' title="bbox 504 4928 2106 5016; baseline 0.014 -35"><span class='ocrx_word' id='word_1_568' title='bbox 504 4929 575 4984; x_wconf 86' lang='lat' dir='ltr'><strong>ad</strong></span> <span class='ocrx_word' id='word_1_569' title='bbox 603 4928 833 4985; x_wconf 86' lang='lat' dir='ltr'><strong>salutem</strong></span> <span class='ocrx_word' id='word_1_570' title='bbox 857 4933 1024 4989; x_wconf 84' lang='lat' dir='ltr'><strong>trahit</strong></span> <span class='ocrx_word' id='word_1_571' title='bbox 1059 4943 1115 4990; x_wconf 92' lang='lat' dir='ltr'><strong>et</strong></span> <span class='ocrx_word' id='word_1_572' title='bbox 1165 4936 1415 5006; x_wconf 87' lang='lat' dir='ltr'><strong>virtutes,</strong></span> <span class='ocrx_word' id='word_1_573' title='bbox 1461 4941 1958 5016; x_wconf 76' lang='lat' dir='ltr'><strong>indulgentiamque</strong></span> <span class='ocrx_word' id='word_1_574' title='bbox 1989 4947 2106 5003; x_wconf 81' lang='lat' dir='ltr'><strong>tri--</strong></span> 
     </span>
    </p>
   </div>
   <div class='ocr_carea' id='block_1_82' title="bbox 503 5018 977 5079">
    <p class='ocr_par' dir='ltr' id='par_1_82' title="bbox 503 5018 977 5079">
     <span class='ocr_line' id='line_1_82' title="bbox 503 5018 977 5079; baseline 0.013 -6"><span class='ocrx_word' id='word_1_575' title='bbox 503 5018 622 5074; x_wconf 86' lang='lat' dir='ltr'><strong>huit</strong></span> <span class='ocrx_word' id='word_1_576' title='bbox 644 5030 703 5077; x_wconf 86' lang='lat' dir='ltr'><strong>et</strong></span> <span class='ocrx_word' id='word_1_577' title='bbox 726 5021 977 5079; x_wconf 84' lang='lat' dir='ltr'><strong>salutem.</strong></span> 
     </span>
    </p>
   </div>
   <div class='ocr_carea' id='block_1_83' title="bbox 2201 3247 3795 3332">
    <p class='ocr_par' dir='ltr' id='par_1_83' title="bbox 2201 3247 3795 3332">
     <span class='ocr_line' id='line_1_83' title="bbox 2201 3247 3795 3332; baseline 0.011 -30"><span class='ocrx_word' id='word_1_578' title='bbox 2201 3259 2260 3302; x_wconf 89' lang='lat' dir='ltr'><strong>se</strong></span> <span class='ocrx_word' id='word_1_579' title='bbox 2283 3247 2478 3317; x_wconf 87' lang='lat' dir='ltr'><strong>innuit,</strong></span> <span class='ocrx_word' id='word_1_580' title='bbox 2523 3248 2647 3307; x_wconf 89' lang='lat' dir='ltr'><strong>ideo</strong></span> <span class='ocrx_word' id='word_1_581' title='bbox 2686 3253 2832 3310; x_wconf 89' lang='lat' dir='ltr'><strong>enim</strong></span> <span class='ocrx_word' id='word_1_582' title='bbox 2883 3257 3098 3328; x_wconf 85' lang='lat' dir='ltr'><strong>aperuit</strong></span> <span class='ocrx_word' id='word_1_583' title='bbox 3134 3273 3218 3327; x_wconf 90' lang='lat' dir='ltr'><strong>os,</strong></span> <span class='ocrx_word' id='word_1_584' title='bbox 3263 3261 3388 3332; x_wconf 88' lang='lat' dir='ltr'><strong>quia</strong></span> <span class='ocrx_word' id='word_1_585' title='bbox 3450 3264 3795 3320; x_wconf 88' lang='lat' dir='ltr'><strong>desiderabat</strong></span> 
     </span>
    </p>
   </div>
   <div class='ocr_carea' id='block_1_84' title="bbox 2201 3343 2477 3398">
    <p class='ocr_par' dir='ltr' id='par_1_84' title="bbox 2201 3343 2477 3398">
     <span class='ocr_line' id='line_1_84' title="bbox 2201 3343 2477 3398; baseline 0.018 -5"><span class='ocrx_word' id='word_1_586' title='bbox 2201 3343 2477 3398; x_wconf 82' lang='lat' dir='ltr'><strong>mandata.</strong></span> 
     </span>
    </p>
   </div>
   <div class='ocr_carea' id='block_1_85' title="bbox 2201 3431 3224 3505">
    <p class='ocr_par' dir='ltr' id='par_1_85' title="bbox 2201 3431 3224 3505">
     <span class='ocr_line' id='line_1_85' title="bbox 2201 3431 3224 3505; baseline 0.008 -18"><span class='ocrx_word' id='word_1_587' title='bbox 2201 3431 2306 3487; x_wconf 72' lang='lat'><strong>132</strong></span> <span class='ocrx_word' id='word_1_588' title='bbox 2343 3434 2531 3505; x_wconf 76' lang='lat' dir='ltr'><strong>Aspice</strong></span> <span class='ocrx_word' id='word_1_589' title='bbox 2548 3437 2603 3491; x_wconf 89' lang='lat' dir='ltr'><strong>in</strong></span> <span class='ocrx_word' id='word_1_590' title='bbox 2639 3454 2721 3492; x_wconf 88' lang='lat' dir='ltr'><strong>me</strong></span> <span class='ocrx_word' id='word_1_591' title='bbox 2749 3447 2794 3491; x_wconf 85' lang='lat' dir='ltr'><strong>et</strong></span> <span class='ocrx_word' id='word_1_592' title='bbox 2816 3441 3059 3496; x_wconf 83' lang='lat' dir='ltr'><strong>miserere</strong></span> <span class='ocrx_word' id='word_1_593' title='bbox 3081 3443 3224 3498; x_wconf 84' lang='lat' dir='ltr'><strong>mei:</strong></span> 
     </span>
    </p>
   </div>
   <div class='ocr_carea' id='block_1_86' title="bbox 2344 3521 3715 3600">
    <p class='ocr_par' dir='ltr' id='par_1_86' title="bbox 2344 3521 3715 3600">
     <span class='ocr_line' id='line_1_86' title="bbox 2344 3521 3715 3600; baseline 0.009 -22"><span class='ocrx_word' id='word_1_594' title='bbox 2344 3521 2647 3578; x_wconf 83' lang='lat' dir='ltr'><strong>Secundum</strong></span> <span class='ocrx_word' id='word_1_595' title='bbox 2663 3524 2929 3595; x_wconf 83' lang='lat' dir='ltr'><strong>judicium</strong></span> <span class='ocrx_word' id='word_1_596' title='bbox 2953 3529 3282 3600; x_wconf 84' lang='lat' dir='ltr'><strong>diligentiam</strong></span> <span class='ocrx_word' id='word_1_597' title='bbox 3314 3546 3504 3588; x_wconf 89' lang='lat' dir='ltr'><strong>nomen</strong></span> <span class='ocrx_word' id='word_1_598' title='bbox 3540 3543 3715 3591; x_wconf 84' lang='lat' dir='ltr'><strong>tuum.</strong></span> 
     </span>
    </p>
   </div>
   <div class='ocr_carea' id='block_1_87' title="bbox 2270 3614 3790 3700">
    <p class='ocr_par' dir='ltr' id='par_1_87' title="bbox 2270 3614 3790 3700">
     <span class='ocr_line' id='line_1_87' title="bbox 2270 3614 3790 3700; baseline 0.007 -30"><span class='ocrx_word' id='word_1_599' title='bbox 2270 3614 2667 3686; x_wconf 87' lang='lat' dir='ltr'><strong>CFrequenter</strong></span> <span class='ocrx_word' id='word_1_600' title='bbox 2699 3619 2961 3678; x_wconf 90' lang='lat' dir='ltr'><strong>Dominus</strong></span> <span class='ocrx_word' id='word_1_601' title='bbox 3012 3624 3206 3694; x_wconf 88' lang='lat' dir='ltr'><strong>aspicit</strong></span> <span class='ocrx_word' id='word_1_602' title='bbox 3244 3624 3441 3694; x_wconf 89' lang='lat' dir='ltr'><strong>iratus,</strong></span> <span class='ocrx_word' id='word_1_603' title='bbox 3466 3634 3528 3681; x_wconf 91' lang='lat' dir='ltr'><strong>ut</strong></span> <span class='ocrx_word' id='word_1_604' title='bbox 3562 3630 3790 3700; x_wconf 87' lang='lat' dir='ltr'><strong>perdat:</strong></span> 
     </span>
    </p>
   </div>
   <div class='ocr_carea' id='block_1_88' title="bbox 2200 3704 3796 3789">
    <p class='ocr_par' dir='ltr' id='par_1_88' title="bbox 2200 3704 3796 3789">
     <span class='ocr_line' id='line_1_88' title="bbox 2200 3704 3796 3789; baseline 0.009 -26"><span class='ocrx_word' id='word_1_605' title='bbox 2200 3704 2345 3763; x_wconf 90' lang='lat' dir='ltr'><strong>sicut</strong></span> <span class='ocrx_word' id='word_1_606' title='bbox 2375 3706 2688 3765; x_wconf 88' lang='lat' dir='ltr'><strong>Sodomam.</strong></span> <span class='ocrx_word' id='word_1_607' title='bbox 2720 3713 2930 3784; x_wconf 85' lang='lat' dir='ltr'><strong>Aspicit</strong></span> <span class='ocrx_word' id='word_1_608' title='bbox 2973 3716 3136 3772; x_wconf 85' lang='lat' dir='ltr'><strong>etiam</strong></span> <span class='ocrx_word' id='word_1_609' title='bbox 3164 3719 3431 3789; x_wconf 88' lang='lat' dir='ltr'><strong>propitius</strong></span> <span class='ocrx_word' id='word_1_610' title='bbox 3464 3738 3477 3774; x_wconf 91' lang='lat'><strong>:</strong></span> <span class='ocrx_word' id='word_1_611' title='bbox 3505 3722 3638 3777; x_wconf 92' lang='lat' dir='ltr'><strong>utin</strong></span> <span class='ocrx_word' id='word_1_612' title='bbox 3682 3739 3796 3778; x_wconf 86' lang='lat' dir='ltr'><strong>mu-</strong></span> 
     </span>
    </p>
   </div>
   <div class='ocr_carea' id='block_1_89' title="bbox 2199 3799 3795 3885">
    <p class='ocr_par' dir='ltr' id='par_1_89' title="bbox 2199 3799 3795 3885">
     <span class='ocr_line' id='line_1_89' title="bbox 2199 3799 3795 3885; baseline 0.011 -32"><span class='ocrx_word' id='word_1_613' title='bbox 2199 3800 2420 3856; x_wconf 88' lang='lat' dir='ltr'><strong>neribus</strong></span> <span class='ocrx_word' id='word_1_614' title='bbox 2441 3799 2571 3857; x_wconf 82' lang='lat' dir='ltr'><strong>fecit</strong></span> <span class='ocrx_word' id='word_1_615' title='bbox 2598 3801 2752 3859; x_wconf 81' lang='lat' dir='ltr'><strong>Abel.</strong></span> <span class='ocrx_word' id='word_1_616' title='bbox 2788 3803 2854 3861; x_wconf 88' lang='lat' dir='ltr'><strong>Et</strong></span> <span class='ocrx_word' id='word_1_617' title='bbox 2883 3808 3005 3864; x_wconf 91' lang='lat' dir='ltr'><strong>ideo</strong></span> <span class='ocrx_word' id='word_1_618' title='bbox 3035 3823 3104 3865; x_wconf 84' lang='lat' dir='ltr'><strong>ne</strong></span> <span class='ocrx_word' id='word_1_619' title='bbox 3135 3808 3187 3863; x_wconf 91' lang='lat' dir='ltr'><strong>in</strong></span> <span class='ocrx_word' id='word_1_620' title='bbox 3238 3819 3449 3880; x_wconf 88' lang='lat' dir='ltr'><strong>partem</strong></span> <span class='ocrx_word' id='word_1_621' title='bbox 3489 3815 3795 3885; x_wconf 83' lang='lat' dir='ltr'><strong>suscipere—</strong></span> 
     </span>
    </p>
   </div>
   <div class='ocr_carea' id='block_1_90' title="bbox 2203 3894 3791 3970">
    <p class='ocr_par' dir='ltr' id='par_1_90' title="bbox 2203 3894 3791 3970">
     <span class='ocr_line' id='line_1_90' title="bbox 2203 3894 3791 3970; baseline 0.008 -22"><span class='ocrx_word' id='word_1_622' title='bbox 2203 3901 2292 3948; x_wconf 92' lang='lat' dir='ltr'><strong>tur</strong></span> <span class='ocrx_word' id='word_1_623' title='bbox 2321 3894 2604 3951; x_wconf 88' lang='lat' dir='ltr'><strong>adversam</strong></span> <span class='ocrx_word' id='word_1_624' title='bbox 2638 3912 2654 3951; x_wconf 88' lang='lat'><strong>:</strong></span> <span class='ocrx_word' id='word_1_625' title='bbox 2684 3898 2949 3970; x_wconf 68' lang='lat' dir='ltr'><strong>adiunxit,</strong></span> <span class='ocrx_word' id='word_1_626' title='bbox 2988 3912 3044 3958; x_wconf 89' lang='lat' dir='ltr'><strong>et</strong></span> <span class='ocrx_word' id='word_1_627' title='bbox 3082 3903 3342 3958; x_wconf 86' lang='lat' dir='ltr'><strong>miserere</strong></span> <span class='ocrx_word' id='word_1_628' title='bbox 3366 3905 3491 3959; x_wconf 90' lang='lat' dir='ltr'><strong>mei.</strong></span> <span class='ocrx_word' id='word_1_629' title='bbox 3519 3903 3791 3963; x_wconf 81' lang='lat' dir='ltr'><strong>Judicium</strong></span> 
     </span>
    </p>
   </div>
   <div class='ocr_carea' id='block_1_91' title="bbox 2200 3984 3791 4067">
    <p class='ocr_par' dir='ltr' id='par_1_91' title="bbox 2200 3984 3791 4067">
     <span class='ocr_line' id='line_1_91' title="bbox 2200 3984 3791 4067; baseline 0.009 -30"><span class='ocrx_word' id='word_1_630' title='bbox 2200 3984 2400 4055; x_wconf 88' lang='lat' dir='ltr'><strong>quippe</strong></span> <span class='ocrx_word' id='word_1_631' title='bbox 2430 3985 2525 4040; x_wconf 91' lang='lat' dir='ltr'><strong>Dei</strong></span> <span class='ocrx_word' id='word_1_632' title='bbox 2552 3995 2675 4043; x_wconf 88' lang='lat' dir='ltr'><strong>est:</strong></span> <span class='ocrx_word' id='word_1_633' title='bbox 2707 3998 2764 4045; x_wconf 94' lang='lat' dir='ltr'><strong>ut</strong></span> <span class='ocrx_word' id='word_1_634' title='bbox 2791 4006 2987 4049; x_wconf 88' lang='lat' dir='ltr'><strong>nomen</strong></span> <span class='ocrx_word' id='word_1_635' title='bbox 3015 4010 3172 4049; x_wconf 80' lang='lat' dir='ltr'><strong>suurn</strong></span> <span class='ocrx_word' id='word_1_636' title='bbox 3194 3993 3543 4066; x_wconf 79' lang='lat' dir='ltr'><strong>diligentibus</strong></span> <span class='ocrx_word' id='word_1_637' title='bbox 3594 3996 3791 4067; x_wconf 75' lang='lat' dir='ltr'><strong>largia-</strong></span> 
     </span>
    </p>
   </div>
   <div class='ocr_carea' id='block_1_92' title="bbox 2200 4078 3793 4151">
    <p class='ocr_par' dir='ltr' id='par_1_92' title="bbox 2200 4078 3793 4151">
     <span class='ocr_line' id='line_1_92' title="bbox 2200 4078 3793 4151; baseline 0.011 -21"><span class='ocrx_word' id='word_1_638' title='bbox 2200 4084 2290 4131; x_wconf 91' lang='lat' dir='ltr'><strong>tur</strong></span> <span class='ocrx_word' id='word_1_639' title='bbox 2315 4078 2576 4144; x_wconf 79' lang='lat' dir='ltr'><strong>auxilium</strong></span> <span class='ocrx_word' id='word_1_640' title='bbox 2624 4080 3029 4142; x_wconf 66' lang='lat' dir='ltr'><strong>miscricordiaz.</strong></span> <span class='ocrx_word' id='word_1_641' title='bbox 3084 4085 3192 4151; x_wconf 88' lang='lat' dir='ltr'><strong>Sic,</strong></span> <span class='ocrx_word' id='word_1_642' title='bbox 3230 4094 3287 4143; x_wconf 85' lang='lat' dir='ltr'><strong>et</strong></span> <span class='ocrx_word' id='word_1_643' title='bbox 3332 4089 3636 4145; x_wconf 88' lang='lat' dir='ltr'><strong>secundum</strong></span> <span class='ocrx_word' id='word_1_644' title='bbox 3668 4090 3793 4147; x_wconf 90' lang='lat' dir='ltr'><strong>illud</strong></span> 
     </span>
    </p>
   </div>
   <div class='ocr_carea' id='block_1_93' title="bbox 2192 4152 3073 4243">
    <p class='ocr_par' dir='ltr' id='par_1_93' title="bbox 2192 4152 3073 4243">
     <span class='ocr_line' id='line_1_93' title="bbox 2192 4152 3073 4243; baseline 0.016 -23"><span class='ocrx_word' id='word_1_645' title='bbox 2192 4152 2482 4239; x_wconf 87' lang='lat' dir='ltr'><strong>judicium,</strong></span> <span class='ocrx_word' id='word_1_646' title='bbox 2510 4170 2612 4230; x_wconf 86' lang='lat' dir='ltr'><strong>sibi</strong></span> <span class='ocrx_word' id='word_1_647' title='bbox 2634 4174 2768 4243; x_wconf 88' lang='lat' dir='ltr'><strong>petit</strong></span> <span class='ocrx_word' id='word_1_648' title='bbox 2803 4176 3073 4233; x_wconf 88' lang='lat' dir='ltr'><strong>misereri.</strong></span> 
     </span>
    </p>
   </div>
   <div class='ocr_carea' id='block_1_94' title="bbox 2198 4258 3794 4344">
    <p class='ocr_par' dir='ltr' id='par_1_94' title="bbox 2198 4258 3794 4344">
     <span class='ocr_line' id='line_1_94' title="bbox 2198 4258 3794 4344; baseline 0.009 -29"><span class='ocrx_word' id='word_1_649' title='bbox 2198 4258 2301 4316; x_wconf 78' lang='grc'><strong>155</strong></span> <span class='ocrx_word' id='word_1_650' title='bbox 2340 4260 2563 4317; x_wconf 71' lang='lat' dir='ltr'><strong>Crassus</strong></span> <span class='ocrx_word' id='word_1_651' title='bbox 2599 4280 2738 4320; x_wconf 88' lang='lat' dir='ltr'><strong>meos</strong></span> <span class='ocrx_word' id='word_1_652' title='bbox 2767 4265 2934 4338; x_wconf 80' lang='lat' dir='ltr'><strong>dirige</strong></span> <span class='ocrx_word' id='word_1_653' title='bbox 2972 4269 3255 4325; x_wconf 82' lang='lat' dir='ltr'><strong>secundum</strong></span> <span class='ocrx_word' id='word_1_654' title='bbox 3285 4271 3550 4344; x_wconf 86' lang='lat' dir='ltr'><strong>eloquium</strong></span> <span class='ocrx_word' id='word_1_655' title='bbox 3595 4284 3743 4330; x_wconf 84' lang='lat' dir='ltr'><strong>tuum</strong></span> <span class='ocrx_word' id='word_1_656' title='bbox 3776 4291 3794 4329; x_wconf 90' lang='lat'><strong><em>:</em></strong></span> 
     </span>
    </p>
   </div>
   <div class='ocr_carea' id='block_1_95' title="bbox 2342 4350 3489 4432">
    <p class='ocr_par' dir='ltr' id='par_1_95' title="bbox 2342 4350 3489 4432">
     <span class='ocr_line' id='line_1_95' title="bbox 2342 4350 3489 4432; baseline 0.011 -26"><span class='ocrx_word' id='word_1_657' title='bbox 2342 4350 2409 4407; x_wconf 86' lang='lat' dir='ltr'><strong>Et</strong></span> <span class='ocrx_word' id='word_1_658' title='bbox 2436 4367 2540 4408; x_wconf 83' lang='lat' dir='ltr'><strong>non</strong></span> <span class='ocrx_word' id='word_1_659' title='bbox 2560 4354 2861 4411; x_wconf 81' lang='lat' dir='ltr'><strong>dominetur</strong></span> <span class='ocrx_word' id='word_1_660' title='bbox 2887 4359 2990 4414; x_wconf 86' lang='lat' dir='ltr'><strong>mei</strong></span> <span class='ocrx_word' id='word_1_661' title='bbox 3012 4362 3178 4417; x_wconf 86' lang='lat' dir='ltr'><strong>omnis</strong></span> <span class='ocrx_word' id='word_1_662' title='bbox 3201 4361 3489 4432; x_wconf 80' lang='lat' dir='ltr'><strong>injustitia.</strong></span> 
     </span>
    </p>
   </div>
   <div class='ocr_carea' id='block_1_96' title="bbox 2265 4442 3795 4529">
    <p class='ocr_par' dir='ltr' id='par_1_96' title="bbox 2265 4442 3795 4529">
     <span class='ocr_line' id='line_1_96' title="bbox 2265 4442 3795 4529; baseline 0.01 -30"><span class='ocrx_word' id='word_1_663' title='bbox 2265 4442 2308 4499; x_wconf 89' lang='lat' dir='ltr'><strong><em>C</em></strong></span> <span class='ocrx_word' id='word_1_664' title='bbox 2335 4442 2568 4501; x_wconf 85' lang='lat' dir='ltr'><strong>Gressus</strong></span> <span class='ocrx_word' id='word_1_665' title='bbox 2595 4446 2862 4519; x_wconf 78' lang='lat' dir='ltr'><strong>signiﬁcat</strong></span> <span class='ocrx_word' id='word_1_666' title='bbox 2888 4460 3065 4506; x_wconf 90' lang='lat' dir='ltr'><strong>motus</strong></span> <span class='ocrx_word' id='word_1_667' title='bbox 3093 4452 3288 4509; x_wconf 75' lang='lat' dir='ltr'><strong>anima:</strong></span> <span class='ocrx_word' id='word_1_668' title='bbox 3316 4473 3330 4510; x_wconf 89' lang='lat'><strong>:</strong></span> <span class='ocrx_word' id='word_1_669' title='bbox 3353 4471 3479 4510; x_wconf 88' lang='lat' dir='ltr'><strong>nam</strong></span> <span class='ocrx_word' id='word_1_670' title='bbox 3524 4456 3671 4513; x_wconf 89' lang='lat' dir='ltr'><strong>sicut</strong></span> <span class='ocrx_word' id='word_1_671' title='bbox 3700 4460 3795 4529; x_wconf 78' lang='lat' dir='ltr'><strong>per</strong></span> 
     </span>
    </p>
   </div>
   <div class='ocr_carea' id='block_1_97' title="bbox 2117 4516 3793 4613">
    <p class='ocr_par' dir='ltr' id='par_1_97' title="bbox 2117 4516 3793 4613">
     <span class='ocr_line' id='line_1_97' title="bbox 2117 4516 3793 4613; baseline 0.01 -25"><span class='ocrx_word' id='word_1_672' title='bbox 2117 4516 2170 4574; x_wconf 77' lang='grc' dir='ltr'><strong>Π</strong></span> <span class='ocrx_word' id='word_1_673' title='bbox 2194 4550 2415 4607; x_wconf 73' lang='lat' dir='ltr'><strong>gressus</strong></span> <span class='ocrx_word' id='word_1_674' title='bbox 2446 4516 2689 4609; x_wconf 82' lang='lat' dir='ltr'><strong>corporis</strong></span> <span class='ocrx_word' id='word_1_675' title='bbox 2714 4541 2781 4601; x_wconf 85' lang='lat' dir='ltr'><strong>de</strong></span> <span class='ocrx_word' id='word_1_676' title='bbox 2823 4539 2946 4599; x_wconf 88' lang='lat' dir='ltr'><strong>loco</strong></span> <span class='ocrx_word' id='word_1_677' title='bbox 2982 4544 3049 4599; x_wconf 89' lang='lat' dir='ltr'><strong>ad</strong></span> <span class='ocrx_word' id='word_1_678' title='bbox 3080 4544 3257 4601; x_wconf 88' lang='lat' dir='ltr'><strong>locum</strong></span> <span class='ocrx_word' id='word_1_679' title='bbox 3291 4547 3694 4613; x_wconf 80' lang='lat' dir='ltr'><strong>transferimur,</strong></span> <span class='ocrx_word' id='word_1_680' title='bbox 3719 4550 3793 4605; x_wconf 82' lang='lat' dir='ltr'><strong>ita</strong></span> 
     </span>
    </p>
   </div>
   <div class='ocr_carea' id='block_1_98' title="bbox 2192 4626 3793 4705">
    <p class='ocr_par' dir='ltr' id='par_1_98' title="bbox 2192 4626 3793 4705">
     <span class='ocr_line' id='line_1_98' title="bbox 2192 4626 3793 4705; baseline 0.01 -25"><span class='ocrx_word' id='word_1_681' title='bbox 2192 4636 2248 4682; x_wconf 92' lang='lat' dir='ltr'><strong>et</strong></span> <span class='ocrx_word' id='word_1_682' title='bbox 2273 4626 2326 4682; x_wconf 91' lang='lat' dir='ltr'><strong>in</strong></span> <span class='ocrx_word' id='word_1_683' title='bbox 2352 4627 2825 4701; x_wconf 77' lang='lat' dir='ltr'><strong>illis,‘quibusdam</strong></span> <span class='ocrx_word' id='word_1_684' title='bbox 2853 4634 3124 4705; x_wconf 87' lang='lat' dir='ltr'><strong>passibus,</strong></span> <span class='ocrx_word' id='word_1_685' title='bbox 3150 4637 3265 4693; x_wconf 81' lang='lat' dir='ltr'><strong>sive</strong></span> <span class='ocrx_word' id='word_1_686' title='bbox 3302 4638 3370 4693; x_wconf 89' lang='lat' dir='ltr'><strong>ad</strong></span> <span class='ocrx_word' id='word_1_687' title='bbox 3398 4638 3651 4705; x_wconf 82' lang='lat' dir='ltr'><strong>meliora,</strong></span> <span class='ocrx_word' id='word_1_688' title='bbox 3680 4641 3793 4696; x_wconf 73' lang='lat' dir='ltr'><strong>sive</strong></span> 
     </span>
    </p>
   </div>
   <div class='ocr_carea' id='block_1_99' title="bbox 2192 4708 3793 4801">
    <p class='ocr_par' dir='ltr' id='par_1_99' title="bbox 2192 4708 3793 4801">
     <span class='ocr_line' id='line_1_99' title="bbox 2192 4708 3793 4801; baseline 0.008 -29"><span class='ocrx_word' id='word_1_689' title='bbox 2192 4708 2260 4772; x_wconf 84' lang='lat' dir='ltr'><strong>ad</strong></span> <span class='ocrx_word' id='word_1_690' title='bbox 2282 4717 2464 4790; x_wconf 86' lang='lat' dir='ltr'><strong>pejora</strong></span> <span class='ocrx_word' id='word_1_691' title='bbox 2515 4723 2911 4794; x_wconf 79' lang='lat' dir='ltr'><strong>progredimttr.</strong></span> <span class='ocrx_word' id='word_1_692' title='bbox 2948 4726 3256 4784; x_wconf 89' lang='lat' dir='ltr'><strong>Secundum</strong></span> <span class='ocrx_word' id='word_1_693' title='bbox 3284 4729 3560 4800; x_wconf 89' lang='lat' dir='ltr'><strong>eloquium</strong></span> <span class='ocrx_word' id='word_1_694' title='bbox 3589 4747 3604 4785; x_wconf 91' lang='lat'><strong>:</strong></span> <span class='ocrx_word' id='word_1_695' title='bbox 3658 4732 3793 4801; x_wconf 79' lang='lat' dir='ltr'><strong>petit</strong></span> 
     </span>
    </p>
   </div>
   <div class='ocr_carea' id='block_1_100' title="bbox 2191 4813 3793 4889">
    <p class='ocr_par' dir='ltr' id='par_1_100' title="bbox 2191 4813 3793 4889">
     <span class='ocr_line' id='line_1_100' title="bbox 2191 4813 3793 4889; baseline 0.007 -27"><span class='ocrx_word' id='word_1_696' title='bbox 2191 4825 2302 4863; x_wconf 84' lang='lat' dir='ltr'><strong>sese</strong></span> <span class='ocrx_word' id='word_1_697' title='bbox 2328 4820 2516 4867; x_wconf 85' lang='lat' dir='ltr'><strong>sancta</strong></span> <span class='ocrx_word' id='word_1_698' title='bbox 2541 4813 2742 4869; x_wconf 87' lang='lat' dir='ltr'><strong>cohors</strong></span> <span class='ocrx_word' id='word_1_699' title='bbox 2764 4815 2924 4888; x_wconf 80' lang='lat' dir='ltr'><strong>dirigi</strong></span> <span class='ocrx_word' id='word_1_700' title='bbox 2974 4816 3051 4886; x_wconf 88' lang='lat' dir='ltr'><strong>(id</strong></span> <span class='ocrx_word' id='word_1_701' title='bbox 3079 4826 3180 4881; x_wconf 85' lang='lat' dir='ltr'><strong>est,</strong></span> <span class='ocrx_word' id='word_1_702' title='bbox 3213 4820 3513 4874; x_wconf 85' lang='lat' dir='ltr'><strong>secundum</strong></span> <span class='ocrx_word' id='word_1_703' title='bbox 3555 4817 3710 4889; x_wconf 77' lang='lat' dir='ltr'><strong>iussa</strong></span> <span class='ocrx_word' id='word_1_704' title='bbox 3737 4830 3793 4874; x_wconf 90' lang='lat' dir='ltr'><strong>et</strong></span> 
     </span>
    </p>
   </div>
   <div class='ocr_carea' id='block_1_101' title="bbox 2190 4902 3789 4983">
    <p class='ocr_par' dir='ltr' id='par_1_101' title="bbox 2190 4902 3789 4983">
     <span class='ocr_line' id='line_1_101' title="bbox 2190 4902 3789 4983; baseline 0.006 -27"><span class='ocrx_word' id='word_1_705' title='bbox 2190 4902 2481 4977; x_wconf 70' lang='lat' dir='ltr'><strong>przecepta)</strong></span> <span class='ocrx_word' id='word_1_706' title='bbox 2512 4904 2710 4977; x_wconf 84' lang='lat' dir='ltr'><strong>quibus</strong></span> <span class='ocrx_word' id='word_1_707' title='bbox 2751 4907 3054 4966; x_wconf 82' lang='lat' dir='ltr'><strong>observatis</strong></span> <span class='ocrx_word' id='word_1_708' title='bbox 3086 4905 3168 4977; x_wconf 78' lang='lat' dir='ltr'><strong>ﬁt,</strong></span> <span class='ocrx_word' id='word_1_709' title='bbox 3196 4919 3257 4967; x_wconf 93' lang='lat' dir='ltr'><strong>ut</strong></span> <span class='ocrx_word' id='word_1_710' title='bbox 3280 4910 3423 4967; x_wconf 88' lang='lat' dir='ltr'><strong>nulla</strong></span> <span class='ocrx_word' id='word_1_711' title='bbox 3455 4910 3532 4967; x_wconf 83' lang='lat' dir='ltr'><strong>illi</strong></span> <span class='ocrx_word' id='word_1_712' title='bbox 3571 4913 3789 4983; x_wconf 84' lang='lat' dir='ltr'><strong>injusti-</strong></span> 
     </span>
    </p>
   </div>
   <div class='ocr_carea' id='block_1_102' title="bbox 2100 4990 3786 5077">
    <p class='ocr_par' dir='ltr' id='par_1_102' title="bbox 2100 4990 3786 5077">
     <span class='ocr_line' id='line_1_102' title="bbox 2100 4990 3786 5077; baseline 0.009 -32"><span class='ocrx_word' id='word_1_713' title='bbox 2100 5064 2104 5069; x_wconf 20' lang='grc' dir='ltr'><strong><em>ο</em></strong></span> <span class='ocrx_word' id='word_1_714' title='bbox 2196 4990 2269 5046; x_wconf 88' lang='lat' dir='ltr'><strong>tia</strong></span> <span class='ocrx_word' id='word_1_715' title='bbox 2295 4993 2560 5051; x_wconf 89' lang='lat' dir='ltr'><strong>dominari</strong></span> <span class='ocrx_word' id='word_1_716' title='bbox 2607 4999 2890 5068; x_wconf 87' lang='lat' dir='ltr'><strong>potuisset.</strong></span> <span class='ocrx_word' id='word_1_717' title='bbox 2946 5000 3015 5056; x_wconf 83' lang='lat' dir='ltr'><strong>Et</strong></span> <span class='ocrx_word' id='word_1_718' title='bbox 3046 5002 3172 5059; x_wconf 87' lang='lat' dir='ltr'><strong>vide</strong></span> <span class='ocrx_word' id='word_1_719' title='bbox 3218 5020 3382 5077; x_wconf 91' lang='lat' dir='ltr'><strong>quam</strong></span> <span class='ocrx_word' id='word_1_720' title='bbox 3406 5015 3568 5060; x_wconf 90' lang='lat' dir='ltr'><strong>caute</strong></span> <span class='ocrx_word' id='word_1_721' title='bbox 3601 5018 3786 5077; x_wconf 85' lang='lat' dir='ltr'><strong>petat:</strong></span> 
     </span>
    </p>
   </div>
   <div class='ocr_carea' id='block_1_103' title="bbox 2100 5088 3791 5171">
    <p class='ocr_par' dir='ltr' id='par_1_103' title="bbox 2100 5088 3791 5171">
     <span class='ocr_line' id='line_1_103' title="bbox 2100 5088 3791 5171; baseline 0.008 -31"><span class='ocrx_word' id='word_1_722' title='bbox 2100 5159 2105 5163; x_wconf 18' lang='grc' dir='ltr'><strong>ε</strong></span> <span class='ocrx_word' id='word_1_723' title='bbox 2192 5100 2302 5141; x_wconf 94' lang='lat' dir='ltr'><strong>non</strong></span> <span class='ocrx_word' id='word_1_724' title='bbox 2332 5088 2475 5143; x_wconf 85' lang='lat' dir='ltr'><strong>enim</strong></span> <span class='ocrx_word' id='word_1_725' title='bbox 2501 5090 2662 5161; x_wconf 87' lang='lat' dir='ltr'><strong>petit,</strong></span> <span class='ocrx_word' id='word_1_726' title='bbox 2687 5100 2744 5147; x_wconf 90' lang='lat' dir='ltr'><strong>ut</strong></span> <span class='ocrx_word' id='word_1_727' title='bbox 2771 5107 2800 5147; x_wconf 88' lang='lat' dir='ltr'><strong>a</strong></span> <span class='ocrx_word' id='word_1_728' title='bbox 2843 5092 2989 5149; x_wconf 84' lang='lat' dir='ltr'><strong>nulla</strong></span> <span class='ocrx_word' id='word_1_729' title='bbox 3040 5095 3327 5167; x_wconf 83' lang='lat' dir='ltr'><strong>iniquitate</strong></span> <span class='ocrx_word' id='word_1_730' title='bbox 3357 5097 3626 5170; x_wconf 86' lang='lat' dir='ltr'><strong>pulsetur.</strong></span> <span class='ocrx_word' id='word_1_731' title='bbox 3659 5099 3791 5171; x_wconf 82' lang='lat' dir='ltr'><strong>quia</strong></span> 
     </span>
    </p>
   </div>
   <div class='ocr_carea' id='block_1_104' title="bbox 700 5150 1892 5206">
    <p class='ocr_par' dir='ltr' id='par_1_104' title="bbox 700 5150 1892 5206">
     <span class='ocr_line' id='line_1_104' title="bbox 700 5150 1892 5206; baseline 0.013 -16"><span class='ocrx_word' id='word_1_732' title='bbox 700 5150 1061 5196; x_wconf 65' lang='lat' dir='ltr'><strong>ARGUMENTUM</strong></span> <span class='ocrx_word' id='word_1_733' title='bbox 1098 5155 1435 5206; x_wconf 59' lang='lat' dir='ltr'><strong>SEQUENTIUE</strong></span> <span class='ocrx_word' id='word_1_734' title='bbox 1460 5161 1599 5204; x_wconf 84' lang='lat' dir='ltr'><strong>OCTO</strong></span> <span class='ocrx_word' id='word_1_735' title='bbox 1629 5163 1892 5205; x_wconf 70' lang='lat' dir='ltr'><strong>VEBSUCI.</strong></span> 
     </span>
    </p>
   </div>
   <div class='ocr_carea' id='block_1_105' title="bbox 574 5238 2101 5334">
    <p class='ocr_par' dir='ltr' id='par_1_105' title="bbox 574 5238 2101 5334">
     <span class='ocr_line' id='line_1_105' title="bbox 574 5238 2101 5334; baseline 0.014 -32"><span class='ocrx_word' id='word_1_736' title='bbox 574 5245 616 5301; x_wconf 82' lang='grc' dir='ltr'><strong>Β</strong></span> <span class='ocrx_word' id='word_1_737' title='bbox 643 5238 876 5307; x_wconf 78' lang='lat' dir='ltr'><strong>Sanctus</strong></span> <span class='ocrx_word' id='word_1_738' title='bbox 907 5238 1134 5324; x_wconf 81' lang='lat' dir='ltr'><strong>populus</strong></span> <span class='ocrx_word' id='word_1_739' title='bbox 1184 5243 1381 5313; x_wconf 88' lang='lat' dir='ltr'><strong>asserit</strong></span> <span class='ocrx_word' id='word_1_740' title='bbox 1413 5275 1471 5316; x_wconf 90' lang='lat' dir='ltr'><strong>se</strong></span> <span class='ocrx_word' id='word_1_741' title='bbox 1497 5264 1775 5334; x_wconf 90' lang='lat' dir='ltr'><strong>aperuisse</strong></span> <span class='ocrx_word' id='word_1_742' title='bbox 1813 5250 1879 5321; x_wconf 81' lang='lat' dir='ltr'><strong>os</strong></span> <span class='ocrx_word' id='word_1_743' title='bbox 1908 5272 2101 5334; x_wconf 60' lang='lat' dir='ltr'><strong>suum,</strong></span> 
     </span>
    </p>
   </div>
   <div class='ocr_carea' id='block_1_106' title="bbox 2192 5180 3794 5269">
    <p class='ocr_par' dir='ltr' id='par_1_106' title="bbox 2192 5180 3794 5269">
     <span class='ocr_line' id='line_1_106' title="bbox 2192 5180 3794 5269; baseline 0.006 -34"><span class='ocrx_word' id='word_1_744' title='bbox 2192 5184 2299 5236; x_wconf 79' lang='lat' dir='ltr'><strong>hoc</strong></span> <span class='ocrx_word' id='word_1_745' title='bbox 2322 5181 2595 5237; x_wconf 88' lang='lat' dir='ltr'><strong>communi</strong></span> <span class='ocrx_word' id='word_1_746' title='bbox 2625 5180 2739 5255; x_wconf 76' lang='lat' dir='ltr'><strong>lege</strong></span> <span class='ocrx_word' id='word_1_747' title='bbox 2780 5183 2871 5239; x_wconf 88' lang='lat' dir='ltr'><strong>hic</strong></span> <span class='ocrx_word' id='word_1_748' title='bbox 2901 5184 3020 5241; x_wconf 88' lang='lat' dir='ltr'><strong>ﬁeri</strong></span> <span class='ocrx_word' id='word_1_749' title='bbox 3072 5203 3178 5242; x_wconf 90' lang='lat' dir='ltr'><strong>non</strong></span> <span class='ocrx_word' id='word_1_750' title='bbox 3232 5195 3411 5269; x_wconf 75' lang='lat' dir='ltr'><strong>potest</strong></span> <span class='ocrx_word' id='word_1_751' title='bbox 3444 5206 3457 5243; x_wconf 94' lang='lat'><strong>:</strong></span> <span class='ocrx_word' id='word_1_752' title='bbox 3493 5188 3612 5244; x_wconf 90' lang='lat' dir='ltr'><strong>ﬁeri</strong></span> <span class='ocrx_word' id='word_1_753' title='bbox 3660 5204 3794 5245; x_wconf 84' lang='lat' dir='ltr'><strong>vero</strong></span> 
     </span>
    </p>
   </div>
   <div class='ocr_carea' id='block_1_107' title="bbox 2190 5273 3791 5353">
    <p class='ocr_par' dir='ltr' id='par_1_107' title="bbox 2190 5273 3791 5353">
     <span class='ocr_line' id='line_1_107' title="bbox 2190 5273 3791 5353; baseline 0.009 -30"><span class='ocrx_word' id='word_1_754' title='bbox 2190 5274 2372 5342; x_wconf 86' lang='lat' dir='ltr'><strong>potest</strong></span> <span class='ocrx_word' id='word_1_755' title='bbox 2419 5280 2479 5325; x_wconf 92' lang='lat' dir='ltr'><strong>ut</strong></span> <span class='ocrx_word' id='word_1_756' title='bbox 2533 5287 2641 5326; x_wconf 87' lang='lat' dir='ltr'><strong>non</strong></span> <span class='ocrx_word' id='word_1_757' title='bbox 2668 5273 3010 5341; x_wconf 82' lang='lat' dir='ltr'><strong>dominetur,</strong></span> <span class='ocrx_word' id='word_1_758' title='bbox 3058 5294 3166 5337; x_wconf 89' lang='lat' dir='ltr'><strong>non</strong></span> <span class='ocrx_word' id='word_1_759' title='bbox 3219 5279 3394 5336; x_wconf 86' lang='lat' dir='ltr'><strong>solum</strong></span> <span class='ocrx_word' id='word_1_760' title='bbox 3442 5280 3650 5353; x_wconf 86' lang='lat' dir='ltr'><strong>aliqua,</strong></span> <span class='ocrx_word' id='word_1_761' title='bbox 3695 5274 3791 5338; x_wconf 77' lang='lat' dir='ltr'><strong>sed</strong></span> 
     </span>
    </p>
   </div>
  </div>
