3994 5370
146 313 178 363 4
193 315 260 366 ’ἱὸ

1362 307 1724 364 EXPCSITIO
1766 307 1988 362 PSALfd
2013 310 2205 365 Ὶιὶῗλι.

3317 309 3423 370 ιει

145 428 254 478 rito
275 421 478 477 cohors
502 427 688 474 sancta
713 407 1039 489 precabatur
1061 433 1089 471 a
1115 434 1172 472 se
1195 418 1419 481 auferri,
1446 428 1526 480 ut,
1549 418 1745 471 amotis
1775 427 1819 481 Α
1857 415 1952 474 159
2031 419 2309 474 Tubescere
2334 437 2412 475 me
2433 422 2552 491 fecit
2577 415 2716 479 zelus
2739 441 2880 479 meus
2898 419 2929 479 τ’

143 511 597 583 adversitatibus,
651 511 903 564 mandata
951 509 1043 563 Dei
1098 518 1278 578 posset
1320 509 1591 577 indagare.
1643 509 1739 561 Est

143 607 294 658 enim
344 603 621 657 calumnia
649 610 1017 656 commentum
1055 600 1270 670 aliquod
1298 600 1609 670 periculosae
1640 599 1741 653 fal-

142 697 323 751 sitatis
343 696 619 764 objectum
649 714 662 748 :
690 696 830 765 quod
860 695 1014 749 bonis
1037 709 1249 764 semper
1302 694 1608 748 hominibus
1627 701 1740 747 stu-

146 791 236 843 dio
293 788 676 858 perversitatis
749 787 1021 856 olijicitur,
1070 796 1129 840 ut
1194 795 1340 842 recta
1402 787 1738 842 conscientia

143 890 324 932 actum
353 881 422 932 ah
447 881 552 942 eis,
587 879 898 934 decolor-are
959 889 1236 946 conantes,
1267 880 1543 933 criminari
1587 879 1738 934 vale-

142 986 259 1029 ant.
289 976 386 1030 Vel
432 977 677 1031 brevius.
720 976 763 1030 II
819 978 865 1030 Α
906 975 1185 1031 Calumuia
1229 984 1312 1031 est
1337 975 1468 1030 falsa
1495 973 1740 1031 criminis

143 1065 402 1130 ohjectio.

143 1159 245 1211 135
288 1157 506 1211 Faciem
539 1167 688 1211 tuam
728 1156 966 1210 illumina
999 1172 1154 1225 super
1179 1173 1380 1211 servum
1406 1165 1552 1209 tuum
1574 1171 1593 1208 :

282 1248 348 1300 Et
375 1248 504 1300 doce
530 1264 612 1301 me
633 1247 1040 1316 justiﬁcationes
1069 1257 1208 1300 tuas.

212 1337 255 1390 C
287 1337 573 1391 Desiderat
617 1346 803 1392 sancta
849 1338 1046 1392 cohors
1113 1336 1413 1391 Salvatoris
1445 1335 1738 1393 adventum

142 1430 300 1497 cujus
327 1432 464 1500 [acie
490 1431 793 1486 illuminata
816 1441 942 1488 sunt
971 1433 1254 1487 tenebrosa
1279 1441 1522 1502 peccata,
1563 1441 1610 1486 et
1648 1429 1737 1503 qui

143 1523 301 1574 vitam
325 1520 538 1575 confert
570 1523 799 1577 mortuis
826 1532 880 1578 et
914 1523 1220 1578 certissima
1273 1523 1511 1578 remedia
1541 1523 1736 1593 despe-

143 1612 299 1664 ratis.
333 1611 427 1665 γει
451 1613 524 1665 ita
558 1612 820 1678 illumiua,
845 1621 904 1667 ut
951 1613 1308 1667 illuminatam
1347 1613 1540 1667 faciem
1567 1622 1734 1678 tuam,

144 1719 246 1756 non
270 1703 503 1757 velatam
535 1706 850 1774 COIISpiCCI‘e
879 1706 1104 1775 possim.
1139 1705 1338 1776 Legem
1379 1707 1523 1760 enim
1554 1706 1736 1778 Moyse

2021 511 2156 578 Quia
2181 513 2326 567 obliti
2345 527 2466 568 sunt
2490 517 2637 570 verba
2670 527 2759 571 tua
2787 518 2987 571 inimici
3010 520 3130 573 mei.

1918 605 1958 659 C
2005 605 2179 660 Tabes
2206 616 2289 661 est
2319 607 2545 676 alicujus
2575 610 2746 665 morbi
2779 619 3057 667 contracta
3088 614 3420 671 necessitas:

1841 715 1961 768 qua:
1993 717 2090 757 nos
2124 701 2251 756 facit
2277 702 2532 771 paulatim
2572 705 2827 770 defluere,
2858 709 2985 762 dum
3019 711 3264 779 corporis
3299 713 3426 767 soli-

1840 793 2060 848 ditatem
2091 795 2360 848 consumit
2387 811 2400 849 :
2427 797 2568 863 quod
2595 798 2695 853 sibi
2734 800 2994 854 accidisse
3026 811 3272 866 testatur,
3301 821 3422 860 cum

1842 899 1951 936 non
1989 884 2294 952 patiebatur
2322 886 2650 954 perfidorum
2681 887 3006 947 laceratione
3031 893 3220 947 violari
3254 895 3420 965 legem

1840 971 2074 1026 Domini.
2107 973 2170 1026 Et
2199 973 2284 1027 hic
2312 974 2458 1029 zelus
2487 984 2568 1029 est
2591 975 2783 1030 bonus.
2813 978 3145 1049 Quandoque
3173 984 3336 1036 etiam
3369 985 3422 1038 in

1840 1063 1982 1120 malo
2025 1065 2262 1133 ponitur,
2293 1075 2352 1120 ut
2382 1067 2455 1121 ibi
2494 1084 2507 1120 :
2544 1067 2702 1124 Zelus
2736 1079 2792 1123 et
2839 1070 3037 1126 invidia
3067 1076 3300 1130 comedit
3325 1075 3422 1131 do-

1839 1171 1986 1210 mum
2019 1155 2210 1212 Jacob.
2266 1187 2268 1190 ν

1842 1247 1944 1300 NO
2017 1247 2252 1318 ignitum
2275 1249 2535 1321 eloquium
2564 1261 2712 1307 tuum
2737 1255 3095 1312 rehementer:

2017 1337 2086 1390 Et
2115 1355 2293 1393 servus
2319 1349 2439 1393 tuus
2462 1341 2647 1395 dilexit
2671 1342 2828 1396 illud.

1912 1426 1952 1482 C
1990 1427 2219 1497 Ignitum
2273 1437 2356 1483 est
2407 1430 2679 1500 eloquium
2736 1432 3005 1488 Domini:
3063 1435 3188 1504 quia
3232 1438 3425 1508 purgat

1839 1519 2148 1573 mortalium
2201 1523 2386 1585 corda,
2439 1523 2708 1577 mundana
2759 1522 2877 1578 fece
2932 1525 3207 1581 sordentia
3255 1528 3422 1580 vehe-

1839 1619 2070 1665 menter.
2147 1611 2212 1665 Et
2251 1619 2313 1666 ut
2349 1612 2449 1667 hoc
2482 1629 2586 1668 non
2628 1616 2694 1669 ad
2740 1625 2971 1672 mortem
3001 1619 3292 1684 .credcres,
3331 1620 3422 1674 sed

1839 1701 1906 1754 ad
1951 1701 2199 1763 salutem,
2251 1702 2474 1758 addidit.
2526 1705 2592 1758 Et
2634 1721 2825 1761 servus
2867 1718 2988 1764 tuus
3028 1710 3215 1764 dilexit
3259 1711 3420 1764 illud:

145 1795 378 1859 ferente,
411 1797 463 1851 iu
495 1796 691 1852 faciem
724 1799 842 1868 ejus
891 1799 1058 1854 Judaei
1087 1800 1401 1869 conspicere
1428 1815 1534 1854 non
1584 1811 1731 1870 pote-

1849 1790 2024 1859 utique
2055 1790 2310 1860 diligebat
2337 1793 2478 1862 quod
2514 1795 2680 1849 vitam
2715 1795 2967 1851 conferre
2992 1809 3214 1853 noverat
3239 1809 3292 1854 et
3323 1801 3424 1854 ho-

146 1900 264 1941 rant
292 1888 492 1957 (Exod.
525 1890 714 1958 xxxrv)
741 1906 755 1945 :
781 1893 906 1960 quia
939 1892 1132 1949 velatis
1157 1892 1329 1963 legem
1357 1890 1611 1946 cordibus
1639 1907 1734 1945 au-

143 1979 383 2034 diebant.
419 1979 608 2034 Vultus
638 1983 781 2034 enim
807 1981 971 2053 Moysi
1004 1982 1180 2053 fulgor
1201 1991 1318 2036 erat
1352 1981 1523 2053 legis:
1573 1997 1732 2050 quem

144 2072 263 2139 quia
298 2070 468 2127 Judwi
493 2073 810 2141 conspicere
835 2089 940 2127 nou
963 2073 1239 2135 valebant,
1272 2073 1481 2128 velabat
1523 2071 1728 2127 vultum

147 2172 198 2214 et
226 2163 296 2214 ita
338 2163 616 2232 respicere
660 2162 968 2218 valuerunt.
1023 2163 1153 2219 Illud
1209 2163 1388 2218 velum
1418 2165 1599 2219 cordis
1642 2165 1732 2219 hic

148 2253 348 2306 aulcrri
400 2253 555 2324 petit,
585 2263 643 2307 ut
688 2254 898 2309 claram
947 2254 1083 2326 legis
1111 2256 1391 2311 veritatem
1440 2270 1736 2328 agnoscere

147 2345 337 2408 possit.

145 2434 241 2487 l56
281 2434 478 2489 Exitus
508 2452 774 2506 aquarum
799 2436 1125 2492 deduxerunt
1154 2436 1294 2491 oculi
1325 2437 1466 2492 mei:

279 2525 426 2592 Quia
455 2544 559 2581 non
585 2529 945 2582 custodierunt
969 2529 1131 2599 legem
1155 2539 1320 2582 tuam.

214 2619 254 2670 C
284 2619 482 2673 Exitus
514 2635 778 2689 aquarum
813 2640 826 2676 :
856 2622 1125 2692 significat
1151 2621 1418 2691 lacrymas
1443 2621 1689 2691 cepiosas
1716 2640 1730 2676 :

141 2727 272 2778 quas
310 2720 445 2766 tunc
473 2712 869 2781 profundimus,
898 2715 1113 2784 quando
1154 2724 1499 2783 peccatorum
1522 2723 1735 2769 nostro-

146 2817 260 2854 rum
287 2804 673 2860 recordatione
723 2805 1052 2860 mordemur.
1099 2805 1233 2860 Nam
1262 2806 1306 2860 si
1335 2807 1589 2861 mandata
1625 2806 1735 2860 Do-

146 2893 267 2946 mini
292 2895 722 2960 custodiremus,
760 2895 1004 2951 laetitiam
1036 2897 1222 2967 utique
1254 2897 1601 2959 haberemus,
1628 2913 1734 2951 non

145 2986 393 3039 ardorem
433 2986 770 3056 plorationis.
815 2988 882 3042 Et
934 2989 1077 3052 vide,
1107 2990 1230 3058 quia
1265 3005 1361 3060 per
1388 2991 1578 3045 oculos
1605 2991 1736 3044 dicit

143 3075 578 3130 satisfactionem
627 3077 879 3141 venisse;
908 3093 1004 3148 per
1037 3093 1173 3148 quos
1201 3077 1511 3148 frequenter
1556 3079 1734 3134 illece-

1838 1895 2048 1944 norem,
2087 1896 2192 1936 non
2231 1883 2372 1951 quod
2410 1892 2636 1940 mortem
2667 1883 2902 1940 atl‘erret.
2947 1886 2988 1940 (ἒ
3022 1889 3086 1940 Et
3121 1888 3263 1942 sicut
3305 1889 3420 1943 elo-

1836 1970 2022 2038 quium
2060 1969 2451 2048 praeceptorum
2481 1984 2702 2042 peccata
2743 1975 3013 2032 consumit
3038 1995 3049 2029 :
3080 1977 3152 2031 ita
3178 1993 3415 2048 peccan-

1837 2069 1969 2125 tem,
2002 2060 2045 2114 si
2075 2046 2444 2127 convertatur,
2478 2062 2765 2120 illuminat.

1837 2148 1933 2204 Ml
2014 2149 2442 2206 Adulescentulus
2462 2170 2576 2207 sum
2601 2171 2692 2225 ego
2715 2165 2763 2209 et
2784 2166 3138 2228 contemptus:

2014 2241 2429 2310 Justiﬁcationes
2450 2254 2566 2298 tuas
2589 2261 2692 2299 non
2714 2263 2828 2300 sum
2852 2248 3064 2302 oblitus.

1907 2330 1949 2386 Η
1980 2331 2084 2387 Iste
2129 2333 2430 2390 versiculus
2472 2335 2537 2388 ad
2569 2337 2824 2405 populum
2853 2337 3225 2396 Christianum
3277 2344 3421 2398 refe-

1836 2424 2034 2477 rendus
2058 2431 2142 2477 est
2165 2441 2177 2476 :
2203 2424 2292 2492 qui
2325 2424 2474 2493 prius
2501 2435 2863 2496 contemptus,
2891 2438 2946 2484 et
2971 2428 3038 2484 de
3065 2432 3223 2486 domo
3247 2437 3420 2503 pati-is

1835 2510 2077 2579 eiectus,
2131 2514 2374 2569 recolens
2413 2516 2827 2586 jttstilicationes
2883 2521 3008 2588 Dei,
3058 2522 3420 2596 primogenita

1834 2601 2030 2670 prioris
2059 2603 2353 2673 accipiens,
2384 2607 2535 2674 prior
2559 2606 2784 2664 eﬂ'ectus
2809 2621 2914 2666 est.

1836 2693 1941 2748 142
2013 2693 2235 2748 Justitia
2268 2706 2360 2749 tua
2385 2697 2596 2765 justitia
2628 2701 2682 2754 in
2709 2709 3000 2760 aeternum:

2013 2785 2082 2839 Et
2106 2785 2192 2841 lea:
2219 2796 2311 2841 tua
2334 2790 2550 2844 veritas.

1903 2876 1944 2959 (Ζ
1973 2877 2072 2932 Hic
2123 2894 2312 2933 versus
2344 2879 2612 2947 justitiam
2671 2883 2883 2939 Domini
2928 2897 2983 2941 et
3012 2888 3183 2960 legem
3225 2893 3294 2948 ab
3324 2894 3421 2947 ho-

1835 2953 2041 3022 minum
2064 2966 2273 3035 justitia
2300 2978 2361 3023 et
2394 2969 2512 3042 lege
2537 2973 2817 3030 discernit.
2850 2975 3136 3034 llominum
3165 2982 3307 3037 enim
3333 2985 3422 3053 j-u-

1835 3058 1982 3113 stitia
2030 3059 2470 3132 (quantacunque
2514 3064 2614 3135 sit)
2667 3070 2978 3138 temporalis
3023 3083 3124 3128 est.
3203 3075 3419 3132 Iustitia

143 3163 263 3216 bras
305 3164 471 3234 hujus
521 3166 706 3221 saeculi
739 3142 1099 3223 attrahimus:
1129 3177 1188 3224 ut
1237 3170 1430 3225 merito
1470 3185 1568 3240 per
1614 3170 1733 3226 illos
1761 3142 1806 3203 Ο
1840 3158 2018 3204 amem
2050 3151 2140 3205 Dei
2173 3151 2226 3205 ίη
2256 3162 2518 3208 w'emum
2552 3167 2732 3212 mam
2775 3176 2790 3214 ³
2833 3162 2959 3229 quia
3007 3165 3256 3233 (ιυίείιυίε
3299 3182 3418 3223 ea"!

143 3255 292 3324 culpa
321 3258 641 3326 mundetur,
670 3273 770 3330 per
801 3276 935 3330 quos
961 3271 1016 3316 et
1040 3275 1298 3317 excessus
1323 3263 1647 3318 admittitur.

312 3364 682 3406 ARGUIENTUI
741 3366 1075 3415 SEQUENTIUM
1114 3369 1252 3408 OCTO
1289 3369 1554 3409 VERSUUII.

207 3435 248 3489 C
281 3436 324 3489 Β
355 3438 566 3493 Cohors
597 3451 930 3508 sanctorum,
954 3444 1131 3497 carnis
1166 3458 1276 3497 suae
1318 3444 1732 3514 triumphatrix,

143 3530 443 3584 secundum
504 3531 668 3602 hujus
723 3533 919 3589 Iitterm
975 3549 1166 3589 nomen
1202 3533 1471 3602 justitiam
1520 3535 1734 3590 Domini

143 3619 474 3674 confitetur:
511 3631 568 3676 et
594 3623 808 3695 eloquia
850 3624 965 3693 ejus
994 3625 1183 3696 ignita.
1218 3626 1475 3682 continua
1521 3642 1579 3682 se
1605 3627 1736 3682 dicit

145 3707 432 3766 dilectione
463 3714 717 3768 venerari

667 3801 714 3856 Η
738 3801 775 3858 C
803 3801 963 3870 Sade,
985 3801 1217 3873 iustitia.

147 3888 237 3942 157
275 3889 468 3944 Justus
493 3908 570 3958 es,
601 3891 826 3948 Domine
854 3908 873 3946 :

277 3980 348 4034 Et
376 3993 579 4036 rectum
609 3982 873 4052 judicium
895 3995 1062 4040 tuum.

206 4073 246 4126 C
269 4073 466 4129 Justus
487 4089 570 4140 es,
615 4077 846 4131 Domine
879 4094 893 4130 :
920 4079 1010 4146 qui
1031 4077 1192 4146 jubes
1220 4088 1534 4148 peccatores
1562 4095 1621 4134 se
1649 4078 1730 4132 af-

140 4161 338 4232 fligere,
364 4174 420 4218 ut
452 4179 548 4219 eos
594 4165 792 4219 debeat
823 4175 911 4220 tua
945 4167 1209 4222 medicina
1241 4168 1456 4222 salvare
1487 4187 1498 4222 :
1525 4169 1732 4239 justum

141 4255 409 4319 estenim,
444 4264 506 4308 ut
551 4255 872 4324 delinquens
901 4272 998 4326 per
1024 4257 1451 4312 satisfactionem
1494 4259 1733 4329 corriga-

143 4357 242 4414 tur,
269 4359 324 4404 et
360 4349 575 4419 justitia
634 4351 730 4406 Dei
772 4353 958 4406 humili
1003 4355 1345 4410 confessione
1379 4354 1729 4410 declaretur:

143 4439 248 4491 suis
267 4441 416 4494 enim
446 4441 661 4496 meritis
701 4450 988 4512 putaretur
1011 4444 1194 4498 datum
1221 4445 1265 4499 si
1313 4454 1565 4514 peccator
1587 4446 1727 4517 jugl-

146 4540 222 4584 ter
243 4531 463 4588 ﬂoreret
492 4533 714 4590 illmsus.

143 4623 240 4677 158
282 4625 561 4681 Mandasti
575 4628 846 4697 justitiam
905 4629 1197 4682 testimonia
1220 4638 1310 4682 tua
1342 4642 1358 4678 :

277 4718 348 4772 Et
386 4720 654 4774 veritatem
689 4730 832 4774 tuam
857 4723 1030 4775 nimis.

209 4806 248 4860 (Σ
279 4807 568 4875 Mandasti,
618 4811 672 4865 id
725 4819 809 4865 est
857 4811 1188 4881 praecepisti,
1217 4811 1422 4867 scilicet
1451 4811 1732 4868 observari

145 4898 320 4962 nimis,
356 4899 410 4953 id
435 4909 518 4954 est.
537 4900 718 4954 valde.
749 4898 1080 4955 Testimonia
1119 4917 1252 4957 vero
1281 4910 1430 4966 sunt,
1462 4916 1583 4970 qua:
1629 4903 1728 4957 sub

148 4989 528 5046 testiﬁcatione
543 4998 672 5046 sunt
694 4990 921 5057 prolata.
950 4991 1003 5046 id
1023 4999 1108 5046 est
1129 5001 1417 5063 praecepta.
1442 4991 1567 5046 Haec
1595 5007 1731 5048 con-

146 5081 314 5138 tinent
351 5082 626 5152 justitiam
665 5093 720 5138 et
765 5087 1054 5142 veritatem
1089 5085 1416 5155 :justitiam,
1470 5087 1730 5154 quoniam

1836 3243 2152 3298 custodierit
2180 3254 2382 3300 aeterna
2425 3245 2683 3304 felicitate
2709 3253 2981 3320 gaudebit.
3030 3256 3104 3309 lta
3135 3267 3189 3312 et
3213 3259 3279 3312 de
3305 3260 3424 3332 lege

1835 3331 2204 3399 sentiendum,
2251 3334 2561 3405 quicunque
2613 3351 2732 3391 eam
2780 3340 3083 3412 intelligere
3129 3337 3416 3412 meruerit,

1834 3421 2044 3477 ccclesti
2079 3425 2305 3478 veritate
2326 3427 2628 3496 completur
2654 3445 2670 3482 :
2693 3431 2895 3487 veritas
2924 3436 3071 3490 enim
3103 3436 3235 3509 legis
3257 3439 3417 3496 Chri-

1835 3521 1952 3570 SlllS
1988 3523 2090 3570 εει.
2296 3532 2304 3540 ⁵
2679 3556 2681 3559 -
3353 3543 3356 3546 ’

1837 3611 1941 3665 MS
2021 3613 2318 3671 Tribulatio
2350 3627 2398 3673 et
2421 3619 2663 3689 angustia
2692 3622 2994 3680 invenerunt
3024 3640 3138 3682 me:

2014 3703 2270 3760 Mandata
2296 3717 2385 3762 tua
2405 3711 2674 3766 meditatio
2697 3730 2814 3767 mea
2837 3725 2934 3770 est.

1904 3791 1946 3848 C
1993 3792 2296 3852 Tribulatio
2329 3805 2385 3852 et
2430 3801 2680 3871 angustia
2734 3819 2748 3855 :
2796 3805 3002 3862 sanctis
3043 3806 3174 3864 viris
3221 3827 3416 3883 magna

1835 3895 1962 3941 sunt
1992 3902 2243 3955 munera,
2274 3891 2400 3960 quia
2433 3902 2634 3947 norunt
2669 3909 2729 3950 se
2763 3897 3003 3966 pondere
3047 3900 3230 3955 talium
3262 3907 3424 3958 com-‘

1835 3991 2052 4046 pressos
2101 3979 2368 4036 exsudare
2431 3993 2688 4052 peccata,
2734 3994 2788 4039 et
2837 3989 3058 4044 tendere
3106 3989 3173 4045 ad
3219 3993 3415 4060 gaudia

1833 4079 2057 4125 acterna.
2095 4071 2423 4126 Invenerunt
2455 4084 2539 4128 me
2566 4092 2579 4128 :
2607 4076 2760 4144 quasi
2806 4087 3233 4147 exspectantem,
3261 4082 3413 4150 quasi

1835 4161 1999 4214 ﬁxum
2030 4169 2085 4216 et
2111 4162 2178 4215 ad
2205 4176 2396 4216 earum
2425 4168 2723 4221 certamina
2760 4179 3145 4238 prreparatum.
3179 4171 3415 4241 Subjun-

1833 4252 1909 4323 git
1931 4266 2059 4306 vero
2091 4251 2216 4306 illud
2248 4253 2595 4323 adjutorium,
2629 4257 2770 4312 unde
2801 4271 2859 4314 se
2888 4253 3112 4315 noverat
3147 4261 3201 4316 in
3233 4263 3414 4319 diver-

1833 4342 1908 4397 sis
1936 4343 2276 4414 passionibus
2305 4355 2577 4409 curatum,
2606 4347 2790 4401 dicens
2817 4363 2829 4400 :
2858 4347 3110 4404 Mandata
3142 4361 3253 4417 tua,
3279 4363 3410 4409 etc.:

1837 4435 2088 4502 quoniam
2130 4448 2346 4503 semper
2389 4435 2444 4489 in
2482 4436 2678 4490 divinis
2709 4436 3012 4510 ’Scripturis
3047 4453 3164 4498 erat
3201 4445 3413 4499 animus

1839 4536 2152 4595 occupatus.

1840 4616 1942 4670 1M
1993 4615 2241 4688 Equt‘tas
2270 4621 2563 4677 testimonia
2587 4631 2678 4677 tua
2703 4625 2755 4679 in
2776 4634 3065 4680 (etei-num:

1988 4711 2314 4769 Intellectum
2340 4715 2409 4768 da
2432 4717 2560 4770 mihi
2581 4727 2628 4770 et
2651 4719 2840 4773 vivam.

1911 4807 1955 4861 II
1978 4807 2226 4877 Eqiiitas
2260 4808 2569 4864 testimonia
2593 4808 2686 4861 Dei
2724 4818 2852 4863 sunt
2875 4825 2890 4864 :
2915 4809 3041 4877 quia
3066 4825 3218 4878 aeque
3242 4812 3422 4866 omnia

1834 4903 2171 4966 discernunt,
2219 4911 2505 4972 propterea
2537 4897 2807 4955 vivificari
2843 4915 2901 4954 se
2926 4899 3188 4966 postulat,
3221 4909 3299 4955 'ut
3331 4891 3434 4971 pro

1835 4995 2023 5045 eothm
2072 4988 2432 5061 intelligentia
2480 4989 2646 5042 vitam
2678 4989 2860 5055 possit
2909 4999 3104 5053 capere
3143 4988 3428 5055 sempiter-

1837 5099 1984 5137 nam.
2033 5079 2075 5135 C
2117 5077 2372 5153 Breviter
2427 5080 2612 5149 itaque
2657 5078 2917 5136 definivit
2961 5075 3269 5130 testimonia
3317 5075 3433 5140 Dei,

2971 5164 3238 5186 ._2L--‘-.:-
3263 5179 3339 5186 Α--
3399 5175 3436 5186 ᾼ.
