3994 5370
578 214 702 276 135

1069 325 1113 381 ll
1153 326 1194 381 Β
1229 324 1399 395 Coph,
1428 324 1657 380 vocatio.

577 421 679 481 145
751 416 990 476 Clamavi
1008 419 1063 473 in
1085 426 1192 472 toto
1214 416 1389 480 corde,
1414 414 1606 469 exaudi
1629 429 1732 479 me,
1757 413 2006 467 Domine:

746 506 1162 577 Justiﬁcationes
1190 515 1308 560 tuas
1332 504 1613 575 requiram.

646 600 688 657 C
724 600 878 654 Hunc
907 598 1202 653 clamorem
1249 611 1355 652 non
1396 609 1670 666 corporete
1696 595 1866 660 vocis,
1905 593 1998 650 sed
2033 594 2114 665 spi

573 691 741 747 ritalis
769 689 967 746 mentis
996 688 1251 759 intelligo.
1302 687 1343 743 C
1373 686 1469 741 Est
1491 686 1634 742 enim
1674 685 1776 740 iste
1820 685 2025 742 clamor
2049 687 2148 740 (ιε-

573 791 707 837 votae
751 781 950 836 mentis
992 778 1236 841 affectus,
1282 778 1372 847 qui
1402 792 1591 848 magna
1622 776 1801 831 cordis
1851 776 2146 830 intentione

571 869 864 941 profertur.
897 869 1269 938 Cogitationes
1299 866 1418 921 illas
1443 866 1591 920 enim
1628 864 1901 918 exaudivit
1927 863 2144 918 Altissi-

572 980 714 1028 mus,
754 978 875 1034 quae
902 963 992 1034 pia
1032 962 1334 1019 intentione
1372 960 1678 1015 volvuntur.
1724 959 1781 1012 ln
1829 966 1941 1013 toto
1981 957 2145 1013 corde

571 1057 803 1110 dicitur:
834 1070 901 1111 ne
928 1063 1148 1125 putares
1196 1053 1338 1107 aliud
1368 1051 1737 1122 cogitandum,
1782 1049 1998 1121 quando
2034 1047 2146 1103 cla-

571 1154 749 1201 matur
778 1146 844 1200 ad
876 1145 1186 1200 Dominum.
1241 1144 1297 1199 ln
1347 1143 1461 1199 sola
1507 1142 1650 1196 enim
1698 1141 1946 1211 religiosa
1993 1139 2145 1208 cogi-

571 1238 772 1292 tatione
796 1236 956 1292 debet
981 1245 1124 1290 totus
1147 1235 1369 1307 spiritus
1392 1234 1662 1305 occupari.
1696 1250 1761 1287 nc
1788 1247 1940 1287 mens
1968 1232 2141 1286 divisa

571 1336 803 1398 nequeat
829 1327 971 1398 quod
1007 1326 1246 1397 postulat
1289 1326 1600 1395 impetrare.
1650 1325 1717 1380 Et
1768 1325 1984 1379 intende
2015 1324 2141 1393 quid

571 1423 763 1478 clamat
782 1441 794 1476 :
814 1422 930 1478 Non
955 1423 1189 1487 divitias,
1220 1423 1472 1485 honores,
1502 1420 1822 1491 voluptates.
1865 1421 1957 1474 sed
1976 1419 2142 1490 justi-

575 1515 852 1571 licationes
884 1524 1001 1571 tuas
1031 1515 1339 1585 requiram:
1367 1529 1471 1568 non
1513 1512 1744 1569 lectione
1791 1520 1997 1567 tantum
2047 1511 2141 1568 sed

571 1620 749 1674 opere.

570 1695 669 1750 Mli
740 1695 977 1752 lilamnvi
1003 1696 1074 1750 ad
1099 1705 1148 1750 te
1171 1696 1370 1752 salvum
1394 1713 1474 1752 me
1493 1697 1611 1768 fac:

717 1788 781 1842 Et
805 1789 1096 1843 custodiam
1116 1796 1365 1843 mandata
1387 1798 1499 1843 tua.

634 1878 676 1935 C
705 1880 943 1935 Clamavi
980 1881 1047 1935 ad
1079 1892 1132 1935 te
1159 1898 1172 1934 :
1203 1881 1268 1937 ad
1309 1881 1457 1935 illum
1489 1880 1634 1937 enim
1673 1879 1893 1945 clamat,
1921 1880 2011 1950 qui
2042 1894 2141 1949 pe-

570 1970 808 2025 titionem
862 1986 1015 2026 suam
1066 1971 1228 2042 digne
1288 1982 1399 2027 toto
1440 1972 1619 2027 cordis
1678 1971 1876 2027 allectu
1931 1970 2139 2026 elludit.

569 2061 698 2117 Cum
735 2062 882 2129 dicit,
909 2062 1119 2117 salvum
1159 2078 1245 2116 me
1272 2062 1396 2118 fac:
1427 2063 1483 2116 in
1518 2063 1699 2118 anima
1731 2063 1843 2117 vult
1889 2063 2139 2133 intelligi,

569 2169 670 2207 non
712 2152 764 2207 in
802 2169 1048 2224 corpore,
1081 2170 1187 2209 non
1227 2155 1371 2210 enim
1410 2156 1657 2224 corporis
1696 2155 1924 2213 salutem
1957 2165 2139 2225 petere

569 2253 798 2313 poterat,
841 2245 933 2316 qui
979 2244 1212 2302 libenter
1248 2248 1525 2317 corporeis
1569 2248 1912 2318 passionibus
1958 2246 2123 2318 sulija.

569 2335 742 2390 cebat.

569 2425 665 2480 N7
710 2427 943 2482 Pra'reni
978 2429 1354 2487 immaturitate
1375 2440 1422 2485 et
1452 2431 1679 2487 clamaui
1702 2448 1722 2488 :

704 2515 842 2582 Quia
865 2518 917 2571 in
948 2518 1100 2575 verba
1127 2529 1218 2574 tua
1248 2524 1627 2591 supersperavi.

637 2609 679 2666 C
716 2610 957 2666 Prteveni
988 2611 1382 2668 immaturitate
1411 2632 1424 2669 :
1454 2614 1700 2685 quisquis
1743 2614 1797 2671 in
1826 2615 1982 2671 annis
2006 2629 2136 2685 pue-

567 2700 754 2755 rilibus
785 2699 1044 2771 anticipat
1074 2702 1389 2757 modestiam
1416 2704 1731 2770 senectutis,
1761 2715 1817 2760 et
1845 2714 1971 2760 ante
2002 2705 2134 2761 facit

568 2789 937 2860 gravissimam
966 2799 1219 2854 mentem,
1251 2808 1411 2861 quam
1437 2794 1605 2864 possit
1642 2808 1906 2851 annorum
1947 2810 2136 2851 nume-

570 2882 795 2938 rositate
821 2897 1125 2938 canescere.
1170 2882 1301 2950 Quia
1332 2884 1384 2938 in
1415 2884 1577 2939 verba
1614 2893 1703 2939 tua
1747 2885 1925 2957 (idest
1958 2888 2009 2942 in
2044 2888 2134 2943 Fi-

566 2971 715 3042 iium)
751 2985 970 3041 sperare
999 2987 1104 3026 non
1135 2972 1337 3028 destiti.
1367 2974 1411 3028 A
1441 2972 1539 3028 Vel
1562 2974 1614 3029 in
1652 2975 1815 3030 verba
1842 2978 2131 3048 propheta-

566 3080 685 3118 rum
707 3072 762 3119 et
785 3064 901 3127 Dei,
934 3065 1167 3133 potentis
1197 3064 1373 3121 facere
1400 3065 1540 3136 quod
1568 3066 1812 3136 promisit
1844 3085 1857 3122 :
1887 3046 2133 3138 promisit
2159 3046 2204 3107 θ

566 3154 704 3209 enim
745 3155 799 3209 in
831 3155 1009 3210 verbis
1036 3155 1148 3210 suis
1174 3153 1588 3226 Redemptorem
1621 3157 1930 3213 missurum.

568 3243 664 3298 H3
704 3243 1072 3301 Prienenerunt
1104 3244 1244 3300 oculi
1268 3246 1372 3300 mei
1396 3245 1465 3300 ad
1488 3256 1537 3301 te
1561 3245 1795 3302 diluculo
1822 3263 1843 3302 :

703 3333 773 3389 Ut
801 3336 1079 3390 meditarer
1107 3334 1311 3407 eloquia
1348 3347 1464 3392 tua.

630 3426 672 3482 C
709 3426 1093 3482 Prasvenerunt
1119 3427 1259 3482 oculi
1290 3427 1392 3484 mei
1417 3445 1431 3482 :
1461 3427 1728 3500 signiﬁcat
1752 3428 1934 3485 oculos
1953 3430 2134 3488 cordis

565 3526 686 3572 ante
722 3516 1018 3573 credidisse
1065 3525 1294 3573 venturo
1340 3518 1393 3572 in
1429 3532 1592 3573 carne
1642 3517 1908 3585 Domino,
1968 3536 2132 3590 quam

565 3608 676 3674 ejus
718 3608 1004 3664 irradiaret
1029 3608 1311 3665 adventus.
1364 3604 1613 3665 Christus
1658 3610 1801 3665 enim
1860 3620 1946 3666 est
1993 3612 2130 3678 dies,

565 3699 785 3770 ejusque
811 3699 1075 3754 adventus
1102 3710 1157 3755 et
1194 3699 1497 3755 incarnatio
1524 3696 1928 3756 dilucttlum‘est
1953 3718 1966 3754 :
1995 3700 2128 3755 diluo

563 3791 742 3849 culum
776 3790 920 3845 enim
955 3789 1167 3844 initium
1211 3789 1318 3844 diei
1354 3788 1645 3860 significat.
1699 3795 1764 3846 Ut
1801 3790 2128 3846 meditarer:

559 3894 779 3935 causam
814 3877 1046 3935 reddidit
1072 3893 1168 3934 cur
1202 3886 1327 3933 ante
1355 3876 1645 3933 diluculum
1686 3893 1840 3934 mens
1863 3879 1980 3948 ejus
2011 3896 2134 3934 sur-

559 3971 783 4034 rexerit,
813 3985 920 4026 non
950 3978 1010 4025 ut
1032 3983 1221 4041 agrum
1249 3967 1468 4034 coleret,
1494 3969 1590 4026 sed
1635 3978 1694 4024 ut
1720 3969 1819 4026 Dei
1843 3970 2132 4027 meditare-

559 4070 649 4114 tur
671 4060 909 4131 eloquia.

560 4151 663 4208 149
706 4151 893 4208 Vocem
938 4168 1109 4207 meam
1168 4150 1299 4208 audi

770 4255 936 4311 tuam,
967 4244 1188 4300 Domine
1208 4256 1230 4298 :

701 4335 1000 4392 Secundum
1024 4334 1288 4405 judicium
1317 4344 1465 4389 tuum
1496 4333 1697 4403 rivi/ica
1723 4349 1826 4391 me.

630 4428 671 4485 C
714 4430 853 4485 Petit
897 4444 1049 4485 suam
1086 4442 1272 4484 vocem
1330 4428 1573 4483 exaudiri
1632 4428 1927 4484 secundum
1980 4426 2125 4483 illam

559 4517 1007 4583 misericordiam,
1033 4531 1156 4586 qua:
1192 4530 1261 4572 ex
1296 4516 1512 4573 miseris
1554 4518 1741 4573 beatos
1772 4515 1920 4581 fecit.
1946 4533 2015 4573 ex
2039 4533 2132 4573 ca-

558 4609 721 4679 ptivis
753 4608 973 4673 liberos,
1016 4621 1083 4661 ex
1120 4605 1348 4661 mortuis
1371 4606 1540 4661 vivos.
1576 4605 1729 4674 Quod
1766 4615 1949 4661 autem
1979 4606 2131 4661 addi-

558 4700 637 4753 dit
679 4698 888 4753 vivitica
943 4712 1030 4752 me
1059 4715 1074 4752 :
1106 4696 1393 4753 cantitetur
1442 4712 1501 4753 se
1544 4708 1812 4753 mortuum
1844 4713 1963 4753 esse
2012 4697 2127 4768 lege

557 4786 782 4858 peccati.
816 4785 1086 4842 Yivilicari
1125 4785 1268 4841 enim
1310 4802 1416 4841 non
1444 4795 1660 4856 potest:
1692 4787 1795 4842 nisi
1827 4786 1919 4856 qui
1960 4786 2013 4841 in
2063 4801 2122 4842 sc

556 4875 829 4946 propriam
857 4890 962 4930 non
991 4875 1152 4931 habet
1177 4876 1363 4930 vitam.
1393 4875 1546 4944 Quod
1581 4891 1710 4931 vero
1753 4876 1885 4931 dicit
1921 4889 2118 4932 secun-

556 4965 680 5020 dum
710 4965 969 5033 judicium
995 5006 1013 5031 ,
1061 4965 1297 5037 intellige
1343 4966 1472 5021 illud
1498 5006 1514 5031 ,
1548 4980 1655 5036 quo
1698 4966 2122 5036 supplicantibus

555 5057 750 5124 parcit,
781 5065 836 5112 et
861 5072 918 5113 se
940 5058 1258 5112 damnantes
1282 5055 1530 5111 absolvit.

556 5144 659 5201 150
697 5129 1245 5218 Appropinquauerunt
1271 5152 1625 5214 persequentes
1655 5159 1737 5198 me
1770 5144 2045 5215 iniquitate
2065 5161 2085 5202 :

694 5239 736 5291 Α
763 5237 873 5307 lege
899 5246 1072 5291 autem
1097 5245 1190 5289 tua
1212 5234 1360 5304 longe
1384 5233 1509 5302 facti
1537 5238 1679 5289 sunt.

628 5326 666 5370 Α
707 5326 748 5370 f‘.
781 5326 1223 5370 Annmnimmnnt
1266 5323 1411 5370 enim
1452 5330 1836 5370 persequentes
1860 5341 1875 5370 ε
1904 5325 2119 5370 mumdn

1367 4151 1657 4208 secundum
1717 4150 2129 4208 misericordiam

1544 210 1599 265 S.
1642 210 1989 267 BRUNONIS
2026 210 2565 270 HERDH‘OLENSIS
2605 212 2904 269 EPISCOPI

2174 331 2223 388 Α
2256 333 2342 378 tur
2371 332 2640 394 martyres
2681 323 2818 378 mala
2853 337 2948 393 pro
2996 323 3169 379 bouis.
3209 325 3255 379 Δ
3298 323 3414 398 lege
3455 333 3664 394 autem,
3712 327 3802 384 isti

3725 217 3827 271 £56

2251 413 2456 471 scilicet
2475 423 2866 484 persecutores,
2895 414 3071 485 longe,
3094 424 3225 481 etc.,
3250 417 3374 487 quia
3406 415 3448 470 ll
3477 416 3519 470 Α
3551 416 3594 472 C
3624 430 3813 488 qnantt

2250 505 2316 558 ad
2347 516 2661 559 sanctorum
2691 518 2878 574 pinnas
2907 505 3406 575 appropinquabant
3430 523 3443 559 :
3471 516 3624 562 tanto
3647 524 3677 562 a
3707 509 3812 579 lego

2248 595 2459 651 Domini
2494 597 2835 652 recedebant.
2879 596 2935 651 Si
2975 613 3103 651 vero
3154 608 3330 653 textus
3369 598 3599 668 alicujus
3628 602 3814 657 habea'

2247 689 2521 761 iniquitati
2551 691 2633 745 vel
2685 689 2888 760 inique,
2918 690 3056 744 idem
3108 705 3298 747 sensus
3339 691 3517 745 redit:
3546 693 3637 762 qui
3679 696 3815 749 enitr

2240 781 2416 852 justos
2466 783 2828 851 persequitur,
2878 780 3204 851 propinquat
3250 779 3521 851 iniquitati
3553 790 3610 837 et
3643 783 3813 854 inique

2246 874 2378 943 agit.

2248 963 2340 1018 151
2389 961 2558 1034 PrOpe
2587 980 2640 1018 es
2670 973 2744 1027 tu,
2780 962 3032 1019 Domine:

2388 1053 2456 1108 Et
2487 1072 2663 1109 omnes
2695 1055 2789 1109 uia:
2826 1064 2929 1107 tua:
2957 1054 3166 1109 ueritas.

2315 1144 2356 1200 C
2396 1145 2530 1199 Dum
2580 1146 2711 1200 dicit
2761 1159 2925 1214 prope
2973 1159 3033 1200 es
3087 1153 3140 1200 tu
3169 1185 3184 1210 ,
3231 1144 3456 1202 Domine
3484 1163 3500 1201 :
3530 1146 3811 1202 confitetur

2243 1252 2365 1291 eum
2391 1236 2588 1311 ubique
2613 1244 2930 1306 praesentem
2957 1275 2973 1302 ,
3018 1243 3073 1291 et
3118 1251 3240 1290 eum
3270 1252 3431 1292 nosse
3474 1238 3520 1291 si
3561 1254 3810 1308 perversa

2243 1329 2512 1399 gerimus,
2565 1342 2666 1383 nec
2715 1327 2985 1384 declinare
3032 1342 3154 1384 eum
3207 1342 3365 1397 posse
3400 1344 3525 1384 cum
3556 1327 3810 1400 fugimus.

2246 1418 2360 1477 Una
2390 1429 2628 1491 estergo
2656 1419 2821 1484 salus,
2857 1420 2923 1473 ad
2972 1419 3144 1489 ipsum
3186 1420 3668 1488 festinare:quem
3711 1435 3811 1472 non

2243 1508 2415 1578 possis
2438 1506 2692 1578 etfugere.
2722 1508 2786 1562 Et
2819 1524 3005 1562 omnes
3036 1509 3135 1562 via:
3174 1518 3277 1563 tua:
3299 1522 3315 1563 :
3336 1507 3551 1563 Iudaeus
3583 1510 3686 1563 hoc
3712 1523 3810 1561 non

2241 1606 2418 1667 potest
2444 1597 2609 1667 loqui,
2638 1597 2729 1667 qui
2763 1597 2932 1652 noluit
2960 1598 3184 1653 credere
3210 1598 3423 1653 veritati
3450 1615 3464 1655 :
3490 1606 3669 1669 potest
3688 1612 3809 1651 vero

2169 1683 2218 1746 Β
2245 1692 2425 1748 dicere
2454 1692 2545 1764 qui
2594 1692 2811 1748 Christo
2849 1693 3022 1748 credit
3047 1701 3100 1749 ct
3132 1695 3381 1757 mandata
3412 1694 3530 1764 ejus
3558 1695 3806 1750 custodit.

2243 1786 2289 1843 A
2313 1786 2486 1842 Etiam
2512 1786 2565 1841 in
2589 1786 2888 1851 tormentis,
2917 1786 3060 1856 quod
3087 1786 3174 1842 illa
3203 1803 3308 1843 non
3341 1788 3612 1843 immerito
3643 1788 3808 1857 patia.

2244 1887 2374 1945 tur,
2427 1879 2520 1935 sed
2572 1894 2756 1935 verum
2827 1879 2900 1933 sit
2962 1879 3057 1934 Dei
3114 1880 3169 1934 in
3218 1878 3322 1934 hoc
3388 1877 3677 1947 judicium.
3722 1876 3806 1931 Sic

2240 1969 2457 2034 Esther,
2487 1971 2564 2025 sic
2592 1970 2820 2035 Daniel,
2863 1970 2941 2026 sic
2985 1980 3094 2027 tres
3132 1971 3188 2026 in
3234 1970 3470 2036 camino,
3503 1969 3581 2025 sic
3624 1984 3803 2025 omnes

2239 2062 2409 2118 sancti
2442 2060 2767 2118 confitentur
2796 2060 2957 2133 (Dan.
2990 2061 3096 2131 ιιι).

2241 2177 2343 2232 159.
2380 2176 2543 2231 Initio
2571 2176 2783 2247 cognovi
2814 2176 2879 2230 de
2905 2175 3211 2231 testimoniis
3247 2175 3393 2230 tuis:

2382 2267 2521 2333 Quia
2555 2267 2609 2322 in
2649 2277 2897 2321 wtcrnum
2925 2266 3161 2335 fundasti
3196 2283 3277 2320 ea.

2308 2355 2357 2413 C
2378 2356 2543 2412 Initio.
2567 2355 2856 2427 (significat
2888 2370 2920 2409 a
2975 2355 3292 2411 rudimentis
3324 2354 3540 2419 saeculi,
3593 2356 3799 2425 quando

2236 2463 2268 2503 a
2299 2446 2448 2517 justo
2501 2446 2633 2503 Abel
2667 2459 2861 2502 nomen
2888 2446 3030 2516 cepit
3069 2460 3188 2501 esse
3218 2454 3526 2503 sanctorum
3553 2465 3567 2499 :
3598 2448 3693 2510 qui
3721 2448 3795 2501 in-

2237 2553 2441 2595 nocens
2475 2553 2506 2593 a
2539 2536 2747 2594 nefario
2773 2538 2980 2604 fratre,
3030 2537 3084 2592 in
3132 2537 3434 2608 exemplum
3483 2537 3796 2602 Salvatoris.

2236 2628 2448 2684 occisus
2490 2635 2575 2683 est
2601 2623 2755 2699 [Gem
2787 2625 2888 2698 iv])
2927 2626 3059 2682 dicit
3086 2626 3343 2693 Ecclesia,
3372 2625 3612 2698 Cognovi
3641 2628 3705 2682 de
3731 2636 3798 2681 te-

2235 2720 2500 2775 stimoniis
2529 2737 2544 2773 :
2572 2720 2614 2774 A
2644 2718 2850 2774 scilicet
2875 2717 3072 2789 quibus
3121 2726 3353 2773 testatus
3378 2732 3438 2772 es
3470 2728 3523 2773 te
3553 2719 3796 2773 daturum

2236 2809 2648 2880 Redemptorem
2671 2817 2727 2865 et
2751 2823 2974 2880 regnum
3000 2816 3279 2865 atemum.
3304 2807 3439 2875 Quia
3463 2808 3520 2863 in
3546 2817 3798 2864 mtemutn

2235 2900 2459 2957 fundata
2504 2909 2650 2957 sunt.
2692 2903 2737 2956 Α
2774 2901 2815 2956 C
2857 2901 3064 2972 Quippe
3133 2915 3254 2970 quae
3291 2902 3356 2956 ad
3400 2900 3798 2958 fundamentum

2235 2991 2510 3048 Christum
2539 2992 2898 3062 pertinebant.
2930 2990 3048 3062 Ipse
3081 2992 3225 3046 enim
3256 2990 3675 3047 fundamentum
3704 3002 3795 3055 est.

2234 3084 2291 3139 in
2318 3099 2427 3154 quo
2452 3083 2634 3140 omnia
2673 3084 2815 3139 dicta
2837 3094 2892 3139 et
2916 3085 3118 3155 scripta
3145 3082 3303 3155 Legis
3329 3091 3383 3138 et
3420 3086 3797 3153 prophetarum

2233 3183 2287 3229 et
2328 3174 2604 3245 Evangelii
2635 3172 2855 3229 fundata
2884 3183 3009 3243 sunt
3046 3172 3257 3245 (Eplies.
3292 3173 3375 3243 ιι).
3413 3174 3457 3232 C
3495 3174 3653 3231 Unde
3694 3175 3799 3231 evi-

2233 3267 2425 3322 denter
2452 3267 2815 3337 cognoscitur,
2864 3268 2933 3321 ab
2963 3266 3203 3336 antiquis
3249 3273 3429 3323 mente
3455 3276 3797 3336 conspectum

2232 3354 2528 3412 Christum.

2409 3484 2767 3527 ARGUMENTUI
2806 3484 3141 3533 SEQUENTIUI
3177 3485 3315 3527 OCTO
3347 3484 3619 3528 γειιεσῐιι.

2301 3579 2340 3635 C
2377 3581 2417 3635 Β
2442 3580 2696 3653 Populus,
2727 3582 2979 3638 vitiorum
3021 3582 3224 3649 victor,
3252 3597 3310 3636 se
3350 3583 3486 3651 petit
3517 3583 3794 3643 vivificari,

2232 3673 2485 3741 quoniam
2514 3674 2760 3727 mandata
2792 3674 3003 3730 Domini
3032 3688 3245 3731 summo
3268 3673 3447 3729 studio
3467 3675 3793 3743 exquisivit:

2231 3761 2549 3832 principium
2576 3777 2792 3832 quoque
2830 3765 3114 3820 verborum
3164 3762 3377 3821 Domini
3425 3772 3663 3819 testatur
3686 3780 3797 3820 esse

2228 3853 2554 3920 veritatem,
2602 3863 2659 3908 et
2697 3856 2801 3910 hoc
2843 3862 2928 3909 est
2956 3863 3118 3926 caput
3163 3855 3307 3925 quod
3346 3869 3588 3928 prmsens
3627 3855 3794 3911 littera

2229 3946 2484 4001 ostendit.

2777 4038 2821 4092 ll
2851 4038 2892 4093 Β
2931 4038 3055 4101 Res,
3082 4049 3263 4111 caput.

2231 4126 2333 4181 155
2376 4124 2507 4180 Vide
2530 4126 2875 4181 humilitatem
2897 4144 3063 4182 meum
3088 4140 3134 4182 et
3159 4129 3296 4198 eripe
3320 4145 3400 4183 me
3425 4146 3446 4183 :

2371 4216 2509 4283 Quia
2532 4216 2693 4287 legem
2719 4226 2860 4273 tuam
2882 4234 2985 4271 non
3005 4234 3120 4271 sum
3143 4218 3353 4272 oblitus.

2299 4306 2345 4360 Α
2373 4304 2509 4361 Vide
2538 4306 2893 4361 humilitatem
2922 4322 3093 4361 meam
3122 4316 3177 4361 et
3204 4307 3353 4376 eripe
3381 4320 3468 4362 me
3502 4325 3515 4360 :
3548 4307 3791 4374 Quamvis

2153 4389 2205 4450 D
2232 4397 2332 4451 ista
2370 4412 2476 4451 vox
2516 4398 2764 4454 videatur
2808 4406 3106 4468 martyrum
3141 4411 3156 4450 :
3191 4406 3369 4452 tamen
3405 4413 3568 4454 nemo
3607 4416 3723 4455 eam
3765 4417 3789 4454 a

2230 4502 2290 4542 se
2338 4496 2490 4557 putet
2518 4486 2770 4549 alienam.
2801 4488 2890 4557 qui
2918 4489 2972 4543 in
3009 4487 3210 4543 Christi
3238 4500 3465 4557 corpore
3491 4498 3578 4545 est
3605 4493 3789 4545 consti-

2230 4585 2398 4631 tutus.
2428 4576 2496 4630 Et
2523 4579 2671 4645 eripe
2697 4592 2803 4632 me.
2833 4576 2873 4633 C
2902 4576 3123 4632 Scilicet
3164 4577 3229 4631 de
3258 4578 3585 4635 necessitate
3616 4596 3788 4651 paena-

2229 4681 2370 4731 rum,
2401 4674 2455 4720 et
2483 4666 2549 4720 de
2580 4666 2819 4736 periculo
2847 4667 3039 4721 mortis
3077 4667 3165 4738 (de
3195 4667 3389 4738 quibus
3414 4667 3559 4723 beati
3600 4680 3780 4738 marty-

2233 4770 2319 4810 res
2356 4769 2414 4809 se
2446 4753 2667 4808 liberari
2699 4754 2909 4824 petunt)
2942 4754 3023 4808 vel
3069 4756 3135 4810 de
3161 4756 3400 4825 periculo
3429 4767 3787 4824 peccatorum.

2227 4846 2362 4913 Quia
2386 4846 2555 4917 legem
2583 4855 2749 4901 tuam.
2773 4844 2818 4899 ll
2846 4846 2888 4899 A
2913 4845 2952 4900 C
2978 4844 3197 4900 Scilicet
3224 4862 3327 4914 qua
3354 4846 3538 4900 dixisti
3571 4862 3588 4901 :
3618 4848 3713 4914 Qui
3741 4863 3787 4901 se

2225 4938 2427 4993 exaltat
2463 4938 2851 5006 humiliabitur,
2880 4948 2933 4992 et
2957 4938 3049 5007 qui
3089 4953 3148 4993 se
3191 4936 3442 4993 humiliat
3470 4939 3784 4994 esaltabitut

2225 5014 2442 5099 (Mai'tli.
2471 5026 2651 5101 mu).

2224 5140 2329 5196 154
2365 5141 2559 5198 Judica
2582 5140 2844 5213 judicium
2866 5158 3035 5196 meum
3063 5154 3108 5196 et
3138 5142 3329 5198 redime
3353 5158 3436 5197 me
3456 5158 3479 5199 :

2367 5231 2591 5305 Propter
2613 5235 2874 5307 eloquium
2903 5245 3049 5289 tuum
3077 5236 3278 5304 vivi/ica
3301 5251 3405 5291 me.

2293 5323 2332 5370 Α
2370 5323 2411 5370 C
2447 5322 2589 5370 Petit
2631 5326 2829 5370 alim-nc
2858 5333 3170 5370 cunmm-nm
3216 5325 3475 5370 indicium
3523 5342 3684 5370 mlnm
3739 5326 3784 5370 izl
