3994 5370
171 361 280 417 157

1391 347 1758 408 EXPOSlTlO
1791 340 2240 406 PSALMORUM.
2470 378 2479 383 ι
2972 376 2995 403 ο

3317 351 3429 410 ιη

170 473 384 531 scilicet
413 471 504 525 ubi
546 467 858 541 promittit:
888 464 990 533 Qui
1036 464 1212 522 credit
1255 465 1308 520 in
1359 478 1447 520 me
1484 479 1593 521 non
1635 477 1747 519 mo-
1772 465 1821 525 Α
1847 461 2064 532 quando
2103 461 2220 530 ejus
2248 463 2596 528 sententiam,
2626 477 2725 519 nec
2764 469 2979 533 tempus
3001 461 3218 532 aliquod
3246 472 3423 517 muta-

170 566 347 620 rietnr
382 561 568 627 (Joan.
603 561 705 627 II).

174 656 276 711 153
315 654 495 724 Longe
526 670 559 705 α
588 650 942 720 peccatoribus
985 648 1170 703 salus:

319 744 460 809 Quia
481 742 885 811 justiﬁcationcs
917 750 1036 792 tuas
1075 755 1178 791 non
1207 736 1587 807 exquisierunt.

239 836 287 891 ll
319 834 360 889 C
409 834 603 889 Merito
635 848 765 902 ergo
796 847 825 886 a
851 831 1020 886 salute
1056 830 1183 885 facti
1221 837 1346 884 sunt
1376 828 1532 895 longe
1562 826 1753 893 Judaei,

167 930 262 998 qui
316 935 641 995 respuerunt
686 924 875 978 salutis
920 931 1196 976 auctorem
1242 931 1297 974 et
1340 920 1756 991 justiiicationes

172 1021 307 1088 legis
336 1034 443 1072 non
478 1016 869 1083 intelligebant,
917 1014 1041 1083 quia
1086 1013 1363 1068 Christum
1414 1012 1468 1065 in
1514 1012 1594 1066 eis
1645 1026 1753 1065 non

171 1115 529 1178 agnoverunt.
563 1106 608 1159 Δ
638 1104 733 1160 Vel
759 1104 920 1158 etiam
946 1143 961 1167 ,
1014 1119 1044 1156 a
1084 1102 1416 1171 quibuslibet
1456 1100 1756 1169 peccatori-

166 1199 272 1253 bus
300 1199 475 1267 legem
504 1198 597 1251 Dei
624 1195 1006 1264 spernentibus
1026 1234 1042 1258 ,
1073 1194 1228 1263 longe
1257 1202 1341 1248 est
1371 1192 1535 1248 salus.

172 1291 277 1345 156
318 1289 702 1343 Misericordia:
730 1297 833 1340 tua:
866 1284 1065 1349 multa,
1109 1283 1371 1338 Domine:

315 1377 613 1433 Secundum
635 1376 898 1446 judicium
925 1385 1072 1426 tuum
1102 1375 1303 1441 rivi/ica
1334 1388 1433 1425 me.

239 1468 282 1523 Ε
314 1466 689 1520 Miserationes
729 1464 935 1517 Domini
968 1472 1113 1524 sunt,
1143 1476 1239 1530 per
1278 1475 1416 1530 quas
1448 1457 1659 1513 aillictis
1698 1466 1757 1513 et

171 1567 227 1612 et
252 1557 456 1611 sauciis
480 1554 715 1608 diversis
745 1553 920 1605 modis
941 1552 1228 1606 subvenire
1254 1550 1523 1618 dignatur.
1546 1547 1753 1602 Secun-

170 1649 298 1701 dum
320 1646 585 1716 judicium
616 1652 764 1696 tuum
790 1636 1000 1696 viviﬁca
1038 1657 1142 1705 me,
1174 1640 1217 1694 li
1247 1656 1314 1695 ne
1344 1639 1653 1695 inveniatur
1698 1639 1752 1694 in

170 1752 258 1791 me
290 1736 433 1804 quod
456 1734 725 1803 judicium
751 1733 941 1787 mortis
978 1740 1241 1795 assumat,
1273 1729 1318 1786 C
1347 1732 1470 1800 quia
1513 1745 1612 1785 nec
1636 1731 1753 1784 sine

1855 559 1953 624 bit,
1980 573 2080 613 nec
2123 573 2211 613 res
2242 558 2346 611 ulla
2386 559 2671 613 subvertit.
2718 557 2927 612 iudicia
2953 572 3085 612 vero
3130 556 3218 610 illa
3248 566 3425 627 putat,

1853 651 2071 721 quando
2096 650 2345 704 dicetur:
2380 650 2589 710 V'enite.
2620 648 2889 703 benedicti
2929 648 3107 702 Patris
3140 647 3266 712 rnei,
3292 656 3423 712 etc.,

1852 746 1909 794 et
1956 758 1968 792 :
2000 740 2093 802 ite,
2141 739 2415 794 maledicti
2445 739 2498 792 in
2527 739 2704 808 ignem
2729 750 2991 793 aeternum
3032 737 3243 809 (Matth.
3275 740 3425 808 xxv).

1855 827 1980 884 llaec
2024 831 2222 899 judicia
2269 831 2321 883 in
2354 838 2615 884 aeternum
2648 829 2751 882 lixa
2782 830 3092 883 manebunt.
3120 828 3210 883 Sic
3240 830 3293 882 in
3319 842 3430 883 uno

1854 932 2013 972 versu
2041 928 2097 973 et
2140 919 2289 972 initia
2341 929 2541 972 nostra:
2580 917 2700 972 iidei
2737 927 2792 971 et
2820 918 2995 973 adhuc
3038 928 3264 972 ventura
3295 934 3429 973 con-

1856 1010 2036 1074 clusit,
2088 1012 2266 1066 omnia
2298 1012 2350 1064 in
2377 1010 2607 1065 veritate
2655 1011 2994 1079 complenda.
3027 1012 3073 1066 Α
3122 1010 3218 1065 Vel
3265 1014 3429 1068 verba

1855 1110 1947 1155 tua
1976 1118 2004 1155 a
2037 1103 2265 1156 veritate
2294 1112 2381 1156 tua
2420 1111 2623 1157 mterna
2672 1102 2989 1171 procedunt,
3020 1111 3073 1157 et
3116 1102 3188 1157 ita
3237 1118 3427 1158 eorum

1854 1192 2177 1262 principium
2206 1200 2289 1246 est
2326 1194 2547 1247 veritas.
2578 1192 2643 1246 Et
2679 1193 2935 1261 quoniam
2983 1192 3052 1245 ab
3082 1192 3171 1246 illa
3198 1194 3430 1248 vc-itate

1854 1284 2192 1351 procedunt,
2243 1283 2455 1337 veracia
2509 1291 2635 1337 sunt
2684 1292 2738 1336 et
2792 1282 3059 1336 neminem
3110 1281 3321 1337 fallunt.
3365 1284 3432 1337 Et

1854 1373 2109 1441 quoniam
2135 1372 2405 1426 neminem
2452 1370 2662 1434 fallunt,
2706 1380 2758 1425 et
2792 1372 2871 1424 eis
2916 1371 3293 1440 pronuntiatur
3336 1370 3428 1440 ju-

1855 1461 1995 1516 dicia
2030 1461 2255 1529 jnstitia:
2297 1472 2421 1525 tute,
2454 1462 2661 1517 scilicet
2693 1462 2798 1515 vita
2842 1461 3010 1532 justo,
3045 1475 3200 1530 paena
3246 1462 3431 1531 impio.

1855 1553 1910 1608 in
1947 1563 2207 1607 trternum
2260 1561 2420 1608 erunt
2468 1554 2566 1608 ista
2609 1552 2810 1622 judicia
2859 1552 3085 1621 justitite
3133 1560 3235 1607 tum
3280 1566 3434 1617 vera,

1855 1652 1912 1698 et
1937 1644 2231 1696 manebunt
2260 1643 2312 1696 in
2342 1650 2626 1705 arternum,
2660 1641 2735 1704 hi,
2776 1641 2831 1696 in
2862 1641 3001 1705 vita,
3038 1641 3144 1705 isti,
3173 1641 3226 1695 in
3253 1655 3433 1711 poena.

2019 1746 2383 1788 Αιωωιεκτῠιι
2433 1746 2768 1796 εερυειςτιυι
2825 1745 2966 1787 οῦτο
3015 1746 3283 1787 γειιευυκ.

168 1826 370 1897 judicio
391 1825 705 1888 miseretur,
724 1838 823 1877 nec
847 1822 963 1878 sine
987 1822 1377 1885 misericordia,
1389 1820 1613 1888 judicat.
1631 1820 1753 1875 ideo
1782 1816 1829 1876 Β
1924 1823 1967 1880 C
2005 1823 2046 1877 Β
2086 1824 2408 1879 Sanctorum
2449 1836 2623 1879 cattus
2650 1824 3055 1893 persecutiones
3102 1823 3437 1879 sumentium

180 1917 399 1985 quando
430 1915 723 1970 miseretur
742 1912 979 1982 judicat,
1022 1922 1078 1968 et
1100 1912 1317 1983 quando
1351 1913 1560 1983 judicat
1588 1913 1753 1967 mise-

174 2018 346 2062 retur.

174 2100 274 2153 157
314 2096 471 2151 Multi
495 2098 586 2167 qui
625 2106 1006 2167 persequuntur
1033 2113 1114 2151 me
1138 2105 1188 2151 et
1224 2095 1476 2151 tribulant
1514 2110 1597 2151 me

313 2190 356 2242 A
379 2187 691 2241 testimoniis
731 2188 834 2241 tuis
862 2203 966 2241 non
997 2185 1274 2240 declinari.

243 2276 287 2332 C
332 2275 531 2330 Narrat
578 2278 726 2330 enim
764 2275 990 2344 injurias
1021 2276 1135 2331 sive
1165 2274 1593 2344 persecutiones,
1617 2275 1758 2330 unde

172 2382 436 2422 numerus
492 2366 788 2422 electorum
842 2367 1079 2430 crescit,
1135 2381 1322 2420 verum
1378 2366 1521 2421 inter
1574 2366 1757 2422 omnia

173 2458 487 2513 nullatenus
526 2473 586 2513 se
625 2471 658 2512 a
701 2457 1028 2513 testimoniis
1065 2457 1157 2512 Dei
1196 2456 1495 2513 declinasse
1530 2465 1759 2514 testatus

178 2560 286 2607 est.

177 2640 281 2694 158
326 2638 445 2694 Vidi
480 2640 889 2710 prtevarirantcs
932 2649 979 2694 et
1009 2638 1328 2693 tabescebam
1356 2654 1377 2694 .'

319 2730 458 2795 Quia
484 2730 692 2800 eloquia
721 2741 811 2783 tua
840 2747 941 2783 non
980 2731 1357 2784 custodierunt.

247 2817 290 2872 C
328 2818 454 2873 Vidi
494 2819 704 2888 aliquos
731 2819 784 2872 in
828 2820 1293 2888 persecutionibus
1342 2816 1501 2873 fidem
1530 2856 1547 2882 ,
1595 2831 1758 2889 quant

174 2917 488 2972 tenuerunt,
536 2912 893 2979 almegantes.
943 2910 1095 2977 Quod
1144 2912 1340 2965 cohors
1381 2919 1567 2965 sancta
1618 2911 1759 2979 aSpio

177 3002 325 3056 ciens
362 3000 723 3070 alﬂigebatur,
760 3000 946 3055 dolens
974 3016 1031 3055 se
1062 3001 1238 3055 socios
1282 3000 1401 3053 lidci
1432 3000 1755 3069 perdidisse;

178 3092 270 3146 sed
300 3092 443 3145 unde
469 3090 778 3145 tabescebat
808 3091 1067 3155 ostendit,
1096 3091 1219 3158 quia
1249 3089 1631 3159 praevaricator
1665 3104 1759 3143 ne-

179 3198 445 3253 quaquam
478 3184 687 3251 cloquia
717 3182 1020 3251 evangelica
1056 3182 1581 3247 custodivit,scilicet
1610 3198 1624 3237 :
1663 3181 1761 3249 Qui

174 3276 601 3343 perseveraverit
622 3289 794 3343 usque
821 3273 871 3326 in
907 3273 1066 3327 linem
1094 3272 1183 3327 hic
1206 3272 1385 3326 salvus
1411 3274 1513 3327 erit
1542 3272 1758 3345 (Matth.

176 3365 266 3435 ι).
296 3363 339 3417 Η
372 3364 468 3419 Vel
493 3363 659 3419 Judaei
686 3365 1126 3435 prmvariealores
1146 3364 1394 3433 sunt,qui
1421 3364 1673 3419 dixerunt
1694 3365 1761 3419 ad

175 3454 397 3526 Moysen
434 3474 449 3509 :
477 3456 666 3512 Omnia
700 3470 1037 3526 quascunque
1080 3456 1280 3509 dixerit
1308 3456 1564 3511 Dominus
1592 3455 1759 3511 facie-

175 3562 294 3601 mus
316 3547 521 3617 (Exod.
553 3547 703 3618 xxiv)
734 3562 751 3599 ξ
790 3556 843 3601 et
869 3562 975 3600 non
1008 3545 1268 3601 fecerunt.
1298 3546 1364 3600 Et
1390 3561 1503 3610 nos,
1546 3546 1599 3600 in
1630 3546 1762 3617 bap-

176 3638 336 3692 tismo
390 3638 599 3693 diabolo
645 3647 701 3691 et
749 3639 1003 3708 operibus
1061 3636 1179 3706 ejus
1237 3638 1649 3703 renuntiantes,
1707 3650 1763 3694 et

172 3727 485 3782 renuntiata
535 3726 813 3795 facientes,
849 3727 1264 3797 prmvaricautes
1294 3742 1501 3782 sumus.
1540 3727 1617 3782 De
1654 3744 1762 3799 quo

177 3819 350 3871 sancti
385 3818 736 3873 vehementer
772 3817 974 3872 dolent.

179 3905 277 3961 159
331 3905 458 3959 Vide
492 3910 741 3976 quoniam
769 3908 1019 3962 mandata
1053 3917 1144 3962 tua
1170 3908 1352 3975 dilexi,
1387 3907 1654 3964 Domine:

318 3998 390 4053 In
422 4000 788 4055 misericordia
817 4009 909 4052 tua
956 3999 1157 4068 virifica
1194 4017 1293 4055 me.

248 4094 289 4151 C
327 4094 474 4151 Bene
528 4096 678 4158 dicit,
714 4094 877 4149 dilexi
923 4096 1210 4162 mandata,
1260 4096 1467 4151 scilicet
1514 4098 1759 4168 martyrii

178 4201 367 4257 ptenas
406 4203 577 4259 usque
602 4189 666 4242 ad
700 4197 931 4242 mortem
956 4187 1300 4257 perferendo,
1331 4191 1590 4245 Dominus
1612 4191 1757 4246 enim

184 4279 487 4334 animorum
535 4280 829 4349 qualitates
856 4280 1064 4349 gratius
1100 4282 1320 4351 respicit
1349 4298 1511 4351 quam
1555 4282 1760 4337 crucia-

185 4375 295 4421 tum
332 4369 534 4424 carnis.
563 4368 794 4438 Oportet
832 4383 963 4439 ergo
1014 4369 1235 4424 hilarem
1276 4381 1565 4443 martyrem
1618 4390 1755 4429 esse.

186 4455 371 4512 Merito
394 4473 528 4527 ergo
556 4456 937 4512 vivilicandum
969 4473 1026 4512 se
1061 4459 1279 4528 petebat
1316 4460 1372 4513 in
1402 4460 1557 4514 beata
1589 4462 1696 4517 vita
1726 4479 1754 4517 a

184 4543 430 4611 Domino,
466 4548 558 4617 qui
584 4547 753 4601 vitam
782 4546 941 4617 hujus
962 4548 1142 4603 smculi
1173 4564 1274 4618 pro
1317 4564 1445 4605 vera
1494 4550 1757 4619 religione

182 4645 606 4707 contempserat.

187 4726 283 4781 160
316 4727 646 4797 Principium
669 4728 944 4782 verborum
973 4737 1181 4784 tuorum
1213 4733 1401 4787 veritas
1429 4745 1449 4785 :

319 4818 390 4873 In
431 4829 689 4874 teternum
723 4820 899 4873 omnia
926 4820 1137 4889 judicia
1157 4821 1381 4892 justitite
1409 4836 1535 4879 tute.

249 4910 446 4966 Clllud
477 4910 828 4980 principium,
875 4910 1007 4965 mihi
1037 4900 1250 4967 videtur
1295 4914 1604 4981 signiﬁcare
1652 4916 1756 4971 ini—

187 5002 314 5057 tium
338 4990 750 5071 Scripturarum
781 5001 1110 5068 divinarum,
1144 5003 1371 5059 scilicet.
1404 5005 1461 5060 in
1496 5006 1759 5079 principio

190 5097 386 5151 creavit
417 5095 565 5151 Deus
595 5088 794 5149 ctelum
832 5104 888 5150 et
933 5102 1155 5151 terram.
1186 5096 1318 5153 illud
1364 5100 1532 5164 enim,
1564 5103 1761 5168 pninci-

1853 1932 1955 1988 pro
1995 1918 2260 1972 charitate
2306 1917 2519 1971 Domini
2561 1917 2661 1971 sibi
2719 1916 2852 1972 dicit
2898 1931 3020 1971 esse
3078 1916 3437 1986 gratissimas.

1851 2008 1920 2074 Β,
1951 2011 2141 2064 dentes
2165 2019 2365 2075 autem,
2406 2024 2543 2079 quos
2583 2008 2741 2078 hujus
2773 2008 2967 2064 litterae
3010 2023 3205 2063 nomen
3250 2009 3440 2077 expri-

1855 2101 1955 2155 mit
1984 2101 2066 2155 vel
2092 2110 2406 2156 sanctorum
2439 2101 2697 2171 intelligo,
2728 2103 2819 2170 qui
2865 2100 3151 2155 Dominum
3196 2098 3438 2166 laudant,

1856 2192 1938 2247 vel
1960 2203 2388 2261 persecutorum,
2414 2194 2481 2249 de
2507 2194 2702 2262 quibus
2731 2193 2964 2248 dicitur:
2988 2192 3108 2247 Filii
3134 2190 3436 2257 hominum,

1857 2283 2045 2339 dentes
2075 2299 2262 2340 eorum
2293 2300 2444 2338 arma
2476 2294 2530 2339 et
2573 2285 2793 2355 sagitta.

2387 2372 2430 2425 ll
2461 2371 2502 2426 Β
2540 2371 2659 2436 Sin,
2698 2374 2899 2428 dentes.

1858 2465 1954 2521 161
1997 2462 2270 2535 Principes
2295 2466 2551 2535 persecuti
2576 2475 2697 2519 sunt
2719 2482 2800 2520 me
2827 2466 2991 2536 gratis
3020 2484 3040 2523 :

1999 2556 2067 2611 Et
2090 2575 2123 2611 a
2152 2557 2316 2612 verbis
2347 2558 2448 2611 tuis
2476 2555 2771 2625 formidavit
2796 2573 2888 2611 cor
2916 2571 3111 2610 meum.

1927 2649 1971 2705 Ο
2004 2648 2317 2718 Principes,
2351 2648 2439 2702 hic
2463 2656 2842 2716 persecutores
2871 2647 3129 2702 debemus
3157 2646 3402 2715 accipere
3427 2664 3440 2709 ί

1857 2739 1940 2796 sic
1972 2739 2116 2793 enim
2164 2748 2220 2794 et
2262 2737 2538 2792 diabolum
2582 2737 2880 2806 principem
2910 2736 3176 2803 dicimus,
3210 2737 3302 2806 qui
3335 2734 3443 2793 sibi

1857 2832 2147 2901 primatum
2214 2829 2267 2882 in
2322 2828 2619 2883 sceleribus
2658 2827 2971 2881 vindicavit.
3025 2826 3244 2890 Gratis,
3306 2827 3433 2897 quis

1859 2920 2033 2975 sancti
2063 2929 2332 2990 martyres
2362 2934 2463 2973 nec
2509 2919 2588 2974 eis
2635 2918 2836 2972 tributa
2865 2918 2983 2973 dari
3014 2916 3440 2989 prohibuerunt,

1860 3024 1960 3065 nec
1984 3008 2346 3065 obedientiam
2378 3007 2794 3070 subtraxerunt,
2822 3020 3009 3060 verum
3035 3006 3199 3060 etiam
3235 3020 3337 3074 pro
3362 3007 3443 3060 eis

1865 3107 2182 3154 oraverunl.
2212 3098 2287 3153 illi
2316 3112 2529 3167 quoque
2560 3112 2665 3152 non
2698 3098 2948 3151 timentes
2974 3110 3161 3151 eorum
3191 3111 3446 3165 persecu-

1789 3160 1836 3225 θ
1868 3192 2068 3246 tionem
2088 3230 2103 3255 ,
2133 3190 2229 3245 Dei
2262 3160 2627 3244 formidabant
2661 3189 2938 3258 przeterire
2968 3160 3234 3258 praecepta
3257 3225 3273 3253 ,
3303 3185 3445 3240 unde

1865 3282 2046 3337 subdit
2074 3301 2086 3335 :
2120 3282 2188 3337 Et
2215 3296 2245 3334 a
2273 3280 2450 3335 verbis
2472 3279 2580 3335 tuis
2606 3278 2935 3334 formidavit.
2977 3279 3019 3333 ll
3058 3279 3441 3333 Formidavita

1863 3374 2032 3429 verbo
2064 3372 2155 3429 illo
2176 3413 2191 3437 ,
2219 3387 2325 3441 quo
2355 3372 2431 3426 ait
2466 3389 2478 3425 :
2514 3370 2615 3438 Qui
2641 3385 2727 3425 me
2754 3369 3031 3440 negaverit
3055 3384 3239 3424 coram
3271 3368 3444 3423 homi-

1863 3463 2053 3529 nibus,
2094 3464 2303 3534 negabo
2337 3471 2392 3516 et
2423 3477 2548 3517 eum
2594 3477 2777 3517 coram
2808 3461 2967 3516 Patre
3004 3475 3125 3516 meo
3155 3461 3306 3530 (Luc.
3337 3461 3437 3531 ts).

1864 3554 1967 3611 162
2002 3554 2245 3610 Ltctabor
2269 3571 2362 3625 ego
2389 3571 2546 3623 super
2571 3553 2776 3624 eloquia
2802 3563 2895 3606 tua
2927 3568 2946 3607 :

2005 3644 2151 3699 Sicut
2180 3647 2269 3716 qui
2298 3645 2492 3698 invenit
2514 3643 2682 3712 spolia
2711 3642 2897 3696 multa.

1934 3732 1974 3788 C
2014 3732 2130 3803 Ipse
2161 3734 2391 3801 denique
2441 3732 2672 3801 populus
2702 3729 3044 3786 Christianus
3080 3731 3291 3786 laztatus
3327 3739 3442 3796 est,

1864 3831 2118 3893 tanquam
2160 3824 2249 3892 qui
2300 3823 2505 3877 invenit
2548 3823 2721 3892 spolia
2753 3822 2954 3888 multa,
2985 3823 3201 3892 quando
3228 3821 3441 3892 eloquia

1862 3916 1957 3971 Dei
1998 3913 2200 3970 ludatis
2229 3931 2334 3969 non
2361 3914 2741 3980 credentibus,
2776 3917 2840 3969 ad
2872 3916 3159 3971 utilitatem
3208 3917 3439 3985 proprhe

1862 4007 2055 4061 salutis
2076 4047 2089 4069 ,
2123 4007 2342 4076 eripuit.
2375 4006 2596 4075 Eloquia
2627 4021 2843 4075 quoque
2871 4016 2998 4062 sunt
3026 4006 3119 4061 Dei
3160 4006 3201 4060 ll
3243 4006 3443 4075 quibus

1863 4097 2004 4151 dixit
2039 4116 2051 4151 :
2085 4096 2217 4151 Cum
2248 4112 2343 4151 vos
2380 4106 2795 4166 persequentur,
2820 4106 2877 4152 et
2906 4097 3227 4151 maledicent
3247 4137 3261 4159 ,
3286 4104 3341 4150 et
3361 4096 3443 4149 di-

1859 4197 1984 4242 cent
2008 4201 2168 4242 omne
2214 4186 2415 4240 malum
2435 4188 2720 4239 adversum
2741 4200 2836 4240 vos
2860 4185 3184 4239 mentientes
3207 4191 3436 4254 propter

1862 4292 1948 4332 me
1972 4276 2167 4348 gaudet
2192 4272 2405 4345 (Matth.
2434 4276 2511 4344 v).
2547 4275 2613 4329 Et
2638 4282 2809 4337 totum
2839 4274 3188 4341 Evangelium
3219 4274 3433 4345 eloquia

1858 4369 1952 4423 Dei
1978 4377 2096 4423 sunt
2120 4408 2135 4432 ,
2173 4367 2214 4422 Ο
2254 4376 2309 4421 et
2337 4380 2528 4420 omnes
2559 4380 2728 4420 sacrm
2758 4364 3168 4419 admonitiones.

1863 4456 1965 4513 165
2002 4456 2342 4526 lniquitatem
2369 4456 2490 4509 odio
2518 4455 2678 4509 habui
2701 4464 2750 4508 et
2780 4454 3109 4509 abominatus
3136 4470 3249 4508 sum
3277 4470 3295 4509 :

1999 4547 2183 4617 Legem
2214 4557 2386 4601 autem
2413 4557 2558 4600 tuam
2588 4546 2772 4602 dilexi.

1931 4637 1972 4692 C
2013 4638 2152 4692 Dicit
2175 4653 2233 4693 se
2259 4638 2439 4692 odisse
2470 4636 2811 4707 iniquitatem
2836 4676 2851 4703 ,
2877 4635 3023 4705 quod
3070 4636 3156 4692 fas
3189 4645 3305 4702 est,
3340 4652 3443 4692 non

1861 4731 2135 4786 hominem
2160 4731 2437 4801 iniquum;
2463 4738 2624 4799 atque
2645 4745 2767 4785 eam
2789 4732 2870 4785 sic
2892 4730 3261 4785 abominatum
3279 4728 3448 4785 fuisse

1862 4831 1922 4877 ut
1952 4823 2108 4893 longe
2134 4824 2383 4878 redderet
2401 4838 2520 4878 eam
2548 4836 2580 4877 a
2607 4836 2665 4878 se
2688 4824 2922 4879 alienam
2942 4861 2957 4886 ,
2985 4832 3257 4891 quatenus
3277 4822 3446 4891 legem

1862 4912 1962 4969 Dei
1996 4912 2235 4983 perfecta
2267 4914 2544 4968 voluntate
2573 4912 2844 4983 diligeret.

1864 5005 1970 5063 164
2011 5004 2210 5073 Septies
2236 5008 2289 5060 in
2316 5006 2400 5058 die
2427 5004 2635 5058 laudem
2665 5006 2781 5060 dimi
2810 5000 2931 5057 tibi:

2008 5091 2181 5163 Super
2203 5096 2408 5164 judicia
2425 5094 2650 5163 justitite
2688 5105 2817 5150 tutu.
