3994 5370
560 161 667 218 m
985 205 1009 238 ,

1495 161 1550 222 8.
1593 164 1944 224 ΒιιυΝοΝιε
1985 161 2530 220 llERBIPOLENSlS
2561 161 2868 221 EPISCOPI

563 291 724 335 omne
750 285 959 348 tempus
986 277 1282 348 significat,
1315 285 1374 332 ut
1415 288 1500 334 est
1537 279 1739 336 dictum
1767 281 1892 336 alibi
1923 301 1936 334 :
1971 282 2136 338 bene—
2167 289 2216 349 Α
2243 283 2434 348 ruerit,
2477 282 2550 337 nil
2582 282 2722 337 ultra
2761 297 3003 352 quturere
3032 280 3271 339 habebit.
3301 281 3470 353 ipsius
3495 289 3582 340 est
3607 281 3827 353 signum

562 367 738 423 dicam
762 367 1048 422 Dominum
1075 368 1221 424 omni
1252 379 1494 440 tempore
1521 371 1694 442 (Psal.
1721 374 1936 445 χχχιιι).
1963 373 2140 443 Super

555 457 794 530 judicia,
833 458 873 514 C
908 459 1033 529 quia
1079 461 1250 530 parcit
1282 461 1530 518 videlicet
1566 464 1928 534 supplicanti,
1959 476 2014 521 et
2059 467 2138 522 sic

558 549 680 617 pius
707 547 999 604 humilibus
1027 560 1109 605 est
1140 559 1198 604 ut
1226 566 1332 606 non
1360 551 1536 607 solum
1560 553 1746 623 culpas
1767 554 2023 621 dimittat,
2044 556 2139 612 sed

557 639 722 695 etiam
748 641 968 710 praemia
996 651 1201 697 aeterna
1229 644 1309 698 cis
1336 643 1616 715 largiatur.

559 731 662 787 165
700 730 820 786 Pax
844 733 1009 789 multa
1039 735 1372 804 diligentibus
1401 737 1562 807 legent
1594 748 1737 793 luant
1770 755 1791 795 :

699 823 768 877 Et
797 840 900 878 non
926 833 1000 878 est
1029 825 1134 880 illis
1157 826 1491 881 scandalum.

626 913 668 970 'C
707 915 818 969 Pax
851 915 1016 970 multa
1037 958 1052 984 ,
1083 917 1294 972 scilicet
1342 919 1572 986 mentis,
1609 929 1664 976 et
1698 923 1906 992 puritas
1935 933 1990 979 et
2018 924 2140 981 lidei

556 1005 741 1076 capia,
779 1005 1047 1062 Caeterum
1079 1007 1519 1065 tribulationibus
1556 1010 1607 1065 in
1646 1011 1750 1067 hoc
1784 1015 1984 1069 mundo
2015 1015 2144 1071 sub-

541 1096 699 1167 jacet
727 1096 817 1168 qui
850 1097 1023 1166 legem
1052 1097 1228 1168 diligit
1254 1108 1309 1155 et
1336 1115 1395 1156 se
1427 1101 1682 1157 famulum
1714 1104 1804 1158 Dei
1833 1105 2139 1174 proﬁtetur,

556 1187 613 1242 in
644 1187 839 1258 quibus
867 1189 1160 1259 tranquilla
1189 1199 1368 1246 mente
1397 1201 1602 1248 manet.
1643 1193 1683 1247 Α
1727 1195 1794 1249 Ει
1831 1211 1936 1251 non
1968 1206 2050 1252 est
2078 1198 2142 1252 il-

556 1276 628 1332 lis
656 1278 974 1334 scandalum
995 1319 1009 1346 ,
1043 1280 1253 1336 scilicet
1276 1281 1361 1336 lex
1394 1284 1518 1350 Dei,
1551 1285 1603 1339 id
1629 1294 1714 1340 est
1738 1302 1845 1342 non
1872 1289 2141 1344 scandali-

558 1376 752 1421 zantur
800 1368 853 1423 in
903 1369 1058 1441 lege,
1103 1371 1195 1426 ubi
1223 1386 1341 1428 eam
1389 1389 1495 1428 non
1552 1375 1887 1446 intelligunt,
1937 1380 2145 1435 scilicet

555 1457 738 1527 potius
767 1473 1116 1528 venerantur,
1146 1471 1202 1519 et
1231 1478 1291 1518 se
1328 1479 1434 1520 non
1468 1466 1771 1538 intelligere
1799 1479 1856 1524 et
1887 1487 2143 1542 magnum

545 1548 759 1620 aliquid
788 1550 957 1608 latere
988 1553 1058 1609 ibi
1087 1555 1378 1611 afﬁrmant.
1426 1557 1536 1615 Nec
1565 1561 1728 1616 etiam
1759 1573 1843 1618 est
1870 1565 2144 1634 diligenti-

2240 388 2350 442 quo
2378 375 2641 443 redempti
2673 375 2918 428 canimus
2944 391 2957 428 :
2997 373 3278 446 Signatum
3313 385 3399 431 est
3421 391 3588 447 super
3609 390 3709 430 nos
3737 374 3830 428 lu-

2240 478 2360 519 men
2394 463 2572 518 vultus
2599 464 2692 527 tui,
2727 465 2972 519 Domine.

2482 555 2525 610 ll
2546 556 2586 610 Β
2619 555 2766 610 Thau
2787 570 2807 608 .'
2838 558 3062 627 signum,
3101 555 3178 611 rel
3207 557 3608 612 consummatio.

2241 643 2343 700 169
2379 644 2764 716 Appropinquet
2796 647 3108 715 deprecatio
3146 663 3260 701 mea
3296 648 3349 702 in
3389 658 3662 717 conspectu
3703 658 3800 702 tuo

2453 724 2674 779 Domine
2694 743 2712 780 :

2381 801 2546 856 Juxta
2571 803 2830 874 eloquium
2863 813 3006 858 tuum
3036 805 3103 858 da
3132 805 3260 858 mihi
3291 805 3624 861 intellectum.

2311 892 2352 949 C
2396 894 2530 949 Cum
2563 897 2696 966 petit
2738 897 2933 952 cohors
2973 906 3282 953 sanctorum
3323 900 3628 954 orationem
3673 916 3830 955 suam

2241 988 2551 1057 conspectui
2583 988 2862 1044 Dominico
2898 991 3291 1059 propinquare,
3322 991 3560 1046 ostendit
3599 993 3832 1046 multum

2241 1091 2362 1130 esse
2392 1077 2548 1148 longe
2580 1079 2647 1134 ab
2678 1080 2864 1134 eodem
2906 1082 3016 1136 Deo
3063 1083 3403 1152 praesentiam
3447 1093 3835 1152 peccatorum,

2242 1168 2496 1237 quoniam
2543 1169 2615 1224 illi
2659 1171 2802 1225 nulla
2849 1170 2983 1227 liunt
3020 1175 3296 1242 proxima,
3329 1174 3432 1228 nisi
3467 1191 3586 1244 qum
3617 1175 3838 1229 fuerunt

2242 1260 2534 1314 sanctitate
2566 1272 2814 1332 purgata.
2859 1263 3004 1318 Petit
3049 1263 3231 1334 itaque
3271 1274 3330 1318 ut
3375 1266 3673 1320 secundum
3717 1265 3836 1318 elc-

2242 1349 2428 1419 quium
2451 1349 2544 1404 Dei
2569 1351 2763 1420 sapiat,
2784 1367 2851 1407 ne
2871 1353 3109 1408 vanitate
3130 1365 3186 1408 et
3206 1356 3558 1424 perversitate
3581 1356 3838 1410 humana

2243 1441 2542 1510 prudentiae.
2572 1442 2972 1514 submergatur.
3001 1445 3047 1499 A
3079 1444 3172 1498 Vel
3202 1446 3496 1500 secundum
3525 1445 3836 1517 eloquium,

2244 1532 2296 1586 id
2323 1540 2407 1587 est
2438 1533 2794 1603 promissum;
2825 1536 3076 1606 promisit
3117 1537 3262 1592 enim
3293 1556 3308 1593 :
3348 1538 3686 1593 Intellectum
3730 1539 3836 1595 tibi

550 1640 658 1696 bus
689 1639 784 1696 Dei
813 1641 984 1714 legem
1021 1646 1336 1702 scandalum
1366 1651 1630 1720 quidquid
1663 1653 1912 1710 homines
1942 1621 2137 1726 agant,
2170 1654 2217 1714 B
2245 1621 2465 1726 fabae}
2499 1622 2766 1726 ξιιξιηῃω
2807 1635 2858 1680 ιθ
3315 1627 3357 1682 n
3402 1629 3477 1682 Da
3509 1629 3639 1726 mi.“
3671 1629 3840 1699 igitur

551 1731 610 1787 id
639 1743 721 1789 est
745 1749 850 1790 non
881 1738 1316 1794 scandalizantur
1348 1741 1402 1796 in
1444 1743 1603 1799 malis
1646 1745 1924 1802 hominum
1967 1748 2142 1819 operi-

554 1823 689 1891 bus,
723 1835 779 1881 ut
805 1829 1033 1896 cadant,
1065 1833 1228 1887 etiam
1257 1834 1303 1889 si
1339 1835 1625 1906 religiosos
1648 1853 1875 1909 peccare
1902 1841 2140 1909 videant,

555 1916 658 1986 ipsi
692 1931 798 1973 non
837 1934 1085 1992 peccant.

558 2006 661 2064 166
699 2010 1081 2081 Exspectabam
1107 2016 1342 2073 salutare
1367 2029 1537 2088 tuum,
1558 2021 1780 2080 Domine
1803 2041 1824 2081 .'

698 2101 768 2157 Et
799 2108 1052 2162 mandata
1087 2121 1176 2164 (tta
1199 2111 1380 2168 dilexi.

623 2193 670 2248 Α
711 2194 752 2250 C
789 2194 1498 2268 Exspectabautadvcntum
1525 2208 1726 2266 Christi
1754 2214 1926 2269 sancti
1954 2225 2143 2286 patres

553 2289 756 2344 veteris
799 2290 950 2361 legis.
989 2293 1056 2348 Et
1103 2297 1358 2352 mandata
1409 2298 1526 2368 ejus
1571 2302 1907 2374 dilexerunt,
1957 2309 2010 2363 id
2058 2317 2143 2364 est

552 2380 723 2436 Deum
767 2391 821 2438 et
852 2386 1156 2454 proximum
1187 2388 1506 2460 diligebant.
1555 2393 1890 2466 Exspectant
1931 2409 1984 2454 et
2009 2400 2143 2471 justi

546 2486 708 2526 novae
731 2471 900 2544 legis,
932 2476 1226 2532 salutarem
1257 2479 1458 2536 Christi
1491 2486 1790 2542 secundum
1825 2489 2141 2559 adventum,

543 2569 614 2614 ~ut
639 2576 824 2618 secum
860 2565 912 2618 in
959 2566 1129 2637 gloria
1161 2581 1511 2627 coronentur.
1543 2575 1838 2646 Exspectat
1867 2593 1998 2650 ergo
2030 2589 2143 2638 tota

553 2649 794 2706 Ecclesia
816 2693 830 2716 ,
858 2669 978 2723 qua:
1007 2656 1098 2710 Dei
1127 2659 1380 2715 mandata
1412 2662 1612 2736 diligit,
1633 2665 1818 2722 Jesum
1851 2649 2141 2728 Dominum

555 2737 793 2796 salutare
823 2745 1084 2800 omnium.

555 2828 658 2884 167
694 2831 984 2889 Custodivit
1016 2839 1196 2894 anima
1223 2857 1337 2897 mea
1366 2843 1664 2902 testimonia
1695 2857 1787 2903 tua
1820 2865 1838 2904 :

694 2921 765 2976 Et
793 2924 974 2979 dilexit
1005 2943 1066 2982 ea
1096 2931 1439 2990 vehementer.

612 3011 664 3067 ἐ]
703 3011 1039 3081 Custodivit,
1087 3019 1152 3073 ad
1201 3021 1542 3079 tolerantiam
1588 3029 1825 3096 pertinet
1865 3037 2131 3105 martyrii.
2163 3007 2211 3072 ο

549 3102 597 3158 Δ
633 3104 1028 3163 Custodiuutur
1058 3111 1202 3165 enim
1238 3112 1329 3168 Dei
1365 3117 1670 3174 testimonia
1692 3161 1706 3183 ,
1753 3123 1879 3178 dum
1911 3102 2022 3180 non
2045 3141 2140 3182 ue-

548 3206 748 3267 gautur
779 3216 792 3252 :
821 3199 925 3254 hoc
948 3209 1032 3256 est
1059 3212 1358 3275 martyrum
1387 3209 1639 3266 ollicium.
1685 3213 1726 3268 C
1766 3215 1936 3271 Dilexi
1957 3258 1972 3282 ,
2014 3235 2142 3276 vero

547 3287 624 3342 ad
654 3289 976 3346 cbaritatcm
1025 3295 1294 3364 pertinet,
1329 3303 1615 3357 tormentis
1657 3307 1910 3364 omnibus
1952 3308 2144 3367 fortio-

547 3393 703 3447 rem,
737 3397 859 3452 quae
887 3383 1133 3441 ﬂammas
1163 3389 1362 3456 vincit,
1411 3393 1618 3462 gladios
1659 3408 1913 3467 superat,
1943 3411 1998 3457 et
2031 3419 2146 3460 caa-

550 3466 675 3528 lesti
706 3471 908 3528 virtute
939 3485 1134 3531 cuncta
1165 3484 1523 3538 transcendit.
1573 3484 1696 3541 ideo
1729 3466 1952 3557 autem,
1981 3495 2143 3549 vehe-

551 3577 784 3633 menter,
815 3565 944 3626 dicit
965 3614 979 3636 .
1009 3569 1136 3642 quia
1163 3571 1402 3646 perlecta
1434 3577 1653 3640 dilectio
1691 3599 1805 3640 non
1835 3585 2000 3645 habet
2028 3605 2143 3647 mo-

551 3658 713 3725 dum,
742 3663 835 3717 sed
864 3666 1030 3720 totius
1060 3668 1224 3724 animi
1259 3671 1468 3728 nisibus
1496 3677 1820 3746 explicatur,
1854 3680 1928 3736 ita
1954 3693 2014 3736 ut
2040 3698 2143 3740 nec

554 3759 799 3822 tempore
828 3754 1013 3824 aliquo
1039 3767 1250 3825 cesset,
1280 3776 1380 3816 nec
1407 3766 1573 3820 animi
1605 3776 1824 3839 torpore
1854 3771 2138 3830 lentescat.

553 3843 658 3899 168
696 3843 908 3902 Servavi
935 3851 1187 3906 mandata
1220 3863 1312 3908 tua
1341 3865 1390 3910 et
1422 3859 1720 3915 testimonia
1748 3873 1840 3919 tua

699 3937 840 4005 Quia
869 3957 1046 3997 omnes
1075 3945 1172 3999 vita
1200 3964 1330 4003 mea:
1355 3950 1410 4004 in
1439 3965 1714 4023 conspectu
1745 3967 1853 4012 tuo.

628 4031 674 4086 ll
716 4031 910 4088 Servat
945 4037 1197 4092 mandata
1243 4050 1300 4096 et
1349 4044 1698 4114 testimonia,
1745 4050 1837 4119 qui
1881 4050 1998 4108 vias
2044 4053 2139 4111 Del

553 4129 708 4175 recto
737 4136 894 4178 cursu
926 4125 1144 4194 incedit,
1170 4146 1268 4185 nec
1298 4132 1591 4202 quidquam
1614 4137 1666 4191 in
1692 4148 1839 4206 actu,
1863 4143 1946 4197 vel
1972 4144 2136 4212 dicto,

561 4218 655 4263 aut
681 4212 918 4281 cogitatu
948 4216 1092 4286 agit,
1118 4221 1261 4288 quod
1317 4221 1496 4277 divina
1561 4231 2021 4300 contemplatione
2047 4235 2142 4290 ha-

559 4296 750 4352 beatur
779 4301 1076 4371 indignum.
1107 4307 1240 4373 Quia
1270 4326 1460 4367 omnes
1507 4317 1608 4369 vize
1639 4296 1803 4384 mete;
1848 4320 1889 4375 C
1929 4323 2050 4378 ideo
2080 4339 2140 4380 se

558 4387 691 4442 dicit
726 4403 970 4447 servasse
1019 4397 1304 4464 mandata,
1341 4403 1466 4470 quia
1515 4420 1705 4462 omnes
1750 4410 1864 4466 vias
1893 4413 2010 4484 ejus
2056 4415 2138 4470 di-

557 4486 754 4546 gnatus
783 4488 867 4534 est
895 4481 1152 4540 Dominus
1189 4487 1498 4559 intendere,
1531 4506 1590 4548 ut
1620 4512 1724 4552 non
1757 4501 1870 4556 suis
1900 4481 2138 4572 viribus,

558 4568 755 4624 divina:
803 4575 1058 4640 potentia:
1107 4591 1262 4632 suum
1325 4597 1484 4651 posse
1533 4585 1836 4654 deputaret.
1889 4568 2145 4652 Fuissent

557 4660 701 4715 etaim
731 4663 831 4718 via:
857 4662 973 4732 ejus
1003 4673 1169 4722 caeca"
1197 4681 1358 4726 nocte
1401 4675 1674 4742 centusse,
1711 4680 1811 4735 nisi
1845 4697 2034 4740 verum
2067 4688 2147 4744 lu-

560 4765 684 4806 men
715 4767 810 4808 eas
837 4755 1151 4825 dignaretur
1180 4762 1441 4833 aspicere.
1483 4765 1722 4839 Negatur
1749 4787 1878 4843 ergo
1905 4776 1952 4829 ei
1990 4792 2141 4834 erro-

560 4859 674 4899 rem
702 4849 997 4916 prtevalere
1024 4854 1263 4922 potuisse
1307 4858 1397 4928 qui
1444 4873 1502 4914 se
1543 4862 1828 4932 prolitetur
1873 4870 2143 4940 reSpicere

562 4945 838 4994 auctorem
867 4941 1104 4999 luminis.

760 5049 1122 5093 ARGUMENTUI
1151 5055 1483 5105 SEQUENTIUH
1513 5062 1649 5104 OCTO
1673 5064 1937 5110 VEBSUUH.

633 5121 675 5178 (Ξ
715 5123 755 5177 Β
795 5125 1116 5185 Sanctorum
1144 5133 1343 5190 chorus
1373 5149 1634 5206 quantum
1666 5143 1730 5196 ad
1765 5142 1920 5200 linem
1951 5147 2146 5218 psalmi

553 5212 770 5271 vicinus
790 5231 889 5285 cst,
926 5230 1131 5278 tantum
1165 5240 1221 5281 sc
1255 5226 1474 5286 Christo
1514 5232 1783 5290 desiderat
1812 5239 2106 5306 proximari
2127 5280 2144 5304 .

564 5311 724 5370 alQIIe
768 5309 886 5367 ideo
917 5314 1209 5370 adventum
1246 5321 1458 5370 Domini
1505 5322 1800 5370 Salvalnrie
1831 5329 2145 5370 rlncirlnmnu

2246 1709 2406 1764 talem
2436 1710 2788 1774 intellectum,
2821 1726 2880 1770 ut
2909 1715 3042 1768 nihil
3082 1716 3227 1771 aliud
3253 1733 3415 1788 quam
3450 1718 3598 1787 quod
3622 1727 3839 1789 operta

2244 1815 2486 1856 exorem.
2509 1801 2548 1858 C
2578 1803 2693 1859 Non
2721 1805 2864 1860 enim
2889 1806 3222 1862 intellectum
3249 1810 3582 1864 mundanum
3611 1811 3762 1881 petit.

2246 1889 2350 1944 ΠΟ
2387 1891 2557 1946 Intret
2585 1893 2870 1963 postulatio
2903 1913 3016 1950 mea
3045 1897 3097 1951 in
3128 1908 3402 1969 conspectu
3432 1908 3554 1952 tuo:

2386 1982 2686 2038 Secundum
2711 1984 2971 2056 eloquium
3002 1996 3148 2042 tuum
3176 1989 3315 2058 eripe
3349 2005 3451 2044 me.

2316 2070 2358 2128 C
2395 2071 2674 2128 Gradatim
2701 2077 2945 2131 ascendit
2971 2088 3161 2132 sancta
3193 2079 3412 2148 petitio;
3441 2095 3565 2132 nam
3595 2079 3688 2150 qui
3713 2089 3837 2134 ante

2245 2164 2494 2219 dixerat:
2550 2169 2979 2238 appropinquet,
3030 2186 3173 2226 nunc
3224 2170 3395 2225 dicit:
3435 2171 3645 2237 intret,
3692 2174 3838 2244 prius

2242 2257 2387 2312 enim
2416 2255 2596 2313 fuerat
2617 2267 2676 2312 ut
2702 2261 3179 2330 appropinquaret,
3209 2263 3403 2318 deinde
3427 2272 3489 2317 ut
3515 2263 3585 2317 ad
3613 2279 3839 2334 conspe-

2243 2353 2392 2400 ctum
2448 2345 2542 2401 Dei
2596 2347 2803 2403 intrare
2849 2351 3143 2420 potuisset,
3196 2364 3468 2424 quatenus
3512 2356 3699 2409 omnia
3735 2368 3839 2424 per

2243 2435 2418 2506 ipsius
2446 2437 2676 2506 gratiam
2716 2456 3108 2511 cognoscamus
3139 2444 3373 2515 impleri,
3405 2454 3460 2500 et
3492 2445 3634 2500 nihil
3666 2447 3835 2516 appli-

2246 2541 2431 2582 cemus
2463 2528 2711 2586 humanae
2737 2532 2946 2598 virtuti,
2975 2544 3028 2589 et
3052 2535 3144 2605 qui
3171 2549 3294 2590 ante
3325 2536 3498 2590 dixit:
3542 2538 3832 2593 secundum

2243 2617 2518 2687 eloquium
2565 2629 2711 2674 tuum
2740 2621 2806 2676 da
2837 2623 3171 2679 intellectum
3191 2666 3206 2690 ,
3244 2625 3330 2681 hic
3358 2627 3490 2681 dicit
3517 2645 3531 2679 :
3575 2629 3731 2697 eripe
3757 2641 3837 2682 me

2244 2708 2433 2776 etiam,
2463 2710 2670 2768 scilicet
2705 2715 3003 2770 secundum
3029 2715 3279 2773 alfectum
3298 2759 3312 2785 ,
3341 2726 3402 2773 ut
3425 2734 3674 2790 superna
3697 2722 3834 2776 desi-

2248 2800 2455 2858 derem.

2250 2891 2346 2948 l'll
2390 2893 2717 2950 Eructabunt
2745 2895 2885 2952 labia
2917 2916 3029 2954 mea
3057 2901 3306 2972 hymnum
3329 2919 3349 2958 :

2385 2987 2516 3040 Cum
2545 2988 2782 3044 docueris
2810 3008 2890 3045 me
2904 2994 3312 3062 justiﬁcationes
3332 3007 3472 3052 tuas.

2321 3075 2363 3132 C
2403 3075 2729 3132 Eructabunt
2767 3079 2906 3135 labia
2934 3083 3218 3153 hymnum,
3258 3088 3475 3156 quando
3507 3086 3721 3158 Spiritu
3753 3082 3835 3143 Dei

2248 3167 2452 3238 repleta
2480 3181 2636 3235 sunt,
2663 3181 2715 3224 et
2746 3174 2810 3227 ad
2841 3188 3133 3244 supernum
3175 3179 3501 3234 intellectum
3533 3182 3837 3252 disponitur

2245 3271 2427 3312 sermo
2476 3273 2669 3314 sensus
2713 3261 2903 3317 divini.
2951 3263 3084 3319 Cum
3134 3267 3384 3322 docueris
3431 3283 3541 3335 me,
3575 3273 3839 3341 promittit

2245 3345 2386 3398 enim
2418 3345 2646 3416 gratiam
2671 3362 2781 3401 suae
2807 3348 3108 3404 devotionis
3133 3367 3254 3408 cum
3299 3355 3510 3408 Domini
3554 3359 3699 3412 dona
3726 3373 3840 3410 sus-

2247 3435 2468 3504 ceperit.
2496 3434 2540 3489 ll
2572 3435 2628 3490 Si
2661 3436 2804 3492 enim
2834 3454 2930 3508 per
2958 3455 3150 3509 puram
3175 3443 3568 3500 conscientiam
3598 3456 3837 3502 reserata

2245 3521 2452 3578 fuerint
2483 3539 2513 3576 a
2540 3535 2591 3579 te
2619 3525 2758 3580 labia
2801 3542 2920 3582 mea
2951 3538 3079 3585 tunc
3111 3533 3329 3603 dignum
3360 3533 3693 3592 laudationis
3717 3553 3839 3608 pro.

2251 3611 2441 3670 ferunt.
2461 3615 2748 3687 hymnum.

2244 3705 2349 3761 172
2387 3704 2760 3763 Pronuntiabit
2789 3709 2972 3782 lingua
3000 3729 3112 3767 mea
3149 3713 3413 3785 eloquium
3442 3724 3595 3772 tuum
3619 3737 3642 3776 ε

2387 3795 2526 3861 Quia
2551 3801 2725 3877 omnia
2749 3803 3000 3858 mandata
3034 3815 3125 3859 tua
3151 3809 3386 3878 a'quitas.

2319 3885 2361 3942 C
2390 3885 2534 3942 Nihil
2561 3897 2644 3943 est
2672 3891 2816 3945 enim
2847 3893 2992 3948 aliud
3038 3896 3090 3950 in
3131 3896 3359 3968 eloquiis
3390 3900 3529 3965 tuis,
3580 3901 3837 3968 Domine,

2247 3979 2351 4033 nisi
2385 3995 2489 4049 pax
2516 3990 2570 4035 ct
2594 3983 2855 4052 :equitas,
2882 3996 2937 4040 et
2964 3987 3094 4042 vita.
3124 3988 3238 4046 Hoc
3270 3993 3433 4048 corde
3465 3995 3714 4063 credam,
3742 3997 3839 4052 hoc

2249 4067 2408 4124 labiis
2436 4069 2646 4141 loquar,
2680 4073 2780 4128 hoc
2812 4075 2988 4146 lingua
3020 4081 3382 4149 pronuntiem.
3415 4081 3455 4137 C
3488 4082 3666 4142 Nimis
3698 4088 3837 4141 enim

2251 4160 2518 4233 culpabile
2567 4173 2684 4229 est,
2731 4166 2935 4224 relictis
2981 4171 3176 4228 divinis
3205 4172 3468 4243 eloquiis,
3519 4177 3589 4232 ad
3636 4178 3840 4249 ineptas

2255 4253 2440 4308 mundi
2474 4254 2683 4310 fabulas
2707 4266 2761 4311 ct
2788 4259 2960 4315 otiosa
2989 4263 3150 4318 verba
3181 4267 3433 4330 transire,
3465 4282 3588 4337 qua:
3623 4286 3730 4325 non
3758 4285 3839 4325 so-

2251 4344 2362 4401 lum
2415 4362 2520 4403 non
2568 4359 2830 4419 prosunt,
2876 4354 2972 4408 sed
2999 4363 3054 4411 et
3077 4357 3294 4423 obsunt,
3322 4358 3554 4414 Domino
3583 4361 3835 4418 dicente:

2245 4438 2322 4493 De
2371 4440 2517 4493 omni
2566 4441 2733 4516 verbo
2780 4443 2956 4500 otioso
3004 4447 3230 4503 reddent
3276 4451 3524 4507 homines
3574 4453 3836 4509 rationem

2244 4529 2466 4598 (Matth.
2496 4531 2616 4594 xu).

2251 4620 2354 4675 175
2394 4619 2517 4676 Fiat
2546 4641 2732 4679 manus
2759 4635 2850 4681 tua
2875 4638 2929 4682 ut
2958 4630 3118 4684 salvet
3149 4647 3262 4686 me:

2397 4709 2661 4774 Quoniam
2696 4717 2946 4772 mandata
2976 4728 3066 4772 tua
3093 4720 3244 4791 elegi.

2320 4795 2361 4852 C
2393 4798 2527 4854 Dum
2564 4802 2716 4869 dicit,
2745 4805 2840 4860 ﬁat
2869 4824 3060 4865 manus
3092 4818 3181 4865 tua
3203 4852 3220 4879 ,
3267 4811 3514 4884 designat
3554 4814 3836 4872 Dominum

2251 4885 2755 4972 Salvatorem,per
2783 4910 2941 4964 quem
2975 4896 3117 4952 facta
3147 4909 3272 4954 sunt
3313 4909 3368 4955 et
3410 4914 3684 4972 reguntur
3724 4906 3837 4959 uni—

2250 4965 2428 5031 versa.
2467 4971 2709 5036 Postulat
2741 4999 2872 5053 ergo
2906 4987 3095 5044 venire
3141 4990 3423 5045 Dominum
3471 4965 3834 5051 Salvatorem.

2254 5063 2406 5132 Quod
2433 5077 2611 5122 autem
2641 5071 2790 5138 dicit,
2817 5075 2952 5145 elegi
2980 5079 3235 5133 mandata
3266 5087 3374 5144 tua,
3399 5083 3588 5136 omnia
3621 5101 3682 5140 se
3707 5087 3839 5156 peric

2251 5154 2374 5209 cula
2401 5169 2622 5226 propter
2648 5175 2890 5218 amorem
2924 5167 3014 5221 Dei
3050 5171 3420 5240 postposuisse
3455 5181 3711 5230 testatur.

2249 5243 2351 5298 174
2383 5243 2665 5316 Concupivi
2688 5253 2922 5309 salutare
2947 5267 3113 5322 tuum,
3156 5261 3412 5318 Domine:

2403 5335 2462 5370 Fr
2491 5337 2572 5370 Ιηιν
2602 5350 2688 5370 η...

2713 5348 2894 5370 ...Α-13.-
2913 5351 2972 5370 ..'.
