3994 5370
177 317 278 374 m

176 537 241 577 ea
272 520 433 575 video
461 535 622 590 quem
655 527 934 590 exspecto.

176 612 281 668 I75
334 610 476 666 Vivet
507 613 684 665 anima
712 629 822 666 mea
845 621 892 664 et
923 611 1162 666 laudabit
1191 621 1239 667 te
1259 629 1279 667 .°

319 701 389 755 Et
403 702 611 772 judicia
636 711 727 756 tua
748 702 1072 772 adjuvabunt
1096 719 1195 758 me.

243 811 286 867 C
317 811 650 867 Promittens
681 812 920 869 Ecclesia
953 815 1190 870 animam
1222 830 1372 871 suam
1405 815 1459 871 in
1495 826 1759 873 :eternum

171 903 378 969 vivere,
402 919 565 974 quam
591 913 817 960 noverat
839 905 1145 961 salutariter
1173 908 1756 975 credidisse,laudabo,

170 995 370 1062 inquit,
405 1005 457 1050 te
484 995 696 1051 cantico
722 995 928 1051 scilicet
953 1011 1114 1062 novo,
1144 997 1286 1067 quod
1315 997 1477 1052 homo
1504 998 1593 1052 ille
1616 999 1760 1054 salu-

172 1086 362 1140 tariter
391 1085 681 1141 innovatus
704 1102 898 1143 canere
917 1087 1095 1143 debet.
1118 1087 1330 1144 Iudicia
1357 1105 1487 1146 vero
1514 1091 1601 1158 illa
1628 1092 1760 1148 dicit

173 1190 232 1231 se
258 1176 541 1246 adjuvare,
574 1193 694 1247 quae
718 1192 776 1234 se
801 1179 855 1234 in
879 1178 1094 1234 famulis
1120 1180 1232 1235 suis
1261 1180 1527 1235 facturum
1559 1184 1758 1252 promi-

169 1268 260 1334 sit,
294 1270 538 1324 scilicet:
581 1271 806 1336 Venite,
854 1271 1120 1327 benedicti
1167 1272 1365 1328 Patris.
1417 1273 1568 1330 Tunc
1611 1276 1756 1330 enim

168 1361 406 1429 perfecte
429 1363 608 1417 credit
632 1378 690 1419 se
717 1363 1098 1434 adjuvandum,
1129 1367 1344 1435 quando
1365 1368 1468 1422 erit
1484 1367 1754 1436 justorum

172 1467 431 1508 numerus
453 1456 522 1510 ad
551 1456 826 1512 dexteram
852 1455 1216 1514 collocandus.

172 1565 275 1620 176
312 1565 504 1622 Erravi
529 1568 663 1622 sicut
692 1571 800 1624 ovis
827 1587 942 1641 qua:
967 1572 1119 1640 periit
1145 1589 1164 1628 :

310 1656 504 1722 ρατιονε
541 1676 742 1714 servum
762 1670 930 1728 tuum,
957 1663 1079 1732 quia
1109 1663 1358 1718 mandata
1381 1674 1469 1719 tua
1507 1685 1609 1722 non
1633 1686 1750 1724 sum

382 1749 602 1804 oblitus.

1383 311 1744 372 EXPOSITIO
1781 313 2239 376 PSALMORUM.
2973 351 2998 386 ο

177 430 306 487 Ideo
341 431 489 485 enim
518 428 689 499 legem
719 434 865 484 tuam
891 439 1105 498 semper
1133 426 1399 494 meditor,
1427 428 1680 497 quoniam
1708 426 1760 481 in
1791 431 1836 491 Α
1867 427 1892 480 ι

3326 329 3428 386 us

2008 428 2090 482 Ad
2119 427 2393 486 Dominum
2419 449 2534 487 cum
2555 435 2838 492 tribularer
2859 436 3078 494 clamavi

2000 517 2070 573 Et
2097 521 2358 574 exaudivit
2381 539 2481 577 me.

1933 604 1974 661 C
2000 606 2214 664 Primus
2254 610 2431 680 itaque
2469 615 2670 683 gradus
2709 616 2969 671 virtutum
3000 618 3209 690 incipit,
3242 621 3294 678 in
3325 639 3434 694 quo

1861 694 2126 768 Propheta
2156 701 2496 758 confessione
2531 706 2859 777 lacrymabili
2888 710 3022 777 petit
3053 726 3112 766 se
3157 713 3222 768 de
3247 717 3434 773 mundi

1859 785 2016 842 istius
2057 789 2400 846 tribulatione
2443 793 2677 849 liberari.
2711 796 3051 869 Quapropter
3099 809 3155 856 et
3190 805 3434 862 auditum

1858 894 1918 933 se
1941 881 2089 943 dicit,
2132 883 2387 951 quoniam
2420 886 2472 938 in
2507 887 2852 945 tribulatione
2874 891 3145 948 clamavit.
3175 894 3435 954 Dominus

1858 969 2001 1024 enim
2057 971 2227 1025 nescit
2272 972 2506 1039 dilferre,
2539 993 2697 1046 quem
2746 993 3070 1050 compuncto
3123 987 3283 1040 corde
3328 988 3434 1043 sibi

1858 1061 2088 1114 senserit
2133 1062 2458 1132 supplicare.
2492 1067 2621 1134 Qua:
2671 1085 2798 1126 vero
2843 1074 2913 1127 sit
2945 1074 3238 1139 tribulatio,
3272 1093 3300 1132 a
3326 1095 3433 1149 qua

1857 1163 1915 1203 se
1942 1149 2161 1206 liberari
2192 1155 2348 1223 petit,
2381 1156 2671 1214 subditur:
2707 1159 2954 1231 Domine,
2981 1163 3149 1221 libera
3193 1169 3433 1224 animam

1855 1256 2052 1306 meam,
2079 1251 2183 1299 εις.

1853 1353 1889 1408 2
1993 1355 2214 1411 Domine
2246 1356 2408 1414 libera
2437 1379 2668 1418 animam
2695 1382 2864 1422 meam
2890 1385 2921 1422 a
2949 1368 3102 1425 labiis
3127 1371 3318 1442 iniquis
3336 1389 3357 1427 :

1995 1461 2054 1503 οε-
2095 1447 2160 1502 Et
2195 1451 2212 1520 ξ
2247 1469 2278 1504 a
2307 1451 2485 1523 lingua
2523 1456 2727 1512 dolosa.

1925 1535 1966 1591 C
2001 1537 2144 1593 Petit
2172 1557 2228 1596 se
2257 1542 2472 1598 liberari
2496 1545 2762 1617 Propheta
2783 1591 2797 1615 ,
2835 1550 2902 1606 ab
2931 1553 3130 1623 iniquis
3156 1559 3426 1614 suasioni-

1850 1631 1972 1699 bus,
2003 1638 2142 1692 unde
2182 1639 2472 1696 humanum
2519 1660 2687 1716 genus
2720 1651 2920 1706 corrui.
2973 1651 3126 1717 Nam,
3161 1672 3280 1712 cum
3343 1674 3436 1716 ve-

1851 1725 2023 1780 nisset
2077 1743 2300 1799 serpens
2345 1735 2411 1788 ad
2458 1735 2658 1806 Evam,
2700 1742 2835 1796 dixit
2879 1759 2975 1813 per
3019 1745 3158 1802 labia
3203 1750 3431 1820 iniqua:

2169 1796 2181 1799 _
2643 1796 2657 1806 ,
2879 1796 2892 1813 ,
2924 1796 2964 1800 ρ
3019 1796 3158 1802 ---_._
3203 1796 3384 1820 -.η-ν...
3417 1796 3430 1807 .

239 1838 284 1894 C
304 1796 846 1899 Vos—illavEcclesiac
873 1850 956 1899 est
984 1853 1038 1900 et
1061 1844 1302 1902 omnium
1329 1847 1646 1916 electorum,
1678 1853 1749 1908 si-
1779 1796 1823 1855 Β
1851 1813 1962 1916 τ
1984 1833 2088 1872 non
2115 1824 2445 1916 majlduccﬁs
2467 1827 2532 1884 de
2561 1828 2663 1885 hoc
2693 1831 2834 1900 ligno
2866 1834 3021 1904 (Gem
3057 1841 3163 1898 "'i'
3191 1840 3434 1913 cumq“

169 1940 264 1986 cut
293 1939 347 1985 et
385 1939 529 1988 totus
560 1933 798 2002 psalmus
837 1935 957 1991 iste.
994 1937 1086 1992 Ait
1110 1939 1252 1993 enim
1284 1940 1372 1995 ille
1398 1941 1558 1998 homo
1585 1959 1750 2016 gene-

170 2020 322 2088 ralis,
347 2023 439 2092 qui
463 2023 517 2076 in
539 2025 712 2080 Adam
739 2035 1042 2092 erraverat,
1064 2037 1118 2082 et
1142 2031 1206 2084 ad
1237 2033 1420 2088 caulas
1452 2035 1543 2088 Dei
1569 2051 1666 2106 per
1693 2053 1750 2092 se

169 2113 348 2167 redire
392 2129 500 2168 non
527 2124 761 2185 poterat,
787 2118 1039 2186 quoniam
1070 2134 1266 2176 munus
1314 2123 1443 2179 illud
1474 2126 1751 2196 sapientia:

168 2203 484 2272 perdiderat
543 2206 684 2274 quod
728 2207 989 2263 habebat:
1023 2207 1211 2264 Erravi
1239 2212 1418 2281 quasi,
1469 2229 1500 2267 a
1541 2215 1624 2269 via
1660 2225 1750 2271 tua

168 2294 417 2360 discessi,
440 2305 495 2350 et
515 2297 766 2352 vitiorum
795 2299 968 2356 invias
989 2302 1302 2359 solitudines
1331 2321 1506 2362 cmcus
1531 2307 1745 2364 intravi.

169 2382 324 2438 Sicut
349 2387 488 2451 ovis,
515 2389 634 2443 ovis
691 2389 793 2445 ista
843 2393 1002 2446 unica
1051 2403 1134 2448 est
1165 2405 1480 2450 cunctorum
1513 2397 1748 2454 fidelium

169 2479 536 2546 congregatio.
581 2479 647 2532 Et
677 2481 813 2536 bene
844 2482 1044 2537 dictum
1086 2493 1203 2550 est,
1240 2501 1361 2556 quze
1400 2489 1656 2557 perierat,
1691 2500 1752 2546 ut

167 2579 498 2634 agnosceres
522 2569 667 2624 illam
697 2572 1067 2629 misericordia
1097 2575 1190 2630 Dei
1216 2575 1383 2632 fuisse
1415 2589 1746 2648 reparatam.

168 2657 381 2725 Qumre,
411 2660 629 2717 Christo
656 2663 884 2720 Domino
905 2666 1124 2732 dicitur,
1148 2671 1406 2738 quoniam
1435 2679 1487 2726 te
1513 2673 1746 2729 humana

169 2748 515 2807 imbecillitas
546 2770 650 2809 non
684 2765 862 2826 potest
911 2761 1246 2830 perquirere.
1279 2762 1512 2818 Additur
1538 2781 1750 2836 quoque

168 2841 540 2910 requisitionis
589 2860 750 2900 causa
785 2861 799 2900 :
841 2850 966 2917 quia
1006 2853 1296 2919 mandata,
1328 2863 1459 2921 etc.;
1493 2857 1746 2925 quoniam

166 2928 270 2986 iste
293 2930 438 3000 juste
475 2936 774 3007 requiritur
797 2939 887 3008 qui
915 2941 1166 2997 mandata
1209 2941 1304 3000 Dei
1346 2963 1454 3002 non
1490 2947 1750 3018 probatur

161 3022 383 3080 oblitus.

617 3137 817 3178 οκιτιο
844 3141 909 3180 ει
935 3141 1081 3181 ρεΑι.
1113 3143 1297 3208 CXVIII.

236 3227 419 3283 Palma
456 3231 622 3288 totius
656 3234 1022 3304 beatitudinis,
1059 3241 1220 3305 Deus,
1266 3241 1355 3310 qui
1395 3242 1574 3298 fideles
1603 3251 1742 3311 tuos,

166 3326 226 3371 ut
262 3318 314 3371 in
342 3319 458 3389 lege
491 3329 578 3376 tua
603 3325 907 3392 ambulent,
938 3331 1246 3384 testimonia
1294 3341 1382 3385 tua
1413 3342 1744 3399 scrutentur,

166 3411 420 3465 mandata
452 3417 758 3470 custodiant
785 3419 1017 3475 salubris
1040 3424 1286 3491 pr0visor
1311 3423 1590 3491 informas,
1618 3443 1749 3482 con-

164 3501 296 3554 cede
336 3502 495 3557 nobis
518 3502 934 3570 justilicationes
976 3521 1094 3566 tuas
1121 3521 1231 3568 toto
1271 3515 1433 3569 corde
1479 3532 1742 3585 quaerere,

167 3587 379 3659 eloquia
415 3593 712 3665 intelligere
737 3637 752 3660 ,
791 3599 1055 3655 mirabilia
1087 3605 1381 3671 prmdicare
1408 3614 1465 3659 ut
1494 3607 1582 3675 qui
1613 3607 1745 3662 hac-

170 3686 327 3734 tenus
384 3683 540 3750 quasi
585 3687 808 3754 perdita:
852 3704 981 3746 oves
1025 3694 1322 3748 erravimus
1363 3695 1465 3750 tuis
1517 3697 1621 3766 piis
1648 3699 1746 3751 hu-

168 3769 334 3823 meris
357 3773 594 3827 restituti
637 3778 890 3846 paradiso
918 3780 1226 3850 gloriemur.
1269 3783 1368 3852 Qui
1399 3785 1537 3843 vivis
1579 3797 1633 3843 et
1661 3803 1746 3844 re-

169 3873 327 3929 gnas,
350 3871 456 3918 etc.

687 3984 1005 4045 PSALMUS
1042 3991 1226 4047 CXIX.

595 4112 954 4156 ARGUMENTUH
995 4119 1140 4160 PSAL.
1171 4122 1316 4162 CXIX.

234 4201 274 4254 (ἰ
303 4203 344 4257 Β
372 4203 596 4262 Cantica
628 4211 893 4280 graduum
935 4217 1142 4272 cantica
1182 4220 1556 4277 ascensionum
1593 4234 1740 4290 sunt,

160 4292 357 4359 quibus
381 4297 448 4351 ad
477 4313 710 4368 superna
734 4307 1130 4360 conscenditur.
1159 4308 1425 4378 Propheta
1455 4312 1650 4368 clamat
1673 4317 1738 4370 ad

166 4382 469 4452 Dominum,
504 4399 566 4444 ut
611 4391 873 4448 liberetur
910 4398 978 4452 ab
1013 4397 1230 4466 iniquis,
1285 4403 1736 4475 vehementerque

165 4467 413 4540 afﬂigitur
435 4480 599 4544 quod,
633 4480 685 4534 in
737 4481 839 4537 hac
869 4484 978 4538 vita
1011 4486 1212 4542 diutius
1239 4503 1599 4562 commorans,
1632 4510 1738 4549 ma-
1771 4505 1816 4566 D

162 4556 333 4614 lorum
365 4567 717 4632 permistione
746 4582 1132 4643 pra‘gravatur.

584 4681 694 4736 TT.
729 4681 1001 4740 Canticum
1027 4690 1306 4759 graduum.

227 4785 268 4840 (ἶ
299 4784 431 4842 Novi
474 4790 694 4859 quidem
737 4795 875 4851 tituli
925 4807 980 4852 ct
1037 4801 1314 4859 mirabiles
1362 4805 1729 4866 inchoantur:

160 4873 436 4932 Canticum
469 4883 755 4949 graduum.
799 4887 930 4942 Cum
982 4891 1181 4960 gradus
1208 4895 1452 4952 audimus
1483 4898 1536 4953 in
1588 4901 1734 4970 psal-

165 4965 282 5029 mis,
308 4982 415 5021 non
441 4973 721 5039 corporeis
751 4977 1023 5044 gressibus
1049 4982 1382 5050 suspicemur
1404 4987 1732 5060 subeundos,

165 5058 251 5110 sed
282 5062 482 5115 mentis
523 5065 851 5133 accipiamus
903 5084 1206 5128 ascensum.
1255 5076 1379 5132 Ideo
1416 5081 1558 5134 enim
1596 5099 1734 5154 pra)-

163 5147 381 5203 missum
413 5160 498 5205 est
523 5155 820 5225 canticum,
851 5169 911 5214 ut
949 5161 1055 5216 hoc
1100 5165 1276 5232 potius
1297 5167 1363 5222 ad
1393 5147 1734 5245 animaa'pro-

162 5247 366 5293 vectum
398 5242 674 5312 applicare
718 5248 1028 5306 debeamus.
1052 5252 1120 5309 Et
1165 5258 1359 5326 gradus
1397 5261 1485 5316 isti
1516 5242 1733 5324 humili-

162 5338 278 5370 Ialm
309 5343 432 5370 cnnl
469 5351 723 5370 ncnnncn:

795 5358 1026 5370 ﬂllﬁ-Ilm
1073 5359 1276 5370 ,ιι-Μ---

1852 1903 1938 1958 illa
1971 1911 2338 1978 respondisset
2386 1930 2415 1968 a
2467 1919 2575 1974 Deo
2615 1921 2781 1978 fuisse
2819 1903 3170 1992 prohibitum.
3216 1933 3291 1986 ait
3338 1903 3436 2003 per

1851 1994 2086 2066 linguam
2107 2000 2374 2059 dolosam:
2398 2006 2712 2067 Manducate
2735 2023 2788 2068 et
2807 2016 2956 2071 eritis
2977 1994 3427 2096 suamutrum).

1861 2104 1898 2160 3
2007 2108 2150 2174 Quid
2169 2114 2321 2167 detur
2342 2118 2436 2170 tibi
2457 2130 2547 2173 aut
2572 2124 2698 2192 quill
2719 2138 3014 2196 apponatur
3042 2131 3171 2186 tibi:

1995 2199 2074 2254 Ad
2095 2202 2324 2272 linguam
2347 2208 2622 2264 dolosam?

1920 2286 1961 2342 C
1993 2289 2301 2348 Revertitur
2336 2294 2604 2366 Propheta
2643 2303 2708 2355 ad
2739 2304 3218 2379 interrogationem
3245 2329 3427 2370 suam.

1849 2377 2053 2444 Qurerit
2077 2392 2266 2439 contra
2293 2386 2501 2444 facinus
2545 2401 2650 2446 tam
2685 2395 3132 2457 immanissimum
3165 2407 3321 2473 quale
3353 2425 3434 2464 re-

1851 2471 2086 2526 medium
2114 2475 2212 2530 sibi
2252 2479 2499 2534 crederet
2522 2496 2640 2537 esse
2662 2491 3046 2555 praestandum,
3073 2471 3192 2558 sed,
3227 2510 3294 2549 ne
3321 2505 3432 2550 Iar-

1849 2559 2003 2617 daret
2027 2565 2229 2621 Christi
2253 2570 2532 2638 auxilium,
2565 2575 2828 2633 medicina
2855 2581 3102 2650 sequitur
3126 2587 3424 2654 postulata,

1849 2665 2006 2708 versu
2030 2659 2272 2727 sequenti
2299 2677 2313 2714 :
3103 2669 3109 2676 ’

1848 2762 1884 2818 4
1995 2764 2211 2838 Sagitta:
2243 2774 2462 2838 potentis
2493 2785 2661 2830 acutte
2683 2791 2702 2829 .‘

1988 2855 2117 2912 Cum
2144 2861 2452 2917 carbonibus
2482 2866 2833 2924 desolatoriis.

1919 2944 1960 2999 C
1984 2946 2122 3002 Ecce
2155 2949 2281 3004 illud
2325 2955 2618 3012 remedium
2649 2959 2854 3014 invenit
2887 2964 3026 3032 quod
3052 2965 3195 3022 labia
3236 2968 3424 3042 iniqua

1850 3035 2093 3092 deStruat
2120 3057 2132 3092 :
2165 3039 2385 3112 Sagittae
2405 3049 2644 3114 potentis
2664 3060 2851 3118 acutae,
2879 3056 3041 3110 verba
3071 3068 3196 3112 sunt
3227 3035 3424 3118 divi-na

1773 3155 1818 3217 C
1849 3129 2002 3201 legis,
2046 3135 2241 3202 quibus
2283 3140 2444 3193 corda
2485 3141 2882 3200 adversantium
2915 3148 3058 3202 velut
3101 3151 3424 3221 quibusdam

1843 3223 2038 3292 jaculis
2075 3225 2489 3283 transforantur.
2518 3232 2793 3289 Carbones
2825 3237 3129 3295 desolatorii
3149 3281 3163 3305 ,
3195 3242 3299 3297 hoc
3342 3253 3429 3300 cst

1849 3315 2007 3386 digne
2050 3322 2499 3388 compunctionis,
2530 3339 2648 3394 quae
2683 3328 3024 3386 solitudinem
3071 3343 3127 3388 et
3172 3336 3424 3393 devasta-

1850 3405 2047 3461 tionem
2074 3408 2525 3468 etdesolationem
2552 3413 2602 3468 in
2627 3426 2803 3471 mcntc
2826 3417 2954 3474 facit
2976 3435 3340 3494 peccatorum,
3371 3437 3428 3484 et

1846 3505 2040 3567 purgat
2087 3499 2309 3554 livorem
2359 3514 2724 3572 peccatorum.
2753 3509 2794 3563 A
2841 3509 2959 3577 Vel,
3009 3517 3304 3587 carbones,
3335 3521 3423 3576 isti

1846 3595 1974 3640 sunt
1993 3589 2316 3658 exemplaris
2338 3592 2442 3645 vita
2483 3605 2813 3653 sanctorum.

1846 3696 1880 3753 5
1989 3699 2093 3754 Hei
2121 3702 2289 3756 mihi!
2319 3705 2440 3774 quia
2467 3706 2723 3764 incolatu:
2752 3729 2892 3767 meus
2922 3715 3261 3789 prolongata:
3299 3731 3374 3777 est
3401 3740 3422 3791 ,'

2055 3793 2286 3848 babitavi
2316 3812 2433 3848 cum
2463 3797 2815 3856 habitantibus
2843 3802 3050 3861 Cedar:

1990 3881 2215 3937 Multum
2245 3885 2414 3939 incola
2440 3885 2541 3954 fuit
2571 3890 2746 3943 anima
2771 3908 2905 3948 mea.

1916 3974 1957 4030 C
1983 3975 2110 4030 Hei!
2145 3993 2324 4032 sermo
2347 3979 2576 4036 dolentis
2602 3993 2707 4048 est,
2735 3986 2877 4054 quod
2902 3987 3058 4056 hujus
3083 3993 3266 4046 mundi
3296 4009 3422 4062 pro-

1845 4065 2052 4121 lixitatc
2089 4067 2358 4139 fatigetur.
2389 4070 2559 4138 Quam
2587 4077 2864 4144 querelam
2903 4089 3119 4136 sanctos
3162 4082 3417 4141 habuisse

1843 4173 1950 4212 non
1984 4159 2204 4214 dubium
2233 4173 2334 4216 est.
2376 4162 2664 4233 Incolatus,
2716 4170 2986 4238 significat
3031 4176 3421 4244 peregrinatio-

1842 4263 1997 4314 nem;
2035 4250 2204 4305 incola
2231 4262 2314 4306 est
2342 4254 2507 4321 enim,
2545 4259 2636 4326 qui
2686 4261 2748 4313 ad
2800 4270 3008 4332 tempus
3051 4273 3250 4320 terram
3290 4270 3420 4326 colit

1843 4342 2097 4409 alienam,
2129 4352 2182 4398 et
2206 4359 2234 4398 a
2261 4347 2434 4415 patria
2467 4363 2563 4402 sua
2593 4348 2748 4420 longe
2779 4352 3078 4422 disjunctus
3128 4364 3230 4412 cst.
3261 4358 3416 4426 Quod

1843 4432 1910 4487 de
1933 4433 2038 4488 illis
2063 4434 2256 4489 merito
2277 4435 2494 4503 dicitur,
2521 4454 2747 4508 quorum
2806 4445 3143 4502 conversatio
3176 4448 3226 4502 in
3265 4451 3418 4507 cmlis

1843 4534 1927 4582 est
1974 4525 2195 4598 (Philip.
2245 4528 2347 4601 ιιι).
2405 4531 2600 4596 Cedar,
2655 4533 2973 4604 Hebrteum,
3029 4539 3419 4613 interpretatur

1843 4621 2088 4686 tenebrw,
2141 4630 2195 4678 ct
2239 4624 2505 4692 signiﬁcat
2551 4639 2874 4697 praesentem
2916 4633 3196 4699 rnundmn,
3227 4636 3278 4692 in
3308 4653 3414 4707 quo

1845 4711 2046 4766 malitia
2077 4721 2286 4783 regnat,
2313 4721 2368 4769 et
2395 4727 2664 4772 amatores
2687 4719 2855 4788 ipsius
2881 4723 3180 4781 tenebrosis
3205 4727 3418 4782 actibus

1841 4792 2383 4857 involutos.'lllultum
2416 4805 2594 4860 incola
2623 4805 2744 4875 fuit,
2770 4811 2894 4880 quia
2926 4819 3237 4868 sanctorum
3265 4829 3420 4870 mens

1843 4890 1931 4945 hic
1962 4890 2252 4946 incolatum
2280 4894 2484 4964 patitur
2512 4897 2598 4952 ubi
2625 4899 2726 4952 sub
2759 4900 2904 4956 nullo
2931 4901 3129 4969 gaudio
3173 4905 3420 4960 habitare

1839 4985 2200 5050 cognoscitur.

1838 5076 1874 5134 ‘5
1978 5077 2106 5132 Cum
2137 5078 2217 5133 liis
2237 5082 2328 5150 qui
2360 5083 2582 5138 oderunt
2612 5100 2797 5152 pacem
2824 5100 2966 5139 eram
2987 5087 3250 5155 pacificus
3278 5102 3294 5138 :

1982 5169 2110 5222 Cum
2140 5170 2388 5241 loquebar
2417 5177 2522 5229 illis
2545 5175 2922 5247 impugnabant
2948 5191 3026 5228 me
3051 5189 3118 5230 σθ-
3159 5175 3322 5249 gratis
3354 5173 3372 5241 ζ
3407 5210 3421 5223 .

1909 5258 1951 5314 C
1994 5258 2084 5312 Ille
2113 5261 2257 5315 enim
2287 5265 2404 5319 odit
2437 5279 2629 5338 pacem
2659 5271 2754 5337 qui
2782 5283 2889 5324 non
2935 5273 3080 5365 amat.
3132 5267 3440 5370 Christum;

1835 5352 1999 5370 ﬁ..-“
2042 5350 2246 5370 .___!l!-_
