3994 5370
1024 468 1222 513 οιιετιο
1255 466 1323 507 BS
1358 468 1504 509 PSH...
1545 467 1691 509 CXIX.

634 551 1063 609 Tribulationum
1091 559 1397 604 nostrarum
1418 548 1623 617 optime
1646 548 1946 619 mitigatur,
1973 547 2137 614 Deus,

561 645 731 703 libera
761 644 969 699 animas
992 642 1228 697 ﬁdelium
1252 656 1281 694 a
1306 641 1464 696 labiis
1487 640 1908 704 detrahentium,
1935 638 1987 692 in
2010 653 2144 707 quo-

563 754 684 794 rum
715 745 774 791 ut
799 733 1081 803 adiutoriis
1105 731 1439 802 spiritalibus
1464 729 1819 801 praemunita,
1854 729 2017 784 nullis
2046 729 2146 783 im-

559 829 983 903 pugnatiouibus
1007 836 1391 899 aggraventur.
1425 824 1531 879 Per
1581 822 1869 879 Dominum
1900 832 2142 878 nostrum

556 923 769 988 desum,
795 932 900 977 etc.
1470 947 1475 953 -

1098 1008 1417 1066 PSALMUS
1454 1006 1614 1063 CXX.

1001 1105 1369 1160 accensurum
1407 1117 1554 1157 esst.
1593 1116 1719 1155 cxx.

618 1200 678 1256 »ε
704 1198 1000 1269 Propheta,
1032 1197 1100 1251 ad
1131 1204 1441 1251 sanctorum
1476 1193 1667 1248 merita
1693 1191 1877 1247 oculos
1904 1191 2146 1256 elevans,

563 1293 702 1363 petit
723 1284 911 1347 eorum
945 1288 1187 1359 adjuvari
1236 1286 1508 1358 precibus,
1539 1300 1605 1340 ne
1642 1301 1795 1339 mens
1822 1283 1937 1353 ejus
1964 1283 2148 1339 hostili

565 1383 971 1456 impugnatione
1016 1380 1354 1445 succumbat,
1387 1377 1756 1433 indubitanter
1798 1376 1901 1431 sibi
1920 1375 2149 1447 promit-

566 1488 686 1533 tens
712 1475 858 1546 quod
888 1489 947 1529 se
977 1472 1184 1542 integre
1211 1470 1489 1540 postulare
1526 1467 1827 1537 cognoscit.

993 1559 1103 1616 TT.
1143 1559 1417 1614 Canticum
1442 1558 1722 1629 graduum.

628 1656 943 1722 Canticum,
969 1654 1036 1710 ad
1059 1655 1341 1710 scientiam
1389 1652 1657 1723 pertinet;
1701 1648 1965 1721 graduum
1999 1662 2147 1713 vero,

565 1751 637 1807 ad
676 1749 968 1805 actionem.
1015 1747 1107 1802 Ille
1135 1747 1278 1802 enim
1306 1744 1443 1800 bene
1475 1743 1720 1801 ambulat
1762 1743 1853 1812 qui
1883 1750 1939 1797 et
1967 1749 2152 1796 cantat

564 1858 691 1898 cum
721 1840 948 1907 scientia
991 1848 1048 1894 et
1090 1837 1426 1910 profectione
1450 1835 1733 1905 graduum,
1768 1834 1821 1888 id
1858 1843 1936 1889 est
1970 1832 2143 1889 eccle-
2175 1817 2223 1878 Β

565 1935 786 1991 siastica
816 1933 1132 2004 operatione
1158 1930 1424 2001 graditur.

607 2024 635 2079 l
708 2023 897 2080 Levavi
924 2022 1101 2076 oculos
1125 2036 1263 2074 meos
1294 2019 1348 2073 in
1374 2026 1572 2070 montes
1592 2029 1612 2068 :

712 2113 864 2169 Unde
888 2112 1052 2167 veniet
1083 2108 1342 2164 auxilium
1366 2107 1515 2161 mihi.

638 2205 682 2261 C
708 2204 787 2258 Ad
811 2203 1105 2257 secundum
1136 2199 1363 2270 gradum
1398 2195 1578 2267 justus
1629 2195 1730 2251 iste
1757 2194 1927 2260 venit,
1957 2193 2010 2248 in
2043 2207 2151 2263 quo

564 2306 690 2371 post
714 2294 973 2352 humilem
995 2301 1345 2371 peccatorum
1395 2289 1791 2345 confessionem
1821 2296 1877 2342 et
1926 2286 2154 2341 tribula~

569 2394 796 2457 tionem,
826 2404 992 2444 ausus
1017 2394 1098 2441 est
1138 2386 1319 2441 levare
1351 2384 1537 2439 oculos
1585 2383 1651 2437 ad
1696 2389 1928 2436 montes.
1958 2378 2154 2435 Oculos

566 2498 698 2541 suos
728 2482 997 2551 Propheta
1024 2478 1234 2534 levasse
1266 2492 1324 2532 se
1353 2476 1508 2540 dicit,
1540 2476 1645 2529 hoc
1682 2483 1767 2529 est
1794 2475 1861 2528 ad
1902 2482 2156 2528 contem-

564 2576 862 2652 plationem
912 2573 1149 2642 aliquam
1203 2587 1262 2625 se
1308 2568 1544 2624 ostendit
1598 2566 1771 2621 fuisse
1815 2574 2151 2635 provectum.

568 2666 923 2738 Spiritaiiter,
952 2663 1139 2718 oculos
1160 2661 1359 2726 cordis,
1392 2675 1486 2714 seu
1520 2659 1587 2712 ad
1619 2666 1836 2711 sanctos
1863 2658 2033 2719 viros,
2056 2670 2153 2708 seu

567 2762 638 2815 ad
664 2760 830 2813 libros
855 2757 1089 2820 divinos,
1112 2753 1194 2808 vel
1222 2753 1289 2805 ad
1338 2751 1599 2806 sublimes
1651 2747 1868 2817 angelos
1898 2747 2156 2801 credatur

568 2853 837 2913 elevasse,
891 2848 984 2919 qui
1040 2844 1413 2917 magnitudine
1461 2850 1516 2896 et
1571 2840 1827 2893 ﬁrmitate
1881 2853 1976 2891 sua
2026 2850 2155 2891 vere

569 2952 787 2999 montes
834 2948 981 3002 sunt,
1034 2938 1179 2991 unde
1236 2935 1400 2990 etiam
1450 2940 1763 3001 competens
1812 2937 2157 2998 exspectatur

571 3034 855 3091 auxilium.
905 3030 1011 3085 Sed
1038 3043 1106 3083 ne
1154 3026 1379 3082 forsitan
1425 3040 1574 3094 spem
1626 3013 1869 3076 nostram
1901 3020 2073 3075 solum
2102 3020 2154 3073 in

571 3136 791 3186 sanctos
834 3136 1180 3196 poneremus,
1235 3124 1629 3187 consequenter
1676 3114 1818 3169 unde
1866 3113 2022 3168 nobis
2062 3129 2153 3167 vc-

1485 339 1543 398 s.
1585 337 1934 399 BRUNONIS
1967 336 2508 398 nunBIPOLENsts
2543 337 2851 398 EPISCOPI
2898 308 2916 317 ’

3722 344 3836 403 ια

2101 488 2109 495 ι
2168 458 2218 517 Α
2245 461 2392 509 recte
2414 453 2606 517 credit,
2637 453 2744 508 erit
2782 449 3168 509 veracisslmus
3216 450 3398 520 Israel,
3429 454 3519 509 cui
3549 453 3694 513 Deus
3720 472 3835 514 non

2245 544 2557 600 dormitabit
2585 545 2896 601 custodiens
2917 560 3064 600 eum.

2244 635 2279 692 ὅ
2384 636 2642 691 Dominus
2669 632 2894 692 custodit
2925 634 2974 691 te
2997 655 3019 695 .'

2387 729 2642 784 Dominus
2665 729 2916 800 protectio
2968 739 3059 785 tua
3100 746 3258 802 super
3301 746 3518 786 manum
3562 730 3838 791 dexteram

2455 831 2622 877 luant.

2317 910 2363 965 II
2386 912 2644 967 Dominus
2678 914 2914 971 custodit
2942 922 3013 983 te,
3070 915 3184 986 ipse
3220 916 3313 986 qui
3361 917 3494 973 fecit
3547 918 3753 975 celum
3781 928 3839 977 e‘

2248 1012 2472 1068 terram,
2504 1004 2629 1073 quia
2660 1003 2756 1070 dii,
2785 1006 2876 1075 qui
2920 1021 3040 1061 eam
3072 1022 3176 1062 non
3210 1008 3482 1074 fecerunt,
3511 1019 3841 1079 pereunte:

2247 1108 2335 1149 ea.
2366 1093 2626 1150 Dominus
2654 1097 2923 1165 protectio
2970 1106 3061 1151 tua
3090 1112 3255 1168 super
3286 1115 3507 1154 manum
3557 1101 3840 1156 dexteram

2249 1196 2417 1251 tuam,
2462 1188 2549 1245 ille
2580 1198 2632 1245 te
2657 1191 2913 1261 protegit,
2961 1207 3029 1247 ne
3085 1207 3221 1261 Opus
3254 1201 3404 1246 tuum
3446 1192 3763 1257 dexterum,
3787 1194 3840 1248 id

2249 1289 2333 1336 est
2359 1282 2581 1344 bonum,
2612 1297 2737 1351 pars
2784 1282 3042 1352 impediat
3092 1283 3333 1344 inimica.
3362 1284 3414 1337 id
3454 1294 3543 1338 est
3568 1284 3836 1339 diabolus.

2250 1369 2356 1426 Per
2380 1370 2659 1426 dexteram
2683 1371 2848 1442 igitur
2865 1373 2954 1427 hic
2976 1374 3240 1444 spiritalia
3273 1374 3416 1428 bona
3436 1374 3839 1445 intelliguntur,

2251 1476 2372 1530 qua:
2400 1477 2497 1531 per
2528 1461 2768 1524 sinistra,
2827 1462 2882 1518 id
2929 1472 3014 1519 est
3070 1463 3392 1534 temporalia
3445 1464 3837 1536 impediuntur,

2251 1552 2357 1607 nisi
2395 1552 2536 1607 Dens
2561 1554 2850 1607 custodiat.

2252 1641 2287 1696 6
2400 1640 2508 1696 Per
2534 1643 2669 1697 diem
2698 1643 2777 1698 so!
2799 1659 2900 1697 non
2926 1655 3040 1700 uret
3063 1655 3112 1701 te
3135 1659 3156 1699 :

2399 1732 2581 1805 Neque
2602 1734 2727 1788 luna
2754 1752 2846 1806 per
2866 1747 3088 1792 noctem.

2320 1825 2366 1882 Il
2394 1825 2580 1883 Justus
2605 1844 2704 1883 nec
2733 1829 2787 1882 in
2814 1832 3088 1901 prosperis
3116 1831 3221 1897 uri,
3250 1832 3303 1887 id
3327 1840 3410 1888 est
3440 1832 3651 1888 elevari
3672 1832 3832 1895 valet.

2250 1935 2353 1975 nec
2381 1919 2433 1973 in
2458 1920 2702 1975 adversis
2728 1921 2883 1992 dejiei
2918 1922 3041 1977 vitze
3062 1925 3371 1993 praesentis.
3407 1924 3476 1979 Et
3520 1926 3649 1979 vide
3677 1926 3839 1989 idem,

2251 2013 2397 2084 quod
2422 2013 2473 2067 in
2499 2013 2612 2068 sole
2636 2002 2697 2067 et
2716 2012 2844 2068 luna
2866 2015 3225 2086 significatur,
3243 2032 3339 2087 per
3355 2017 3499 2072 diem
3518 2027 3843 2087 noctemque

2251 2104 2569 2176 significari.
2600 2105 2646 2158 A
2678 2105 2719 2161 C
2749 2106 2867 2172 Vel,
2925 2108 3032 2173 uri,
3083 2109 3441 2164 seandalizari
3493 2109 3839 2178 intelligitur.

2253 2194 2356 2263 Qui
2386 2195 2547 2265 igitur
2578 2210 2676 2250 nec
2705 2195 2756 2249 in
2789 2197 2944 2251 bonis
2992 2211 3091 2252 nec
3134 2198 3293 2254 malis
3345 2198 3562 2254 actibus
3612 2197 3844 2271 proximi

2252 2284 2680 2350 scandalizatur,
2709 2302 2815 2340 non
2845 2287 3022 2341 uritur
3047 2305 3148 2343 nec
3180 2290 3265 2345 die
3289 2306 3387 2344 nec
3414 2300 3605 2345 nocte.

2265 2376 2296 2430 7
2404 2376 2656 2431 Dominus
2679 2381 2902 2432 custodit
2926 2390 2974 2434 te
3003 2380 3066 2434 ab
3092 2385 3230 2436 omni
3259 2382 3398 2436 malo
3421 2399 3441 2438 :

2397 2466 2669 2522 Custodiat
2700 2470 2929 2524 animant
2960 2480 3107 2526 tuam
3144 2487 3208 2529 +
3244 2474 3497 2529 Dominus
3530 2474 3549 2545 ξ
3586 2512 3604 2528 .

2325 2556 2369 2611 II
2394 2557 2651 2614 Dominus
2674 2563 2907 2615 custodit
2931 2572 3002 2628 te,
3021 2564 3088 2620 ab
3104 2565 3356 2620 omnibus
3379 2567 3595 2622 insidiis
3616 2568 3842 2624 inimici.

2256 2647 2503 2703 Custodit
2532 2650 2792 2715 animam,
2848 2668 2914 2707 ne
2966 2654 3014 2708 ei
3058 2669 3185 2722 pars
3237 2655 3551 2711 doadnetur
3604 2659 3848 2714 adversa

2255 2741 2559 2810 potestatis.
2584 2740 2689 2796 Per
2716 2742 2915 2797 malum
2943 2744 3107 2815 igitur
3134 2747 3223 2801 hic
3249 2749 3452 2818 accipe,
3485 2765 3594 2804 non
3642 2760 3845 2821 tenipo-

2254 2830 2389 2883 ralia
2445 2832 2689 2900 corporis
2755 2832 3129 2900 incommoda,
3186 2852 3306 2906 quae
3360 2848 3640 2894 amatores
3694 2839 3850 2908 hujus

2257 2920 2438 2974 saeculi
2489 2921 2762 2975 aestimant
2803 2938 2924 2978 esse
2974 2926 3318 2995 gravissima,
3356 2929 3450 2982 sed
3483 2929 3617 2984 illud
3648 2932 3847 2985 malum

2257 3010 2400 3080 quod
2445 3010 2683 3066 divinam
2733 3015 2961 3084 gratiam
3016 3017 3151 3071 tollit
3192 3020 3429 3073 animam
3476 3022 3683 3090 perdit.
3710 3022 3848 3077 Deus

2259 3102 2403 3154 enim
2453 3103 2719 3171 permittit
2773 3106 3147 3163 sanetissinnos
3185 3109 3350 3162 etiam
3395 3109 3542 3165 viros
3572 3111 3849 3167 doloribus

571 3220 773 3277 raciter
833 3187 1022 3272 venire
1087 3210 1260 3285 possit
1337 3207 1599 3262 auxilium
1666 3220 1903 3277 sequens
1963 3187 2223 3260 versusC
2255 3193 2568 3267 ingentibus
2616 3199 2884 3267 cruciari;
2938 3201 3176 3257 animam
3228 3218 3357 3259 vero
3407 3206 3677 3272 custodit,
3732 3206 3851 3262 ideo

573 3309 834 3366 ostendit.

604 3402 641 3455 2
711 3397 980 3454 Auxilium
1007 3411 1175 3450 meum
1196 3411 1227 3448 a
1254 3392 1475 3448 Domino
1496 3408 1516 3447 :

720 3491 823 3557 Qui
850 3492 970 3562 fecit
997 3489 1181 3545 caelum
1212 3499 1258 3544 et
1290 3499 1506 3543 terram.

648 3582 690 3637 C
715 3581 986 3636 Auxilium
1009 3596 1186 3635 meum
1205 3595 1233 3633 a
1256 3578 1504 3642 Domino,
1528 3584 1583 3632 et
1607 3590 1674 3631 ne
1697 3583 1916 3647 putares
1931 3571 2161 3630 alterum

577 3674 889 3737 Dominum,
944 3671 1201 3743 quoniam
1260 3670 1364 3724 hoc
1419 3667 1757 3736 atquivocum
1806 3680 2001 3719 nomen
2056 3673 2159 3729 est,

576 3765 711 3821 dicit
748 3784 760 3818 :
793 3764 893 3831 Qui
946 3762 1076 3817 fecit
1100 3762 1296 3818 cmlum
1340 3768 1395 3815 et
1427 3770 1651 3823 terram,
1696 3756 2008 3827 signiﬁcans
2034 3756 2165 3811 Ver-

578 3856 706 3911 bum
730 3870 824 3926 per
850 3853 994 3923 quod
1020 3852 1162 3907 facta
1204 3859 1331 3906 sunt
1357 3850 1560 3905 omnia.
1613 3847 1694 3901 Ab
1725 3847 1816 3901 illo
1845 3856 1932 3901 est
1972 3860 2163 3900 verum

579 3946 839 4002 auxilium
865 3961 893 3998 a
926 3959 1032 4014 quo
1063 3951 1147 3998 est
1170 3942 1374 3998 sanctis
1400 3950 1457 3995 ut
1485 3939 1642 3994 nobis
1667 3937 2019 3992 auxilientur.

615 4038 650 4093 5
727 4035 849 4090 Νοη
878 4036 961 4089 det
992 4036 1046 4088 in
1077 4033 1471 4089 commotionem
1496 4031 1677 4101 pedem
1700 4040 1845 4084 tuum
1870 4044 1890 4084 :

725 4129 908 4200 Neque
929 4128 1168 4183 dormitet
1190 4127 1277 4195 qui
1297 4125 1518 4180 custodit
1549 4132 1619 4178 te.

653 4220 694 4278 C
721 4220 825 4276 Pes
877 4221 1041 4284 enim,
1088 4233 1215 4288 pars
1251 4217 1440 4271 ultima
1497 4213 1761 4284 corporis.
1797 4211 1923 4281 Qui,
1963 4212 2165 4266 mentis

583 4314 811 4385 imperio
842 4328 941 4368 nos
988 4311 1387 4382 permutatione
1413 4308 1653 4362 locorum
1688 4315 2062 4374 transponens,
2093 4304 2169 4358 si-

579 4406 809 4478 gniﬁcat
828 4404 1185 4474 cogitationes
1206 4411 1444 4465 nostras,
1475 4416 1574 4470 per
1602 4415 1738 4470 quas
1765 4399 1818 4453 in
1854 4399 2026 4452 bonas
2054 4412 2168 4450 ma-

586 4496 777 4565 lasque
803 4503 987 4564 partes
1012 4493 1339 4548 accedimus.
1392 4491 1502 4546 llos
1526 4493 1692 4560 pedes
1718 4498 1869 4559 optat
1896 4489 2167 4559 PrOphela

585 4604 656 4643 ne
685 4586 1044 4642 lubricatione
1099 4596 1441 4656 peccatorum
1491 4591 1794 4644 vertantur,
1846 4595 1934 4646 ne,
1993 4589 2169 4635 stante

587 4694 841 4751 corpore,
863 4678 1077 4731 ruinam
1106 4677 1372 4731 sustineat
1404 4675 1455 4729 in
1487 4674 1670 4728 corde.
1699 4673 2002 4726 Dormitare
2030 4670 2169 4724 dici-

586 4784 679 4829 tur
701 4772 860 4836 Deus,
890 4768 1108 4840 quando
1148 4782 1245 4822 nos
1276 4768 1329 4821 in
1360 4765 1475 4834 ejus
1508 4764 1610 4819 ﬁde
1637 4763 1949 4827 deﬁcimus;
1982 4762 2034 4815 in
2062 4775 2171 4830 quo

591 4864 708 4932 ejus
733 4864 865 4919 ﬁdes
889 4878 994 4917 non
1024 4859 1224 4915 dormit
1244 4858 1428 4930 vigilat
1456 4857 1721 4912 Christus.
1752 4855 1886 4910 Dum
1914 4870 2043 4926 ergo
2074 4868 2173 4908 nos

590 4954 780 5010 inﬁde
806 4953 974 5009 Deum
1006 4946 1113 5007 non
1165 4950 1506 5021 respicimus,
1560 4948 1716 5004 nobis
1770 4947 1887 5019 ejus
1931 4946 2174 5003 defensio

591 5047 947 5102 subtrahitur.

625 5137 661 5193 4
732 5135 870 5193 Ecce
894 5154 999 5192 non
1027 5136 1325 5191 darmitabit
1366 5151 1528 5206 neque
1556 5134 1813 5189 dormiet:

737 5227 841 5295 Qui
864 5229 1087 5284 custodit
1113 5229 1305 5283 Israel.

665 5319 706 5368 C
737 5318 792 5368 Si
825 5319 989 5368 fueris
1009 5319 1191 5368 Israel.
1214 5318 1473 5368 vid-esl'ir
1497 5316 1662 5368 Deum
1686 5315 1895 5368 videns.
1924 5329 2029 5368 non
2056 5314 2178 5368 dor-

2261 3289 2434 3357 addit;
2467 3292 2760 3359 custodiat,
2792 3302 2897 3347 etc.

2263 3383 2297 3439 8
2406 3382 2664 3438 Dominus
2709 3377 2971 3439 custodiat
3027 3386 3301 3443 introitum
3349 3397 3499 3442 tuum
3554 3400 3605 3445 et
3655 3390 3851 3445 exitum

2475 3484 2623 3529 tuum
2647 3491 2667 3530 ἔ

2405 3565 2492 3622 Ea:
2512 3568 2608 3623 hoc
2634 3580 2770 3622 nunc
2792 3577 2840 3622 et
2865 3585 3024 3640 usque
3047 3570 3100 3624 in
3125 3571 3397 3625 swcnlum.

2340 3656 2380 3715 C
2402 3658 2662 3714 Dominus
2684 3660 2953 3733 custodiat
2976 3661 3280 3728 introitum,
3310 3665 3411 3718 hoc
3436 3670 3523 3717 est
3554 3662 3625 3717 de
3646 3671 3855 3735 marty-

2266 3753 2416 3807 ribus
2442 3753 2666 3818 dictum,
2694 3769 2922 3822 quorum
2950 3753 3205 3810 introitus
3231 3771 3260 3809 a
3286 3754 3518 3810 Domino
3543 3756 3855 3811 custodien-

2266 3841 2366 3897 dus
2386 3850 2490 3906 est,
2541 3857 2607 3896 ne
2636 3852 2729 3896 aut
2759 3843 3015 3898 violentia
3065 3854 3464 3900 tormentorum
3506 3847 3727 3911 cedant,
3762 3852 3856 3899 aut

2263 3933 2648 3990 blandimentis
2667 3936 3016 3989 seducantur.
3048 3936 3114 3990 Et
3133 3937 3448 4001 esitum,ibi
3476 3947 3561 3991 est
3593 3947 3705 3991 tota
3731 3952 3856 4007 per-

2268 4024 2452 4089 fectio,
2485 4024 2699 4093 quando
2728 4040 2900 4094 usque
2930 4027 2996 4080 ad
3021 4027 3181 4080 linem
3214 4026 3336 4080 vita:
3366 4035 3658 4095 permanet
3701 4026 3754 4080 in
3777 4026 3855 4080 eis

2269 4131 2395 4170 vera
2412 4115 2702 4170 confessio.
2718 4117 2794 4169 Ex
2820 4116 2922 4171 hoc
2939 4133 3102 4182 nunc,
3120 4127 3252 4183 etc.,
3273 4119 3529 4186 quoniam
3546 4120 3855 4188 quicunque

2267 4208 2700 4278 perseveraverit
2722 4218 2921 4263 teterna
2948 4209 3209 4264 beneﬁcia
3244 4210 3564 4279 possidebit,
3598 4209 3646 4264 ll
3696 4211 3750 4265 id
3777 4216 3856 4263 est

2270 4317 2378 4357 non
2405 4301 2580 4355 solum
2610 4302 2664 4355 in
2694 4301 2798 4355 hac
2822 4300 2932 4354 vita
2979 4302 3303 4367 custoditur,
3355 4302 3474 4367 sed,
3521 4310 3581 4357 et
3613 4309 3755 4371 post,
3793 4300 3856 4355 ab

2266 4402 2475 4448 mterna
2505 4407 2686 4463 paena.

2732 4479 2932 4519 ORATIO
2976 4480 3045 4519 EX
3082 4480 3232 4520 PSAL.
3266 4480 3393 4520 CXX.

2198 4542 2247 4602 ο
2344 4556 2574 4626 Protege
2601 4556 2810 4626 plebem
2838 4566 3002 4623 tuam,
3059 4573 3164 4612 non
3192 4557 3492 4613 dorntitans
3532 4570 3715 4625 neque
3743 4554 3860 4609 dor—

2276 4650 2468 4712 miens,
2504 4649 2727 4705 Domine
2751 4650 3092 4715 Dens,Israel
3123 4660 3418 4721 protector,
3443 4659 3519 4714 et,
3537 4666 3609 4705 ne
3644 4662 3861 4703 urantur

2276 4755 2375 4812 per
2416 4740 2582 4805 diem,
2632 4752 2686 4794 tu
2720 4756 2818 4796 nos
2841 4758 2871 4795 a
2894 4744 3163 4798 seamlalis
3191 4742 3349 4810 hujus
3391 4742 3577 4795 mundi
3613 4741 3859 4796 defende.

2278 4830 2383 4886 Per
2402 4829 2690 4886 Dominum
2724 4842 2970 4887 nostrum
2999 4827 3185 4887 Jcsum
3208 4832 3508 4897 Christum,
3539 4839 3653 4885 etc.

2799 4945 3117 5002 PSALMUS
3155 4946 3340 5003 CXXI.

2703 5054 3064 5095 ABGUMI-IN'I‘UM
3100 5055 3248 5095 PSAL.
3283 5054 3432 5095 CXII.

2354 5133 2395 5188 C
2420 5132 2481 5186 Β.
2507 5131 2718 5188 Gaudet
2748 5132 3015 5207 Propheta
3046 5147 3105 5188 se
3155 5130 3546 5188 communitum
3587 5128 3659 5183 ad
3688 5143 3867 5199 super-

2262 5226 2410 5280 ‘nam
2461 5223 2796 5279 Hierusalem
2826 5240 2947 5280 esse
2972 5235 3282 5289 venturum,
3314 5223 3401 5277 ubi
3427 5222 3545 5292 jam
3578 5222 3764 5277 sancti
3791 5236 3867 5275 se-

2285 5330 2415 5368 cura
2466 5315 2826 5368 orosneritate
2865 5315 3174 5368 consistunt
3224 5314 3573 5368 Ioauituraue
3612 5314 3688 5368 ad
3731 5312 3867 5367 cives
