3994 5370
166 184 276 242 465

1383 183 1741 242 sxrosmo
1777 183 2217 245 PSALMORUM.
2279 164 2289 175 '

3332 163 3437 246 the

171 298 357 356 elevat
386 294 459 350 ad
482 301 698 351 montes
725 293 936 359 oculos,
959 308 1172 361 verum,
1201 309 1296 368 spe
1323 306 1603 367 concepta,
1621 297 1769 352 laeta»
1793 304 1843 360 Α
1872 296 1967 369 per
1998 300 2091 356 Dei
2121 302 2350 373 gratiam
2386 302 2635 360 homines
2663 304 2866 362 iudices
2895 304 3032 369 fieri,
3081 306 3172 376 qui
3222 305 3441 362 fuerant

175 399 270 445 tur
292 404 353 445 se
379 389 588 443 iturum
614 389 682 443 ad
706 396 941 453 montes,
968 395 1023 444 et
1071 397 1384 444 sanctorum
1420 391 1761 455 societatem,

173 489 234 536 et
290 480 574 535 coalestem
622 479 978 536 Hierusalem.
1009 480 1050 534 C
1087 480 1445 547 Qumrendum
1495 496 1626 536 vero
1675 488 1763 536 est

178 572 304 641 quis
324 571 392 624 ad
419 570 752 639 Prophetam
773 571 891 625 hanc
913 570 1048 624 dixit
1073 570 1268 640 quibus
1292 584 1351 626 se
1378 571 1618 625 laetatum
1640 584 1766 625 esse

181 670 439 726 testatur,
481 660 740 716 videlicet
790 659 1025 730 Spiritus
1058 669 1299 725 sanctus,
1331 660 1424 731 qui
1473 658 1624 716 cordi
1649 657 1765 726 ejus

177 753 349 806 tacita
382 766 539 811 voce,
566 752 915 822 loquebatur,
970 767 1078 807 non
1131 768 1405 819 sermone,
1451 754 1544 807 sed
1581 752 1765 807 divino

177 844 499 913 spiramine.
529 843 575 897 ll
600 843 721 908 Vel,
748 843 889 899 dicta
914 852 1059 910 sunt,
1099 845 1151 899 in
1196 845 1490 916 prophetis,
1522 854 1578 900 et
1623 844 1762 915 lege,

175 945 231 991 et
274 935 554 1005 apostolis.
581 936 624 990 (Σ
661 936 862 991 Domus
904 937 1020 991 hate
1059 937 1236 1007 jnstos
1284 945 1498 991 tantum
1547 936 1761 1005 recipit,

175 1026 401 1098 angelos
447 1028 714 1082 continet.
769 1027 900 1094 Qua:
928 1037 1012 1081 est
1041 1027 1281 1082 caelestis
1316 1024 1677 1091 Hierusalem,
1709 1025 1764 1081 in

172 1130 283 1184 qua
304 1128 688 1171 creaturarum
715 1117 952 1171 omnium
975 1125 1169 1171 auctor
1196 1115 1544 1188 conspicitur.

171 1206 210 1260 2
316 1206 529 1261 Stantes
555 1196 710 1261 erant
739 1208 891 1276 pedes
922 1213 1089 1261 nostri
1113 1221 1133 1259 :

315 1298 384 1353 In
409 1300 562 1353 atriis
585 1300 690 1352 tuis
719 1301 787 1367 Ἀ(
815 1298 1147 1353 Hierusalem

243 1389 288 1445 C
320 1389 462 1444 Dicit
489 1406 550 1444 se
576 1390 848 1459 Propheta
875 1400 1022 1446 stare
1054 1391 1107 1446 in
1136 1390 1223 1445 illa
1250 1391 1458 1447 ctelesti
1487 1394 1665 1456 domo,
1698 1391 1765 1446 ad

174 1498 338 1553 quam
357 1483 632 1537 desiderat
653 1498 864 1537 summa
890 1483 1069 1538 studio
1081 1484 1382 1553 pervenire.
1400 1483 1473 1539 lhi
1491 1484 1633 1538 enim
1661 1491 1765 1538 sta-

174 1584 285 1639 tur,
304 1574 395 1628 ubi
412 1588 628 1643 semper
642 1574 798 1628 lirma
812 1574 1090 1628 voluntate
1103 1574 1437 1629 consistitur.
1455 1574 1664 1628 Atrium
1681 1582 1764 1628 est

1866 395 2103 464 peccatis
2128 392 2448 452 facientibus
2481 397 2579 452 rei.
2604 397 2797 452 Merito
2825 398 2997 456 sancti
3028 399 3130 454 viri
3159 402 3314 456 sedes
3342 401 3437 456 Dei

1864 493 2009 549 sunt,
2038 486 2164 555 quia
2195 485 2248 539 in
2280 487 2410 556 ipsis
2463 487 2718 553 sedendo,
2748 504 2841 544 eos
2870 489 3042 561 gratia
3089 504 3199 544 sua:
3269 488 3441 559 maje-

1863 577 2019 631 statis
2058 576 2342 631 illuminat.
2390 577 2559 634 Sedes
2610 595 2770 650 super
2796 581 3012 637 domum
3060 581 3248 646 David,
3281 581 3331 635 id
3361 589 3445 637 est

1863 681 2030 737 super
2081 666 2340 722 familiam
2388 669 2615 724 Christi.
2667 669 2936 726 Sederunt
2988 686 3139 736 vero,
3195 672 3444 742 praeteri-

1867 765 1978 811 tum
2033 773 2132 829 pro
2194 757 2376 815 futuro
2420 761 2621 830 posuit,
2680 762 2806 833 quia
2858 760 2926 818 de
2977 762 3168 819 ultimo
3238 760 3444 833 judicio

1863 845 2117 918 loquitur.

1863 941 1897 998 6
2002 942 2196 1014 Rogate
2227 944 2243 1013 ζ
2276 962 2432 1015 quae:
2459 947 2527 1000 ad
2568 963 2749 1016 pacem
2782 962 2836 1003 -t-
2868 958 2986 1003 sunt
3019 949 3042 1023 ξ
3076 948 3469 1005 Hierusalem.“

2005 1033 2074 1087 Et
2101 1035 2425 1090 abundantia
2449 1038 2784 1107 diligentibus
2812 1049 2879 1093 te.

1934 1122 1978 1178 ll
2002 1124 2045 1178 Α
2066 1125 2105 1179 C
2132 1126 2355 1197 Rogato,
2380 1129 2650 1200 significat
2691 1130 2779 1184 hic
2810 1146 2936 1192 non.
2989 1132 3308 1202 supplicate,
3351 1133 3457 1187 seti

1865 1220 2230 1290 interrogate:
2264 1222 2418 1277 Unde
2450 1223 2727 1292 rogate,id
2755 1232 2837 1277 est
2864 1224 3190 1293 interrogate
3240 1240 3358 1294 qua:
3384 1225 3449 1278 ad

1864 1326 2052 1383 pacem
2107 1314 2419 1383 pertineant
2468 1313 2631 1385 hujus
2663 1314 2920 1381 civitatis,
2976 1314 3018 1368 H
3061 1316 3126 1370 Et
3164 1317 3449 1388 sequimini

1865 1419 2007 1468 eain,
2038 1414 2097 1457 ut
2125 1419 2225 1473 per
2256 1392 2600 1461 dilectionem
2651 1407 2820 1476 pacis,
2875 1406 3107 1461 fructum
3156 1422 3449 1475 consequa»

1866 1494 1995 1548 mini
2021 1504 2238 1549 ceterum
2283 1496 2658 1551 beatitudinis.
2703 1490 3043 1552 Abundantia
3076 1507 3160 1553 est
3190 1499 3263 1552 illi
3293 1499 3450 1553 cale-

1870 1585 2038 1640 stinm
2088 1585 2378 1650 honorum,
2431 1587 2521 1657 qui
2562 1588 2764 1643 relictis
2814 1588 3033 1642 caducis
3077 1588 3247 1643 Deum
3294 1602 3453 1656 super

174 1668 434 1723 introitus
465 1668 685 1732 domus,
716 1667 770 1720 in
795 1681 902 1736 quo
933 1680 1280 1721 commanere
1311 1675 1583 1735 nequeunt
1608 1665 1763 1720 habi-

1880 1675 2046 1732 amnia
2078 1677 2278 1749 diligit;
2306 1678 2345 1733 Ο
2368 1678 2472 1743 vel,
2496 1679 2676 1733 omnia
2706 1680 2844 1734 bona
2875 1680 2927 1734 in
2953 1680 3158 1736 ccelesti
3189 1679 3447 1734 llierusa-

174 1768 372 1814 tantes.
397 1757 499 1813 Hic
521 1767 706 1813 autem
736 1758 874 1812 atria
906 1772 1003 1828 pro
1025 1758 1377 1813 interiorilms
1395 1766 1689 1829 ponuntur,
1712 1768 1768 1815 et

175 1864 310 1919 pars
335 1865 438 1919 pro
469 1859 604 1904 toto.
770 1846 775 1851 “

172 1937 210 1992 3
315 1937 653 1993 Hierusalem
673 1956 793 2009 qua!
812 1939 1109 2008 adiﬁcatur
1133 1950 1188 1994 ut
1213 1940 1393 1995 civitas
1415 1955 1435 1994 :

318 2031 486 2100 Cujus
510 2032 843 2101 participatio
864 2031 978 2103 ejus
1008 2033 1063 2086 in
1094 2033 1348 2102 idipsum.

248 2119 293 2177 ε
332 2121 665 2177 ιλΕιΙίῦοειῑιιτ
690 2123 850 2193 plane
894 2123 1134 2179 caelestis
1165 2122 1498 2178 Hierusalem
1528 2118 1769 2192 quotidie

178 2214 318 2269 vivis
346 2215 639 2285 lapidibus,
672 2216 724 2270 id
763 2224 847 2270 est
874 2216 1231 2287 martyribus,
1260 2215 1687 2279 confessoribus,
1714 2223 1770 2270 et

175 2307 269 2377 qui
318 2306 551 2361 Domino
580 2309 793 2363 sincera
827 2318 1004 2363 mente
1044 2309 1373 2363 deserviunt.
1408 2309 1571 2362 Addit
1615 2324 1765 2374 vero,

177 2410 240 2453 nt
268 2399 491 2465 civitas,
517 2409 787 2470 quatenus
833 2400 1242 2455 similitudinem
1288 2401 1523 2456 civitatis
1582 2402 1634 2456 in
1680 2400 1768 2455 illa

175 2504 299 2546 esse
320 2499 672 2545 monstraret.
697 2490 851 2553 Nam,
884 2506 1007 2545 cum
1045 2491 1116 2544 sit
1140 2492 1317 2546 omnis
1344 2492 1537 2546 civitas
1562 2492 1703 2546 dicta
1736 2506 1766 2547 a

178 2580 400 2646 civibus,
432 2582 520 2635 illa
546 2591 727 2636 tamen
752 2582 933 2637 verius
963 2583 1157 2637 civitas
1187 2584 1404 2649 dicitur,
1431 2599 1550 2654 qua:
1580 2583 1770 2637 unaai-

178 2686 297 2727 mes
336 2672 489 2727 cives
533 2673 799 2728 continet.
821 2672 986 2741 Cujus
1030 2675 1392 2745 participatio,
1422 2685 1549 2739 etc.,
1581 2673 1619 2728 H
1650 2673 1689 2730 C
1717 2674 1770 2729 id

178 2773 285 2826 est,
331 2764 576 2818 civitatis
623 2763 796 2834 ipsius
852 2766 1196 2837 participatio
1250 2775 1331 2822 est
1378 2767 1431 2821 in
1484 2767 1769 2821 Dominum

181 2852 551 2922 Salvatorem,
580 2857 671 2927 qui
702 2866 783 2912 est
814 2858 1029 2927 proprie
1060 2858 1311 2928 idipsum.
1337 2857 1479 2926 quod
1503 2855 1771 2927 significat

178 2948 569 3013 aternitatem,
617 2963 736 3017 quae
785 2963 1064 3017 nunquam
1092 2948 1295 3003 desinit
1324 2963 1443 3002 esse
1493 2946 1633 3016 quod
1661 2954 1766 3013 est,

1869 1769 1975 1823 lem
2004 1769 2279 1824 abundare
2304 1770 2647 1825 manifestum
2675 1781 2777 1826 est.

1866 1858 1899 1911 7
2012 1856 2137 1912 Fiat
2164 1876 2269 1929 pax
2288 1859 2340 1912 in
2374 1860 2560 1914 virtute
2590 1869 2717 1914 tua:

2004 1942 2075 2009 ’σιν
2102 1951 2168 2006 Et
2213 1953 2231 2025 ζ
2262 1953 2586 2008 abundantia
2618 1955 2672 2009 in
2701 1955 2933 2009 turribus
2966 1957 3089 2010 tuis.

1937 2044 1979 2101 C
2010 2045 2115 2100 Pax
2150 2048 2293 2101 enim
2327 2060 2356 2100 a
2383 2047 2642 2116 parcendo
2673 2047 2787 2102 sive
2818 2062 2847 2101 a
2875 2048 3132 2117 pascendo
3165 2047 3308 2103 dicta
3336 2057 3481 2113 est,.

1870 2138 1995 2194 talis
2039 2140 2182 2194 enim
2225 2154 2329 2210 pax
2376 2139 2486 2194 illic
2537 2139 2739 2194 Christi
2788 2140 3138 2193 miseratione
3178 2138 3473 2193 confertur-

1869 2246 2031 2301 quam
2061 2230 2203 2285 nulla
2226 2228 2361 2283 bella
2384 2230 2718 2295 concutiunt,
2759 2243 2858 2282 nec
2885 2228 3078 2282 seditio
3110 2227 3214 2281 ulla
3245 2236 3451 2297 perturv

1868 2322 1980 2378 bat.
2023 2323 2244 2386 Turres,
2297 2330 2478 2376 aulem
2526 2321 2613 2376 hic
2670 2319 2939 2391 significat
3001 2328 3286 2391 martyres,
3339 2320 3453 2388 qui,

1869 2414 2206 2483 oppositione
2228 2414 2309 2468 sui
2324 2413 2588 2484 corporis,
2605 2412 2882 2468 civitatem
2901 2409 2993 2464 Dei
3010 2410 3094 2479 pia
3119 2409 3456 2466 confessione

1870 2506 2184 2571 defendunt,
2215 2514 2290 2570 et,
2323 2507 2475 2576 quasi
2506 2504 2798 2559 eminentia
2827 2501 3076 2569 mdificia,
3107 2503 3180 2558 ita
3209 2501 3456 2558 hostibus

1870 2596 1993 2652 fidei
2026 2610 2323 2666 repugnare
2353 2606 2669 2650 noscuntur.
3052 2638 3055 2639 ν
3286 2606 3297 2619 ·

1869 2691 1903 2747 8
2011 2688 2236 2760 PrOpter
2262 2688 2450 2755 fratres
2475 2706 2612 2742 meos
2638 2698 2682 2743 ct
2706 2686 2969 2758 proximos
2998 2701 3137 2741 meos
3157 2699 3176 2738 ε

2012 2781 2285 2853 Loquebar
2312 2797 2489 2852 pacem
2520 2779 2583 2834 de
2609 2790 2674 2835 te.

1942 2874 1983 2931 C
2005 2875 2183 2929 Monet
2204 2890 2334 2944 ergo
2364 2873 2629 2941 Propheta
2660 2877 2718 2927 ut
2749 2886 2854 2926 non
2890 2877 3115 2941 propter
3146 2868 3337 2924 laudes
3364 2876 3476 2922 ant'

1874 2967 2155 3023 commoda
2181 2981 2278 3021 sua
2315 2966 2545 3034 quisque
2569 2964 2785 3027 doceat,
2817 2963 2909 3017 sed
2936 2970 3155 3032 propter
3176 2960 3376 3015 fratres
3400 2968 3457 3014 et

178 3039 272 3092 sed
299 3054 519 3108 semper
541 3054 647 3093 uno
667 3040 967 3109 eodemque
992 3039 1150 3093 modo
1172 3050 1257 3093 est
1277 3040 1449 3093 virtus
1474 3036 1764 3101 indefecta,

1880 3014 2155 3023 υν--η--νη-
2182 3014 2278 3021 τη-
2319 3014 2541 3034 τ--ηην
2575 3014 2716 3018 μην
2748 3014 2784 3027 ν,
2936 3014 2957 3031 τ
3036 3014 3059 3032 ,ν
3106 3014 3141 3015 η
3364 3014 3367 3015 ν

1880 3059 2148 3129 proximos
2195 3057 2424 3111 laboret.
2473 3054 2669 3110 l’acem
2714 3070 2845 3109 vero
2894 3054 3132 3126 intellige
3177 3054 3456 3119 Ecclesiae,

177 3132 340 3192 unde,
403 3140 460 3186 et
508 3147 676 3201 supra
726 3132 866 3186 dixit
922 3148 936 3185 :

181 3220 541 3294 (Psal.cr),et
568 3223 737 3294 Moysi
769 3224 876 3277 ait:
899 3222 1007 3292 Ego
1030 3238 1148 3276 sum
1173 3222 1262 3293 qui
1291 3237 1409 3277 sum
1438 3220 1634 3293 (Exod.
1660 3220 1770 3290 ιιι),

179 3329 284 3381 qua
313 3324 541 3385 propter
562 3316 662 3369 soli
686 3314 932 3370 Creatori
955 3314 1211 3368 convenit
1233 3328 1355 3368 esse
1378 3313 1629 3383 idipsum.

174 3401 211 3456 4
319 3404 465 3459 Illuc
514 3408 653 3460 enim
700 3390 1045 3459 ascenderunt
1100 3405 1287 3471 tribus,
1325 3405 1493 3458 tribus
1555 3402 1773 3458 Domini

390 3501 466 3547 tes
488 3480 742 3548 imoniuin
782 3484 983 3547 Israel:

318 3584 403 3638 Ad
423 3585 776 3654 conﬁtendum
804 3586 1002 3639 nomini
1039 3585 1269 3640 Domini.

251 3676 293 3732 C
324 3675 564 3732 Dicendo
593 3676 744 3741 illuc,
788 3677 1059 3748 s’gnificat
1092 3677 1366 3732 civit.:tem
1411 3676 1772 3743 Hierusalem,

177 3766 244 3821 ad
274 3782 435 3836 quam
460 3769 603 3822 beati
626 3783 836 3837 semper
870 3769 1189 3834 ascendunt,
1220 3768 1309 3837 qui
1344 3767 1459 3839 jugi
1492 3770 1760 3823 exercita-

178 3859 323 3913 tione
346 3859 663 3930 proliciunt.
692 3860 912 3925 Tribus,
944 3860 995 3914 id
1026 3870 1108 3915 est
1155 3861 1350 3925 sancti,
1375 3862 1465 3931 qui
1495 3861 1774 3915 Christum

178 3946 347 4002 Deum
376 3964 502 4025 esse
546 3949 785 4005 confessi
807 3959 1160 4006 suntverum.
1197 3950 1266 4006 Ut
1313 3967 1442 4006 vero
1470 3953 1536 4006 ab
1584 3951 1776 4005 infide-

177 4036 316 4095 libus
355 4042 529 4097 tribus
556 4044 693 4097 istas
730 4054 1061 4113 segregaret.
1092 4042 1297 4096 addidit
1325 4044 1496 4097 tribus
1531 4042 1764 4098 Domini.

180 4129 307 4199 Qua:
338 4129 455 4200 ejus
501 4149 611 4188 non
657 4134 993 4199 dicerentur,
1043 4133 1146 4187 nisi
1192 4148 1324 4203 pura
1370 4143 1553 4187 mente
1602 4133 1778 4188 credi-

180 4220 400 4276 dissent.
456 4222 613 4279 Alias
667 4224 810 4277 enim
864 4224 1037 4279 tribus
1077 4239 1184 4277 non
1237 4223 1544 4288 credentes,
1571 4223 1779 4279 scilicet

1009 3131 1078 3184 l‘u
1134 3140 1316 3185 autem
1375 3132 1515 3185 idem
1558 3132 1671 3199 ipse
1710 3144 1770 3184 es

1872 3162 2034 3217 quam
2056 3146 2226 3202 sancti
2257 3147 2452 3202 docent
2476 3145 2528 3199 in
2555 3144 2768 3201 vinculo
2794 3144 3077 3201 charitatis
3101 3143 3451 3199 servandam.

1875 3236 2000 3306 Sed,
2031 3237 2097 3293 de
2128 3247 2177 3292 te
2206 3252 2327 3292 cum
2364 3236 2517 3303 dicit,
2571 3237 2639 3291 ad
2686 3235 3020 3291 llierusaletn
3073 3250 3133 3290 se
3185 3234 3456 3306 significat

1875 3328 2040 3400 loqui,
2082 3330 2137 3384 in
2164 3345 2268 3398 qua
2298 3338 2609 3385 sanctorum
2637 3337 2810 3384 caelus
2836 3335 2938 3391 est,
2973 3327 3025 3382 id
3055 3336 3158 3394 est,
3194 3325 3451 3382 adunatio

1872 3419 2155 3474 beatorum
2183 3428 2238 3474 et
2264 3436 2474 3474 summa
2513 3434 2636 3488 pax.

1875 3511 1908 3567 9
2022 3509 2240 3577 Propter
2261 3511 2472 3564 domum
2502 3510 2711 3565 Domini
2739 3510 2836 3566 Dei
2865 3510 3031 3566 nostri
3058 3526 3102 3566 :.;

2015 3601 2246 3668 Qua‘siri
2272 3603 2403 3657 bona
2433 3602 2544 3657 tibi.

1944 3691 1985 3748 C
2015 3693 2214 3747 Domus
2240 3692 2470 3758 Domini,
2503 3702 2584 3749 est
2609 3692 2968 3759 Hierusalem,
2997 3692 3050 3748 in
3076 3708 3178 3764 qua
3206 3693 3345 3748 Deus
3372 3702 3465 3749 est.

1876 3783 1943 3837 ad
1968 3798 2127 3852 quem
2153 3783 2289 3837 bene
2314 3784 2566 3849 refertur,
2604 3784 2864 3854 quidquid
2893 3784 3196 3838 dilectionis
3248 3784 3455 3852 impen-

1876 3874 2039 3928 ditur.
2088 3873 2128 3926 A
2164 3871 2259 3927 Vel
2311 3883 2532 3944 prepter
2577 3875 2732 3928 istam
2782 3875 3001 3929 domum
3057 3875 3164 3939 hic,
3215 3872 3448 3929 scilicet.

1876 3964 2196 4029 Ecclesiam,
2223 3973 2282 4017 ut
2310 3965 2419 4018 illic
2445 3965 2769 4033 proficerent
2789 3966 2882 4036 qui
2905 3974 3029 4020 sunt
3082 3966 3259 4021 adhuc
3296 3978 3455 4037 pere-

1877 4057 2039 4127 grim,
2063 4056 2283 4126 quaesivi
2307 4065 2361 4111 et
2381 4066 2636 4126 operatus
2680 4072 2797 4111 sum
2834 4057 3091 4129 docendo.

2332 4162 2530 4202 ORATIO
2566 4162 2634 4202 EX
2661 4163 2802 4202 PSAL.
2836 4164 2984 4203 CXXI.
3078 4134 3081 4137 ν

1968 4237 2389 4293 Ambulantibus
2423 4239 2475 4292 in
2506 4238 2660 4293 atriis
2690 4239 2883 4294 domus
2931 4250 3054 4305 tute,
3101 4240 3450 4311 omnipotens

182 4323 388 4368 constat
413 4329 538 4387 esse
568 4314 791 4369 diaboli.
858 4315 1055 4369 Verum
1086 4312 1276 4383 quales
1312 4327 1491 4368 essent
1524 4315 1640 4368 ista:
1677 4316 1767 4368 tri-

182 4401 269 4423 I.___
323 4404 387 4423 n-
461 4406 473 4423 ε
524 4406 535 4417 ⁸
598 4406 621 4423 l,
652 4408 831 4423 ,.,e-.-._
882 4405 927 4423 9,,
957 4405 1078 4423 l‘_,.
1150 4404 1345 4423 lf-___,
1408 4405 1765 4423 e__.!._x--.!,-_,

1882 4328 2041 4393 Deus,
2072 4329 2219 4398 pacis
2247 4330 2631 4384 abundantiam
2661 4328 2846 4399 largiti
2872 4330 3114 4399 dignare,
3147 4341 3205 4384 ut
3244 4332 3368 4386 dum
3403 4341 3455 4385 to

178 4401 275 4457 bus
321 4404 556 4469 Domini,
597 4406 834 4459 breviter
880 4405 1084 4459 indicat
1133 4404 1349 4458 dicens:
1408 4405 1772 4457 testimonium

176 4490 363 4559 Israel,
385 4495 493 4551 hoc
512 4506 595 4552 est
625 4497 791 4567 ipsius
814 4497 897 4550 vel
922 4497 1020 4566 ipsi
1060 4496 1245 4560 Israel,
1272 4496 1355 4550 vel
1385 4497 1528 4566 quod
1556 4505 1639 4551 est
1662 4497 1776 4567 ipse

176 4585 362 4652 Israel,
392 4590 497 4644 hoc
521 4590 719 4658 estqui
745 4590 1113 4645 testimonium
1173 4589 1416 4657 praebent
1471 4591 1774 4657 sanctitati,

176 4679 226 4733 id
253 4691 356 4743 est,
369 4682 475 4736 sibi
500 4682 636 4752 ipsis
662 4684 802 4751 quod
838 4681 1144 4741 sintlsrael,
1173 4682 1223 4736 id
1249 4691 1331 4736 est
1346 4684 1588 4738 videntes
1607 4684 1772 4739 Deum

176 4776 227 4822 et
245 4773 416 4826 sancti
449 4782 722 4827 testantur
746 4775 890 4829 enim
916 4774 1016 4828 hoc
1041 4772 1253 4826 actibus
1268 4774 1399 4828 suis.
1434 4775 1498 4828 Et
1530 4774 1631 4830 hoc
1657 4791 1765 4830 non

177 4867 240 4913 ad
264 4861 600 4918 laudandum
629 4880 706 4929 se,
733 4868 826 4921 sed
881 4868 949 4923 ad
994 4867 1353 4922 confitendum
1392 4872 1543 4935 dicit,
1592 4870 1643 4925 id
1680 4878 1765 4925 est

177 4954 239 5009 ad
268 4957 601 5013 laudandum
626 4959 928 5029 Dominum,
979 4972 1067 5016 est
1110 4963 1248 5016 enim
1290 4980 1471 5023 verum
1521 4969 1765 5023 testimo-

174 5049 312 5104 nium
342 5051 544 5116 Israel,
571 5050 755 5107 laudes
778 5056 988 5110 Domini
1023 5054 1365 5112 devotissima
1400 5067 1586 5116 mente
1633 5076 1762 5115 can-

173 5146 297 5192 tare.
331 5141 471 5194 lllnd
510 5156 644 5196 vero
671 5146 1034 5199 testimonium
1063 5151 1181 5212 post
1225 5144 1360 5203 hanc
1393 5156 1560 5207 vitam
1594 5153 1763 5222 magis

168 5228 267 5285 erit
291 5246 460 5299 quam
493 5230 619 5285 hic.

165 5316 197 5370 5
300 5320 445 5370 Ωιιία
479 5319 598 5370 illic
622 5322 854 5370 sederim:
881 5325 1032 5370 sedes
1053 5322 1109 5370 in
1136 5322 1329 5370 iudirin
1345 5346 1360 5363 ο

1881 4430 1992 4476 tota
2021 4420 2277 4476 aviditate
2298 4421 2540 4477 cordium
2564 4422 2908 4487 confitemur,
2933 4422 3071 4476 bona
3097 4432 3185 4476 tua
3216 4422 3268 4477 in
3299 4424 3457 4478 coele-

1880 4512 2051 4566 stibus
2110 4511 2411 4580 capiamus.
2480 4511 2584 4566 Per
2634 4512 2919 4567 Dominum
2978 4523 3223 4568 nostrum
3269 4512 3457 4569 Iesum

1876 4601 2169 4669 Christum,
2194 4611 2305 4658 etc.

2393 4694 2615 4752 PSALM
2626 4696 2710 4752 US
2748 4695 2950 4754 CXX“.

2298 4801 2661 4842 ARGUIEXTUM
2687 4802 2836 4843 PSAL.
2862 4801 3031 4843 CXXII.

1942 4871 1982 4926 C
2006 4872 2303 4941 Propheta,
2336 4877 2427 4948 qui
2459 4877 2608 4945 prius
2636 4877 2705 4931 ad
2733 4886 2973 4940 sanctos,
2999 4872 3189 4928 oeulos
3237 4876 3462 4938 levavit,

1870 4980 2012 5020 nunc
2072 4964 2140 5017 ad
2189 4964 2373 5034 ipsum
2423 4967 2710 5022 Dominum
2784 4967 2986 5021 lmnina
3059 4964 3246 5018 cordis
3293 4965 3466 5028 erexi,

1868 5067 2059 5127 petens
2088 5065 2148 5110 ut
2173 5058 2223 5111 ei
2252 5060 2514 5115 Dominus
2541 5074 2698 5114 suum
2726 5059 2889 5115 donet
2935 5053 3291 5122 suffragium;
3343 5056 3468 5125 quia

1871 5148 2227 5220 insligatione
2257 5150 2520 5229 diabolica
2543 5152 2610 5208 ab
2636 5150 3016 5205 insultantibus
3042 5143 3276 5200 adversa
3302 5148 3475 5217 patie‘

1871 5241 2029 5295 batur
2051 5236 2250 5296 multa.

2315 5333 2406 5370 ΤΤ
2466 5330 2739 5370 nuntii-um
2762 5328 3038 5370 nrndnum.
