3994 5370
546 347 645 406 46⁸2

1477 340 1534 398 Β.
1575 342 1925 402 BRUNONIS
1964 341 2504 403 ﬂEliBlPOLENSlS
2541 346 2841 404 EPISCOPI

3690 351 3809 409 ιδε

543 465 689 521 larer
744 461 1012 524 clamavi,
1061 469 1117 515 et
1170 459 1222 513 lu
1281 460 1519 516 secundo
1565 462 1776 517 cantico
1821 461 2006 517 oculos
2055 460 2437 529 adAsazculi,
2486 463 2579 520 Dei
2623 465 2970 521 miseratione
3019 465 3309 522 liberatos:
3359 478 3635 539 aguntque
3679 486 3813 536 gra-

545 567 756 612 montes
790 555 982 616 levavi,
1015 551 1224 607 lsetatus
1251 564 1498 621 quoque;
1538 551 1711 606 fuerat
1737 553 1878 621 quod
1919 552 2126 622 ingres-

547 662 639 702 sus
684 647 735 699 in
765 645 982 698 deruunt
1023 643 1113 696 Dei
1161 642 1262 696 sibi
1306 641 1406 696 fuit
1443 645 1835 712 repromissns:
1879 659 2020 698 nttnc
2059 644 2125 698 ad

543 736 718 805 majus
746 734 985 804 proﬁcit,
1023 743 1080 788 ut
1117 734 1278 787 etiam
1313 734 1379 787 ad
1422 734 1595 806 ipsum
1628 734 1910 789 Dominum
1943 733 2125 789 oculos

543 825 724 881 levare
749 827 967 881 audeat.
993 826 1032 880 (Σ
1063 824 1268 880 Levant
1308 826 1450 879 enim
1480 825 1664 881 oculos
1692 841 1816 882 suos
1845 827 2016 882 sancti
2049 827 2126 896 (in

547 933 868 986 quacunque
913 917 1255 971 tribulatione
1305 917 1487 986 positi)
1535 918 1600 970 ad
1639 917 1945 983 Dominum,
1973 926 2029 972 et
2059 917 2127 971 ad

546 1009 695 1062 illum
739 1009 1056 1079 respiciunt,
1101 1025 1128 1062 a
1175 1024 1283 1077 quo
1329 1025 1388 1063 se
1420 1009 1685 1063 veraciter
1719 1024 1879 1079 posse
1929 1010 2124 1065 salvari

545 1102 842 1157 conﬁdunt.
879 1102 920 1156 ll
953 1101 1084 1156 lllue
1111 1103 1253 1157 enim
1293 1102 1479 1158 oculos
1518 1101 1716 1167 levant,
1763 1117 1870 1171 quo
1909 1103 2129 1157 tendunt

549 1201 605 1246 et
648 1193 930 1262 pervenire
967 1193 1298 1247 desiderant.

549 1283 586 1338 2
692 1284 828 1337 Ecce
855 1285 987 1338 sicut
1013 1283 1151 1336 oculi
1177 1301 1443 1338 servorum
1466 1302 1484 1340 :

692 1373 760 1429 In
784 1376 1025 1428 ntanibus
1048 1375 1378 1428 dominorum
1402 1393 1638 1431 suorum.

586 1467 662 1522 .C
712 1467 1010 1521 Attendunt
1056 1468 1196 1521 servi
1241 1468 1308 1522 ad
1355 1485 1546 1524 manus
1575 1469 1914 1524 dominorum
1950 1487 1963 1522 :
2017 1468 2132 1524 sive

549 1558 767 1628 quando
789 1572 883 1628 per
908 1574 1000 1612 eos
1025 1558 1336 1612 desiderant
1363 1561 1592 1615 enutriri
1616 1575 1630 1614 :
1668 1577 1760 1616 seu
1792 1560 2009 1630 quando
2034 1575 2132 1629 pro

551 1646 724 1717 culpis
751 1648 866 1702 suis
886 1645 1147 1714 jubentur
1173 1650 1448 1720 vapulare,
1480 1651 1650 1706 donec
1678 1653 1920 1715 audiant,
1945 1666 2128 1720 parce.

552 1736 646 1791 Sic
682 1753 780 1792 nos
815 1739 1066 1793 convenit
1100 1739 1300 1805 facere,
1335 1751 1394 1794 ut
1437 1741 1621 1796 oculos
1651 1751 1864 1796 nostros
1897 1741 2134 1796 levemus

2230 555 2347 617 tias.
2379 557 2519 626 quod
2550 571 2655 612 non
2681 568 2805 612 sunt
2834 558 3040 628 decepti
3071 575 3100 613 ιι
3126 561 3584 630 persecutoribus,
3617 563 3710 616 sed
3731 563 3816 616 iu-

2225 646 2376 701 sidiis
2403 662 2588 702 eorum
2615 649 2866 703 contritis
2891 651 3082 719 erepti.

2649 735 2758 792 TT.
2795 736 3068 791 Canticum
3088 741 3375 808 graduum.

2293 823 2334 880 C
2365 825 2456 879 Isti
2498 825 2640 880 enim
2672 827 2871 896 gradus
2898 827 2950 881 in
2980 828 3070 883 illo
3100 839 3221 884 sunt
3259 831 3449 886 itinere
3485 831 3774 886 constituti
3798 873 3816 895 ,

2227 916 2316 971 ubi
2350 916 2464 986 ipse
2509 933 2603 973 rex
2643 919 2834 988 patrire
2867 920 3009 974 viam
3047 937 3106 976 se
3137 924 3444 993 agnoscitur
3468 924 3771 996 prmbuisse
3801 944 3815 978 :

2227 1025 2387 1079 quam
2435 1010 2479 1063 si
2528 1010 2644 1080 ipso
2688 1020 2981 1080 prtcstante
3041 1013 3270 1069 ﬁdeliter
3321 1024 3484 1086 atque
3535 1015 3820 1070 humiliter

2227 1099 2558 1169 gradiamur,
2585 1103 2651 1156 ad
2676 1101 2794 1171 ejus
2825 1113 3009 1158 sancta
3042 1106 3331 1162 tribunalia
3359 1108 3733 1178 pervenimus.

2263 1192 2289 1246 1
2370 1193 2491 1248 Nisi
2520 1196 2719 1265 +quia
2751 1195 2772 1266 ζ
2802 1195 3057 1252 Dominus
3095 1208 3205 1252 erat
3239 1199 3293 1254 in
3325 1199 3470 1254 nobis
3495 1200 3638 1253 dicat
3676 1215 3815 1252 nunc

2441 1283 2612 1338 Israel
2631 1302 2651 1341 :

2296 1434 2298 1437 _
2372 1373 2495 1427 Nisi
2515 1389 2574 1430 σξ-
2599 1376 2723 1446 quia
2755 1379 2773 1450 ζ
2805 1375 3060 1432 Dominus
3086 1387 3197 1432 erat
3227 1378 3281 1433 in
3307 1379 3474 1433 nobis.

2300 1463 2341 1518 C
2365 1462 2476 1519 Vox
2508 1475 2818 1522 sanctorum
2843 1477 3163 1540 martyrum,
3193 1470 3245 1524 in
3273 1469 3608 1530 beatitudine
3624 1466 3737 1536 jam
3765 1466 3819 1520 in

2233 1555 2458 1612 Domino
2499 1557 2883 1614 exsultantium
2931 1569 2986 1615 et
3031 1560 3358 1625 dicentium,
3410 1575 3468 1615 se
3513 1558 3823 1614 nullatenus

2231 1647 2469 1715 potuisse
2493 1647 2690 1704 inﬂicta
2713 1651 2949 1720 pericula
2975 1667 3252 1720 superare,
3277 1651 3377 1706 nisi
3402 1651 3544 1721 quod
3565 1649 3827 1704 Dominus

2232 1745 2352 1791 erat.
2389 1737 2442 1791 in
2474 1738 2601 1793 illis.
2636 1739 2786 1795 Dicat
2809 1757 2951 1796 nunc
2980 1741 3143 1796 lsrael
3169 1760 3183 1796 :
3213 1742 3531 1812 praecipiunt
3560 1741 3825 1810 quodam-

550 1844 766 1899 semper
794 1831 860 1883 a.l
889 1829 1079 1896 Deum,
1108 1848 1229 1886 eum
1263 1832 1496 1902 aliquam
1527 1835 1872 1904 indigentiam
1901 1834 2134 1888 sustine—
2165 1813 2208 1873 Β
2237 1825 2398 1882 modo
2431 1828 2606 1884 sancti
2649 1838 2915 1901 martyres
2962 1832 3183 1902 reliquis
3216 1833 3318 1901 piis
3340 1830 3616 1901 justisque
3656 1831 3823 1886 homi—

551 1938 696 1986 mus,
727 1923 810 1976 vel
838 1939 958 1978 cum
989 1939 1085 1993 pro
1112 1925 1380 1994 aliquibus
1419 1928 1768 1982 verberamur
1799 1926 2129 1982 excessibus.

555 2014 596 2066 Δ
625 2013 814 2070 Manus
841 2017 1037 2086 quippe
1065 2026 1380 2087 potestatem
1409 2019 1698 2088 signiﬁcat.

547 2103 586 2158 5
693 2106 842 2162 Sicut
872 2108 1010 2162 oculi
1032 2109 1237 2164 ancilla:
1263 2111 1316 2163 in
1346 2112 1585 2166 manibus
1617 2113 1843 2166 dominre
1865 2127 2011 2167 sum:

694 2195 782 2249 Ita
805 2197 944 2250 oculi
971 2199 1133 2251 nostri
1165 2200 1233 2252 ad
1262 2199 1540 2254 Dominum
1569 2200 1737 2256 Deum
1764 2211 2019 2268 nostrum,

777 2287 942 2340 donec
968 2288 1276 2341 misereatur
1303 2291 1485 2342 nostri.

626 2372 666 2431 C
696 2374 787 2430 Sic
822 2377 1020 2430 ctenim
1055 2379 1286 2432 attendit
1313 2379 1506 2434 ancilla
1538 2381 1590 2436 in
1621 2381 1869 2437 manibus
1909 2381 2139 2436 domina:

554 2481 686 2529 sine,
713 2465 852 2520 sicut
876 2467 1017 2520 servi
1047 2468 1097 2521 in
1130 2471 1379 2526 manibus
1402 2470 1742 2527 dominorum
1773 2490 1785 2526 :
1827 2483 1881 2526 et
1910 2473 1982 2526 ita
2014 2473 2138 2527 dum

557 2556 786 2622 dicitur,
840 2557 981 2612 oculi
1036 2560 1204 2612 llOsll'i
1261 2576 1451 2629 sexum
1511 2573 1796 2632 utrumque
1847 2564 2138 2618 concludit.

555 2645 761 2712 Donec,
790 2647 876 2702 hic
915 2664 1128 2718 semper
1163 2651 1453 2721 signiﬁcat,
1483 2655 1728 2723 quamvis
1779 2654 2145 2724 temporaliter

559 2738 760 2793 dictum
797 2755 916 2794 esse
951 2742 1216 2796 videatur.
1251 2742 1404 2798 Sicut
1451 2753 1517 2813 ct.
1541 2745 1594 2798 in
1624 2745 1911 2814 Evangelia
1941 2746 2144 2801 dictum

557 2839 678 2884 est:
709 2829 823 2884 Non
867 2833 1119 2900 cognovit
1155 2849 1295 2899 eam,
1330 2835 1502 2888 donec
1551 2837 1762 2905 peperit
1794 2835 1960 2890 ﬁlium
1991 2853 2144 2892 suum

559 2921 976 2992 primogenitum
1016 2922 1230 2992 (Manli.
1265 2925 1304 2994 ι)
1331 2943 1344 2979 :
1378 2942 1539 2995 quam
1563 2936 1770 2981 constat
1801 2928 1974 2982 virum
2004 2928 2150 2985 nullo

561 3015 880 3082 cognovisse
915 3024 1190 3085 tempore:
1221 3017 1307 3071 ubi
1338 3018 1587 3073 similiter
1616 3035 1712 3089 pro
1735 3021 1877 3074 omni
1903 3028 2151 3089 tempore

561 3103 802 3172 ponitur.
823 3102 1071 3174 Nunquid
1094 3107 1237 3160 enim
1270 3117 1552 3176 postquam
1571 3111 1824 3165 misertus
1851 3120 1931 3166 cst
1968 3110 2151 3166 Domi-

567 3211 686 3255 nus.
719 3195 856 3249 oculi
887 3199 1053 3252 nostri
1084 3198 1146 3252 ad
1174 3214 1296 3252 eum
1326 3216 1430 3252 non
1457 3201 1652 3254 erunt?

562 3287 600 3341 4.
707 3287 952 3343 Miserere
979 3292 1165 3355 nostri,
1193 3290 1434 3354 Domine,
1464 3293 1705 3346 miserere
1731 3295 1892 3348 nostri
1918 3312 1934 3351 :

709 3380 846 3445 Quia
873 3383 1090 3434 multum
1124 3381 1303 3452 repleti
1332 3400 1512 3436 sumus
1535 3384 1876 3453 dcspectione.

636 3468 676 3523 C
710 3469 821 3523 Vox
853 3481 1152 3542 martyrum
1191 3474 1406 3542 gemina
1444 3477 1705 3545 petitione
1745 3476 1846 3531 sibi
1893 3478 2154 3533 miseren-

565 3562 692 3613 dum
724 3559 1011 3630 deplorat:
1046 3564 1171 3632 quia
1211 3580 1439 3634 corpora
1473 3583 1659 3622 eorum
1693 3568 1746 3622 in
1785 3570 2150 3640 passionibus,

565 3651 742 3704 anima
762 3653 1036 3708 laborabat
1058 3656 1380 3724 opprobriis.
1398 3657 1619 3712 Multum
1643 3659 1864 3730 repleti:
1889 3661 2152 3730 signiﬁcat

569 3741 957 3797 alnmdantiam
1001 3747 1334 3814 passionum,
1358 3763 1518 3816 quam
1553 3759 1732 3804 tamen
1779 3767 1836 3806 se
1875 3753 2066 3821 cupide
2092 3769 2158 3808 ac

567 3829 802 3886 libenter
821 3834 1106 3902 pertulisse
1135 3844 1383 3892 testatur.
1411 3838 1790 3908 Despiciuntur
1811 3841 1954 3895 enim
1983 3839 2154 3897 sancti

569 3937 599 3976 ο
629 3921 804 3990 malis,
827 3932 882 3978 et
900 3925 1212 3981 verberibus
1235 3925 1562 3994 lacerantur,
1586 3927 1816 3984 flammis
1837 3940 2155 3998 exuruntur,

573 4014 879 4084 gurgitibus
911 4027 1230 4086 merguntur
1258 4019 1557 4075 altissimis.

607 4107 643 4161 5
717 4125 780 4164 -:—
817 4111 955 4176 Quia
989 4111 1006 4183 ζ
1041 4112 1256 4166 multum
1281 4113 1473 4184 repleta
1501 4125 1574 4169 est
1603 4115 1780 4170 anima
1812 4125 2022 4170 nostra:

718 4204 1065 4274 Opprobrium
1093 4207 1500 4262 abundantibus.

717 4292 784 4346 Et
808 4297 1064 4364 despectio
1095 4297 1349 4365 superbis.

643 4383 684 4440 C
710 4384 911 4440 Omnes
941 4388 1031 4456 qui
1077 4389 1365 4442 secundum
1404 4387 1678 4444 Christum
1714 4395 1800 4460 pie
1845 4393 2032 4446 volunt
2075 4392 2154 4447 vi-

2233 1919 2410 1985 nibus,
2457 1927 2514 1972 ut
2547 1920 2691 1976 unde
2741 1921 2843 1991 ipsi
2889 1921 3107 1977 fuerant
3147 1923 3336 1978 salvati
3385 1923 3592 1994 gratias
3642 1937 3824 1977 secum

2233 2016 2415 2078 agant.
2434 2007 2557 2063 Haec
2577 2019 2659 2064 est
2683 2010 2824 2064 enim
2850 2011 3132 2067 eharitatis
3159 2021 3214 2067 et
3231 2012 3451 2066 unitatis
3473 2013 3673 2075 virtus,
3701 2021 3760 2064 ut
3779 2012 3824 2064 si

2233 2098 2362 2168 quid
2388 2100 2477 2154 uni
2508 2115 2819 2170 prosperum
2843 2103 3117 2166 acciderit,
3149 2119 3338 2159 omnes
3365 2105 3465 2159 sibi
3513 2103 3829 2174 provenisse

2235 2190 2610 2260 congaudeant
2637 2211 2656 2247 :
2683 2209 2896 2248 rursum
2933 2195 2980 2250 si
3011 2195 3142 2265 quid
3168 2195 3504 2250 contrarium
3537 2193 3827 2265 ingeritur.

2237 2279 2477 2336 universi
2522 2283 2625 2337 sibi
2678 2284 2942 2340 accidisse
2985 2285 3328 2341 condoleant.
3379 2285 3424 2339 Α
3469 2284 3513 2340 C
3561 2270 3827 2351 Quintum

2241 2369 2406 2439 igitur
2434 2373 2659 2442 gradum
2685 2376 3006 2442 ascendunt,
3033 2376 3126 2445 qui
3151 2377 3202 2432 in
3233 2392 3330 2446 spe
3364 2376 3509 2430 lixa:
3541 2391 3668 2429 cum
3702 2389 3829 2430 san-

2242 2463 2344 2516 ctis
2371 2465 2698 2534 martyribus
2729 2467 2842 2536 jam
2875 2466 3012 2521 caelo
3037 2467 3329 2532 coronatis,
3361 2481 3420 2522 se
3441 2465 3719 2520 exsultant
3744 2463 3829 2519 iu-

2244 2556 2415 2610 victos
2445 2558 2885 2613 tribulationibus
2913 2557 3270 2613 coronandos.

2243 2649 2278 2702 2
2387 2647 2514 2703 Cum
2543 2659 2874 2719 exsurgerent
2902 2649 3133 2703 homines
3161 2649 3214 2702 in
3242 2665 3370 2704 nos:

2389 2739 2550 2795 Forte
2579 2743 2717 2794 vivos
2746 2741 3079 2812 deglntissent
3112 2757 3224 2794 nos.

2322 2835 2364 2890 C
2391 2835 2524 2890 Cum
2562 2843 2914 2903 exsurgerent
2957 2833 3201 2888 homines
3239 2830 3554 2902 (scelerati,
3603 2830 3831 2900 scilicet,

2249 2924 2400 2978 vivos
2424 2923 2775 2992 deglutissent
2802 2937 2901 2976 nos
2931 2939 2946 2975 :
2977 2922 3211 2976 humana
3234 2921 3570 2976 consuetudo
3591 2935 3702 2976 non
3729 2929 3832 2985 est,

2251 3014 2403 3068 vivos
2432 3013 2694 3084 deglntirc
2729 3026 2744 3065 :
2779 3013 2874 3068 sed
2900 3012 3006 3066 vivi
3044 3011 3388 3082 deglutimur,
3417 3028 3542 3066 cum
3576 3012 3635 3067 in
3665 3012 3832 3066 haere-

2253 3107 2387 3160 ticas
2409 3106 2706 3176 pravitates
2725 3113 2818 3158 aut
2842 3105 2894 3158 in
2917 3104 3125 3158 foveam
3149 3104 3426 3172 culparum
3447 3103 3833 3172 demergimur.

2177 3179 2224 3240 (ἶ
2254 3195 2372 3249 Vivi
2402 3195 2544 3250 enim
2583 3195 2857 3258 dicuntur,
2888 3194 2981 3263 qui
3010 3194 3062 3247 in
3094 3193 3198 3248 ﬁde
3227 3194 3426 3250 Christi
3455 3194 3636 3249 adhuc
3671 3202 3832 3248 sunt:

2252 3286 2482 3347 mortui,
2515 3289 2605 3355 qui
2639 3302 2667 3338 a
2712 3284 2815 3339 ﬁde
2853 3285 3246 3341 decesserunt:
3284 3286 3428 3354 quod
3473 3285 3680 3340 sanctis
3707 3283 3834 3338 viris

2253 3378 2518 3447 potuisset
2562 3377 2844 3444 accidere,
2896 3376 3001 3432 nisi
3029 3390 3142 3447 _eos
3192 3377 3364 3433 virtus
3412 3391 3653 3448 superna
3700 3375 3834 3432 libe-

2254 3475 2447 3522 rassct.

2255 3558 2290 3613 ὅ
2400 3559 2531 3612 Cum
2561 3559 2878 3612 irasceretur
2903 3558 3057 3626 furor
3080 3573 3260 3611 eorum
3287 3558 3344 3612 in
3371 3573 3462 3612 nos
3485 3571 3505 3609 :

2402 3646 2652 3703 Forsitan
2679 3664 2816 3716 aqua
2842 3646 3189 3701 absorbuisset
3217 3663 3332 3700 nos.

2325 3741 2366 3794 (1
2396 3740 2529 3795 Cum
2561 3739 2913 3803 irasceretur,
2945 3735 3106 3800 dixit,
3134 3737 3261 3804 quia
3291 3751 3486 3791 causas
3507 3735 3838 3806 justissimas

2255 3847 2361 3886 non
2397 3830 2705 3893 habebant,
2740 3827 2822 3882 ira
2861 3826 3004 3882 enim
3035 3835 3090 3881 et
3126 3826 3322 3881 invidia
3360 3826 3566 3899 judicio
3611 3837 3837 3891 carent,

2257 3923 2383 3976 dum
2412 3921 2716 3976 voluntates
2758 3933 2884 3973 suas
2911 3925 3088 3972 mente
3117 3915 3379 3988 praecipiti
3414 3915 3836 3986 subsequuntur.

2254 4014 2407 4083 Aqua
2437 4014 2526 4068 hic
2556 4013 2768 4081 iniquos
2792 4010 3017 4080 populos
3048 4008 3136 4064 vel
3172 4023 3408 4079 paganos
3440 4009 3716 4080 signiﬁcat
3741 4025 3757 4062 ;
3783 4007 3837 4063 bi

2255 4119 2440 4160 servos
2469 4104 2560 4157 Dei
2591 4102 2880 4157 absorbere
2901 4100 3208 4170 cupiebant,
3235 4115 3357 4154 cum
3383 4099 3440 4152 in
3463 4114 3593 4154 suas
3619 4099 3836 4154 deorum

2254 4210 2476 4252 suorum
2502 4193 2740 4248 culturas
2770 4206 2863 4246 eos
2891 4191 3188 4260 perducere
3229 4187 3544 4243 nitebantur
3575 4206 3588 4242 :
3622 4187 3716 4243 sed
3749 4200 3837 4240 eos

2255 4288 2428 4341 virtus
2465 4284 2643 4340 divina
2678 4283 2946 4336 liberavit.
2985 4279 3195 4349 Aquam
3241 4293 3368 4332 vero
3407 4279 3667 4332 dixerunt
3707 4276 3836 4331 anti-

2255 4375 2346 4446 qui
2367 4414 2381 4439 ,
2411 4389 2439 4427 a
2473 4388 2576 4443 qua
2609 4378 2735 4426 sunt
2761 4369 2976 4434 omnia,
3007 4368 3288 4423 credentes
3317 4380 3385 4422 ex
3414 4381 3477 4421 ea
3507 4366 3691 4421 omnia
3721 4379 3836 4436 pro-

573 4490 720 4535 verc.
756 4476 1100 4546 Opprobrium
1133 4480 1411 4548 patiuntur
1447 4481 1514 4536 ab
1545 4482 1666 4547 illis,
1712 4483 1804 4554 qui
1851 4485 1916 4538 de
1944 4494 2153 4538 terrena
2187 4519 2232 4578 υ
2258 4476 2460 4578 clm“:

575 4563 831 4621 felicitate
878 4578 1039 4637 atque
1099 4571 1430 4624 abundantia
1499 4573 1770 4628 mundana
1839 4575 2158 4644 superbiunt

576 4659 662 4731 (II
700 4660 834 4713 Tim.
870 4661 976 4724 ιιι).
1004 4661 1044 4714 C
1084 4663 1216 4727 Quia
1249 4678 1462 4732 semper
1490 4663 1706 4729 divites,
1732 4681 1995 4735 pauperes
2024 4684 2037 4719 :
2073 4684 2160 4722 su-

579 4751 732 4822 perbi
763 4751 1067 4820 despiciunt
1102 4753 1354 4808 lmmiles.
1387 4752 1502 4807 Non
1538 4753 1673 4808 dixit
1699 4764 1875 4808 autem
1908 4757 2162 4811 divitibus

582 4840 674 4896 sed
725 4840 1147 4907 abundantibus,
1190 4851 1250 4896 ut
1289 4842 1344 4895 in
1392 4841 1596 4896 malitia
1641 4841 1979 4899 abundantes
2024 4845 2165 4899 acci-

616 4945 754 4987 eres.

1019 5018 1216 5059 ORATIO
1253 5019 1320 5057 EX
1361 5018 1507 5057 ρειι..
1547 5018 1715 5058 CXIII.

649 5093 922 5150 Curiorum
956 5096 1242 5162 habitator,
1276 5099 1415 5153 Deus
1445 5114 1458 5150 :
1496 5095 1563 5151 ad
1609 5105 1660 5151 te
1698 5095 1940 5151 levamus
1975 5094 2161 5151 oculos

583 5193 818 5249 nostros,
857 5196 1160 5255 precantes,
1197 5197 1259 5242 ut
1303 5185 1592 5242 confutatis
1631 5187 1934 5258 opprobriis
1977 5201 2161 5256 super-

583 5277 794 5334 borum.
837 5281 1260 5336 misericordiam
1293 5281 1446 5336 nobis
1493 5281 1705 5338 solitam
1752 5280 2046 5336 clementer
2075 5280 2163 5334 in?

2262 4559 2296 4614 4
2407 4557 2707 4611 Torrentem
2737 4551 3065 4624 pertransivit
3095 4550 3270 4603 anima
3299 4560 3480 4604 nostra
3504 4563 3525 4600 :

2406 4647 2655 4702 Forsitan
2693 4645 3054 4714 pertransisset
3087 4642 3264 4696 anima
3301 4651 3481 4696 nostra
3526 4657 3726 4712 aquam
3761 4641 3838 4694 in-

2470 4738 2806 4794 tolerabilem.

2340 4833 2382 4888 H
2416 4831 2651 4886 Torrens
2679 4837 2762 4884 est
2789 4841 2934 4882 mors
2959 4825 3160 4892 carnis,
3187 4840 3284 4894 per
3312 4840 3473 4895 quam
3501 4825 3684 4880 sancti
3711 4839 3843 4880 mar-

2267 4936 2412 4998 tyres
2458 4928 2827 4983 transeuntes,
2879 4917 2933 4972 in
2975 4917 3310 4986 refrigerium
3355 4924 3481 4970 sunt
3530 4915 3841 4969 introducti.

2271 5020 2308 5073 Δ
2344 5018 2384 5072 C
2418 5015 2510 5070 Vel
2549 5013 2726 5083 passio
2763 5010 3036 5066 tribulatio
3066 5019 3119 5065 et
3145 5010 3446 5078 persecutio
3485 5009 3781 5064 malorum.
3807 5008 3844 5063 C

2266 5105 2620 5162 lntolerabilis
2651 5119 2788 5173 aqua
2823 5102 3040 5164 dicitur,
3083 5102 3296 5171 quando
3334 5108 3517 5154 nostra
3559 5100 3846 5154 inﬁrmitas

2264 5199 2532 5271 cogitatur
2567 5196 2683 5250 sine
2715 5194 2810 5249 Dei
2846 5193 3130 5262 atljutorio.
3161 5193 3291 5249 Nam
3332 5203 3689 5264 peccatorum
3722 5211 3845 5266 gur-

2267 5293 2403 5342 uites
2446 5288 2841 5342 criminumque
2879 5296 3223 5342 tempestates
3247 5327 3262 5342 .
3297 5285 3527 5339 tolerare
3572 5287 3702 5342 uuis
3748 5302 3844 5340 non
