3994 5370
191 363 292 418 863
1404 344 1751 408 EXPOSITIC

1869 341 2177 401 ΞΜ.ΜοΒο
2186 341 2254 399 l1.
3350 334 3449 392 670

189 472 221 527 5
330 469 647 525 Benedictus
679 469 931 524 Dominus
958 480 975 518 :
1802 457 1850 518 Α
1878 457 1931 511 in
1953 457 2182 512 circuitu
2215 474 2227 509 :
2261 455 2349 511 ille
2379 454 2524 512 enim
2552 451 2748 510 circuit
2781 451 2980 508 auxilio
3006 459 3222 506 aeterna:
3253 449 3452 505 defen-

331 561 438 628 Qui
469 580 574 616 non
604 561 745 614 dedit
779 576 870 613 uos
899 560 954 612 in
983 557 1272 627 captionem
1301 555 1538 608 dentibus
1566 567 1765 606 eorum.
1875 545 2041 601 sionis
2067 561 2182 610 eos,
2211 560 2346 614 quos
2374 544 2477 601 sibi
2520 543 2706 601 fideles
2732 556 2854 598 esse
2894 542 3189 613 cognoscit.
3233 541 3308 595 Ex
3343 541 3449 596 hoc

255 653 302 709 Η
337 656 535 710 Dentes
575 655 662 708 hic
700 651 1142 706 numerositatem
1187 649 1363 718 signat
1406 647 1657 703 vitiorum
1681 684 1696 710 ,
1739 660 1769 699 ι
1870 653 2014 692 nunc.
2047 655 2060 691 :
2094 637 2234 691 istud
2265 637 2517 692 saeculum
2545 635 2830 704 significat.
2866 634 3046 705 Usque
3076 635 3126 688 in
3154 634 3442 689 saeculum:

183 745 380 813 quibus
410 759 478 798 ne
503 743 802 814 capiamur,
831 741 1004 814 gratia
1033 739 1124 794 Dei
1149 739 1408 794 eruimur.
1871 727 2000 782 illud
2028 727 2163 784 dicit
2189 727 2467 790 saeculum,
2497 728 2586 782 ubi
2605 727 2717 796 jam
2749 726 2954 781 sanetis
2981 725 3033 779 in
3063 723 3341 793 majestate
3363 725 3446 780 sui

180 839 213 893 6
328 838 520 890 Anima
554 847 730 891 nostra
762 836 892 889 sicut
928 849 1105 902 passer
1133 841 1308 901 erepta
1336 839 1452 885 est:
1870 820 2091 877 luminis
2117 820 2418 890 apparebit.
2460 818 2566 873 Sed
2613 833 2710 874 cur
2736 819 3040 888 praebeatur
3071 816 3173 872 ista
3203 815 3445 872 defensio

329 928 405 982 De
434 927 623 996 laqueo
653 927 971 981 venantium.

1870 919 2271 981 consequenter
2300 910 2612 980 exponitur.

177 1021 208 1074 7
318 1019 562 1092 Laqueus
587 1020 836 1074 contritus
863 1027 974 1073 est:
1870 1022 1904 1079 5
2016 1021 2154 1089 Quia
2185 1039 2286 1077 non
2311 1021 2564 1092 relinquet
2596 1019 2854 1074 Dominus
2880 1020 3076 1090 virgam
3115 1026 3446 1088 peccatorum

319 1111 388 1164 Et
421 1127 516 1164 nos
545 1109 750 1164 liberati
781 1124 980 1162 smnus.
1257 1141 1278 1166 .
2081 1130 2236 1185 super
2271 1123 2463 1169 sortem
2486 1114 2756 1183 justorum
2783 1125 2801 1162 :

247 1202 295 1258 Η
326 1202 648 1258 Tenduntur
687 1202 842 1256 nobis
881 1200 1091 1269 laquei,
1131 1200 1183 1253 in
1225 1197 1676 1268 concupiscentiis
1705 1213 1769 1253 ac
2011 1201 2079 1258 Ut
2128 1222 2230 1258 non
2285 1204 2566 1259 extendant
2599 1203 2738 1273 justi
2783 1202 2850 1254 ad
2897 1200 3218 1270 iniquitatem
3258 1217 3458 1256 manus

176 1293 408 1347 diversis
445 1292 661 1347 astutia:
701 1290 979 1346 diabolicae
1019 1289 1176 1343 dolis.
1226 1287 1332 1343 Sed
1373 1289 1610 1343 contrito
1653 1288 1772 1342 dia-
2077 1307 2243 1350 sum:

175 1385 305 1440 bolo
329 1386 432 1439 sub
454 1386 683 1455 pedibus
706 1385 907 1439 nostris
931 1383 1043 1455 (qui
1076 1383 1228 1437 nobis
1251 1382 1472 1451 laqueus
1495 1383 1597 1451 est)
1627 1381 1766 1436 sicut
1937 1387 1979 1445 ε
2020 1388 2180 1458 Virga
2207 1403 2221 1443 ;
2245 1388 2371 1443 boni
2406 1387 2640 1456 malique
2686 1396 2924 1456 potestas
2962 1385 3320 1456 signiﬁcatur,
3357 1383 3445 1439 hic

173 1491 367 1545 passer
401 1477 620 1544 sapiens
645 1483 954 1537 θῑαδῑυιυεν
987 1473 1260 1528 Nobilius
1290 1472 1358 1526 ab
1391 1472 1499 1525 Ῐιιοο
1868 1488 2050 1534 autem
2115 1479 2168 1531 in
2221 1478 2419 1532 malam
2465 1486 2674 1548 partem
2727 1477 2897 1546 accipi
2945 1474 3292 1530 manifestum
3341 1482 3444 1530 est.

170 1565 206 1621 8
318 1567 658 1636 Adjutorium
692 1580 925 1620 nostrum
957 1566 1011 1619 in
1043 1566 1249 1619 nomine
1276 1563 1526 1617 Domini:
1869 1569 2001 1626 Sors
2025 1566 2297 1637 iustorum
2324 1583 2338 1621 :
2371 1576 2452 1622 est
2500 1567 2692 1636 religio
2723 1566 3058 1631 Christiana,
3089 1580 3252 1636 supra
3285 1582 3450 1635 quam

320 1655 426 1722 Qui
455 1657 578 1726 fecit
607 1657 792 1711 calum
821 1668 866 1712 et
895 1667 1110 1711 terram.
1867 1675 1972 1714 non
2023 1660 2152 1713 sinit
2193 1658 2445 1713 Christus
2476 1659 2680 1728 virgam
2724 1665 3072 1727 peccatorum
3105 1657 3179 1715 (id
3214 1667 3297 1710 est
3347 1656 3450 1710 ini-

244 1748 290 1802 Η
326 1749 672 1820 Adjutorium
723 1760 964 1804 nostrum
1013 1749 1067 1804 in
1111 1750 1326 1804 nomine
1370 1749 1580 1804 Domini
1614 1767 1626 1802 :
1661 1749 1763 1804 hoc
1794 1812 1834 1823 _
1866 1768 2028 1823 quam
2049 1760 2374 1822 potesmtem
2410 1749 2785 1822 tyrannorum)
2817 1749 3018 1806 diutius
3053 1750 3358 1822 insurgere,
3383 1764 3450 1804 no

172 1850 256 1894 est
289 1857 485 1897 nomen
515 1841 658 1912 quod
691 1851 774 1898 est
821 1857 982 1912 super
1011 1857 1171 1895 omne
1204 1857 1432 1906 nomen,
1473 1838 1628 1907 hujus
1667 1856 1762 1894 no-
1794 1812 1836 1872 Β
1865 1844 2163 1900 Ecclesiam
2190 1842 2281 1898 Dei
2315 1843 2523 1912 possint
2558 1841 2872 1912 longissima
2903 1840 3282 1910 persecutione
3312 1852 3468 1894 cou-

173 1931 336 1987 minis
373 1933 675 2001 adjutorio,
719 1934 909 1990 mortis
936 1935 1223 1988 vincuntur
1269 1932 1466 2003 laquei,
1509 1934 1552 1987 si
1587 1935 1636 1987 in
1674 1931 1762 1987 illo
1866 1945 2061 1991 terere.
2115 1934 2186 1991 Ut
2237 1950 2341 1990 non
2390 1933 2686 1987 extendant
2735 1933 2803 1986 ad
2857 1933 3197 2002 iniquitatem
3256 1946 3450 1985 manus

173 2040 493 2081 maneamus
516 2025 684 2081 allixi.
1865 2044 2012 2092 suas,
2045 2027 2087 2082 ll
2120 2027 2174 2082 id
2230 2035 2334 2092 est,
2366 2034 2424 2080 ut
2451 2041 2557 2080 non
2594 2024 2837 2095 cogitent
2867 2041 2881 2078 :
2911 2023 3041 2093 quid
3072 2023 3202 2077 mihi
3227 2021 3449 2091 prodest

240 2115 283 2169 C
308 2115 456 2171 Bene
485 2131 616 2187 ergo
647 2117 700 2171 in
730 2117 920 2188 quinto
951 2117 1118 2189 gradu
1154 2116 1427 2184 dicuntur,
1453 2115 1544 2187 qui
1577 2131 1765 2187 corpo-
1865 2122 2008 2194 quod
2047 2122 2229 2190 justus
2259 2135 2401 2186 sum,
2435 2119 2479 2174 si
2516 2133 2732 2188 semper
2778 2125 3177 2187 persequuntur
3219 2131 3305 2169 me
3347 2113 3449 2167 ini-

169 2208 393 2261 reosin
431 2209 690 2278 passione
731 2223 923 2265 sensus
971 2209 1198 2264 Domino
1233 2208 1458 2280 juvante
1504 2223 1762 2279 superare
1864 2215 1993 2286 qui?
2035 2216 2138 2270 hoc
2162 2223 2244 2270 est
2273 2231 2286 2267 :
2319 2221 2379 2267 ut
2428 2212 2734 2267 sustineant
2775 2209 2967 2273 malos,
3009 2219 3065 2263 et
3101 2223 3204 2263 non
3249 2205 3448 2261 faciant

171 2298 481 2356 νεὶυειύιιιο
1866 2306 2009 2360 taala
2043 2323 2055 2358 :
2090 2320 2197 2359 non
2224 2303 2367 2359 enim
2407 2303 2495 2356 diu
2546 2300 2805 2369 relinquit
2848 2299 2990 2352 Dens
3034 2297 3196 2352 talem
3237 2296 3465 2366 virgam.

604 2387 805 2430 ORATIO
840 2387 909 2428 ΒΧ
947 2388 1094 2428 ΡεΑι..
1141 2389 1328 2428 CXXI".

1869 2413 2026 2468 nuper
2047 2394 2245 2466 justos,
2276 2394 2400 2449 licet
2433 2395 2521 2448 ditt
2554 2392 2798 2446 videatur
2822 2387 3120 2444 imbecillis.

241 2459 544 2527 Conclude,
570 2463 816 2526 Domine.
843 2464 1045 2519 hiantia
1068 2480 1160 2518 ora
1183 2465 1469 2530 malorum,
1491 2463 1580 2534 qui
1604 2463 1760 2519 saevis

168 2554 632 2609 obtrectationem
665 2556 916 2612 dentibus
943 2572 1138 2612 vorare
1169 2557 1415 2610 nituntur
1441 2574 1454 2610 :
1489 2565 1545 2610 ut
1573 2556 1664 2626 qui
1693 2557 1760 2610 de

171 2600 632 2659 ’””“”Ῐ“’““’“
652 2600 916 2661 .“””.””“””
954 2600 1454 2661 ’“”“”.“.’”””ἶ”“’.’
1490 2600 1664 2661 “”’.“¹“’
1695 2600 1760 2610 “’
2006 2602 2164 2657 Bonis
2193 2610 2238 2654 et
2265 2601 2415 2655 rectis
2442 2600 2616 2654 corde.

169 2659 354 2702 nostra
387 2657 586 2703 virtute
612 2647 920 2714 dtﬂiltmus,
963 2665 1198 2705 nomnns
1234 2658 1309 2704 tut
1341 2649 1610 2718 atljntorto
1643 2665 1760 2704 mu-
1952 2717 1981 2722 __
2020 2717 2044 2722 Α
2205 2717 2215 2722 _
2261 2716 2272 2722 Α
2536 2713 2548 2722 _
2616 2721 2619 2722 ν
2704 2712 2756 2722 Η
2819 2711 2844 2722 Δ
2917 2713 2927 2722 _
2965 2711 2979 2722 _
3295 2710 3308 2722 ο

170 2742 410 2796 niamur.
442 2740 546 2798 Per
572 2742 858 2798 Dominum
887 2753 1131 2798 nostrum
1159 2741 1364 2808 Jesum,
1393 2751 1496 2796 etc.

1941 2717 1985 2776 C
2010 2717 2172 2787 Optat
2205 2716 2370 2788 igitur
2399 2713 2665 2785 propheta
2704 2712 2788 2767 his
2814 2711 2932 2768 ﬁeri
2965 2711 3190 2776 bonum,
3215 2711 3308 2780 qui
3347 2725 3440 2768 no-

666 2834 987 2891 pSALMUS
1020 2834 1252 2891 CXX”.
1352 2802 1363 2808 ’
1864 2811 2044 2868 sciunt
2087 2825 2118 2863 a
2169 2807 2394 2862 Domino
2441 2821 2602 2876 prava
2648 2804 2926 2860 voluntate
2974 2803 3242 2874 separari.
3290 2802 3443 2858 Recti

1863 2900 2027 2958 corde
2054 2908 2199 2965 sunt,
2226 2899 2313 2968 qui
2347 2898 2514 2952 Deum
2543 2907 2864 2966 sequuntur,
2892 2906 3072 2950 etnon
3099 2895 3292 2966 praeire
3316 2909 3446 2950 con-

1864 2991 2109 3049 tendunt.
2142 2990 2184 3045 Η
2214 2990 2280 3044 Et
2301 2991 2393 3060 qui
2418 3005 2572 3045 suam
2605 2987 2937 3042 voluntatem
2967 2987 3163 3043 divinae
3186 2985 3444 3039 voluntati

1865 3083 2225 3148 conformant,
2259 3097 2364 3137 non
2393 3081 2631 3137 divinam
2662 3079 2996 3135 voluntatem
3036 3079 3103 3133 ad
3129 3093 3283 3134 suam
3323 3093 3444 3133 cur-

1787 3171 1833 3236 C
1863 3192 1992 3232 vare
2013 3175 2218 3231 volunt.
2767 3169 2770 3171 λ

1862 2509 1896 2566 ι
2005 2507 2256 2577 Benefac,
2286 2505 2545 2560 Domine:

577 2944 938 2985 ηοσηητυκ
975 2945 1124 2984 νελι..
1165 2944 1347 2984 CXXIV.

237 3019 280 3074 C
310 3021 526 3076 Clamat
547 3023 809 3093 propheta
841 3023 995 3077 nobis
1020 3021 1074 3075 in
1105 3021 1332 3075 Domino
1358 3019 1756 3084 confidendum,

169 3125 236 3166 ne
273 3110 587 3168 laboremus
621 3113 891 3168 incassum
928 3132 939 3166 :
979 3121 1168 3181 petens
1200 3130 1214 3166 :
1250 3120 1306 3166 ut
1347 3112 1510 3168 rectis
1538 3125 1759 3182 prospe-

167 3203 319 3269 ritas,
349 3203 531 3273 pravis
556 3204 792 3258 vindicta
821 3204 1120 3273 proveniat.

597 3291 641 3346 Τ
646 3292 708 3346 Τ.
751 3291 1024 3347 Canticum
1051 3293 1332 3364 graduum.
1857 3287 1892 3344 5
1999 3287 2333 3344 Declinantes
2365 3295 2538 3340 autem
2569 3286 2623 3340 in
2669 3285 3016 3355 obligationes
3052 3281 3276 3336 adducet
3332 3279 3441 3332 Do-

235 3382 278 3438 C
304 3383 563 3451 Quamvis
594 3382 739 3440 scala
778 3383 881 3438 ista
907 3383 1159 3438 salutaris
1181 3423 1196 3448 ,
1227 3381 1553 3454 competenti
1583 3396 1758 3438 reme-
2063 3381 2238 3433 minus
2265 3395 2382 3431 cum
2419 3377 2756 3448 aperantibus
2784 3376 3109 3447 iniquitatem
3127 3387 3156 3430 :.

166 3474 256 3529 dio
289 3476 540 3530 videatur
567 3488 686 3531 esse
712 3484 1023 3530 constructa
1056 3493 1068 3529 :
1103 3475 1247 3529 nulla
1280 3483 1454 3530 tamen
1503 3474 1756 3530 firmitate
1996 3468 2116 3526 Pax
2143 3487 2297 3542 super
2325 3469 2515 3524 Israel.

168 3568 550 3634 consistimus,
599 3567 703 3622 nisi
745 3567 856 3622 illic
889 3567 1098 3622 Domini
1138 3568 1396 3636 regimine
1429 3576 1750 3622 teneamur:
1929 3566 1970 3622 C
2008 3566 2238 3621 Pulchre
2285 3564 2506 3619 deﬁnita
2561 3570 2687 3618 sunt
2734 3575 2896 3632 Opera
2939 3557 3244 3628 iniquitatis
3271 3574 3284 3610 :
3314 3571 3464 3611 esse-

167 3675 286 3730 quae
312 3670 493 3716 tamen
527 3661 776 3716 ascensio
808 3659 866 3714 lit
897 3668 1100 3725 mente,
1130 3675 1234 3715 non
1259 3674 1504 3729 corpore.
1534 3657 1667 3713 Nam
1700 3658 1752 3712 in
1857 3661 2136 3731 obligatio,
2174 3675 2294 3730 quae
2347 3673 2445 3713 nos
2492 3657 2720 3712 vinculis
2752 3653 3034 3725 pravitatis
3085 3651 3331 3714 innectit,
3379 3657 3440 3702 ut

165 3768 274 3807 “"0
314 3754 489 3824 ωεεῑε
533 3752 654 3810 Ῐοεο
687 3753 979 3818 “demes.
1023 3763 1076 3809 ει
1115 3751 1318 3808 CCHUL’B
1365 3752 1469 3807 Situ
1514 3751 1710 3807 recluSi
1738 3792 1754 3818 ,
1857 3771 1974 3810 esse
2016 3753 2173 3808 liberi
2223 3765 2573 3822 nequeamus,
2618 3764 2740 3804 cum
2787 3745 2981 3800 talibus
3033 3743 3303 3812 tantisque
3353 3741 3436 3793 la«

165 3842 436 3900 efficacius
472 3845 606 3900 istos
636 3844 836 3916 gradus
875 3845 1216 3900 ascendimus
1251 3859 1412 3915 quam
1441 3844 1486 3898 si
1527 3859 1624 3914 per
1661 3843 1758 3898 bo-
1857 3843 2012 3913 queis
2049 3841 2493 3911 constringimur.
2529 3836 2902 3899 Declinantes,
2943 3834 2996 3888 id
3035 3841 3137 3896 est,
3161 3832 3310 3902 jussa
3337 3829 3459 3884 Dei.

165 3938 369 3990 minum
402 3953 496 3992 ora
526 3937 836 3992 volitemus.
1859 3952 1962 3989 non
1992 3942 2400 4006 persequentes.
2431 3931 2556 3986 Pari
2603 3933 2747 3984 enim
2789 3926 3054 3982 sententia
3084 3930 3332 3993 pereunt,
3380 3929 3447 3972 et.

164 4025 191 4078 1
307 4025 412 4093 Qui
451 4027 722 4095 conﬁdunt
754 4028 806 4080 in
838 4027 1056 4083 Domino
1081 4029 1214 4082 sicut
1256 4046 1401 4083 mons
1437 4027 1565 4085 Sion
1603 4047 1620 4087 :
1650 4045 1752 4082 non
1856 4027 1947 4096 qui
1976 4022 2417 4090 declinarejussa
2447 4022 2678 4082 Domini,
2703 4029 2755 4074 et
2778 4017 2990 4088 operari
3017 4015 3276 4069 malitiam
3301 4011 3436 4066 vello

375 4112 782 4167 commovebitur
809 4113 863 4166 in
901 4122 1151 4167 a’ternum

1869 4119 2212 4174 :ontcndunt.
2241 4114 2349 4170 Pax
2393 4129 2556 4182 super
2587 4111 2749 4166 Israel
2773 4129 2786 4164 :
2811 4111 2923 4164 haec
2964 4123 3068 4176 pax
3101 4107 3201 4160 iste
3242 4103 3430 4158 Salva-

305 4204 411 4272 Qni
437 4206 643 4259 habitat
671 4206 725 4258 in
761 4203 1114 4260 Hierusalem.
1858 4218 1942 4263 tor
1989 4216 2092 4274 est,
2143 4205 2234 4276 qui
2289 4217 2501 4274 semper
2534 4201 2770 4257 defendit
2829 4214 2887 4253 se
2923 4197 3190 4252 videntes.
3241 4193 3284 4248 ll
3329 4193 3434 4259 Qui

232 4297 277 4351 Δ
306 4297 532 4352 Sextum
559 4295 787 4366 gradum
815 4297 1076 4360 ascendit,
1108 4296 1198 4366 qui
1221 4296 1546 4353 omnimodis
1567 4297 1619 4351 in
1648 4297 1747 4352 Do-
1855 4302 2018 4356 etiam
2068 4297 2319 4353 auferens
2356 4295 2648 4350 maceriam
2681 4291 2978 4346 inimicitia:
3016 4287 3322 4343 Judteorum
3377 4295 3434 4339 et

166 4389 313 4444 mino
339 4389 642 4455 conlidens,
672 4404 773 4443 nec
801 4388 1158 4459 prosperitate
1186 4388 1446 4443 malorum
1471 4389 1746 4444 hominum
1856 4392 2117 4462 gentium,
2154 4387 2285 4442 fecit
2330 4395 2559 4454 utraque
2605 4383 2657 4436 in
2691 4380 3038 4436 credentibus
3073 4393 3258 4442 unum,
3290 4374 3452 4445 quod.

165 4482 357 4536 titubat
396 4483 448 4537 in
495 4482 603 4537 fide
650 4481 716 4536 de
748 4481 856 4535 Deo
893 4499 906 4534 :
941 4481 1033 4535 sed
1075 4481 1194 4536 lixis
1237 4482 1510 4552 gressibus
1556 4482 1661 4537 iter
1695 4482 1747 4536 in
1778 4533 1826 4552 ﬁ
1855 4489 2118 4539 eratante
2147 4481 2376 4535 divisum
2401 4476 2615 4549 (Ep/tes.
2644 4477 2703 4545 tt)

162 4574 324 4629 altum
354 4577 660 4630 continuat.
714 4572 758 4626 ll
791 4572 919 4628 Sion
940 4614 954 4638 ,
996 4573 1046 4627 id
1086 4583 1169 4628 est
1206 4573 1506 4643 speculatio
1533 4589 1548 4627 :
1579 4574 1749 4646 signi-
1778 4533 1830 4594 υ

161 4666 283 4722 ﬂeat
321 4677 569 4722 sanctam
604 4665 898 4720 electorum
940 4665 1436 4735 congregationem,
1479 4665 1531 4720 in
1562 4666 1749 4720 altitu-

159 4757 280 4812 dine
323 4757 803 4828 contemplationis
843 4757 1096 4826 positam.
1145 4755 1295 4811 Mons
1330 4757 1500 4828 (juxta
1557 4756 1749 4812 Danie-

161 4847 280 4921 lem)
305 4849 570 4908 Dominus
610 4849 860 4904 Christus
908 4847 1071 4920 (Dan.
1098 4847 1159 4914 ιι)
1190 4848 1317 4916 :qui
1347 4849 1397 4902 in
1425 4863 1548 4903 eum
1579 4857 1746 4902 totam

158 4953 300 5008 spem
339 4941 534 5009 ponit,
577 4955 686 4993 non
719 4936 1152 4994 commovebitur
1189 4935 1240 4989 in
1280 4947 1539 4992 atternum
1573 4955 1584 4990 :
1620 4940 1747 5008 quia

159 5031 444 5088 conformis
500 5029 735 5086 cllicitur
780 5027 996 5099 corpori
1048 5024 1233 5095 glorise
1284 5026 1502 5084 Christi.
1553 5025 1593 5081 C
1645 5029 1744 5086 llic

160 5137 360 5195 quoque
391 5120 760 5186 llicrusalem,
790 5121 1071 5176 cmlestetn
1099 5131 1218 5170 esse
1250 5120 1476 5185 patriam
1507 5118 1748 5176 adverti-
2345 5133 2666 5190 pSALMUS
2719 5134 2935 5192 CXXV,

156 5228 264 5269 mus
290 5218 436 5285 (qua:
467 5222 559 5268 cst
588 5211 724 5267 visio
748 5211 911 5284 pacis)
948 5210 1017 5264 de
1043 5222 1145 5276 qua
1179 5207 1357 5267 nullus
1385 5217 1563 5282 potest
1595 5225 1748 5268 com-

2269 4636 2470 4676 οιιλτιο
2507 4636 2572 4674 ΕΚ
2616 4634 2762 4674 Ρςλι..
2800 4633 3024 4675 CXXII"-

1926 4731 2170 4802 chelle,
2203 4730 2446 4787 Domine.
2479 4729 2749 4800 nequitias
2781 4728 3196 4799 insurgentium,
3227 4742 3256 4781 a
3286 4734 3456 4780 sorte

1846 4825 2120 4896 jnstorum
2153 4840 2167 4876 :
2195 4833 2253 4876 ut
2287 4823 2378 4892 qui
2413 4823 2466 4876 in
2504 4832 2554 4876 te
2583 4831 2693 4875 toto
2734 4822 2898 4876 corde
2927 4820 3225 4884 confidunt,
3276 4818 3436 4872 nullis

1855 4917 2214 4972 tentationum
2270 4915 2534 4970 imbribus
2593 4913 2928 4982 quatiautur.
2993 4911 3095 4965 Per
3147 4910 3436 4968 Dominum

1854 5016 2100 5064 nostrum
2136 5005 2319 5061 Jesum
2348 5003 2623 5060 Christum
2653 5003 2846 5068 lilium,
2877 5012 2983 5058 etc.

2258 5261 2621 5302 ARGUMENTU!
2671 5262 2822 5302 PSAL.
2864 5259 3024 5302 CXXV.
