3994 5370
580 342 680 399 HI

1013 455 1048 509 1⁸
1049 455 1113 510 Τ.
1151 454 1425 529 Canticum
1457 456 1736 525 graduum.

586 552 608 605 1
718 549 789 606 In
815 548 1155 604 convertenda
1196 547 1450 601 Dominus
1490 546 1839 617 captititatem
1875 546 2003 602 Sion
2028 562 2048 601 :

724 638 878 693 Facti
911 654 1089 692 sumus
1119 636 1555 707 sicut,consoluti.

652 729 698 785 li
735 730 1032 799 Captivitas
1073 729 1201 782 Sion
1235 729 1355 791 fuit,
1382 744 1504 782 cum
1541 727 1781 782 Ecclesia
1817 739 2155 796 premeretur

580 840 609 876 a
640 822 851 876 cultura
882 821 1144 875 idolorum
1176 838 1189 874 :
1219 820 1314 875 sed
1337 835 1599 875 conversa
1623 831 1709 874 est
1741 821 1793 875 in
1824 820 2150 886 libertatem,

580 914 798 982 quando
847 913 1078 967 adventu
1123 912 1357 974 Domini,
1415 910 1614 966 inferni
1648 911 1860 966 vincula
1909 912 2150 980 disrupta

579 1014 728 1062 sunt.
769 1002 811 1061 C
839 1002 973 1059 Vide
1019 1011 1198 1060 autem
1251 1002 1396 1072 quod
1458 1018 1565 1057 non
1606 1003 1754 1065 dicit,
1791 1002 1917 1057 facti
1964 1016 2152 1057 sumus

582 1094 872 1157 consolati,
900 1093 993 1147 sed
1025 1091 1151 1147 facti
1185 1106 1372 1147 sumus
1396 1092 1536 1146 sicut
1564 1091 1825 1147 consolati
1852 1109 1865 1146 :
1898 1091 2022 1161 quia
2059 1090 2149 1146 illa

578 1184 896 1252 captivitate
925 1182 1168 1252 explosa,
1194 1197 1299 1235 non
1328 1181 1502 1235 reddit
1530 1196 1625 1236 nos
1662 1181 1881 1236 omnino
1907 1193 2145 1243 securos,

579 1277 750 1330 donec
778 1276 830 1329 in
858 1275 959 1329 isto
983 1287 1209 1342 corpore
1231 1271 1443 1326 mortali
1473 1286 1775 1333 versamur,
1799 1271 1892 1325 sed
1919 1271 1972 1324 in
1992 1270 2150 1327 beata

580 1364 913 1420 Hierusalem
946 1364 1053 1419 erit
1093 1371 1239 1417 certa
1271 1372 1324 1416 et
1346 1361 1582 1432 perfecta
1621 1362 1939 1417 consolatio.

577 1458 613 1512 9
719 1456 864 1512 Tunc
894 1453 1143 1525 repletum
1177 1465 1253 1508 est
1279 1453 1472 1524 gaudio
1502 1470 1559 1507 os
1580 1464 1823 1507 nostrum
1848 1465 1867 1505 :

719 1551 784 1605 Et
808 1550 987 1621 lingua
1013 1560 1191 1603 nostra
1222 1549 1275 1601 in
1308 1546 1675 1601 exsultatione.

646 1641 688 1695 C
726 1639 876 1695 Tunc
901 1638 1165 1701 repletum
1210 1646 1294 1692 est
1327 1652 1389 1692 os
1418 1637 1493 1707 (id
1522 1647 1608 1691 est
1646 1635 1825 1691 cordis
1860 1635 2145 1706 arcanum)

578 1731 772 1801 gaudio
803 1729 896 1784 :in
952 1729 1182 1783 adventu
1227 1726 1440 1782 Domini
1479 1726 1798 1790 Salvatoris,
1836 1740 1957 1781 cum
1998 1742 2145 1782 com-

1505 342 1559 399 s.
1600 342 1949 401 unusunus
1987 340 2525 400 nenmrorcnsrs
2562 308 2864 401 censeant

2173 457 2222 514 Α
2252 467 2511 523 pauperes
2530 454 2863 524 aspiciebant
2891 453 3087 525 frigore
3108 454 3454 522 constrictos,
3476 453 3661 525 inopia
3681 470 3829 513 san

3712 343 3827 402 ιῖἳ

2256 554 2579 611 maceratos,
2614 546 2887 600 mittentes
2915 546 3121 601 semina
3146 561 3264 600 sua.
3297 532 3421 601 Sna'
3435 546 3569 601 dicit
3603 565 3618 600 :
3649 557 3712 601 ut
3753 549 3825 604 de

2253 634 2490 703 propriis
2519 634 2816 698 laboribus,
2848 650 2952 691 non
2983 636 3049 690 de
3077 635 3281 706 rapinis
3318 635 3697 708 eleemosynas
3741 637 3826 691 fa-

2252 739 2376 779 cere
2425 726 2620 780 debere
2667 740 2983 795 cognoscas.
3030 725 3303 780 Mittentes
3339 741 3469 781 vero
3515 745 3531 781 :
3584 728 3825 800 inteﬂige

2251 816 2640 886 praemittentes
2671 817 2722 870 in
2760 815 2976 880 emtum,
3012 831 3119 885 quo
3155 828 3300 879 ante,
3337 829 3522 872 nostra
3553 830 3677 874 acta
3702 836 3825 891 per-

2250 908 2472 961 veniunt
2494 896 2653 976 quam
2685 922 2818 961 nos:
2850 905 2937 960 illa
2977 906 3119 959 enim
3164 916 3289 962 sunt
3316 909 3605 965 thesaurus
3643 922 3825 967 noster

2250 996 2305 1052 in
2344 997 2484 1053 etelo
2522 999 2849 1055 condeudus.
2882 997 2925 1051 ii
2952 997 3047 1054 Vel
3073 1009 3265 1055 euntes
3304 1002 3673 1073 (prmdicando
3704 1020 3821 1060 ver-

2249 1091 2376 1147 bum
2422 1093 2538 1163 Dei)
2570 1091 2764 1163 ﬁebant
2798 1110 2814 1147 :
2862 1107 3025 1163 super
3069 1092 3269 1149 duritia
3313 1097 3493 1152 cordis
3544 1112 3657 1153 non
3704 1112 3824 1153 cre-

2249 1157 2530 1239 dentium.-
2695 1157 2708 1159 _
2732 1157 2769 1191 .

2245 1273 2282 1335 8
2391 1275 2661 1332 Venientes
2692 1286 2865 1331 autem
2888 1277 3085 1332 venient
3107 1278 3163 1333 in
3188 1278 3537 1335 multatione
3566 1295 3585 1336 :

2389 1367 2663 1422 Portantes
2694 1368 2989 1437 manipulos
3016 1385 3165 1423 suos.

2314 1458 2376 1515 C.
2406 1459 2733 1514 Venientes:
2762 1459 2836 1513 illi
2864 1459 3086 1514 veniunt
3116 1460 3166 1513 in
3195 1459 3588 1527 exsultatione,
3628 1463 3822 1534 quibus

2239 1548 2353 1620 jam
2380 1548 2751 1603 misericordia
2789 1548 2966 1602 divina
3014 1558 3302 1619 prteslatur
3330 1567 3343 1605 :
3376 1551 3468 1620 qui
3514 1551 3604 1606 hic
3646 1553 3824 1608 taliter

2244 1626 2499 1709 egerunt,
2521 1638 2756 1707 qualiter
2780 1637 3041 1706 Deijussa
3079 1640 3441 1709 praecipiunt:
3479 1651 3535 1696 et
3576 1642 3821 1698 fecerunt

2247 1729 2568 1798 manipulos,
2601 1729 2653 1783 id
2679 1738 2780 1792 est,
2817 1728 3274 1785 fructuosissimos
3308 1733 3569 1787 actiones.
3602 1733 3667 1787 Et
3696 1733 3819 1788 felix

578 1790 806 1880 {nutavit
842 1820 1207 1891 captivitatem
1253 1827 1491 1873 nostram
1538 1817 1589 1870 in
1621 1817 1892 1889 gaudium.
1941 1817 2007 1871 Et
2039 1817 2140 1871 lin-
2174 1790 2220 1850 κ
2247 1817 2356 1880 ille,
2397 1790 2488 1887 qui
2523 1790 2774 1872 triticeis-
2796 1818 3121 1887 ponderibus
3152 1819 3465 1889 ingravatur
3495 1839 3509 1874 :
3538 1837 3607 1875 ne
3634 1822 3820 1876 levitas

575 1928 677 1985 gua
719 1913 771 1967 in
818 1910 1175 1966 exsultatione
1204 1927 1218 1963 :
1248 1910 1333 1965 cui
1366 1908 1487 1965 talia
1515 1907 1726 1964 Domini
1759 1923 1979 1964 munere
2008 1924 2144 1979 pra:-

575 2004 873 2059 stabantur.

573 2095 608 2150 3
716 2095 860 2150 Tunc
894 2096 1063 2149 dicent
1090 2096 1225 2149 inter
1252 2104 1424 2165 gentes
1441 2107 1462 2147 :

717 2185 1076 2255 Magniﬁcaoit
1106 2184 1359 2240 Dominus
1381 2184 1552 2254 facere
1577 2202 1694 2239 cum
1716 2185 1810 2240 eis.

647 2277 688 2334 C
727 2276 842 2331 Non
874 2285 1053 2331 autem
1086 2275 1217 2331 dicit
1245 2284 1451 2346 gentes,
1479 2274 1572 2330 sed
1597 2275 1738 2330 inter
1759 2283 1944 2346 gentes
1977 2292 1991 2329 :
2017 2274 2142 2345 quia

574 2368 631 2424 in
676 2367 910 2422 adventu
960 2366 1171 2421 Domini
1203 2374 1390 2434 gentes
1420 2365 1799 2420 unit'ersaliter
1835 2380 1939 2422 non
1969 2365 2147 2420 credi-

573 2459 768 2513 derunt
802 2475 815 2510 :
847 2455 940 2511 sed
967 2456 1109 2510 inter
1135 2464 1324 2524 gentes
1348 2465 1535 2521 erant,
1566 2471 1629 2510 ex
1669 2455 1919 2526 gentibus
1962 2454 2144 2510 ﬁdeles

573 2548 722 2613 facti,
755 2564 877 2603 eum
908 2548 1105 2618 quibus
1136 2546 1419 2601 Dominum
1451 2546 1716 2617 magualia
1742 2545 1922 2602 facere
1950 2560 2140 2601 cerne-

570 2642 697 2697 bant
727 2642 901 2696 adhuc
926 2638 1151 2710 gentiles
1176 2637 1435 2693 inﬁdeles.

569 2731 605 2785 ι
713 2729 1066 2799 Magniﬁcavit
1094 2728 1350 2781 Dominus
1369 2725 1541 2795 facere
1568 2726 1831 2781 nobiscum
1856 2742 1877 2782 :

714 2818 870 2872 Facti
901 2835 1081 2872 sumus
1111 2817 1369 2872 (tutantes.

643 2905 685 2960 C
722 2906 789 2960 Et
835 2921 903 2961 ne
947 2916 1167 2976 putares
1212 2908 1438 2976 gentiles
1459 2908 1719 2979 (dicentes
1761 2907 1829 2962 de
1872 2906 2142 2972 ﬁdelibus,

572 2996 940 3065 magniﬁcavit
991 2997 1267 3069 Dominus)
1301 2997 1496 3054 falsum
1548 3000 1770 3063 dixisse,
1824 3000 2146 3053 conﬁrmant

573 3087 759 3143 ﬁdeles
786 3101 972 3142 eorum
1016 3088 1221 3143 dictum
1266 3088 1524 3144 dicentes.
1564 3088 1925 3159 Magniﬁeavit
1971 3087 2146 3143 Domi.

2244 1910 2584 1980 stipularum,
2621 1918 2747 1971 vota
2786 1910 3045 1967 messoris
3072 1911 3268 1977 eludat,
3302 1922 3355 1967 et
3402 1923 3531 1967 tunc
3575 1914 3819 1969 attendat

2245 1999 2562 2056 inanitatem
2607 1999 2813 2056 laboris
2857 2001 2973 2067 sui,
3014 2001 3227 2071 quando
3260 2000 3373 2071 jam
3413 2018 3520 2057 non
3566 2002 3819 2073 przevalet

2242 2091 2476 2161 operari.

2678 2195 2874 2239 ORATIO
2911 2196 2979 2235 EX
3018 2196 3163 2235 PSAL.
3205 2198 3363 2238 CXXV.

2314 2271 2626 2338 Consolare,
2657 2272 2904 2339 Domine,
2934 2273 3183 2344 populum
3214 2283 3396 2343 tuum,
3421 2284 3477 2331 et
3511 2275 3683 2331 libera
3724 2292 3819 2332 nos

2245 2378 2275 2417 a
2303 2363 2615 2433 captivitate
2643 2363 2997 2431 pessimorum
3028 2363 3281 2419 vitiorum
3319 2381 3341 2427 :_
3371 2375 3431 2420 ut
3459 2366 3604 2435 quod
3649 2366 3735 2421 hic
3764 2366 3816 2421 in

2245 2452 2502 2526 lacrymis
2531 2454 2782 2519 serimus,
2814 2463 2864 2509 te
2898 2454 3225 2515 retribuente
3250 2471 3373 2512 cum
3415 2459 3612 2528 gaudio
3653 2467 3819 2513 meta-

2243 2560 2386 2599 mus.
2435 2544 2539 2600 Per
2577 2544 2865 2600 Dominum
2902 2556 3143 2601 nostrum
3171 2545 3355 2603 desum
3385 2548 3689 2616 Christum,
3710 2559 3821 2609 etc.

2733 2656 3051 2714 PSALMUS
3089 2657 3320 2713 CXXVI.

2643 2782 3005 2826 ABGUMENTUI
3039 2786 3186 2827 PSAL.
3224 2786 3407 2826 CXXVI.

2314 2879 2356 2937 C
2393 2879 2688 2935 Providens
2717 2882 2978 2951 prOpheta
3014 2880 3148 2938 Novi
3180 2882 3512 2939 Testamenti
3544 2885 3816 2956 gratiam:

2246 2971 2403 3025 docet
2427 2988 2493 3026 ne
2514 2972 2637 3041 quis
2669 2974 2903 3042 prepriis
2928 2973 3132 3028 viribus
3160 2974 3359 3044 aliquid
3390 2976 3514 3030 boni
3546 2976 3814 3046 applicet:

2247 3061 2339 3117 sed
2366 3062 2592 3117 Domina
2619 3062 2880 3131 largitori.
2912 3063 3172 3133 Loquitur
3198 3066 3359 3119 etiam
3397 3065 3467 3120 de
3491 3067 3610 3136 ipso
3640 3066 3817 3120 Domi-

494 3238 498 3247 ,
572 3191 693 3238 nus.
726 3175 778 3229 id
814 3184 898 3231 est
940 3176 1180 3231 decrevit
1210 3192 1431 3247 magnos
1460 3193 1559 3233 nos
1586 3149 1872 3233 osiendere
1899 3177 2145 3248 gentibus
2171 3149 2216 3213 (ἶ
2248 3163 2397 3248 [π’-ει
2438 3153 2724 3224 θροειοιῑε,
2756 3154 2841 3209 vel
2873 3156 3179 3226 quicunque
3206 3157 3374 3228 ipsius
3413 3159 3666 3213 mandata
3699 3175 3822 3229 per-

572 3268 863 3325 donatione
892 3268 1176 3323 virtutum.
1228 3268 1380 3325 Facti
1425 3283 1611 3325 sumus
1651 3269 1856 3343 (utique
1899 3270 1965 3326 de
2000 3277 2144 3325 tanta

573 3358 768 3428 gratia)
799 3358 1063 3415 laxantes.

570 3448 606 3503 5
710 3447 1036 3513 Convertere,
1064 3449 1304 3514 Domine,
1342 3450 1688 3521 captivitatem
1722 3460 1995 3504 nostram:

715 3536 861 3595 Sicut
885 3549 1087 3593 torrens
1109 3540 1161 3593 in
1186 3548 1384 3594 austro.

642 3626 684 3684 C
721 3628 1005 3685 Postulant
1033 3628 1208 3700 populi
1235 3629 1419 3685 ﬁdeles
1451 3645 1546 3684 sua
1580 3630 1773 3684 iterum
1803 3641 2025 3700 peccata
2057 3632 2142 3687 di-

576 3720 740 3776 mitti.
768 3721 920 3776 Sicut
949 3730 1175 3777 torrens.
1204 3721 1245 3775 H
1274 3722 1318 3777 A
1352 3723 1558 3777 Etenim
1599 3722 1763 3779 ﬂante
1802 3724 2001 3780 Austro
2029 3726 2143 3796 (qui

573 3814 658 3867 est
685 3821 879 3867 ventus
918 3812 1150 3883 calidus)
1180 3813 1461 3869 solvuntur
1508 3814 1729 3885 glacies,
1758 3824 1814 3871 et
1869 3817 2141 3887 impletum

572 3900 731 3970 aquis
778 3909 1071 3956 torrentem
1122 3901 1251 3956 facit
1285 3917 1504 3958 currere
1548 3922 1562 3957 :
1608 3904 1686 3958 sic
1725 3903 1889 3959 ﬂante
1936 3905 2143 3975 Spiritu

574 4002 793 4058 sancto,
827 4005 1049 4063 accepta
1099 3994 1419 4051 remissione
1447 4010 1542 4064 per
1569 3995 1828 4061 lamenta,
1863 3997 2146 4054 solvuntur
2214 4040 2229 4051 .

570 4099 796 4161 peccata
834 4098 1041 4145 nostra.
1078 4090 1122 4144 A
1161 4090 1202 4147 (ἰ
1243 4090 1479 4147 Torrens
1498 4093 1641 4148 enim
1669 4093 1897 4149 dicimus
1926 4093 2143 4151 ﬁumina

573 4181 844 4245 hiemalia,
877 4190 933 4236 et
960 4190 1179 4252 peccata
1230 4192 1413 4237 nostra
1462 4198 1581 4253 quae
1630 4182 1935 4252 frigidautia
1981 4184 2145 4240 corda

574 4270 862 4340 congelant
890 4288 903 4324 :
931 4287 1050 4341 qua:
1073 4272 1251 4328 calore
1280 4271 1516 4341 Spiritus
1545 4273 1717 4327 sancti
1762 4273 2046 4329 solvuntur
2088 4275 2141 4328 in

576 4360 861 4431 lacrymas.
899 4362 1004 4417 Sed
1039 4373 1097 4417 ut
1125 4364 1279 4419 nobis
1317 4380 1507 4419 sensus
1530 4366 1697 4436 possit
1726 4374 1980 4420 constare
2028 4367 2144 4437 ple-

574 4451 763 4505 nitudo
791 4469 803 4505 :
835 4454 1290 4522 pronuntiandum
1313 4464 1395 4510 est
1422 4465 1765 4521 convertere,
1793 4456 1845 4510 id
1884 4466 1967 4511 est
2013 4472 2143 4512 con-

574 4548 731 4594 verte
762 4540 906 4610 (quia
937 4542 1211 4612 deponens
1242 4553 1325 4599 est
1354 4545 1574 4600 verbum
1603 4547 1882 4617 antiquum
1910 4562 2138 4603 conver-

578 4630 717 4701 tere)
750 4632 1116 4700 captivitatem
1146 4643 1385 4689 nostram
1411 4648 1427 4688 :
1453 4635 1593 4691 sicut
1618 4645 1828 4693 torrens
1863 4639 1916 4692 in
1942 4638 2140 4695 Austro

576 4723 906 4777 convertitur
935 4724 987 4778 in
1020 4724 1300 4793 liquorem.

575 4811 610 4869 6
715 4814 818 4880 Qui
839 4815 1091 4870 seminant
1113 4818 1165 4871 in
1188 4817 1432 4888 Iacrynns
1455 4860 1469 4872 .

720 4906 784 4959 In
805 4907 1149 4962 exsultatione
1170 4918 1372 4963 metent.

647 4997 688 5048 (Σ
729 4996 998 5051 Sniritalis
1048 4998 1337 5052 scminatio
1389 5013 1600 5056 semper
1649 5000 1700 5055 in
1734 5000 1989 5057 lacrvmis
2019 5007 2139 5053 est:

2244 3242 2450 3298 ﬁciunt.

2471 3334 2580 3390 TT.
2621 3334 2892 3391 Canticum
2925 3338 3183 3408 graduum
3216 3336 3511 3393 Satomoni.

2315 3428 2573 3484 Salomon
2607 3429 2995 3500 interpretatur
3014 3428 3300 3499 paciﬁcus,
3338 3439 3392 3486 et
3420 3431 3699 3502 signiﬁcat
3724 3433 3817 3487 Do-

2243 3521 2467 3584 minum,
2500 3522 2566 3575 de
2591 3537 2696 3589 quo
2736 3521 3022 3590 Apostolus
3066 3521 3180 3576 ait:
3225 3521 3343 3592 ipse
3370 3532 3455 3577 est
3494 3539 3599 3593 pax
3641 3532 3817 3577 nostra

2244 3610 2460 3681 (Ep/tes.
2514 3611 2597 3684 ll).
2660 3611 2862 3667 Domus
2906 3613 3063 3682 hujus
3109 3612 3454 3670 Salomonis:
3484 3614 3698 3671 Christi
3726 3615 3820 3670 Ec-

2243 3701 2439 3769 clesia,
2486 3717 2607 3773 qua:
2655 3712 2710 3757 et
2754 3703 2945 3758 civitas
2991 3713 3075 3759 est
3126 3703 3265 3773 ejus.

2248 3817 2272 3872 1
2385 3816 2505 3871 Nisi
2537 3816 2788 3870 Dominus
2820 3817 3155 3885 aldi/icorerit
3182 3818 3394 3872 domum
3423 3832 3443 3871 :

2385 3905 2452 3961 In
2476 3925 2662 3961 vanum
2690 3908 3051 3962 laboraverunt
3073 3911 3163 3979 qui
3189 3910 3456 3978 aediﬁcant
3481 3928 3619 3968 eam.

2316 3997 2357 4055 C
2395 3998 2692 4053 Ediﬁcant
2726 3999 2964 4063 domum,
2997 4001 3087 4068 qui
3116 4001 3167 4054 in
3193 4017 3635 4070 unumquemque
3662 4001 3814 4057 Chri-

2242 4088 2497 4153 stianum,
2528 4090 2809 4143 veritatem
2839 4088 2959 4143 ﬁdei
2994 4088 3261 4144 fabricare
3287 4091 3625 4145 contendunt
3662 4109 3677 4144 :
3720 4089 3813 4160 ipsi

2244 4178 2387 4232 enim
2414 4186 2539 4231 sunt
2562 4178 2754 4232 domus
2798 4178 2994 4247 quibus
3036 4179 3167 4234 dicit
3207 4179 3519 4249 Apostolus,
3548 4196 3650 4234 vos
3675 4181 3815 4234 enim

2242 4271 2375 4326 estis
2414 4270 2669 4341 templum
2697 4271 2789 4325 Dei
2836 4270 2885 4341 (I
2916 4270 3039 4325 Cor.
3064 4274 3167 4342 tu).
3199 4270 3304 4327 Sed
3332 4272 3439 4335 isti,
3470 4272 3513 4326 si
3548 4273 3665 4327 suis
3687 4272 3816 4326 viri-

2242 4361 2342 4414 bus
2363 4361 2630 4414 tediiicare
2656 4377 2714 4414 se
2745 4369 2953 4430 putant,
2977 4359 3223 4416 laborare
3245 4361 3494 4416 videntur
3516 4362 3571 4415 in
3599 4378 3814 4424 vanum,

2246 4452 2347 4506 nisi
2390 4454 2564 4523 gratia
2609 4452 2702 4507 Dei
2760 4452 2922 4509 donet
2968 4454 3266 4509 verissimae
3311 4454 3657 4510 credulitatis
3695 4452 3816 4509 effe-

2245 4552 2412 4596 ctum.

2242 4627 2280 4682 2
2386 4626 2507 4681 Nisi
2535 4628 2785 4683 Dominus
2805 4629 3104 4684 custodierit
3134 4632 3387 4685 civitatem
3419 4646 3439 4683 :

2384 4717 2609 4772 Frustra
2640 4720 2814 4788 vigilat
2850 4721 2939 4789 qui
2978 4722 3204 4773 custodit
3234 4738 3369 4775 eam.

2315 4808 2357 4865 C
2384 4809 2586 4866 Civitas
2615 4811 2754 4866 enim
2779 4811 2987 4865 Domini
3014 4811 3347 4868 Hierusalem
3371 4813 3696 4884 intelligitur
3713 4828 3817 4869 εω-

2249 4901 2417 4965 lestis,
2447 4901 2597 4969 cujus
2644 4918 2768 4973 pars
2817 4903 2990 4958 adhuc
3031 4905 3405 4975 peregrinatur
3434 4906 3487 4959 in
3522 4906 3727 4959 terris:
3765 4905 3815 4958 in

2244 5008 2348 5060 qua
2380 4994 2618 5060 episcopi
2673 4994 2898 5060 vigilare
2950 5009 3111 5060 super
3150 5011 3363 5060 gregem
3407 5011 3567 5050 suum
3599 5007 3816 5051 conten-
