3994 5370
178 326 295 384 ιῗδ

1382 330 1749 391 Ειιιδοειτιο
1779 334 2099 397 PSALMOB
2110 340 2229 400 UH.

3336 347 3447 405 471

188 439 506 510 corrigatur
529 437 777 510 populus,
807 437 932 494 dum
960 439 1101 494 videt
1123 440 1288 495 etiam
1311 440 1601 514 magistros
1630 459 1765 516 pm-
1799 453 1849 512 Λ
1875 451 2143 510 dicatores
2172 472 2278 511 non
2306 460 2709 518 confundentur
2736 478 2789 517 in
2817 471 2993 543 porta,
3016 465 3143 534 quia
3168 465 3247 520 eis
3270 432 3449 535 aperi-

192 533 457 587 monitos.
491 532 566 586 Illi
610 540 789 587 autem
836 541 965 587 ante
1011 534 1184 588 lucem
1229 550 1454 607 surgere
1477 548 1769 606 quaerunt:

187 621 282 689 qui
326 621 573 691 neglecta
616 622 918 677 humilitate
958 624 1184 688 Christi,
1229 627 1380 695 prius
1410 628 1593 682 volunt
1624 629 1775 684 exal-

190 713 295 767 tari
328 728 499 782 quam
528 715 822 769 humiliari.
863 713 1099 785 Surgite,
1128 717 1178 770 id
1207 728 1308 783 est,
1338 721 1488 787 prius
1518 721 1771 776 humilia~

190 805 395 859 tionem
438 807 734 869 sustinete,
777 815 833 861 et
867 817 989 875 post
1037 823 1318 864 ascensum
1363 814 1580 880 praemia
1621 828 1771 882 qua:-

190 894 301 947 rite
326 895 673 964 gaudiorum.
721 894 922 949 Panem
966 897 1167 952 doloris
1191 917 1204 951 :
1232 900 1455 968 perfecti
1484 902 1773 958 comedunt

189 982 514 1050 Christiani,
538 1001 661 1041 cum
700 1001 760 1041 se
793 986 1045 1058 lacryinis
1082 989 1674 1062 fidelibuscastigant:
1706 994 1773 1048 de

190 1076 388 1143 quibus
427 1076 572 1131 alius
611 1076 849 1147 psalmus
877 1077 1028 1132 dicit.
1063 1080 1299 1169 Fuerith
1346 1083 1475 1136 mihi
1518 1084 1771 1154 lacrymze

191 1182 326 1221 mem
370 1183 538 1236 panes
584 1167 756 1237 (Ptol.
788 1172 923 1236 xu).
956 1168 1061 1224 Illis
1107 1167 1437 1226 enim‘dolor
1473 1174 1627 1242 panis
1661 1182 1767 1239 est,

188 1256 284 1325 qui
314 1272 373 1313 se
400 1260 465 1315 dc
491 1258 784 1314 alllictione
815 1259 1083 1325 reﬁciunt,
1116 1270 1170 1315 et
1197 1262 1262 1314 de
1301 1264 1570 1317 mundana
1605 1264 1770 1318 tristi-

193 1349 263 1401 tia
308 1350 683 1405 consolantur.
720 1351 786 1404 Et
833 1352 1081 1421 sequitur
1123 1354 1337 1422 quando
1374 1354 1609 1409 debeant
1650 1370 1772 1410 sur-

188 1454 339 1509 gere,
365 1443 459 1510 qui
503 1440 641 1510 jussi
685 1453 808 1497 sunt
844 1453 968 1499 ante
1010 1446 1217 1500 sedere.
1264 1446 1416 1502 Tunc
1454 1449 1598 1501 enim
1644 1463 1767 1503 sur-

188 1540 336 1599 gent,
366 1548 490 1585 cum
534 1535 743 1589 dederit
789 1537 1019 1601 dilectis,
1043 1548 1173 1603 etc.,
1200 1540 1252 1595 id
1278 1550 1379 1607 est,
1404 1557 1527 1597 cum
1568 1543 1768 1598 mortui

186 1616 409 1684 fuerint,
437 1636 546 1677 non
573 1635 699 1678 ante
722 1635 971 1681 mortem.

187 1730 222 1784 4
331 1732 466 1788 Cum
497 1738 694 1791 dederit
750 1740 952 1794 dilectis
1002 1744 1111 1798 suis
1148 1762 1385 1800 somnum
1440 1763 1555 1802 erce
1600 1748 1768 1805 luere-

402 1827 544 1881 ditas
591 1827 801 1884 Domini
828 1845 846 1882 :

325 1934 463 1990 Filii
493 1956 686 1993 merces
710 1942 914 2008 fructus
942 1946 1150 1999 centris.

254 2025 297 2080 C
338 2026 532 2081 Dilecti
581 2040 708 2083 sunt
738 2031 848 2095 Dei,
882 2036 970 2102 qui
999 2052 1119 2089 eum
1149 2037 1312 2091 ninna
1341 2039 1606 2096 charitate
1647 2057 1774 2113 per-

187 2116 431 2183 quirunt.
463 2117 506 2171 ll
538 2118 670 2173 Cum
702 2121 774 2176 illi
802 2132 1026 2193 accepto
1074 2128 1272 2196 quietis
1316 2145 1509 2185 somno
1565 2134 1632 2187 ab
1672 2134 1772 2188 hoc

182 2204 381 2262 catulo
420 2209 736 2275 discedunt,
790 2222 917 2269 tunc
964 2214 1099 2269 limit
1139 2217 1428 2275 hmreditas
1476 2221 1687 2277 Domini
1745 2238 1761 2277 :

185 2296 312 2365 quia
336 2296 453 2363 jam
487 2299 771 2366 subiacent
797 2306 1201 2372 tentationibus,
1238 2318 1366 2364 tunc
1388 2326 1515 2365 non.
1542 2312 1604 2365 Et
1633 2328 1773 2367 mer-

184 2400 277 2442 ces
319 2388 530 2444 fructus
575 2395 881 2450 ventriszC
919 2396 970 2449 id
998 2406 1083 2451 est
1134 2400 1271 2453 uteri
1322 2403 1592 2471 virginalis
1647 2419 1773 2473 par-

185 2488 290 2534 tus.
321 2479 531 2536 Merces
562 2482 706 2539 illius
751 2484 959 2542 fructus
993 2497 1076 2542 est
1102 2491 1278 2545 omnis
1321 2492 1485 2548 homo
1513 2494 1603 2563 qui
1647 2512 1771 2551 cum

184 2568 296 2624 Deo
330 2575 646 2640 perenniter
673 2577 929 2644 gaudebit
966 2597 979 2633 :
1035 2590 1091 2634 et
1126 2581 1227 2635 ista
1266 2599 1475 2640 merces
1513 2586 1655 2641 dicta
1690 2595 1776 2642 est

184 2660 495 2729 haereditas,
530 2679 635 2718 non
668 2675 845 2720 autem
870 2668 1088 2725 deitatis
1116 2673 1208 2726 sed
1243 2673 1597 2731 humanitatis
1627 2693 1772 2733 mer—

184 2766 276 2807 ces
298 2752 522 2822 dicitur,
547 2763 609 2809 ut
661 2756 715 2811 in
754 2760 990 2815 secundo
1013 2762 1218 2832 psalmo
1243 2764 1463 2835 dicitur,
1496 2769 1711 2840 postula
1740 2786 1770 2826 a

182 2858 293 2911 me,
315 2855 422 2900 etc.

183 2952 218 3008 5
328 2953 478 3010 Sicut
507 2959 712 3029 sagitta:
737 2960 792 3014 in
821 2977 979 3015 manu
1002 2964 1224 3033 potentis
1242 2978 1263 3018 :

332 3046 426 3102 Ita
453 3050 553 3118 ﬁlii
586 3066 947 3108 excusserunt.

253 3137 296 3193 C
338 3140 565 3210 Sagittae
598 3161 612 3196 :
641 3130 812 3200 sancti
841 3148 1067 3216 apostoli
1110 3150 1193 3204 vel
1230 3152 1407 3206 caeteri
1448 3154 1763 3223 prmdieato-

168 3240 293 3286 τες.
319 3232 377 3285 ln
411 3249 573 3288 manu
627 3239 894 3304 potentis,
926 3240 980 3292 id
1027 3249 1111 3295 est
1154 3241 1205 3295 in
1254 3252 1524 3312 potesmte
1561 3245 1764 3313 Christi

183 3330 500 3384 transmissi
551 3331 620 3384 ad
669 3333 1092 3401 praadicandum.
1123 3334 1276 3391 Sicut
1310 3339 1453 3393 enim
1482 3341 1646 3395 telum
1683 3341 1765 3396 vel

181 3421 382 3490 sagitta
425 3424 594 3477 missa
641 3438 671 3476 a
714 3434 955 3494 potente,
984 3428 1283 3482 rectissima
1308 3439 1363 3484 et
1386 3430 1496 3484 cito
1526 3433 1670 3486 venit
1697 3433 1766 3487 ad

183 3508 537 3587 desdnatum
567 3511 741 3567 locum
790 3533 804 3569 :
855 3515 926 3568 ita
958 3518 1182 3586 apostoli
1219 3518 1272 3572 iu
1302 3534 1516 3575 omnem
1564 3530 1765 3576 terram

181 3597 371 3663 missi,
426 3599 537 3654 cito
585 3617 693 3669 quo
743 3604 1098 3659 mittebantur
1135 3619 1499 3676 pervenerunt
1542 3621 1597 3665 et
1614 3610 1766 3681 jussa

187 3691 573 3760 impleverunt;
599 3694 678 3750 Ita
709 3704 767 3752 et
794 3696 886 3752 lilii
917 3714 1270 3755 excussorum
1300 3720 1313 3755 :
1351 3703 1404 3757 in
1436 3703 1576 3770 loco,
1616 3705 1766 3760 scili-

186 3789 273 3833 cet
298 3784 689 3850 propbetarum
721 3786 1094 3850 succedentes,
1125 3798 1179 3843 et
1208 3804 1394 3844 eorum
1427 3794 1766 3860 prophetiam

184 3869 601 3940 interpretando
629 3883 686 3929 et
712 3876 1051 3945 explanando
1088 3877 1456 3951 discutientes.
1495 3881 1768 3938 Disculere

184 3972 259 4016 est
306 3973 501 4018 tectum
543 3966 761 4036 aliquod
806 3968 981 4037 palam
1043 3969 1248 4037 facere,
1315 3973 1590 4042 prophetae
1638 3989 1768 4045 ergo

186 4069 513 4111 excussores
569 4060 864 4125 dicuntur,
922 4063 1175 4131 quoniam
1245 4074 1456 4120 secreta
1526 4066 1769 4121 caelestia

187 4148 390 4201 mundo
420 4149 793 4219 prapalarunt.
822 4151 1032 4205 illorum
1058 4152 1149 4206 lilii
1175 4170 1187 4206 :
1212 4155 1438 4223 apostoli
1468 4165 1612 4220 sunt,
1642 4157 1769 4225 quia

183 4250 375 4292 eorum
411 4239 566 4294 dictis
607 4241 892 4296 credentes
916 4281 932 4307 ,
970 4243 1366 4312 quodammodo
1392 4245 1496 4300 lide
1527 4244 1767 4314 generati

187 4338 337 4383 sunt.

187 4435 222 4491 ὃ
325 4440 520 4497 Beatus
546 4444 628 4497 vir
649 4445 739 4514 qui
760 4443 987 4514 implerit
1006 4444 1323 4499 desiderium
1348 4463 1500 4500 suum
1516 4463 1579 4500 ea:
1602 4448 1727 4515 ipsis
1747 4462 1765 4499 :

333 4532 456 4590 Non
484 4538 840 4607 confundetur
875 4555 992 4593 cum
1021 4538 1262 4609 loquetur
1304 4542 1529 4596 inimicis
1555 4544 1667 4597 suis
1708 4544 1763 4598 in

396 4640 570 4697 porta.

258 4717 300 4773 C
336 4718 447 4775 llos
481 4736 611 4792 ergo
646 4722 943 4791 apostolos,
994 4725 1184 4780 beatos
1233 4725 1382 4792 dicit,
1410 4742 1533 4781 cum
1575 4743 1763 4784 eorum

188 4809 343 4866 labor
368 4813 437 4867 ad
467 4814 706 4883 gloriosa
733 4826 857 4869 vota
897 4818 1222 4886 pervenerit.
1272 4817 1315 4871 ll
1345 4819 1438 4874 Vel
1480 4819 1569 4873 ille
1605 4820 1765 4876 homo

187 4907 417 4975 populus
457 4906 649 4960 beatus
676 4916 761 4961 est
788 4925 802 4960 :
827 4909 918 4977 qui
963 4908 1205 4975 implevit
1235 4924 1390 4964 suum
1439 4912 1764 4969 desiderium

188 5010 250 5050 es
282 4996 419 5064 ipsis
462 4997 756 5066 apostolis,
789 4998 841 5051 id
882 5007 995 5063 est,
1026 5013 1093 5052 ex
1146 4999 1529 5069 praedicatione
1578 5017 1764 5058 eorum

187 5098 503 5149 conversus,
534 5101 599 5141 ea
632 5102 755 5154 qua:
786 5088 1078 5155 praedicata
1121 5096 1268 5151 sunt,
1311 5091 1518 5147 scilicet
1563 5101 1765 5148 teterna

185 5176 477 5240 desiderat,
509 5188 566 5231 et
619 5177 855 5247 implevit
898 5178 1013 5247 jam
1062 5179 1163 5233 hoc
1210 5177 1533 5237 desiderium
1582 5198 1764 5253 opere.

185 5266 275 5321 Vel
309 5268 649 5323 desiderium
678 5282 745 5322 ex
776 5270 901 5339 ipsis
928 5268 1138 5338 implet,
1171 5269 1263 5338 qui
1306 5274 1448 5340 quod
1498 5274 1596 5343 ipsi
1627 5277 1769 5332 desi-

1874 552 1962 598 tur
1990 561 2005 599 :
2039 547 2194 603 malis
2223 563 2351 605 vero
2371 551 2673 618 clauditur,
2705 555 2826 609 ideo
2851 554 3268 610 confundentur.

2295 656 2495 697 ORATIO
2533 660 2602 699 EX
2642 662 2787 700 PSAL.
2830 661 3013 702 CXXVI.

1940 727 2230 784 Domorum
2276 733 2595 802 spiritalium
2642 737 2962 803 aediﬁcator,
3012 740 3153 793 Deus
3212 747 3271 793 ut
3346 751 3448 793 nos

1871 818 2142 872 custodias
2187 820 2560 890 deprecamur,
2607 824 2768 895 imple
2794 827 2847 881 in
2897 836 2949 881 te
2993 827 3318 882 desiderium
3353 842 3451 881 no-
3548 816 3553 821 ’

1870 919 2042 960 strum
2069 925 2083 961 :
2112 917 2168 963 et
2190 909 2381 966 electis
2411 913 2518 969 tuis
2564 929 2661 970 nos
2691 915 2921 987 adiunge
2952 933 3051 987 pro
3081 918 3307 973 meritis.
3338 918 3444 987 Per

1868 998 2153 1055 Dominum
2176 1012 2429 1057 nostrum
2448 1003 2630 1060 Jesum
2657 1005 2958 1074 Christum,
2984 1019 3089 1066 etc.
3358 1006 3361 1007 ⁷

2349 1113 2666 1171 PSALMUS
2710 1117 2966 1174 CXXVII.

2258 1216 2620 1261 ARGUIENTUI
2662 1222 2811 1263 PSA]...
2859 1224 3059 1265 CXXVII.

1938 1308 1979 1363 C
2015 1306 2284 1381 Propheta
2328 1314 2468 1370 bona
2523 1315 2823 1374 timentium
2880 1320 3046 1374 Deum
3102 1336 3448 1390 enumerans,

1868 1415 1963 1457 eos
1986 1402 2273 1471 benedicit,
2307 1414 2365 1459 ut
2394 1417 2594 1462 acterna
2627 1410 2820 1478 gaudia
2852 1421 3268 1480 consequantur.

2283 1516 2393 1572 TT.
2444 1518 2720 1574 Canticum
2764 1522 3047 1591 graduum.

1937 1627 1979 1683 C
2013 1629 2189 1696 Quam
2221 1631 2293 1684 sit
2319 1632 2637 1703 magnificus
2666 1649 2839 1689 nonus
2868 1635 3086 1705 gradus,
3119 1635 3233 1705 ipse
3262 1652 3451 1693 nume-

1871 1733 1964 1774 rus
1990 1720 2234 1775 declarat
2259 1740 2272 1774 :
2296 1723 2388 1790 qui
2437 1724 2575 1777 trina
2609 1732 2888 1792 protentus
2922 1725 3298 1794 triplicatioue,
3329 1741 3455 1811 sau-

1797 1789 1848 1852 Β
1876 1818 2019 1863 ctum
2046 1810 2203 1865 nobis
2230 1789 2513 1867 Trinitatis
2542 1789 2751 1868 culmen
2787 1789 3041 1868 ostendit.

1874 1899 1900 1954 1
2006 1898 2159 1953 Beati
2187 1917 2364 1955 autnes
2390 1902 2478 1972 qui
2503 1902 2678 1956 timent
2704 1901 2984 1957 Dominum
3008 1919 3026 1958 :

2015 1989 2117 2055 Qui
2147 1992 2416 2047 ambulant
2441 1993 2492 2046 in
2517 1993 2609 2047 viis
2647 1993 2782 2063 ejus.

1953 2076 1995 2132 C
2020 2081 2200 2136 Primo
2230 2085 2478 2139 timorem
2504 2086 2811 2143 Dominiab
2839 2085 2997 2156 hujus
3024 2088 3203 2142 szcculi
3238 2098 3445 2145 terrore

1870 2172 2074 2228 divisit.
2095 2175 2335 2231 Dicenda
2364 2179 2509 2233 enim
2537 2180 2679 2233 beati
2716 2195 2904 2235 omnes
2931 2180 3023 2249 qui
3053 2181 3242 2235 timent
3269 2180 3453 2235 Domi-

1871 2279 2022 2326 num,
2062 2268 2300 2321 ostendit
2342 2284 2448 2322 non
2498 2285 2619 2324 esse
2667 2272 2871 2331 beatos.
2924 2271 3012 2340 qui
3060 2272 3218 2341 hujus
3264 2272 3451 2327 mundi

1870 2353 2108 2424 pericula
2153 2355 2204 2409 in
2251 2358 2547 2414 amissione
2578 2361 2953 2430 temporalium
3001 2378 3181 2417 rerum
3211 2366 3440 2421 sollicita

1872 2454 2054 2500 mente
2081 2444 2394 2502 formidant.
2425 2450 2560 2505 Cum
2590 2451 2692 2504 viis
2726 2450 3004 2520 pluraliter
3026 2454 3154 2508 dicit
3183 2469 3198 2507 :
3226 2464 3449 2523 aposto-

1871 2534 1957 2590 los
2005 2545 2061 2591 et
2105 2538 2398 2608 prophetas
2444 2540 2736 2609 signiﬁcat,
2794 2557 2892 2612 per
2942 2558 3079 2612 quos
3118 2545 3333 2599 venitur
3383 2533 3463 2601 ad

1869 2640 2032 2680 unam
2064 2628 2229 2693 viam,
2259 2629 2313 2683 id
2341 2638 2425 2685 est
2449 2630 2745 2686 Christum.
2774 2630 2883 2686 Soli
2921 2632 3084 2701 igitur
3109 2634 3218 2697 isti,
3262 2644 3451 2690 sancto

1870 2715 1962 2770 illo
1995 2718 2087 2772 Dei
2123 2720 2314 2774 timore
2352 2720 2637 2775 Dominum
2686 2721 2893 2784 timent,
2926 2722 3017 2792 qui
3069 2722 3346 2778 ambulant
3373 2708 3451 2780 "in

1869 2806 1973 2861 viis
2000 2806 2135 2876 ejus,
2173 2809 2223 2864 id
2247 2818 2330 2864 est
2358 2811 2663 2879 praceptis,
2689 2818 2745 2865 et
2790 2812 2842 2866 in
2891 2802 2981 2865 his
3013 2828 3132 2880 quae.
3172 2813 3449 2883 propheta

1870 2898 2099 2967 apostoli
2128 2908 2185 2954 et
2207 2901 2550 2971 evangelista:
2597 2902 3045 2972 praedicaverunt.
3076 2903 3132 2957 In
3177 2904 3451 2972 sequenti-

1869 2989 1971 3045 bus
2018 2993 2267 3049 versibus
2326 2995 2538 3061 tribus,
2594 3004 2879 3051 enumerat
2928 2995 3188 3051 utilitates
3239 2994 3447 3069 timoris

1868 3085 2104 3141 Domini.

1790 3138 1835 3200 C
2006 3138 2233 3231 Labores
2254 3193 2502 3232 manuum
2528 3187 2739 3233 tuarum
2763 3181 2830 3246 ὴ(
2853 3179 2975 3245 quia
3005 3175 3024 3245 ζ
3058 3177 3400 3232 manducabis
3422 3193 3444 3232 :

2009 3264 2203 3320 Beatus
2226 3283 2279 3321 es
2308 3276 2354 3321 et
2382 3268 2505 3321 bene
2529 3260 2758 3322 tibierit.
3160 3322 3165 3327 .

1940 3355 1981 3412 C
2027 3356 2266 3412 Labores
2310 3373 2605 3412 manuum:
2636 3361 2999 3416 remuneratio
3045 3369 3128 3416 est
3173 3361 3439 3418 bonorum

1865 3463 2112 3518 operum.
2164 3448 2225 3503 Et
2284 3464 2353 3502 ne
2409 3449 2548 3503 istud
2598 3449 2851 3519 pabulum
2905 3466 3162 3506 carneum
3210 3462 3447 3521 putares,

1866 3537 2094 3592 addidit.
2120 3537 2317 3593 Beatus
2337 3551 2396 3592 es
2423 3552 2439 3591 :
2463 3554 2618 3592 nemo
2640 3540 2783 3592 enim
2807 3540 2872 3593 de
2891 3540 3094 3595 carnali
3116 3542 3449 3598 comestione

1866 3627 2058 3682 beatus
2100 3627 2348 3694 efﬁcitur,
2397 3629 2501 3683 nisi
2550 3629 2640 3698 qui
2686 3629 2913 3698 spiritali
2964 3631 3104 3684 dono
3150 3632 3447 3700 saginatur.

1867 3719 2010 3773 Bene
2033 3720 2127 3773 tibi
2148 3720 2254 3774 erit
2280 3737 2293 3771 :
2323 3735 2445 3773 cum
2470 3722 2745 3789 acceperis
2771 3719 2909 3788 quod
2940 3720 3128 3774 oculus
3150 3737 3255 3774 non
3287 3722 3445 3786 vidit,

1867 3823 1969 3862 nec
1998 3810 2144 3863 auris
2172 3810 2394 3874 audivit,
2422 3824 2520 3863 nec
2543 3811 2594 3863 in
2628 3824 2722 3863 cor
2748 3809 2979 3864 hominis
3004 3812 3267 3877 ascendit,
3298 3813 3443 3882 quod

1868 3896 2012 3953 Deus
2039 3915 2097 3953 se
2126 3898 2409 3968 diligenter
2436 3900 2758 3968 praeparavit
2797 3898 2932 3969 (Isa.
2963 3901 3128 3961 LXIV).

1866 3990 1900 4045 ὅ
2009 3988 2157 4043 Uxor
2177 3999 2267 4041 tua
2288 3990 2421 4041 sicut
2456 3989 2567 4042 viis
2594 3990 2868 4043 abundans
2889 4005 2909 4042 :

2011 4078 2076 4132 In
2105 4079 2351 4133 lateribus
2373 4080 2556 4131 domus
2580 4090 2703 4132 tuw.

1937 4172 1979 4227 C
2020 4170 2168 4226 Uxor
2195 4170 2339 4223 dicta
2363 4179 2445 4224 est
2470 4170 2623 4237 quasi
2650 4178 2708 4222 nt
2737 4183 2926 4224 soror:
2948 4178 3277 4238 quapropter
3309 4183 3444 4223 uso-

1818 4278 1823 4281 '
1869 4278 1983 4317 rem
2030 4263 2117 4316 hic
2148 4244 2469 4329 sapietitiam
2500 4261 2760 4314 debemus
2808 4260 3112 4313 advertere.
3156 4257 3291 4313 Vitis
3321 4273 3451 4315 vero

1871 4364 2046 4409 mater
2064 4361 2147 4408 est
2169 4366 2550 4420 uvarum,qu:e
2566 4351 2740 4406 dulcia
2766 4352 2887 4404 vina
2912 4350 3259 4419 profundens,
3285 4350 3450 4405 corda

1873 4454 2055 4500 nostra
2107 4454 2336 4498 recreat.
2393 4442 2485 4497 Sic
2543 4451 2598 4496 et
2650 4442 2914 4510 sapientia
2962 4443 3168 4496 fluctus
3217 4444 3454 4499 inferens

1863 4536 2148 4606 jocundos,
2197 4535 2348 4589 suavi
2387 4539 2486 4589 nos
2536 4534 2893 4589 delectatione
2943 4534 3199 4589 lictilicat.
3230 4535 3448 4600 bitere,

1866 4627 1971 4682 duo
2019 4634 2337 4681 testamenta
2393 4633 2519 4679 sunt
2561 4642 2575 4679 :
2616 4624 2850 4689 domus,
2907 4624 3120 4694 propria
3170 4626 3447 4695 cogitatio.

1867 4715 2019 4771 Mens
2044 4717 2190 4771 enim
2222 4717 2274 4771 in
2301 4716 2631 4786 cogitatione
2658 4732 2754 4769 sua
2781 4717 2935 4785 quasi
2966 4717 3017 4770 in
3040 4716 3155 4770 aede
3176 4718 3446 4785 deligitur.

1868 4810 2032 4880 Cujus
2060 4811 2408 4881 cogitationis
2438 4810 2544 4865 duo
2570 4809 2763 4874 latera,
2792 4810 2964 4878 legem
3008 4819 3061 4863 et
3105 4804 3452 4877 Evangeliuiu

1867 4902 2054 4972 accipe
2094 4916 2113 4956 :
2159 4902 2212 4955 in
2263 4903 2462 4971 quibus
2511 4916 2667 4956 mens
2711 4912 2902 4954 sancta
2956 4898 3107 4968 quasi
3149 4899 3214 4953 in'
3250 4897 3456 4952 duobus

1868 4996 2002 5051 tedis
2026 4995 2291 5050 lateribus
2321 4996 2533 5049 firmata
2569 4992 2855 5048 solidatur.
3394 4981 3400 4987 ’

1866 5087 1900 5147 4
2008 5085 2138 5139 Filii
2157 5087 2233 5138 tui
2256 5087 2388 5141 sicut
2416 5085 2629 5139 novella:
2656 5082 2917 5136 olivarum
2941 5096 2960 5134 :

2010 5177 2079 5232 In
2096 5176 2325 5231 circuitu
2349 5186 2673 5231 mansuetum.

1938 5269 2061 5323 Filii
2095 5268 2167 5320 tui
2196 5286 2209 5321 :
2234 5268 2278 5321 ll
2318 5268 2372 5322 Id
2401 5274 2485 5318 est
2510 5273 2665 5319 actus
2706 5262 2859 5325 boni,
2906 5258 3223 5315 assistentes
3255 5254 3310 5308 in
3351 5250 3461 5305 cir-

2057 5358 2087 5370 η
2161 5358 2173 5370 ο
2224 5368 2229 5370 .
2420 5365 2430 5370 -
2488 5358 2498 5370 ι
2576 5365 2593 5370 ,η
2628 5354 2638 5365 ⁸
2716 5368 2719 5370 .
2820 5349 3010 5370 .-1-..ιῖι
3082 5344 3207 5370 ,ιιι-ξε.
3238 5344 3461 5370 n:.-nnn_
