3994 5370
550 242 656 302 ηδ

551 359 588 416 5
700 355 830 415 Ecce
854 357 930 412 sic
955 355 1280 410 bene-licetur
1297 354 1450 409 homo
1473 371 1492 412 :

697 451 802 517 Qui
822 451 964 505 timet
991 447 1291 502 Dominum.

620 542 662 599 C
696 542 830 598 Cum
865 542 1034 608 dicit,
1080 555 1208 596 ecce
1239 541 1317 596 sic
1346 558 1358 595 :
1391 539 1657 611 signiﬁcat
1699 540 1846 595 sicut
1888 538 2136 609 superius

551 633 854 702 expositum
885 640 987 696 est,
1023 632 1099 686 sic
1132 631 1278 687 enim
1303 641 1540 686 meretur
1561 630 1826 698 benedici,
1857 631 1949 702 qui
1977 644 2133 685 suum

553 725 1035 778 timetauctorcm.

552 815 586 871 6
692 815 974 870 Benedicat
1008 816 1100 870 tibi
1124 815 1379 870 Dominus
1400 831 1464 870 ea:
1494 813 1624 870 Sion
1651 831 1669 870 :

691 906 762 958 Et
802 906 974 959 videas
1017 906 1150 959 bona
1192 903 1522 960 Hierusalem
1557 905 1793 959 omnibus
1813 903 1994 957 diebus
2017 903 2134 958 vitta

763 1008 888 1053 ttttv.

621 1087 663 1144 C
702 1087 844 1142 Dicit
870 1087 1049 1152 enim,
1080 1085 1366 1143 benedicat
1394 1094 1446 1141 te
1477 1085 1736 1140 Dominus
1780 1100 1846 1139 ex
1892 1083 2047 1150 Sion,
2079 1083 2132 1140 id

550 1189 634 1235 est
655 1178 902 1234 Christus
927 1179 1018 1248 qui
1045 1180 1098 1233 in
1141 1180 1244 1235 hoc
1290 1188 1473 1234 monte
1519 1179 1826 1234 hominibus
1871 1193 2134 1249 apparere

551 1272 804 1342 dignatus
833 1280 915 1326 est
939 1289 952 1326 :
975 1280 1028 1326 et
1065 1287 1163 1341 pro
1193 1272 1424 1326 nominis
1450 1271 1533 1326 sui
1568 1270 1848 1340 qualitate,
1877 1279 2132 1339 tanqu:-.m

549 1362 752 1433 pastori
791 1362 994 1431 Optimo
1043 1377 1256 1430 semper
1291 1362 1618 1415 ascribitur:
1650 1360 1777 1415 Sion
1828 1361 1973 1414 enim
2008 1375 2132 1429 spe-

522 1450 754 1524 _cuIatio
805 1451 1194 1521 interpretatur
1235 1467 1248 1504 :
1299 1449 1630 1506 Ilierusalem
1683 1451 1952 1506 indicatur
1999 1451 2134 1506 visio

551 1545 726 1614 pacis.
750 1542 908 1612 Optat
925 1559 1053 1612 ergo
1080 1552 1136 1598 ut
1157 1545 1208 1597 in
1235 1543 1569 1598 Hierusalem
1599 1544 1774 1598 videat
1794 1555 1989 1598 cuncta
2012 1559 2132 1614 qua:

548 1635 691 1690 bona
721 1642 870 1690 sunt.
897 1633 1002 1688 Sed
1045 1649 1110 1686 ne
1155 1635 1404 1689 crederes
1454 1637 1506 1688 in
1555 1634 1760 1690 caelesti
1795 1634 2128 1690 IIierusaIem

551 1725 922 1795 temporaliter
952 1725 1053 1780 ista
1085 1725 1222 1779 bona
1257 1727 1448 1792 videri,
1473 1727 1698 1792 addidit,
1743 1727 1995 1784 omnibus
2017 1727 2130 1783 die-
2159 1707 2206 1768 Β

546 1814 650 1869 bus
675 1815 797 1869 vitae
826 1822 950 1878 tum,
980 1815 1032 1868 id
1058 1825 1142 1870 est
1169 1817 1293 1870 vitae
1328 1825 1562 1870 :eternaa.

549 1905 581 1959 7
692 1906 760 1961 Ει
784 1907 961 1961 videas
983 1907 1121 1976 ﬁlios
1143 1908 1375 1977 ﬁliorum
1406 1918 1617 1963 tuorum
1644 1924 1662 1963 :

697 1995 888 2052 Pacem
915 2017 1070 2069 super
1099 1999 1289 2055 Israel.

621 2089 663 2146 C
691 2088 855 2145 Filios
882 2089 1325 2152 enim.ﬁliorum:
1357 2092 1536 2162 signat
1562 2102 1806 2163 nepotes.
1837 2092 1990 2161 Quod
2021 2092 2133 2148 uti-

550 2195 658 2252 que
681 2179 853 2236 beatis
883 2181 1017 2237 viris
1043 2182 1356 2254 contingere
1385 2193 1581 2254 potest,
1610 2186 1698 2255 qui
1728 2186 2127 2254 praedicationi-

548 2274 652 2330 bus
681 2275 885 2330 sanetis
915 2274 1142 2346 pupulos
1172 2277 1370 2334 multos
1394 2289 1675 2348 generant.
1704 2279 1813 2334 Pax
1847 2289 1930 2335 est
1950 2280 2134 2334 Domi-

550 2379 654 2420 nus
685 2364 972 2420 Salvator:
1003 2368 1092 2437 qui
1128 2368 1325 2423 insidet
1361 2369 1504 2423 illam
1535 2369 1746 2424 beatam
1775 2369 2132 2436 Hierusalem,

550 2467 607 2513 et
626 2470 818 2513 cuncta
848 2459 985 2514 bona
1012 2459 1164 2527 facit,
1194 2472 1248 2518 et
1273 2453 1454 2526 beata,
1475 2479 1809 2535 quacunque
1835 2464 2134 2534 maiestatis

550 2562 663 2604 suae
689 2550 890 2605 virtute
930 2551 1343 2622 complectitur:
1371 2555 1513 2610 illam
1562 2571 1750 2626 pacem
1778 2556 1982 2623 videas,
2025 2573 2133 2612 non

552 2640 728 2697 solum
759 2641 899 2698 ﬁlios
926 2643 1179 2698 ﬁliorum.

989 2749 1187 2790 οηΑτιο
1211 2750 1279 2789 EX
1315 2752 1461 2791 PSAL.
1505 2752 1704 2791 CXXVII.

626 2819 962 2877 Timentibus
998 2840 1190 2879 nomen
1237 2836 1406 2891 tuum,
1452 2828 1700 2892 Domine,
1751 2827 2134 2886 beatitudinem

556 2911 751 2985 largire
782 2926 1094 2985 perpetuam
1126 2928 1219 2972 :ut
1255 2919 1378 2973 talis
1406 2921 1562 2975 nobis
1599 2921 1760 2984 actio,
1810 2922 2037 2993 talisque
2067 2924 2137 2978 sit

551 3004 685 3067 vita,
716 3019 833 3072 quae
861 3006 1062 3060 celsum
1089 3007 1153 3061 de
1183 3008 1339 3062 bouis
1364 3009 1625 3064 fruetibus
1659 3011 1908 3065 meritum
1949 3029 2135 3081 repor-
2164 3026 2208 3086 ρ

553 3106 632 3152 tet
661 3096 726 3150 ad
767 3098 962 3152 sidera.
995 3097 1100 3153 Per
1129 3100 1413 3177 Dominum
1461 3110 1704 3156 nostrum
1751 3099 1932 3157 Iesum
1981 3103 2137 3159 Chri-

553 3197 714 3254 stum,
742 3198 848 3244 etc.

1025 3259 1345 3317 PSALMUS
1385 3261 1662 3318 CXXVIII.

940 3365 1309 3407 ARGUMENTCM
1348 3370 1495 3408 esse.
1536 3367 1757 3409 CXXVIII.

621 3436 664 3495 C
701 3437 752 3496 Β,
780 3439 1044 3510 PrOpheta
1073 3454 1252 3499 monet
1284 3444 1600 3509 Ecclesium,
1632 3445 1990 3515 ntdicatquot
2015 3460 2136 3502 cer-

554 3531 755 3585 tamina
779 3545 808 3584 a
830 3531 942 3585 suis
971 3533 1256 3601 pertulerit
1276 3534 1518 3589 hostibus
1546 3535 1633 3605 (ne
1659 3536 1780 3605 quis
1807 3535 2045 3591 ﬁdelium
2071 3538 2136 3593 de

551 3621 785 3690 propriis
817 3622 1251 3680 trilmlationibus
1283 3626 1555 3696 desperet)
1595 3627 1891 3696 praedicens
1931 3628 2135 3684 eisdem

553 3709 811 3774 inimicis,
845 3714 989 3782 quod
1023 3715 1102 3770 eis
1150 3716 1202 3770 in
1250 3715 1452 3784 judicio
1491 3716 1670 3772 futuro
1700 3731 1819 3773 esse
1850 3727 2135 3774 venturum

555 3808 807 3855 noverat.

985 3895 1107 3951 ΤΤ..
1127 3895 1402 3952 Canticum
1437 3899 1718 3969 graduum.

626 3984 667 4040 C
706 3983 872 4040 Docet
909 3986 996 4043 hic
1032 3991 1291 4060 propheta
1335 3991 1628 4046 toleranter
1673 4008 1772 4047 nos
1807 3994 1986 4050 surculi
2016 4009 2134 4050 mo-

553 4071 739 4130 Iestias
765 4078 1053 4146 sustinere,
1085 4082 1299 4149 quando
1319 4081 1570 4137 Ecclesiae
1596 4083 1816 4139 crebras
1833 4083 1996 4140 fuisse
2017 4100 2140 4156 pas-

553 4163 735 4218 siones
762 4169 1097 4236 comprobat.
1657 4159 1684 4184 ⁸

557 4254 584 4306 1
701 4255 852 4326 Scepe
875 4272 1297 4330 expugnaverunt
1328 4280 1409 4318 me
1433 4281 1464 4317 a
1491 4263 1761 4334 juuentute
1800 4281 1913 4319 mea
1942 4281 1962 4320 :

699 4346 851 4402 Dicat
885 4366 1020 4405 nunc
1049 4351 1239 4407 Israel.

627 4439 670 4493 C
706 4439 970 4496 Admonet
1008 4445 1266 4513 propheta
1300 4447 1493 4514 Israel,
1524 4448 1575 4502 id
1609 4459 1691 4504 est
1716 4450 2038 4517 Ecclesiam,
2075 4461 2134 4507 ut

558 4529 703 4584 dicat
740 4531 876 4586 bella
904 4549 1018 4588 sua.
1053 4535 1204 4605 Same
1243 4555 1255 4589 :
1292 4539 1379 4594 hic
1405 4541 1578 4607 signat
1617 4541 1974 4611 frequentiam
2013 4561 2134 4615 pas-

558 4621 791 4676 sionum.
822 4623 864 4675 A
887 4624 1168 4694 juventute
1194 4645 1208 4681 :
1238 4628 1742 4699 significatquando
1765 4649 1794 4688 a
1822 4633 1991 4690 fratre
2019 4652 2135 4706 per-

560 4727 716 4767 verso
749 4712 929 4781 justus
970 4717 1100 4772 Abel
1148 4720 1361 4776 occisus
1402 4730 1485 4775 est
1521 4722 1676 4791 (Gen.
1722 4724 1828 4797 tv),
1862 4735 1916 4782 et
1953 4728 2135 4782 caeteri

557 4800 812 4874 deinceps
870 4807 1250 4876 quamplurimi
1301 4828 1315 4864 :
1375 4810 1544 4880 ipsius
1611 4828 1824 4884 quoque
1886 4817 2136 4886 passione

556 4892 757 4951 Christi
803 4910 1109 4969 expugnata
1150 4912 1232 4958 est
1283 4903 1540 4960 Ecclesia.
1584 4907 1736 4963 Dicat
1781 4925 1924 4965 nunc
1971 4910 2136 4966 Israel

557 4987 634 5056 (id
652 4997 736 5043 est
762 4989 814 5044 in
843 4991 946 5047 hoc
969 4993 1183 5060 szeculo,
1211 4998 1422 5066 quando
1446 5009 1655 5070 tempus
1673 5009 1756 5056 est
1779 5003 2131 5073 poenitentiae)

556 5085 616 5130 ut
667 5079 1003 5136 instruantur
1047 5086 1237 5156 reliqui
1284 5087 1489 5155 ﬁdeles,
1549 5093 1817 5160 patienter
1858 5092 1945 5146 hie
1991 5091 2134 5149 ferre

556 5172 960 5236 persecutiones
991 5191 1006 5228 :
1037 5176 1162 5245 quia
1197 5178 1250 5231 in
1282 5176 1460 5232 futura
1499 5180 1607 5235 vita
1650 5197 1756 5236 non
1795 5190 2133 5252 expugnatur

559 5267 798 5316 sanctus.
828 5262 976 5320 Istud
1019 5281 1234 5337 quoque
1276 5269 1424 5324 dicat
1471 5286 1613 5327 nunc
1659 5271 1848 5339 Israel,
1885 5287 1984 5344 per
2023 5281 2134 5330 tres

1551 240 1609 296 S.
1652 238 2000 296 BRUNONIS
2038 237 2578 296 IIEBBIPOLENSIS
2616 236 2919 296 EPISCOPI

2153 331 2324 422 Αιῖιιιι
2360 369 2376 408 :
2410 362 2470 406 ut
2499 350 2764 423 Intelligas
2791 363 3066 420 nunquam
3100 347 3310 407 ﬁnitam
3351 349 3655 409 Ecclesiam
3693 369 3820 412 esse

3706 241 3819 298 476

2236 443 2614 515 persecutione
2653 443 3043 513 improborum,
3089 458 3210 513 quae
3249 444 3324 498 ita
3360 459 3503 514 sape
3536 453 3624 501 est
3651 460 3834 517 expue

2235 547 2399 608 gnata
2431 555 2444 592 :
2480 537 2678 592 crescit
2699 537 2842 591 enim
2875 536 3359 604 persecutionibus,
3384 553 3594 608 suaque
3617 539 3822 593 contri-

2237 629 2384 684 tione
2417 628 2726 698 grandescit
2762 641 2777 680 :
2807 642 2931 680 nam
2964 627 3007 681 si
3054 627 3142 682 hic
3178 639 3396 683 sanctos
3420 630 3570 684 viros
3597 630 3818 694 amittit,

2233 720 2426 776 futura:
2451 719 2640 791 patriae
2665 719 2918 789 acquirit.
2947 719 3062 773 Non
3093 728 3269 789 potest
3304 721 3468 790 igitur
3498 721 3668 788 ﬁniri,
3700 739 3820 792 qua:

2232 813 2346 878 suis
2383 812 2723 868 detrimentis
2759 821 2987 883 augetur
3015 826 3031 863 :
3057 813 3200 868 unde
3239 829 3345 868 non
3371 816 3614 885 potuisse
3643 825 3818 870 tamen

2233 904 2336 960 sibi
2379 904 2670 974 przevalere
2717 903 2847 958 dicit
2890 918 3002 968 eos,
3055 918 3192 973 quos
3245 905 3495 976 superius
3544 921 3606 961 se
3653 921 3820 976 expu-

2233 1011 2428 1067 gnasse
2454 1003 2847 1082 commemprat
2887 1013 2900 1049 :
2941 995 3065 1066 quia
3106 1010 3381 1067 nunquam
3419 996 3502 1052 eis
3543 997 3820 1053 consensit

2235 1087 2300 1142 ad
2327 1088 2548 1142 malum.

2233 1179 2268 1235 5
2376 1179 2551 1250 Supra
2584 1179 2801 1234 dorsum
2842 1195 3014 1234 meum
3055 1178 3440 1249 fabricaverunt
3475 1192 3818 1250 peccatores:

2375 1267 2824 1340 Prolongaverunt
2859 1271 3187 1341 iniquitatem
3216 1288 3388 1326 suam.
3778 1267 3786 1272 ’

2303 1359 2345 1418 C
2383 1360 2723 1417 Fabricatum
2755 1379 2769 1415 :
2801 1375 2929 1416 vero
2957 1376 3120 1430 supra
3145 1364 3364 1416 dorsum
3395 1377 3554 1416 suum
3578 1362 3819 1418 Ecclesia

2235 1462 2467 1509 testatur
2494 1469 2524 1507 a
2558 1451 2940 1523 peccatoribus
2969 1466 2985 1506 :
3023 1452 3117 1521 qui
3145 1451 3298 1507 dolos
3329 1452 3515 1507 facere
3540 1451 3817 1516 festinant,

2233 1555 2287 1600 et
2315 1543 2560 1600 occultas
2581 1543 2887 1604 suasiones.
2910 1542 3063 1612 quasi
3096 1542 3148 1596 in
3175 1543 3396 1597 dorsum
3421 1542 3685 1597 Ecclesia:
3713 1543 3821 1614 (ubi

2235 1637 2407 1691 videri
2442 1651 2548 1691 non
2577 1635 2825 1706 possunt)
2856 1644 3023 1706 agunt
3054 1653 3068 1690 :
3106 1636 3196 1705 qui
3227 1635 3304 1691 sic
3330 1635 3543 1690 occulte
3578 1643 3822 1689 avertere

2235 1742 2265 1782 a
2297 1736 2481 1783 sancta
2517 1726 2619 1781 ﬁde
2643 1727 2855 1796 aliquos
2885 1725 3201 1792 moliuntur,
3239 1735 3297 1780 ut
3319 1725 3404 1781 vel
3445 1741 3648 1796 paucos
3676 1725 3821 1780 deci-

2234 1821 2408 1891 piant,
2430 1819 2520 1890 qui
2544 1818 2845 1874 Ecclesium
2902 1826 3070 1873 totam
3118 1819 3432 1874 subvertere
3488 1833 3596 1872 non
3633 1826 3822 1888 potue-

2235 1924 2379 1968 runt.
2409 1911 2762 1982 Prolongatas
2801 1925 3016 1982 quoque
3055 1911 3185 1965 dicit
3224 1910 3370 1980 ipsas
3409 1910 3659 1974 insidias,
3692 1924 3822 1978 quas

2235 2003 2451 2057 assidue
2498 2003 2680 2056 hostes
2719 2000 3032 2071 ingerebant
3067 2000 3313 2056 ﬁdelibus
3342 2018 3356 2054 :
3387 2000 3709 2071 prolongata
3743 2006 3824 2054 est

2235 2091 2377 2145 enim
2409 2093 2524 2146 haec
2555 2090 2813 2160 iniquitas
2842 2091 2913 2144 ab
2937 2090 3068 2146 Abel
3101 2105 3270 2160 usque
3313 2090 3439 2157 huc,
3473 2101 3531 2145 et
3565 2091 3621 2144 in
3666 2089 3821 2145 ﬁnem

2236 2189 2408 2251 u‘sque
2435 2181 2614 2236 surculi
2644 2180 3076 2250 prolongabitur.

2233 2273 2269 2329 4
2378 2274 2635 2328 Dominus
2655 2273 2834 2344 justus
2861 2274 3092 2328 concidet
3125 2275 3343 2328 cervices
3370 2282 3707 2343 peccatorum
3732 2293 3750 2330 :

2378 2363 2786 2433 Confundantur
2819 2375 2866 2417 et
2908 2374 3277 2418 convertantur
3318 2376 3609 2418 retrorsum
3647 2380 3822 2419 omnes

2450 2457 2539 2528 qui
2579 2456 2800 2510 oderunt
2835 2454 2986 2510 Sion.

2309 2547 2349 2604 Ο
2389 2548 2640 2603 Cervices
2673 2564 2685 2600 :
2717 2563 2815 2618 pro
2858 2546 3110 2618 superbia
3156 2547 3356 2618 posuit,
3393 2563 3556 2617 quam
3587 2545 3823 2601 concidit

2238 2639 2500 2694 Dominus
2552 2638 2605 2692 in
2654 2637 2760 2692 illis
2809 2637 2887 2691 sic
2921 2638 3356 2707 expugnantibus
3393 2651 3407 2690 :
3448 2653 3571 2690 cum
3623 2652 3718 2690 eos
3754 2636 3821 2690 ad

2237 2727 2664 2783 misericordiam
2694 2743 2788 2797 per
2814 2727 3170 2782 humilitatem
3202 2737 3256 2781 et
3286 2726 3712 2782 satisfactionem
3739 2739 3823 2780 re-

2238 2819 2354 2874 dire
2393 2818 2674 2888 permittit.
2721 2815 3134 2873 Confundantur
3165 2833 3179 2869 :
3213 2816 3267 2870 in
3311 2825 3558 2870 extremo
3595 2813 3818 2882 judicio.

2239 2910 2328 2980 qui
2361 2908 2471 2978 jam
2511 2925 2607 2980 per
2647 2907 3023 2978 paenitentiam
3066 2908 3254 2963 nolunt
3293 2907 3571 2962 confundi.
3608 2907 3672 2961 Et
3698 2923 3823 2962 con-

2240 3007 2520 3052 vertantur
2566 3007 2710 3052 retro
2761 3015 2775 3052 :
2818 2997 2883 3051 ad
2924 3011 3139 3068 pmnam
3174 3007 3430 3052 aeternam
3467 3015 3479 3051 :
3514 2997 3616 3068 ipsi
3657 2997 3818 3060 enim,

2241 3088 2292 3141 id
2329 3097 2429 3151 est,
2450 3088 2703 3143 obstinati
2726 3087 2824 3157 ipsi
2863 3087 3266 3155 oderuntSion,
3294 3090 3344 3143 id
3377 3097 3459 3144 est
3497 3087 3816 3142 Ecclesiam.

2236 3177 2270 3233 5
2381 3178 2540 3233 Fiant
2570 3180 2699 3232 sicut
2723 3179 2898 3247 fenum
2924 3189 3172 3233 tectorum
3204 3196 3224 3234 :

2384 3268 2534 3335 Quod
2562 3271 2865 3340 priusquam
2894 3267 3142 3322 evellatur
3171 3269 3398 3322 exaruit.

2309 3359 2349 3416 C
2385 3360 2587 3414 Fenum
2614 3361 2670 3414 in
2703 3360 2858 3416 tectis
2889 3361 3125 3430 antiquis
3152 3375 3425 3426 crescens,
3452 3369 3582 3414 ante
3615 3369 3820 3430 tempus

2239 3453 2572 3510 collectionis
2601 3454 2800 3508 arescit
2834 3462 2888 3508 et
2915 3454 3055 3522 perit
3085 3472 3100 3509 :
3124 3453 3248 3523 quia
3276 3453 3420 3507 nulla
3459 3453 3616 3506 ﬁrma
3645 3452 3821 3507 radice

2237 3543 2429 3613 viguit.
2478 3541 2660 3613 Itaque
2701 3551 3086 3612 comparantur
3134 3551 3448 3612 peccatores
3497 3541 3572 3595 illi
3622 3542 3822 3597 caduco

2240 3631 2382 3694 feno,
2419 3633 2674 3700 quoniam
2709 3642 2763 3686 et
2815 3632 2902 3686 hic
2940 3631 3254 3702 frequenter
3296 3613 3634 3701 dispereunt,
3677 3640 3824 3684 ante-

2238 3738 2402 3792 quam
2449 3723 2515 3777 de
2558 3723 2658 3777 hac
2694 3723 2815 3778 luce
2863 3722 3123 3777 tollantur
3166 3739 3178 3775 :
3224 3731 3524 3777 nascuntur
3565 3721 3711 3776 enim
3760 3721 3815 3774 in

2240 3814 2617 3869 cacuminibus
2671 3814 2971 3883 superbize,
3029 3813 3118 3868 ubi
3171 3811 3312 3866 nulla
3366 3811 3645 3865 soliditate
3699 3824 3826 3866 con-

2240 3906 2457 3962 sistunt.
2492 3905 2536 3960 II
2565 3905 2674 3961 Nec
2697 3905 2861 3959 ullum
2903 3920 3128 3975 granum
3161 3904 3416 3960 bonitatis
3441 3903 3751 3974 proferunt.

2241 3998 2275 4051 6
2386 3996 2462 4051 De
2492 4013 2594 4068 quo
2623 4013 2726 4050 non
2757 3995 2987 4066 implebit
3017 4011 3232 4049 manum
3257 4011 3404 4048 suam
3434 3994 3527 4056 qui
3555 4003 3711 4047 metet
3736 4008 3754 4046 :

2384 4084 2452 4137 Et
2481 4087 2654 4138 sinum
2681 4101 2835 4138 suum
2866 4085 2954 4155 qui
2984 4083 3282 4153 manipulis
3311 4083 3539 4152 colliget.

2311 4176 2351 4229 C
2392 4175 2672 4241 Metentes,
2719 4175 2892 4245 angeli
2942 4182 3084 4237 sunt,
3140 4174 3230 4243 qui
3285 4174 3474 4228 ultimo
3526 4173 3618 4228 die
3639 4171 3822 4243 judicii

2242 4263 2572 4320 frumentum
2604 4265 2894 4319 electorum
2942 4264 2994 4317 in
3033 4265 3230 4318 horreo
3260 4263 3497 4318 caelestis
3524 4264 3720 4332 patria:
3746 4278 3828 4317 re-

2162 4369 2212 4428 ι)
2239 4354 2477 4410 condunt
2507 4373 2520 4410 :
2550 4356 2644 4410 sed
2672 4357 2737 4410 de
2761 4355 2877 4408 istis
2905 4354 3031 4419 (hoc
3054 4362 3138 4409 est
3162 4354 3431 4424 superbis)
3465 4369 3690 4407 manum
3722 4368 3823 4407 non

2241 4444 2489 4515 implent,
2516 4447 2639 4516 quia
2678 4461 2771 4501 eos
2799 4461 2832 4500 a
2859 4447 3118 4500 societate
3152 4455 3465 4501 sanctorum
3507 4446 3827 4514 reprobatos

2239 4549 2543 4612 segregant.
2575 4541 2648 4596 De
2687 4540 2804 4595 istis
2843 4539 2988 4595 enim
3027 4554 3188 4609 supra
3227 4540 3430 4595 dictum
3471 4550 3576 4603 est,
3611 4541 3829 4595 venient

2241 4633 2294 4688 in
2324 4633 2681 4689 exsultatione
2720 4632 2956 4687 ferentes
2983 4632 3286 4702 manipulos
3320 4647 3446 4686 suos
3477 4650 3491 4685 :
3522 4633 3592 4686 de
3619 4633 3829 4700 injustis

2242 4722 2331 4778 hic
2357 4723 2574 4788 dicitur,
2599 4723 2742 4792 quod
2773 4737 2874 4778 nec
2903 4737 3123 4777 manum
3155 4722 3365 4792 plenam
3394 4722 3669 4776 fructibus
3705 4738 3830 4777 eon-

2240 4823 2473 4885 porlent.
2506 4813 2694 4870 Manus
2723 4815 2789 4870 ad
2815 4815 3218 4886 Operationem;
3258 4817 3409 4870 sinus
3445 4815 3513 4868 ad
3543 4817 3832 4871 conscien-

2243 4907 2372 4961 tiam
2401 4907 2656 4974 pertinet.
2701 4906 2758 4962 In
2803 4907 3067 4963 malorum
3105 4907 3251 4962 enim
3291 4905 3524 4972 actibus,
3576 4915 3826 4960 neutrum

2241 4997 2382 5070 frugi
2406 4998 2608 5068 aliquid
2630 5008 2807 5069 potest
2833 4998 3088 5054 inveniri.

2240 5087 2272 5141 7
2387 5087 2455 5142 Et
2486 5105 2590 5143 non
2621 5090 2867 5144 dixerunt
2903 5087 2991 5161 qui
3025 5087 3358 5159 praeteribant
3391 5086 3688 5142 benedictio
3729 5087 3831 5140 Do.

2455 5181 2582 5236 mini
2615 5197 2770 5250 super
2793 5197 2881 5236 vos
2913 5195 2933 5234 :

2379 5273 2750 5329 Benediximus
2779 5275 2920 5328 uobis
2946 5275 3000 5328 in
3031 5275 3239 5330 nomine
3266 5273 3503 5328 Domini.
