3994 5370
221 262 329 316 477

1399 257 1486 312 εχ
1496 259 1762 317 POSI'I‘IO
1795 259 2241 319 PSALMORUM.

3376 265 3480 323 478

224 370 334 426 Sed
377 384 445 426 ne
490 369 590 422 ista
644 366 947 424 benedictio
979 375 1255 436 pu'are'ur
1305 368 1552 426 hvmanis
1606 372 1807 427 viribus
1837 376 1883 435 Α
1913 375 2088 442 terim,
2116 377 2380 447 patienter
2398 378 2746 448 expectavit.
2786 378 2851 434 Et
2871 381 3012 448 quod
3037 394 3142 435 non
3165 379 3299 436 dixit
3331 389 3482 436 tran—

223 459 569 530 applicanda,
611 460 779 522 addit,
807 458 1176 513 henediximu;
1217 459 1388 524 vobis,
1419 470 1542 515 etc:
1578 461 1688 529 ipsa
1723 472 1807 518 est

220 547 368 605 e:iu
420 550 576 603 Erna
635 558 688 603 et
739 563 862 602 vera
914 547 1235 612 benedictio,
1288 564 1405 617 quae
1451 552 1552 605 sub
1594 551 1803 606 Domini

221 641 744 697 cnumeu'ioratione
793 642 989 710 agitur,
1039 656 1068 692 a
1111 655 1217 708 quo
1274 642 1418 696 venit
1461 658 1620 696 omne
1652 643 1805 714 quod

218 731 459 800 expedit.

653 839 851 878 ORATIO
884 838 948 878 ΕΧ
980 839 1128 878 νειι..
1157 840 1384 880 CXXVIII.

297 937 379 990 Ab
430 937 674 992 omium
717 939 1137 1008 Impugnantium
1185 939 1457 1008 nequitiis,
1517 939 1806 994 litelesiam

230 1036 381 1080 tuam
439 1027 690 1094 Domine,
733 1029 954 1081 dextera
1009 1040 1112 1082 tua:
1156 1030 1408 1099 potentia:
1455 1028 1718 1084 defende:
1751 1039 1810 1085 ut

224 1117 461 1172 inimicis
486 1127 786 1172 retrorsum
816 1117 1108 1182 conversis,
1142 1119 1311 1173 sacris
1338 1134 1367 1172 a
1400 1128 1452 1174 te
1474 1121 1808 1175 benedictio-

225 1208 384 1262 nibus
410 1207 699 1276 repleatur.
726 1209 828 1263 I’er
851 1209 1134 1263 Dominum
1181 1219 1422 1264 nostrum
1449 1209 1631 1265 Jesum
1656 1211 1811 1266 Chri-

224 1308 390 1365 stum,
418 1310 524 1354 etc.
1684 1302 1691 1308 '

726 1387 1045 1444 PSAans
1069 1389 1316 1460 ,cxxrx.

656 1519 1020 1559 ABCUNENTI‘II
1053 1521 1198 1560 PSAL.
1221 1521 1404 1561 CXXIX.

291 1613 334 1668 C
371 1613 581 1668 Clamat
603 1617 861 1686 propheta
893 1617 959 1670 ad
993 1618 1300 1683 Dominum,
1326 1629 1435 1672 uta
1461 1629 1808 1690 peccatorum

222 1705 496 1776 profundo
558 1706 822 1760 liberetur
863 1725 876 1761 :

226 1813 476 1868 qomreus
505 1797 572 1852 de
607 1798 1008 1853 calamitatibus
1039 1801 1311 1855 indicatis.

647 1888 758 1944 TT.
807 1889 1080 1944 Canticum
1117 1894 1396 1961 graduum.

228 1981 252 2034 I
369 1979 448 2033 De
468 1980 750 2050 profundis
780 1981 1000 2035 clamavi
1027 1984 1095 2036 ad
1117 1994 1166 2037 te
1195 1983 1415 2038 Domine
1437 1997 1457 2036 :

367 2073 616 2138 Domine,
642 2075 837 2127 exaudi
864 2092 1031 2128 vocent
1059 2093 1246 2130 meam.

295 2164 336 2219 C
371 2164 707 2218 Profundum
733 2175 816 2220 est
835 2167 989 2235 quasi
1022 2182 1181 2236 porro
1211 2169 1454 2234 fundum,
1495 2168 1650 2238 cujus
1698 2170 1804 2226 ima

225 2257 450 2311 Omnino
474 2256 722 2311 demersa
778 2267 922 2312 sunt.
978 2257 1053 2312 Do
1102 2261 1204 2312 isto
1247 2259 1511 2329 profundo
1553 2261 1814 2330 gloriosas

225 2346 710 2419 cﬂ‘uditlacrymas
755 2348 967 2413 Petrus,
999 2351 1316 2420 publicanus
1345 2362 1562 2420 pectora
1618 2355 1814 2409 tutudit

225 2437 384 2508 (an.
410 2441 591 2509 svnt),
617 2437 782 2494 Jonas
814 2440 1010 2494 tacitus
1050 2440 1363 2495 vociferavit
1389 2441 1570 2512 (Joan.
1601 2444 1683 2514 tt).
1711 2444 1812 2499 Do-

224 2531 399 2595 mine,
448 2531 691 2584 exaudi:
749 2531 828 2585 sic
883 2545 1005 2584 cum
1057 2531 1123 2585 de
1183 2530 1446 2600 profundo
1497 2535 1708 2599 oravit,
1743 2535 1811 2590 ad

226 2621 477 2676 altissimi
511 2622 891 2690 Redemptoris
936 2621 1184 2676 celeriter
1227 2622 1364 2676 dona
1410 2624 1676 2692 pervenit.
1721 2623 1815 2678 Est

225 2729 356 2786 ergo
419 2715 547 2769 illud
605 2715 951 2787 profundum,
1009 2715 1275 2784 profunda
1330 2716 1602 2772 humilitas
1641 2719 1815 2788 pumi-

223 2808 426 2862 tentia.

222 2897 260 2952 2
369 2897 532 2952 Fiant
561 2916 712 2952 aures
743 2912 843 2953 tua:
883 2899 1201 2952 intendentes
1227 2913 1244 2950 :

369 2989 438 3042 In
479 3007 650 3043 vocem
678 2991 1058 3059 deprecationis
1086 3006 1234 3043 metr.

300 3078 345 3132 II
387 3080 507 3133 Non
563 3081 649 3134 hic
688 3081 960 3134 carnalem
1012 3098 1196 3134 aurem
1264 3080 1524 3150 propheta
1577 3078 1884 3151 postulata

227 3170 433 3238 (sciens
459 3169 626 3224 Deum
653 3171 1030 3239 incorporeum
1071 3171 1234 3240 esse),
1274 3173 1366 3226 sed
1395 3173 1674 3238 virtutem,
1705 3188 1809 3242 qua

225 3281 353 3320 suos
381 3267 640 3320 exaudire
661 3266 938 3336 dignatur,
969 3267 1238 3336 exposcit.

223 3359 260 3413 3
365 3358 426 3414 Si
453 3361 755 3430 iniquitates
793 3363 1163 3426 observaveris,
1187 3361 1408 3417 Domine
1433 3379 1453 3416 .'

368 3449 615 3514 Domine,
654 3453 768 3521 quis
801 3451 1116 3505 sustinebit?
1146 3469 1149 3471 ·

297 3535 339 3591 C
373 3536 718 3605 lniquitatem
750 3538 862 3593 vult
891 3540 1109 3610 intelligi
1145 3554 1305 3594 omne
1345 3548 1647 3610 peccatum,
1669 3540 1813 3611 quod

228 3636 411 3696 potest
471 3627 649 3696 aliqua
707 3629 974 3698 pravitate
1012 3631 1273 3684 committi
1320 3649 1333 3684 :
1376 3631 1618 3700 iniquum
1668 3631 1812 3687 enim

229 3727 333 3779 est,
368 3719 512 3787 quod
561 3719 766 3788 justum
829 3736 932 3773 non
987 3730 1088 3775 est.
1147 3719 1347 3774 Videas
1376 3736 1503 3790 ergo
1551 3723 1811 3790 propheta

229 3810 436 3862 nullum
475 3824 614 3874 esse,
661 3811 751 3879 qui
802 3827 905 3864 non
955 3820 1048 3864 aut
1096 3812 1511 3881 cogitationibus
1564 3812 1811 3879 excedat,

231 3908 322 3951 aut
351 3915 524 3952 vacuo
553 3915 805 3954 sermone
849 3901 1143 3970 delinquat,
1199 3911 1292 3955 aut
1324 3901 1469 3956 inani
1502 3910 1622 3955 actu
1648 3917 1812 3954 oecu-

230 3999 389 4060 petur
431 4008 445 4044 :
497 3990 627 4044 dicit
667 3992 891 4061 justitia:
930 3993 1098 4062 ipsius
1151 3993 1444 4046 humanum
1495 4008 1662 4062 genus
1707 4009 1813 4048 non

227 4082 495 4147 sulIicere,
520 4084 626 4136 nisi
652 4085 1032 4139 misericordia:
1062 4094 1278 4154 priestet
1311 4085 1568 4139 auxilium
1602 4103 1615 4140 :
1655 4102 1814 4141 nemo
1850 4111 1852 4114 ν

228 4174 366 4227 enim
390 4174 565 4228 solam
600 4175 695 4229 Dei
720 4173 992 4242 justitiam
1030 4177 1296 4231 sustinere
1316 4188 1516 4247 posset.

226 4281 259 4334 4
367 4282 504 4348 Quia
530 4284 676 4351 apud
707 4293 754 4336 te
774 4285 1072 4353 propitiatio
1097 4295 1171 4338 est
1194 4299 1213 4336 .°

365 4372 432 4425 Et
459 4384 674 4441 promer
695 4371 858 4442 legem
883 4385 1028 4426 tuam
1054 4374 1277 4428 sustinui
1308 4384 1376 4441 te,
1409 4374 1649 4430 Domine.

930 1708 1358 1763 benevolentiam
1433 1709 1558 1765 boni
1621 1709 1810 1766 ‘udicis
1842 1708 1943 1802 ηξ

1907 467 2151 522 sitorium
2183 467 2396 538 aliquod
2436 470 2676 534 verbum,
2707 472 2924 540 exponit
2952 482 3259 541 sequenter,
3297 475 3482 530 dicens

1907 559 2032 612 illttd
2057 560 2282 612 verbum
2312 560 2622 616 Dominum:
2662 560 2910 632 Speravit
2937 564 3117 616 anima
3143 579 3258 616 mea
3286 564 3337 617 in
3378 565 3483 618 Do-

1908 652 2072 713 mino,
2105 651 2309 706 scilicet
2333 651 2421 721 qui
2447 661 2531 706 est
2574 656 2792 707 verbum
2834 653 3028 716 Patris,
3057 655 3294 722 speravit
3336 659 3480 710 enim

1907 743 2084 797 anima
2113 758 2250 806 mea,
2279 743 2420 813 quod
2450 743 2638 798 futuris
2684 746 3011 814 temporibus
3038 747 3102 800 de
3153 746 3319 800 Maria
3368 748 3482 800 vir-

1907 832 2050 903 gine,
2078 841 2294 902 prOptcr
2318 832 2591 888 interitum
2617 833 2827 905 generis
2853 835 3073 889 humani
3109 836 3483 904 auferendum,

1907 924 2058 979 nasci
2089 925 2423 993 dignaretur.

1909 1015 1942 1070 6
2049 1018 2092 1068 Α
2117 1018 2354 1070 custodia
2387 1020 2642 1070 matutina
2669 1034 2830 1088 usque
2853 1017 2919 1071 ad
2948 1028 3144 1072 noctem
3169 1033 3187 1072 .'

2050 1106 2225 1178 Speret
2253 1106 2420 1161 Israel
2458 1109 2510 1160 in
2541 1108 2784 1162 Domino.

1980 1197 2020 1250 C
2058 1198 2372 1252 Acustodia
2420 1199 2721 1252 matutina:
2772 1197 3028 1252 Custodia
3087 1200 3350 1254 matutina
3401 1209 3486 1256 est

1909 1289 2236 1344 resurrectio
2281 1288 2503 1352 Christi,
2557 1289 2645 1357 qui
2699 1289 3128 1343 custodientibus
3179 1289 3486 1360 scpulcrmn

1910 1379 2171 1434 tnilitibus
2200 1380 2463 1432 matutino
2507 1388 2745 1448 tempore
2800 1379 3056 1443 surrexit,
3112 1395 3179 1434 ex
3212 1395 3320 1449 quo
3348 1381 3490 1435 enim

1909 1473 2159 1530 Christus
2189 1475 2484 1528 resurrexit
2512 1474 2823 1549 a_mortuis,
2871 1489 2994 1543 spes
3011 1472 3274 1527 Ecclesia:
3297 1471 3493 1526 conﬁr-

1909 1576 2053 1621 mata
2079 1576 2161 1621 est
2189 1566 2240 1620 in
2270 1565 2516 1620 Domino.
2545 1565 2726 1635 Usque
2757 1565 2825 1620 ad
2853 1575 3082 1625 noctem,
3119 1564 3171 1619 id
3194 1573 3296 1629 est,
3327 1577 3496 1633 usque

1911 1659 1964 1712 iu
1994 1659 2151 1712 finem
2193 1658 2395 1713 mtmdi.

2055 1747 2193 1812 Quia
2219 1747 2358 1812 apud
2394 1747 2671 1800 Dominum
2700 1745 3096 1803 misericordia:

2057 1837 2121 1890 Et
2158 1839 2365 1906 copiosa
2391 1837 2530 1907 apud
2551 1853 2668 1890 eum
2700 1835 3000 1904 redemptio.

1981 1928 2022 1984 C
2060 1928 2287 1983 Reddita
2329 1937 2414 1982 est
2459 1943 2619 1981 causa
2667 1926 2947 1990 mirabilis,
3003 1938 3171 1996 quare
3199 1923 3363 1979 Israel
3405 1923 3496 1980 de-

1914 2018 2121 2073 buisset
2146 2019 2196 2072 in
2223 2018 2451 2072 Domine
2489 2033 2748 2087 sperare:
2796 2017 2920 2087 quia
2962 2017 3012 2070 in
3054 2015 3169 2084 ejus
3197 2031 3360 2069 manu
3399 2014 3501 2068 mi-

1913 2108 2207 2162 sericordia
2252 2116 2355 2172 est,
2396 2123 2514 2176 quze
2565 2116 2737 2176 potest
2779 2122 2845 2161 ex
2897 2119 3154 2176 perverso
3193 2102 3375 2158 facere
3412 2101 3502 2172 ju-

1913 2209 2075 2265 stum,
2119 2215 2182 2254 ex
2234 2198 2507 2253 imbecillo
2555 2197 2933 2259 immortalem,
2966 2210 3030 2250 ex
3068 2208 3267 2249 carneo
3295 2192 3500 2263 angelis

1915 2292 2170 2346 similem.
2226 2290 2445 2343 Addidit
2483 2289 2644 2342 etiam
2697 2297 2750 2342 et
2792 2288 3007 2356 copiosa
3057 2285 3400 2355 redemptio:
3453 2283 3500 2338 ll

1914 2383 2048 2450 Quia
2073 2396 2177 2435 non
2233 2395 2368 2434 auro
2426 2395 2526 2434 nec
2555 2387 2799 2449 argento,
2833 2378 2925 2431 sed
2974 2375 3212 2447 pretioso
3240 2373 3502 2444 sanguine

1915 2488 2014 2528 nos
2047 2471 2293 2526 redemit.
2327 2470 2368 2524 ll
2411 2469 2505 2526 Vel
2549 2472 2762 2538 copiosa
2796 2468 2950 2530 dicit,
3007 2480 3075 2520 ne
3100 2466 3385 2536 quisquam
3415 2464 3503 2518 de-

1914 2571 2161 2633 speraret
2185 2562 2254 2616 de
2295 2561 2479 2625 venia,
2511 2562 2787 2615 arbitrans
2835 2573 2939 2613 non
2995 2573 3168 2628 usque
3210 2557 3280 2612 ad
3324 2557 3498 2628 ipsum

1916 2655 2301 2724 redemptionis
2328 2654 2555 2724 pretium
2589 2667 2746 2720 posse
2767 2651 3070 2721 pervenire.

1912 2747 1947 2802 8
2055 2746 2121 2799 Et
2149 2747 2257 2815 ipse
2283 2745 2494 2798 redimet
2529 2743 2740 2800 Israel:

2055 2836 2141 2892 Ea:
2162 2837 2397 2891 omnibus
2419 2835 2776 2905 iniquitatibus
2799 2834 2934 2903 ejus.

1985 2930 2292 2986 Cﬂedemit
2321 2930 2499 2998 itaque
2546 2927 2747 2982 Israel:
2785 2924 3047 2996 sanguine
3092 2922 3354 2993 pretioso,
3407 2923 3503 2994 qui

1913 3021 2164 3090 purilieat
2192 3036 2296 3074 non
2322 3028 2588 3082 cruentat,
2616 3019 2704 3088 qui
2741 3033 2846 3072 non
2871 3014 3103 3069 maculat
3131 3015 3224 3068 sed
3247 3015 3504 3070 emundat

1917 3112 1984 3164 ab
2013 3110 2265 3164 omnibus
2291 3109 2532 3163 maculis.
2565 3110 2672 3163 Sed
2702 3124 2825 3164 cum
2879 3106 3010 3160 dicit
3063 3105 3213 3175 ipse:
3268 3104 3504 3160 ostendit

1915 3213 2112 3276 praeter
2151 3204 2322 3271 ipsum
2352 3202 2610 3257 evadendi
2660 3198 3149 3270 impossibilitatetn
3183 3213 3197 3250 :
3237 3205 3292 3252 et
3335 3196 3504 3252 alium

1916 3294 2122 3350 nullum
2153 3295 2392 3364 potuisse
2419 3311 2515 3349 nos
2542 3295 2827 3349 redimere.

2341 3424 2540 3464 ORATIO
2578 3425 2645 3464 EX
2681 3426 2828 3465 PSAL.
2869 3429 3053 3469 CXXIX.

1983 3497 2263 3553 Intendant
2291 3514 2619 3568 quazsumus,
2651 3501 2896 3569 Domine,
2924 3503 3142 3573 pictatis
3193 3511 3297 3556 tuae
3341 3514 3504 3555 aures

1921 3590 1975 3644 in
2006 3591 2306 3645 orationem
2331 3593 2655 3663 supplicum,
2679 3595 2804 3664 quia
2837 3596 2975 3664 apud
3008 3604 3060 3649 te
3091 3595 3400 3665 propitiatio
3420 3601 3505 3648 est

1913 3690 2292 3750 peccatorum:
2327 3692 2385 3736 ut
2411 3699 2514 3737 non
2538 3684 2794 3741 observes
2816 3686 3378 3755 iuiquitatcsuostras,
3408 3684 3506 3740 sed

1915 3771 2194 3840 impertias
2225 3772 2378 3827 nobis
2432 3775 2834 3831 misericordias
2873 3786 3015 3833 tuas.
3065 3776 3170 3833 Per
3216 3775 3505 3831 Dominum

1916 3869 2160 3915 nostrum
2191 3859 2394 3926 Jesum,
2431 3872 2536 3917 etc.

2447 3973 2767 4030 PSALMUS
2805 3975 3018 4032 CXXX.

2327 4098 2691 4141 ARCUHENTUM
2730 4102 2876 4140 PSAL-
2917 4101 3081 4143 CXXX.

1993 4201 2032 4256 C
2057 4200 2315 4271 Exemplo
2344 4215 2442 4254 suo
2468 4199 2728 4270 propheta
2753 4198 3111 4252 humilitatem
3133 4195 3507 4253 Christianum

1917 4293 2170 4364 p0pulum
2194 4292 2419 4354 docens,
2455 4304 2666 4360 pinnam
2721 4293 2771 4344 ei
2822 4289 3192 4360 gravissimam
3238 4289 3409 4360 ponit,
3455 4290 3506 4344 si

1920 4383 2171 4438 mandata
2213 4383 2424 4437 Domini
2459 4397 2562 4435 non
2586 4397 2707 4434 cum
2736 4395 2943 4434 summa
2982 4380 3287 4434 humilitate
3312 4396 3500 4435 susce-

293 4462 335 4518 C
375 4461 624 4518 Territus
670 4464 836 4534 igitur
876 4463 1083 4531 justitia
1117 4465 1228 4530 Dei,
1274 4465 1342 4518 ad
1391 4476 1670 4535 patronam
1703 4466 1808 4521 mi-
1843 4434 1893 4494 Β
1918 4475 2084 4544 perit:
2117 4474 2474 4542 hortaturque
2499 4469 2967 4541 Israelemjugiter
2992 4484 3211 4538 sperare
3234 4470 3286 4523 in
3313 4469 3502 4526 Βοιαὶ-ι

231 4556 579 4610 sericordiam
613 4555 887 4610 convolat.
935 4555 1050 4609 Non
1083 4565 1165 4610 est
1195 4557 1335 4610 enim
1373 4559 1426 4612 in
1472 4561 1671 4613 nostris
1719 4575 1812 4614 ac-

234 4649 368 4704 libus
401 4658 457 4702 ιιι
485 4663 800 4703 mereamur
840 4647 1063 4712 absolvi,
1097 4647 1188 4702 sed
1220 4647 1387 4716 ipsius
1415 4649 1812 4718 propitiationis

231 4754 325 4811 est,
372 4755 428 4800 ut
471 4744 832 4801 conﬁtentem
884 4757 1035 4796 reum
1093 4741 1321 4795 liberare
1366 4741 1632 4811 dignetur.
1687 4741 1812 4798 Haec

231 4845 306 4890 cst
332 4848 506 4890 autem
547 4835 658 4897 lex,
694 4833 746 4886 id
797 4841 900 4898 est,
952 4831 1257 4900 evangelica
1284 4830 1476 4900 jussio,
1513 4848 1614 4902 per
1648 4848 1811 4902 quam

232 4940 283 4980 se
317 4927 438 4994 jure
480 4926 750 4982 credebat
783 4939 902 4978 esse
941 4925 1277 4980 salvaudum.
1318 4923 1626 4980 Sustinuit:
1673 4927 1814 4980 iudi-

228 5029 306 5072 cat
340 5021 694 5082 οιιςπίιςιιοηι,
750 5033 873 5086 qua:
926 5026 1094 5072 totam
1147 5017 1397 5082 sustinet,
1445 5027 1501 5074 et
1543 5018 1811 5088 perfectos

227 5109 371 5164 edicit
401 5109 779 5166 Christianos.
843 5103 934 5161 Vel
986 5107 1069 5161 lex
1107 5114 1230 5160 tua:
1273 5105 1357 5160 lex
1385 5118 1468 5164 est
1519 5108 1809 5168 ntiserendi

222 5204 604 5232 ηωηῖίηιιοῖιιιιο

1920 4583 2007 4634 ιιο,
2045 4577 2310 4638 quatenus
2340 4565 2517 4619 szeculi
2551 4565 2777 4617 adversa
2807 4563 2977 4617 valeat
3002 4563 3248 4617 tolerare.

2342 4656 2451 4712 TT.
2483 4657 2755 4710 Canticum
2784 4657 3063 4726 graduum.

1991 4750 2030 4807 C
2055 4751 2223 4807 Totus
2252 4751 2340 4806 hic
2366 4749 2605 4820 psalmus
2625 4749 2692 4802 de
2736 4746 3150 4801 mansuetudine
3191 4754 3352 4814 atque
3402 4743 3508 4796 hu-

1923 4841 2153 4901 militate
2182 4849 2464 4897 cantatur:
2497 4853 2666 4908 eoque
2697 4838 2852 4901 ﬁt,ut
2878 4853 3010 4906 quos
3041 4835 3191 4890 labor
3216 4835 3508 4904 prmmissa:

1919 4935 2283 4994 confessionis
2325 4932 2609 4998 amiserat,
2658 4929 2884 4984 dulcedo
2915 4929 3159 4999 gloriosa:
3205 4924 3508 4981 devotionis

1919 5026 2154 5089 reﬁciat.

1919 5118 1942 5172 ⁸
2060 5121 2306 5181 Domine,
2330 5133 2431 5170 non
2459 5125 2530 5169 est
2563 5112 2851 5168 exaltatum
2875 5127 2962 5166 cor
2992 5123 3192 5161 meum:

2083 5215 2125 5232 ιν
2243 5227 2258 5232 -
2291 5206 2404 5232 -l..o.'
2438 5214 2554 5232 ο...ιο
2586 5202 2721 5232 ιιι-οιῘῖ
2741 5202 2842 5232 esea:
