3994 5370
512 320 517 329 .
560 277 666 335 ιῖθ
1455 270 1512 326 8.
1547 267 1896 326 BRUNONIS
1937 265 2480 323 HERBIPOLENSIS
2519 266 2825 324 EPISCOPI

559 390 629 445 Et
659 401 738 444 SIC
761 401 882 441 cum
908 384 1166 456 propheta
1193 391 1355 456 negat
1382 382 1447 439 de
1478 397 1537 439 se
1583 383 1798 451 vitiosa,
1851 381 2138 438 conﬁtetur
2163 387 2213 444 Α
2241 379 2267 434 1

558 484 780 538 omnino
800 478 1081 533 laudanda.

558 596 594 650 2
703 595 886 664 Neque
917 592 1182 647 ambulavi
1209 595 1262 647 in
1300 593 1503 663 magnis

700 685 884 757 Neque
915 685 967 738 in
994 683 1320 739 mirabilibus
1355 701 1510 754 super
1544 700 1645 739 me.

629 780 670 835 C
698 778 1007 833 Ambulavit
1040 777 1242 831 Pilatus
1274 777 1327 831 in
1360 777 1593 846 magnis,
1625 776 1715 846 qui
1738 775 1873 829 dixit
1898 774 2136 839 Christo,

555 873 737 928 nescis
755 873 876 941 quia
893 880 1211 941 potestatem
1227 870 1398 924 habeo
1414 870 1714 925 dimittendi
1731 879 1779 924 te
1794 870 1972 942 (Joan.
1999 870 2134 939 xix):

559 963 839 1019 ambulant
887 963 939 1017 in
977 962 1315 1016 mirabilibus
1343 962 1432 1032 qui
1477 961 1544 1016 de
1586 962 1875 1015 virtutibus
1921 977 2056 1030 quas
2105 976 2135 1016 a

556 1055 670 1109 Deo
700 1062 1023 1123 acceperunt
1068 1052 1390 1123 gloriantur,
1429 1061 1522 1108 aut
1561 1053 1818 1109 miracula
1863 1064 2135 1124 quaerunt,

557 1158 663 1198 non
693 1143 857 1197 vitam
891 1142 1286 1197 miraculosam.

556 1255 590 1310 3
700 1254 760 1311 Si
783 1272 886 1308 non
907 1256 1175 1308 humiliter
1207 1255 1521 1310 sentiebam:

698 1342 802 1398 Sed
830 1343 1055 1397 exaltari
1086 1345 1315 1396 animam
1342 1362 1530 1398 meam.

627 1432 669 1487 C
701 1433 836 1487 Dicit
887 1448 944 1488 se
986 1449 1092 1487 non
1140 1435 1370 1503 superbe
1424 1434 1730 1504 Scripturas
1793 1435 2132 1503 meditatum,

554 1530 740 1578 monet
768 1538 896 1593 ergo
925 1523 1187 1593 propheta
1222 1524 1430 1579 divinas
1470 1526 1780 1596 Scripturas
1814 1528 2042 1597 simplici
2074 1544 2136 1584 ac

555 1629 694 1683 puro
720 1614 882 1667 corde
913 1614 980 1667 ab
1016 1631 1338 1685 unoquoque
1383 1631 1502 1672 esse
1526 1618 1889 1673 meditandas:
1920 1636 2026 1675 non
2079 1629 2137 1675 ut

554 1703 740 1757 Ariani
769 1713 822 1758 et
844 1702 1142 1757 Manichazi.
1191 1704 1297 1759 lste
1326 1721 1455 1776 ergo
1482 1723 1540 1761 se
1575 1708 1704 1762 dicit
1725 1708 1998 1763 humiliter
2016 1724 2137 1763 sen-

554 1796 713 1859 sisse,
742 1794 1108 1862 utApostolus
1156 1797 1260 1851 ait:
1299 1796 1415 1851 Noli
1468 1797 1632 1852 altum
1663 1814 1852 1869 sapere
1880 1800 1974 1855 sed
2007 1802 2135 1856 time

557 1886 732 1960 (Rom.
766 1890 864 1958 xi).
888 1887 1081 1959 Negat,
1110 1890 1305 1946 iterum
1334 1892 1625 1947 exaltatum
1657 1894 1890 1948 animam
1932 1894 1999 1950 ad
2025 1894 2140 1949 eul-

553 1996 679 2035 men
702 1979 987 2050 superbiae,
1014 1980 1107 2035 sed
1141 1998 1246 2036 non
1274 1993 1432 2054 negat
1459 1984 1722 2040 elevatam
1754 1986 1821 2040 ad
1870 1987 2135 2056 praedica-

554 2072 732 2126 tiones
787 2069 1016 2126 divinas.
1048 2070 1104 2125 In
1151 2073 1253 2129 illis
1283 2074 1426 2129 enim
1483 2075 1645 2129 rebus
1696 2076 1931 2129 animam
1957 2075 2137 2133 levare

551 2162 636 2218 fas
657 2172 739 2218 est
764 2164 905 2220 unde
933 2164 1136 2222 caelesti
1173 2182 1311 2235 pane
1339 2175 1622 2236 pascatur:
1656 2168 1706 2222 in
1741 2168 1846 2223 illis
1891 2170 2137 2238 superbis

552 2255 1007 2326 exquisitionihus
1029 2273 1133 2312 non
1164 2257 1308 2321 licet,
1340 2257 1430 2312 ubi
1462 2273 1610 2313 mors
1641 2260 1929 2328 reperitur.

508 2444 511 2445 ν
549 2366 587 2423 ι
694 2369 845 2425 Sicut
868 2370 1160 2427 ablactatus
1188 2382 1260 2426 est
1287 2389 1445 2441 supra
1474 2383 1641 2427 matre
1662 2386 1791 2427 sua:

691 2457 779 2514 Ita
802 2460 1070 2515 retributio
1093 2461 1149 2525 in
1183 2462 1360 2515 anima
1391 2477 1528 2515 mea.

619 2571 663 2626 C
687 2572 955 2628 Ablactati
984 2573 1238 2628 dicuntur
1264 2575 1354 2643 qui
1389 2583 1516 2628 sunt
1545 2591 1574 2628 a
1598 2575 1738 2630 lacte
1767 2577 2044 2646 prohibiti.
2071 2578 2137 2633 Et

553 2663 750 2718 merito
777 2663 901 2717 talis
928 2672 1008 2717 est
1039 2664 1181 2719 facta
1199 2667 1553 2733 comparatio,
1584 2667 1709 2734 quia
1740 2666 1877 2721 sicut
1905 2665 2139 2724 infantes

549 2754 718 2809 ul.era
741 2763 982 2807 materna
1010 2764 1229 2824 sugunt,
1253 2755 1324 2809 ita
1354 2755 1537 2810 ﬁdeles
1558 2755 1762 2825 parvuli
1791 2756 2136 2825 simplicitate

554 2846 848 2916 Scriptura:
873 2847 1066 2901 divina:
1089 2848 1421 2912 nutriuntur,
1480 2848 1650 2902 donec
1672 2858 2041 2916 prmparentur
2067 2848 2135 2903 ad

553 2937 785 2993 solidum
817 2938 1018 2992 cibum.
1046 2938 1143 2992 Est
1165 2939 1297 2992 ordo
1329 2948 1508 2992 autem
1558 2939 1846 2993 verborum
1898 2940 2038 3004 talis,
2087 2941 2132 2995 si

551 3044 660 3085 non
684 3030 961 3083 humiliter
988 3031 1305 3093 sentiebam,
1335 3030 1475 3085 sicut
1498 3030 1798 3085 ablactatus
1827 3032 1927 3085 sub
1957 3041 2127 3087 matre

2382 378 2646 434 Memento
2675 380 2914 446 Domine,
2940 380 3107 436 David
3132 397 3155 436 :

2384 469 2451 522 Et
2480 472 2646 525 omnis
2674 472 3089 526 mansuetudinis
3109 473 3244 542 ejus.

2312 564 2354 621 C
2376 564 2644 621 Memento
2666 568 2810 621 enim
2845 567 2920 621 illi
2950 568 3150 621 dicitur
3173 570 3241 622 ex
3267 568 3506 622 humano
3527 582 3699 634 more,
3729 570 3821 639 qui

2237 654 2375 709 nihil
2403 655 2690 725 aliquando
2715 657 2887 726 potuit
2906 655 3172 720 oblivisci,
3194 656 3279 711 cui
3301 671 3462 711 omne
3486 657 3822 724 praeteritum

2236 754 2292 799 et
2318 743 2551 799 futurum
2573 761 2810 817 praesens
2831 754 2933 801 est.
2957 745 3049 801 ille
3071 754 3251 800 autem
3273 746 3442 800 David
3470 761 3637 799 manu
3666 745 3821 801 fortis

2237 840 2293 889 et
2317 832 2689 888 desiderabilis
2707 842 2792 888 est
2811 833 3070 888 Dominus
3089 832 3356 888 Christus.
3381 832 3447 887 Et
3469 832 3652 887 omnis
3672 848 3823 888 man-

2238 921 2537 977 suetudinis
2571 923 2688 993 ejus
2712 941 2728 978 :
2757 938 2854 995 per
2881 923 3028 994 quod
3052 922 3224 979 virtus
3246 922 3524 979 immensa:
3548 923 3823 994 patientia

2236 1011 2355 1081 ejus
2383 1014 2711 1069 ostenditur.

2235 1104 2272 1159 2
2380 1105 2524 1161 Sicut
2546 1106 2747 1176 juravit
2772 1107 2995 1162 Domino
3019 1121 3040 1161 :

2385 1195 2573 1251 Volunt
2598 1199 2730 1253 vovit
2759 1198 2870 1252 Deo
2895 1197 3088 1253 Iacob.

2315 1284 2357 1340 C
2385 1285 2594 1342 Juravit
2625 1289 2881 1344 Dominus
2905 1330 2920 1354 ,
2965 1290 3175 1345 scilicet
3198 1287 3469 1355 Christus,
3495 1288 3550 1344 id
3577 1286 3823 1355 est,jure

2236 1376 2414 1431 oravit
2455 1377 2751 1431 secundum
2803 1378 3181 1450 etymologiam
3219 1394 3251 1433 ε·
3279 1378 3382 1435 hoc
3426 1387 3512 1433 est
3556 1379 3822 1432 veraciter

2239 1467 2504 1536 lirmeque
2551 1468 2819 1537 promisit,
2852 1470 3102 1537 promisit
3146 1485 3277 1524 vero
3306 1485 3365 1524 se
3410 1469 3820 1539 redempturam

2237 1556 2531 1611 humanum
2559 1573 2747 1628 genus.
2777 1558 2923 1627 Quos
2958 1561 3217 1626 ostendit,
3247 1561 3464 1631 quando
3494 1559 3665 1614 Petro
3692 1559 3767 1613 ait
3801 1576 3818 1613 :

2239 1646 2387 1703 Mitte
2416 1647 2651 1719 gladium
2677 1658 2825 1704 tuum
2858 1650 2911 1704 in
2960 1649 3135 1706 locum
3180 1666 3357 1706 suum.
3394 1650 3635 1706 Calicem
3663 1666 3819 1720 quem

2163 1747 2208 1807 Β
2237 1738 2382 1793 dedit
2416 1739 2547 1793 mihi
2575 1738 2751 1806 Pater,
2780 1756 2886 1795 non
2918 1741 3094 1795 bibam
3122 1742 3307 1795 illum?
3329 1740 3515 1809 (Joan.
3548 1742 3731 1811 svnt.)
3758 1741 3821 1795 Et

2237 1826 2339 1882 hoc
2390 1827 2529 1881 idem
2585 1828 2729 1898 quod
2775 1828 3070 1897 promisit,
3104 1828 3304 1883 dicitur
3349 1831 3604 1884 vovisse:
3639 1839 3818 1883 votum

2236 1916 2419 1985 itaque
2446 1916 2565 1971 Filli
2593 1916 2717 1982 fuit,
2741 1925 2799 1970 ut
2822 1933 2920 1988 per
2960 1918 3246 1972 adventum
3280 1919 3678 1974 incarnationis
3708 1919 3820 1987 ejus

2236 2006 2616 2062 reconciliaret
2663 2006 2812 2062 Patri
2864 2023 3034 2078 genus
3075 2009 3419 2064 humanum:
3477 2017 3584 2065 hoc
3637 2020 3819 2065 tamen

2234 2107 2419 2151 votum
2451 2113 2558 2152 non
2603 2107 2690 2152 est
2731 2114 2763 2152 a
2808 2099 2969 2154 Patre
3014 2109 3068 2157 et
3097 2099 3298 2170 Spiritu
3333 2110 3523 2155 sancto
3565 2102 3821 2167 divisum,

2234 2187 2360 2257 quia
2391 2202 2578 2242 eorum
2605 2188 2707 2244 hoc
2737 2205 2900 2243 unum
2922 2198 3008 2245 est
3036 2200 3245 2246 votum.

2232 2275 2269 2334 5
2376 2277 2436 2333 Si
2461 2280 2711 2335 introiero
2737 2282 2790 2335 in
2815 2281 3211 2337 tabernaculum
3234 2284 3423 2339 domus
3457 2301 3603 2340 mece-

2378 2371 2442 2427 Si
2479 2374 2758 2427 ascendero
2782 2375 2835 2429 in
2860 2374 3047 2429 lectum
3075 2377 3228 2431 strati
3257 2378 3375 2431 mei.

2306 2461 2348 2518 C
2376 2461 2960 2521 Tabernaculumalicit
2990 2465 3264 2521 caelestem
3289 2467 3701 2533 habitationem,
3724 2471 3818 2525 ubi

2234 2562 2354 2623 post
2382 2556 2833 2609 resurrectionem
2865 2566 3140 2625 assumpta
3172 2572 3336 2611 carne
3356 2557 3671 2613 videntibus
3695 2575 3825 2629 apo-

2236 2643 2390 2699 stolis
2422 2644 2686 2698 ascendit.
2736 2643 2937 2700 Lectus
2987 2646 3191 2715 ipsius,
3234 2656 3317 2702 est
3361 2648 3582 2716 requies
3627 2649 3821 2704 intelli-

2234 2737 2430 2807 genda,
2453 2736 2780 2791 beatissima:
2802 2778 2817 2802 ,
2848 2737 3055 2793 scilicet
3084 2740 3351 2809 passionis
3375 2743 3773 2795 consummatio
3796 2760 3818 2796 :

2234 2830 2360 2899 quia
2406 2839 2781 2883 consummata
2816 2830 3065 2899 passione
3109 2831 3326 2901 requies
3367 2841 3510 2885 erat.
3546 2830 3821 2885 Promitlit

2234 2922 2378 2976 enim
2427 2936 2486 2977 se
2512 2921 2765 2978 Christus
2795 2938 2903 2977 non
2949 2938 3302 2977 ascensurum
3346 2923 3398 2976 in
3438 2922 3642 2978 caelum
3667 2964 3684 2987 ,
3721 2938 3820 2978 nec

2235 3013 2383 3068 carni
2414 3028 2523 3067 sua:
2554 3013 2792 3082 requiem
2821 3013 2967 3068 illam
2998 3013 3250 3069 daturum
3276 3054 3290 3079 ,
3320 3016 3495 3069 donec
3520 3029 3645 3085 qua:
3671 3013 3818 3069 Patri

552 3133 673 3183 sua,
703 3118 797 3174 sed
822 3119 1056 3174 exaltari
1095 3121 1328 3174 animam
1353 3135 1556 3174 meam:
1592 3129 1719 3176 tunc
1747 3122 1818 3175 ita
1845 3122 2130 3189 retribues,
2160 3105 2205 3167 C
2235 3104 2485 3175 Ρτοωίείι
2516 3103 2840 3174 impleverit-

551 3208 607 3263 id
639 3218 721 3264 est
745 3211 790 3265 si
819 3226 920 3283 ego
943 3222 994 3266 te
1019 3212 1333 3283 praesumpsi
1359 3220 1727 3281 contemnere,
1783 3222 1911 3270 tunc
1939 3214 2132 3271 merito

550 3301 782 3356 videatis
808 3318 893 3357 me
914 3303 1170 3373 ahjicere.

553 3409 590 3466 ὅ
701 3410 884 3480 Speret
914 3412 1086 3467 Israel
1106 3416 1160 3468 in
1187 3414 1443 3471 Domino:

694 3501 781 3557 Ea:
801 3503 898 3557 hoc
927 3520 1066 3557 nunc
1088 3514 1134 3558 et
1156 3522 1319 3577 usque
1338 3508 1393 3560 in
1431 3505 1703 3563 steculum.

624 3615 667 3671 C
690 3616 857 3673 Docet
879 3620 1139 3689 propheta
1169 3637 1605 3692 unumquemque
1636 3621 1890 3687 fidelium,
1920 3629 1978 3678 ut
1998 3638 2130 3678 con-

549 3707 829 3764 ﬁdentiam
873 3726 1024 3765 suam
1073 3727 1288 3782 semper
1330 3714 1382 3767 in
1430 3713 1715 3769 Dominum
1766 3723 1950 3784 ponat,
2000 3714 2134 3770 dicit

549 3799 717 3864 enim,
744 3815 808 3854 ex
840 3810 941 3855 hoc
968 3817 1131 3867 nunc,
1170 3803 1223 3856 id
1250 3812 1352 3867 est,
1382 3806 1676 3872 aprmscnti
1705 3814 1943 3874 tempore
1964 3820 2133 3876 usque

551 3890 619 3943 ad
643 3891 1000 3945 atternitatem
1030 3892 1295 3948 futuram:
1321 3908 1442 3948 cum
1467 3906 1629 3950 unum
1667 3896 1920 3950 smeulum
1943 3898 2047 3952 erit
2076 3905 2132 3952 et

546 3981 864 4037 vicissitudo
897 3991 1194 4054 temporum
1222 3985 1275 4039 in
1306 3986 1567 4040 unitatem
1593 3995 1905 4057 perpetuam
1952 3995 2131 4042 muta-

547 4070 715 4126 bitur.

1008 4179 1204 4221 ORATIO
1242 4182 1312 4221 EX
1348 4182 1496 4221 PSAL.
1537 4181 1697 4222 CXXX.

619 4277 698 4332 Ne
726 4280 1011 4349 permittas
1039 4296 1138 4336 nos
1158 4281 1379 4336 exaltari
1413 4282 1463 4336 in
1488 4280 1756 4352 superbiis
1777 4281 1984 4347 saeculi,
2006 4296 2127 4345 om-

548 4368 799 4436 nipotens
819 4368 1015 4424 Pater:
1051 4369 1145 4424 sed
1171 4371 1263 4440 qui
1318 4371 1463 4426 mitis
1508 4387 1567 4425 es
1620 4380 1675 4426 et
1720 4370 1940 4426 humilis
1965 4373 2129 4426 corde

2232 3217 2265 3274 Α
2378 3218 2438 3273 Si
2462 3218 2652 3272 dedero
2679 3233 2917 3271 somnum
2946 3216 3110 3271 oculis
3136 3219 3264 3270 meis
3287 3231 3310 3270 :

2377 3304 2442 3360 Et
2468 3306 2725 3378 palpebris
2754 3308 2882 3360 meis
2911 3307 3351 3362 dormitalionent.

2303 3397 2346 3455 C
2390 3398 2627 3455 Somnus
2657 3399 2757 3454 iste
2787 3398 3163 3469 intelligendus
3206 3408 3291 3452 est
3338 3399 3554 3468 requies
3586 3400 3815 3453 mortis:

2231 3489 2359 3558 quia
2388 3487 2637 3542 triduana
2672 3496 2877 3542 tantum
2914 3486 3231 3557 pausitione
3276 3494 3567 3556 susceptus
3612 3497 3735 3549 est,
3764 3494 3817 3539 et

2232 3581 2433 3637 nullam
2460 3579 2677 3650 corpori
2724 3579 3132 3648 corruptionem
3182 3577 3364 3631 intulit
3415 3577 3510 3631 sed
3559 3578 3815 3646 quietem.

2231 3668 2510 3739 Palpebrae
2547 3685 2576 3723 a
2618 3668 2883 3738 palpando
2910 3669 3067 3721 dicta:
3108 3676 3233 3721 sunt
3266 3685 3278 3720 :
3308 3682 3430 3736 qua:
3458 3667 3564 3721 nisi
3595 3660 3817 3720 tremula

2232 3762 2466 3832 quadam
2498 3761 2817 3816 remissione
2863 3759 3189 3829 quieverint,
3228 3774 3450 3813 somnus
3496 3758 3689 3812 oculos
3716 3772 3815 3810 non

2230 3861 2408 3923 potest
2452 3851 2692 3906 introire.
2743 3850 2809 3904 Et
2837 3851 2976 3904 idem
3010 3849 3140 3903 aliis
3183 3850 3362 3902 verbis
3416 3851 3709 3917 repetitum
3737 3863 3816 3901 se-

2232 3942 2417 4011 quitur
2447 3958 2460 3994 :
2497 3942 2750 4011 quoniam
2786 3955 2971 3994 revera
3019 3947 3258 4008 tempora
3295 3938 3489 4006 capitis
3520 3939 3697 3992 nostri
3730 3952 3809 3990 re-

2231 4034 2409 4103 quiem
2443 4033 2642 4087 habere
2691 4048 2797 4086 non
2844 4041 3107 4101 possunt,
3157 4029 3373 4099 quando
3405 4029 3555 4084 oculi
3606 4029 3814 4084 crebris

2232 4123 2466 4178 motibus
2489 4123 2671 4192 agitati
2702 4122 2927 4190 vigilare
2965 4128 3281 4174 noscuntur.

2240 4214 2275 4270 5
2350 4229 2414 4270 σει
2445 4212 2511 4266 Et
2531 4229 2755 4284 requiem
2790 4211 3103 4282 temporibus
3132 4211 3258 4265 meis
3291 4208 3308 4279 ξ
3342 4210 3547 4263 :donec
3561 4211 3815 4264 inreniam

2440 4303 2613 4357 locum
2648 4302 2874 4356 Domino

2375 4390 2789 4445 Tabernaculum
2816 4390 2922 4442 Deo
2950 4388 3127 4448 Jawb.

546 4457 770 4531 (Matth.
799 4458 899 4527 χι),
930 4468 1083 4528 pater
1138 4460 1388 4531 [pariter]
1416 4461 1548 4515 doce
1576 4476 1673 4515 nos
1703 4461 1996 4515 humilibus
2032 4462 2128 4516 tibi

2302 4482 2349 4537 Η
2382 4483 2489 4538 Nec
2519 4484 2758 4552 requiem
2786 4497 2845 4536 se
2871 4482 3201 4551 temporibus
3244 4481 3458 4536 dedisse
3506 4481 3814 4549 proﬁtetur,

547 4550 763 4622 placitis
787 4550 1114 4606 consentire.
1154 4552 1253 4618 Qui
1284 4553 1418 4607 vivis
1438 4562 1494 4606 et
1514 4569 1729 4623 regnas,
1763 4554 1925 4619 Deus,
1949 4563 2056 4610 etc.

1011 4662 1330 4719 PSALMUS
1365 4662 1601 4720 CXXXI.

963 4764 1325 4830 ancuuea'ruu
1366 4791 1513 4830 ιδεμ..
1555 4792 1737 4831 cxxxr.

619 4882 659 4940 C
690 4883 784 4939 llic
798 4884 1034 4954 psalmus
1056 4886 1444 4941 lncarnationis
1474 4885 1765 4946 Dominicaa
1789 4890 2125 4944 sacramenta

556 4973 843 5029 describit:
870 4975 1022 5045 cujus
1044 4977 1305 5031 adventus
1336 4975 1630 5031 Ecclesium
1678 4978 1984 5045 benedicat,
2037 4994 2125 5034 sa-

548 5068 794 5122 cerdotes
821 5069 1104 5139 gloriﬁcet,
1137 5070 1383 5125 inimicos
1406 5070 1726 5133 confundat,
1747 5079 1802 5125 et
1841 5086 2002 5140 super
2049 5071 2128 5141 ip-

548 5175 665 5216 sum
692 5163 975 5220 Dominum
1000 5165 1191 5239 ﬂoreat
1212 5166 1569 5222 sanctiﬁcatio
1590 5177 1794 5223 {eterna
1813 5168 2055 5237 iustitiae.

914 5278 1022 5334 TT.
1057 5279 1332 5335 Canticum
1361 5281 1640 5350 graduum.

2230 4574 2544 4644 priusquam
2574 4573 2627 4627 in
2672 4572 2889 4626 homine
2933 4572 3151 4641 dignum
3185 4570 3413 4625 Domino
3436 4571 3586 4625 Patri
3620 4570 3815 4635 locum,

2230 4665 2314 4720 vel
2343 4665 2594 4719 Ecclesia!
2630 4663 3104 4733 congregationem
3133 4672 3472 4717 construeret
3498 4677 3600 4716 sua
3646 4677 3818 4716 resur-

2231 4758 2491 4812 rectione.
2525 4756 2565 4810 C
2614 4754 2751 4821 Quia
2799 4755 2950 4809 locus
2976 4754 3091 4822 ejus
3137 4763 3223 4809 est
3270 4754 3682 4807 tabernaculum
3729 4767 3820 4822 pe-

2233 4849 2400 4903 ctoris
2434 4847 2725 4901 Christiani
2751 4886 2766 4912 ,
2814 4855 2868 4900 et
2897 4847 3034 4900 atria
3065 4846 3319 4901 Ecclesia:
3357 4845 3669 4910 catholicae,
3700 4859 3819 4913 quas

2230 4938 2320 4992 ille
2349 4946 2609 5006 tanquam
2657 4936 2852 4990 caelum
2901 4950 3114 5004 semper
3149 4934 3436 4989 inhabitat.
3470 4934 3538 4988 Et
3587 4934 3708 5003 ipse
3736 4934 3817 4987 in-

2229 5027 2398 5091 venit,
2429 5026 2521 5095 qui
2554 5026 2815 5091 quaesivit
2853 5040 3009 5079 ovem
3047 5025 3315 5095 perditam
3356 5041 3370 5077 :
3406 5024 3523 5092 ipse
3569 5024 3813 5094 reperit,

2234 5118 2325 5187 qui
2371 5116 2675 5170 construxit
2726 5115 3129 5170 tabernaculum
3174 5115 3279 5170 sibi
3324 5128 3389 5168 ex
3433 5114 3595 5168 nobis
3656 5121 3713 5167 et
3766 5114 3816 5167 in

2233 5207 2409 5263 nobis.

2230 5300 2266 5355 6
2374 5298 2509 5352 Ecce
2534 5297 2828 5351 audivimus
2852 5315 2967 5351 eam
2990 5299 3045 5351 in
3072 5296 3307 5366 Eplrrata
3326 5310 3358 5347 με
