3994 5370
551 349 657 404 183

555 462 625 517 19
700 458 948 513 Inimicos
974 455 1088 524 ejus
1117 451 1331 506 induam
1366 449 1702 519 confusione:

698 550 868 619 Super
886 548 1051 616 ipsum
1079 556 1252 598 autem
1276 543 1516 614 cﬂIorebit
1548 541 1892 611 sanctiﬁcatio
1917 556 2053 594 mea.

627 642 668 696 C
708 641 856 695 Sicut
903 637 1209 693 sacerdotes
1253 635 1345 689 Dei
1409 631 1970 693 induuntur,salutari
1998 670 2012 695 ,
2057 630 2130 684 ita

557 731 758 788 inimici
784 730 919 799 ejus,
945 729 1047 782 hoc
1071 736 1155 782 est
1182 725 1420 780 hmretici
1445 723 1526 778 vel
1553 722 1762 794 pagani,
1791 723 1872 775 vel
1903 721 2131 790 quicun-

557 840 662 896 que
682 831 869 879 contra
893 821 1008 890 ejus
1040 821 1283 874 instituta
1326 819 1595 878 vixerunt,
1629 815 1960 871 confusionis
1990 812 2134 866 vela-

560 917 708 972 mine
738 915 1061 976 vestiuntur,
1086 912 1297 979 quando
1329 911 1400 964 illi
1433 910 1656 963 audiunt
1686 927 1697 961 :
1730 907 1940 968 Venite,
1970 905 2136 959 bene-

560 1006 722 1071 dicti;
758 1005 843 1059 isti
869 1013 1049 1058 autem
1077 1020 1089 1055 :
1120 1003 1196 1055 Ite
1238 1001 1288 1054 in
1339 1000 1512 1069 ignem
1556 1007 1836 1051 internum.
1865 993 2137 1048 Elllorebit

563 1108 740 1152 autem
784 1097 937 1161 dixit,
972 1097 1038 1151 ad
1068 1095 1469 1165 exprimendam
1521 1091 1859 1145 sanctitatem
1891 1086 2138 1157 gloriosa:

563 1186 986 1250 incarnationis;
1019 1184 1198 1238 ﬂoruit
1221 1183 1362 1236 enim
1411 1182 1463 1235 in
1507 1181 1720 1235 Christo
1746 1189 1968 1248 paterna
1992 1191 2136 1230 sem-

562 1292 659 1346 per
707 1277 1082 1340 sanctiﬁcatio,
1132 1273 1390 1345 quidquid
1434 1272 1543 1342 egit
1587 1271 1674 1325 vel
1718 1269 1975 1340 quidquid
2021 1282 2141 1336 per-

569 1370 708 1424 tulit.

988 1474 1185 1512 οιιιτιθ
1223 1473 1292 1510 EI
1345 1471 1492 1510 PSAL.
1534 1468 1718 1509 CXXXI.

639 1571 696 1625 In
723 1571 867 1625 omni
901 1571 1144 1640 ingressu
1168 1578 1370 1631 nostro,
1392 1581 1598 1621 memor
1621 1573 1738 1618 esto
1762 1559 1950 1624 nostri,
1978 1559 2146 1613 omni-

572 1669 761 1732 potens
795 1662 952 1722 Dens,
987 1659 1144 1712 induc
1170 1673 1265 1712 nos
1292 1653 1856 1720 sacerdotalijustitia,
1883 1659 1940 1704 ut
1967 1647 2146 1704 induci

575 1764 878 1804 mereamur
904 1749 954 1801 in
989 1746 1332 1801 tabernacula
1358 1745 1700 1814 sempiterna.
1729 1741 1832 1796 Per
1865 1740 2145 1794 Dominum

572 1853 817 1898 nostrum
849 1842 1030 1897 Jcsum
1059 1841 1353 1904 Christum,
1384 1847 1490 1894 etc.

1055 1949 1377 2006 PSALMUS
1416 1947 1674 2004 CXXXII.

966 2076 1326 2118 AEGUMENTUII
1371 2074 1520 2113 PSAL.
1560 2071 1766 2112 CXXXII.

649 2178 689 2233 C
727 2175 854 2230 Post
899 2172 1252 2244 praecedentis
1301 2169 1488 2240 psalmi
1534 2164 1970 2239 gloriosissimam
2020 2176 2157 2233 prte-

578 2264 924 2326 dicationem,
957 2261 1222 2331 Propheta
1253 2260 1462 2313 beatam
1491 2256 1746 2326 praedicat
1787 2254 2068 2317 unitatem,
2099 2257 2158 2304 ut

579 2356 669 2426 qui
702 2370 760 2410 se
789 2351 1089 2408 Christiana
1120 2351 1374 2420 religione
1415 2349 1792 2418 censtringunt
1818 2346 1871 2400 in
1902 2359 2004 2398 una
2033 2343 2160 2398 cha-

585 2447 764 2503 ritatis
794 2443 1164 2500 convenientia
1195 2450 1557 2512 perseverent.

976 2532 1084 2587 TT.
1119 2532 1393 2587 Canticum
1425 2531 1704 2601 graduum.

583 2629 608 2684 1
690 2627 824 2681 Ecce
846 2641 1002 2696 quam
1026 2624 1212 2676 bonum
1239 2631 1284 2674 et
1312 2619 1780 2692 quamjucundum
1803 2633 1822 2672 .°

692 2717 953 2771 Habitare
983 2715 1170 2782 fratres
1204 2713 1256 2764 in
1288 2728 1470 2764 unum.

657 2808 702 2862 II
742 2807 839 2861 llic
863 2808 969 2860 duo
994 2805 1192 2873 posuit,
1236 2804 1454 2868 bonmn,
1494 2801 1700 2855 scilicet
1748 2808 1805 2853 et
1845 2799 2164 2870 jucuueum,

587 2907 662 2964 et,
691 2898 832 2968 quod
872 2896 972 2951 sibi
1010 2893 1293 2948 videbatur
1339 2907 1459 2946 esse
1507 2889 1862 2954 contrarium,
1897 2905 2002 2944 uno
2050 2903 2166 2942 ser-

588 3001 748 3043 mone
780 2984 1079 3053 conjunxit,
1113 2999 1233 3036 eum
1271 2981 1589 3051 martyrium
1629 2981 1698 3034 sit
1726 2979 1923 3033 bonum
1958 2993 2060 3031 non
2083 2977 2169 3047 ju-

589 3079 851 3142 cundum;
903 3075 1146 3144 voluptas
1193 3072 1428 3141 jucunda
1481 3088 1584 3125 non
1637 3071 1796 3125 bona.
1845 3069 1884 3124 C
1935 3069 2169 3124 Dicendo

590 3179 768 3223 autem
803 3167 1000 3220 fratres
1046 3165 1097 3218 in
1131 3179 1316 3227 unum,
1346 3161 1609 3232 signiﬁcat
1636 3177 1740 3214 non
1769 3159 2014 3213 carnales
2055 3157 2165 3211 fra-

591 3272 726 3324 tres,
755 3260 846 3313 sed
891 3273 984 3312 eos
1005 3256 1094 3326 qui
1129 3254 1248 3310 fidei
1297 3254 1554 3307 societate
1599 3251 1695 3307 sub
1725 3265 1830 3304 uno
1859 3258 2010 3319 patre
2046 3256 2172 3302 sunt

591 3351 894 3417 constituti,
929 3349 1123 3420 quibus
1150 3356 1233 3402 est
1265 3361 1360 3402 cor
1388 3361 1553 3400 unum
1591 3355 1645 3400 et
1683 3344 1861 3398 anima
1892 3356 1997 3395 una
2030 3339 2168 3412 (Act.

594 3445 690 3516 IV).

593 3537 630 3590 2
736 3536 885 3592 Sicut
913 3541 1229 3604 unguentum
1251 3531 1305 3584 in
1332 3530 1496 3598 capite
1517 3544 1536 3583 :

735 3628 888 3694 Quod
915 3624 1175 3680 descendit
1204 3625 1255 3676 in
1287 3623 1519 3686 barbam,
1551 3619 1762 3673 barbam
1789 3617 1984 3670 Aaron.

668 3720 1067 3789 CUnguentum
1099 3717 1150 3769 in
1176 3715 1371 3784 capite,
1419 3720 1500 3768 est
1543 3711 1777 3781 Spiritus
1815 3717 2052 3773 sanctus,
2083 3706 2174 3776 qui

599 3809 880 3866 descendit
905 3822 1064 3876 supra
1093 3804 1367 3860 Christum
1396 3803 1448 3857 in
1476 3803 1744 3872 baptismo
1787 3801 1838 3853 in
1876 3798 2055 3868 specie
2089 3810 2179 3850 co-

525 3909 528 3912 '
601 3900 795 3954 Iumbte
826 3896 1038 3968 (Matth.
1072 3897 1186 3964 in);
1214 3893 1303 3963 qui
1357 3901 1441 3948 est
1493 3900 1655 3962 caput
1700 3891 1941 3960 corporis
1990 3887 2179 3942 Eccle-

601 3995 716 4048 siae.
755 3991 906 4058 Quod
949 3988 1226 4045 descendit
1285 3987 1337 4040 in
1392 3986 1640 4050 barbam,
1672 3984 1722 4038 id
1765 3991 1847 4037 est
1874 3983 2013 4035 idem
2069 3981 2182 4049 ipse

603 4083 842 4153 Spiritus
899 4081 950 4134 in
994 4078 1290 4148 apostolos,
1331 4077 1422 4146 qui
1474 4076 1640 4131 barba
1681 4074 1819 4130 bene
1867 4072 1994 4127 dicti
2033 4079 2180 4134 sunt,

603 4171 853 4242 quoniam
907 4170 1136 4224 viriliter
1182 4168 1270 4222 [ixi
1321 4168 1422 4222 sub
1448 4168 1664 4223 Christo
1706 4181 1805 4220 suo
1835 4164 2008 4234 capite
2037 4162 2184 4218 velut

605 4265 770 4319 barba
794 4269 1159 4332 perseverant.
1177 4260 1391 4315 Addidit
1410 4260 1589 4313 Aaron
1612 4258 1701 4330 qui
1723 4257 1919 4312 Christi
1951 4254 2181 4325 speciem

608 4357 852 4426 gestabat
881 4356 932 4410 in
972 4370 1069 4411 suo
1105 4354 1424 4417 sacerdmio,
1457 4361 1516 4406 ut
1547 4368 1650 4405 non
1687 4351 2052 4420 cujuscunque
2086 4347 2184 4401 bo-

611 4447 775 4500 minis
798 4447 1046 4511 barbam,
1075 4445 1166 4500 sed
1196 4444 1394 4499 Christi
1421 4443 1769 4512 intelligercs.

610 4535 647 4591 5
761 4534 911 4602 Quod
941 4534 1198 4588 descendit
1223 4535 1277 4587 in
1300 4550 1392 4586 ora
1428 4533 1710 4586 vestimenti
1745 4530 1860 4601 ejus
1882 4544 1904 4581 :

757 4626 906 4680 Sicut
929 4642 1011 4678 ros
1037 4623 1285 4690 Hermon,
1307 4625 1394 4692 qui
1417 4625 1675 4679 descendit
1705 4625 1757 4676 in
1783 4632 2007 4677 montem
2036 4619 2183 4675 Sion.

685 4714 728 4772 C
761 4715 867 4770 Per
892 4730 1041 4771 oram
1071 4714 1373 4769 vestimenti
1424 4716 1516 4770 Dei
1566 4715 1895 4786 significatur
1925 4711 2184 4774 Ecclesia,

617 4808 672 4864 in
699 4808 849 4878 cujus
887 4823 982 4862 ora
1031 4806 1302 4862 descendit
1347 4807 1528 4862 unctio
1569 4807 1692 4868 ista,
1741 4805 1865 4873 quia
1915 4820 2084 4876 usque
2133 4805 2185 4859 in

619 4901 779 4956 finem
826 4898 1002 4954 saeculi
1049 4898 1324 4953 descendit
1367 4898 1600 4965 Spiritus
1628 4907 1847 4952 sanctus
1883 4912 2046 4968 super
2071 4913 2188 4952 eam

619 4990 672 5045 in
705 4989 990 5060 baptismo,
1019 5005 1220 5058 suaque
1251 4987 1595 5042 miseratione
1623 4987 1941 5042 sanctificat.
1976 4987 2021 5042 Ii
2056 4988 2193 5044 Iter-

620 5099 743 5118 mnn
798 5081 1077 5118 "nhrmnrn
1112 5095 1303 5118 nnmnn
1350 5087 1430 5118 uel

1485 5081 1681 5118 lnnnlic
1735 5079 1868 5118 nllrn
1906 5078 2190 5118 lnmlnnnln

1439 336 1496 392 s.
1537 331 1888 392 nauseans
1923 297 2465 389 ucamromusts
2501 326 2809 386 EPISCOPI

2211 4486 2264 4547 D

3696 323 3811 382 ιω

2148 447 2202 507 Α
2258 441 2292 496 4
2366 441 2625 510 Quoniam
2651 440 2760 496 illic
2786 438 3050 495 mandauit
3078 437 3334 496 Dentium
3357 436 3769 495 benedictionem
3791 455 3812 494 :

2379 546 2439 588 -t-
2470 530 2538 585 Et
2571 551 2586 588 :
2618 533 2774 586 vitam
2805 547 2965 601 usque
2994 531 3048 584 in
3073 529 3341 584 stt-culum.

2314 625 2351 681 C
2376 621 2507 687 Illic,
2552 622 2760 676 scilicet
2802 622 2852 675 in
2886 619 3035 684 Sion,
3082 619 3135 674 id
3182 628 3266 674 est
3309 619 3362 672 in
3395 616 3661 680 Ecclesia,
3689 635 3818 689 qua

2233 709 2464 766 fratrum
2511 712 2833 766 adunatione
2877 709 3138 765 consistit.
3178 709 3447 764 Mandavit
3481 709 3817 764 benedictio-

2237 819 2387 868 nem,
2420 803 2519 858 hoc
2549 811 2632 858 est
2671 803 2816 857 misit
2849 801 3204 863 Salvatorcm,
3233 801 3323 870 qui
3362 800 3698 856 credentium
3734 807 3822 854 est

2234 895 2344 948 vita
2376 904 2430 949 et
2453 894 2715 948 beatitudo
2742 902 3016 963 perpetua.
3042 891 3082 946 C
3119 890 3296 956 Nulla,
3324 906 3428 946 non
3462 889 3823 945 discordanti-

2235 986 2336 1041 bus
2367 987 2666 1042 benedictio
2715 995 3020 1056 praastatur.
3069 985 3184 1040 Illic
3229 999 3358 1056 ergo
3400 985 3493 1040 ubi
3531 981 3822 1039 concordia

2237 1089 2322 1134 est
2351 1079 2658 1135 benedictio
2682 1080 2776 1134 Dei
2813 1077 3119 1133 mandatur.

2660 1205 2860 1246 οιιΑτιο
2893 1204 2964 1244 EX
3003 1204 3150 1244 PSAL.
3190 1202 3396 1244 ειιιιι.

2314 1303 2557 1367 lnfunde.
2588 1304 2831 1369 Domine,
2869 1304 2921 1357 in
2961 1302 3256 1357 Ecclesium
3286 1311 3457 1365 tuam,
3501 1298 3826 1356 eharitatem

2243 1406 2440 1452 nostra:
2467 1395 2820 1450 fraternitatis
2850 1403 2904 1448 et
2927 1394 3099 1464 pacis,
3132 1402 3208 1456 ut,
3236 1406 3356 1446 rore
3379 1391 3642 1462 unguenti
3672 1389 3827 1460 spiri-

2247 1488 2369 1544 talis
2406 1488 2636 1558 aspcrsi,
2666 1487 3061 1541 benedictionis
3103 1495 3206 1539 tua:
3251 1484 3423 1555 gratia
3446 1482 3825 1552 jucundemur.

2247 1579 2350 1634 Per
2375 1579 2658 1633 Dominum
2684 1586 2925 1631 nostrum
2957 1576 3141 1632 Iesum
3169 1577 3469 1639 Christum,
3501 1583 3610 1630 etc.

2725 1688 3044 1745 PSALMUS
3081 1687 3359 1744 CXXXIII.

2651 1816 3013 1858 ABGUIENTUI
3045 1818 3193 1856 PSAL.
3221 1815 3449 1856 CXXXIII.

2320 1913 2360 1969 C
2394 1914 2523 1969 Post
2575 1922 2777 1969 mutua:
2827 1914 3130 1970 dilectionis
3181 1912 3407 1976 monita,
3443 1924 3592 1966 nunc
3639 1922 3832 1965 conse-

2251 2015 2480 2076 quenter
2510 2005 2701 2062 suadet
2733 2015 2789 2060 ut
2839 2005 2966 2060 felix
3013 2005 3269 2059 adunatio
3311 2004 3364 2058 in
3396 2003 3587 2057 laudes
3613 1999 3836 2070 Domini

2253 2097 2677 2168 flagrantissimo
2705 2096 2992 2151 charitatis
3021 2096 3203 2151 studio
3229 2095 3556 2151 concitetur.

2684 2185 2773 2241 TT
2813 2182 3087 2239 Canticum
3114 2186 3398 2255 graduum.

2294 2299 2319 2354 1
2397 2298 2532 2352 Ecce
2565 2313 2624 2354 -εν
2670 2314 2806 2351 nunc
2839 2296 2856 2367 ζ
2889 2297 3173 2350 benedicite
3202 2296 3464 2350 Domino:

2403 2385 2596 2444 Omnes
2629 2391 2760 2444 servi
2791 2389 3021 2443 Domini.

2329 2477 2370 2534 C
2409 2479 2568 2544 Ecce,
2607 2478 2811 2533 dictum
2844 2487 2948 2542 est,
2985 2485 3044 2531 ut
3082 2479 3242 2533 rebus
3273 2477 3438 2532 certis
3471 2483 3639 2546 atque
3665 2474 3842 2546 perfe-

2262 2570 2363 2627 ctis
2398 2585 2504 2624 non
2533 2569 2709 2625 solum
2737 2584 2941 2633 sermo,
2970 2569 3062 2622 sed
3089 2569 3252 2622 etiam
3286 2566 3597 2622 articularis
3625 2574 3846 2636 praesta-

2263 2673 2413 2719 retur
2459 2663 2719 2718 ostensio.
2773 2662 2902 2726 Sed,
2939 2677 3103 2726 nunc,
3155 2661 3358 2716 dictum
3406 2670 3512 2724 est,
3560 2659 3614 2714 id
3673 2668 3754 2714 est
3790 2658 3844 2713 in

2264 2764 2465 2810 mterna
2497 2755 2692 2824 patria,
2723 2753 2871 2824 quia,
2908 2761 2986 2808 tot
3011 2752 3268 2824 gradibus
3300 2751 3568 2816 ascensis,
3590 2749 3738 2805 solus
3759 2748 3843 2803 ille

2266 2847 2476 2901 laudari
2503 2847 2709 2913 debuit,
2737 2845 3059 2900 mirabiliter
3085 2845 3176 2916 qui
3209 2853 3357 2898 tanta
3382 2844 3673 2898 concessit.
3699 2841 3847 2895 Tunc

2267 2940 2412 2994 enim
2488 2939 2679 3010 majori
2753 2939 2932 2994 studio
2988 2939 3357 3008 praedicandus
3410 2946 3494 2992 est
3567 2935 3846 2998 Dominus,

2270 3035 2484 3102 quando
2517 3032 2643 3088 facit
2695 3049 2790 3088 sua
2845 3032 3096 3104 largitate
3147 3047 3387 3086 securos.
3419 3029 3542 3096 Vel,
3591 3045 3756 3092 nunc,
3798 3027 3849 3082 id

2195 3145 2240 3204 ρ
2271 3132 2374 3187 est,
2416 3124 2466 3178 in
2515 3125 2764 3193 pr.esenti
2796 3124 2926 3190 vita,
2977 3124 3067 3178 ubi
3117 3123 3450 3178 exercendus
3481 3130 3566 3177 est
3617 3121 3847 3186 animus,

2275 3223 2330 3268 ut
2369 3215 2419 3268 in
2472 3215 2652 3269 futuro
2687 3216 2904 3270 mternis
2944 3215 3192 3269 laudibus
3244 3223 3560 3284 occupetur.
3626 3212 3851 3268 Benedi-

2275 3308 2404 3371 cite,
2459 3308 2509 3361 id
2563 3317 2666 3374 est,
2708 3307 2942 3374 laudate,
2996 3307 3120 3377 quia
3157 3322 3253 3360 nos
3288 3305 3438 3359 illum
3484 3303 3851 3359 benedicendo

2274 3397 2576 3460 laudamus,
2616 3397 2707 3452 ille
2734 3413 2832 3452 nos
2859 3397 3233 3452 benedicendo
3263 3395 3586 3450 sanctificat.
3623 3394 3670 3448 II
3699 3393 3850 3450 Servi

2276 3487 2484 3540 Domini
2516 3497 2641 3542 sunt
2668 3488 2863 3558 quibus
2892 3488 2969 3542 ira
2996 3503 3102 3540 non
3128 3486 3374 3556 imperat,
3406 3485 3606 3554 quibus
3633 3491 3851 3554 peccata

2274 3593 2381 3633 non
2408 3585 2652 3648 regnant,
2683 3578 2878 3648 quibus
2907 3593 3014 3632 non
3040 3576 3390 3631 dominantur
3415 3575 3567 3631 vitia.

2274 3688 2312 3744 2
2420 3691 2526 3756 Qui
2559 3692 2707 3745 statis
2737 3691 2790 3745 in
2817 3691 2969 3744 domo
2997 3690 3207 3743 Domini
3232 3705 3251 3742 :

2421 3782 2556 3838 -t—In
2585 3784 2736 3837 atriis
2771 3783 2956 3836 domus
2987 3781 3080 3835 Dei
3113 3781 3278 3835 nostri
3309 3778 3326 3848 ζ
3360 3817 3376 3834 .

2349 3874 2390 3931 C
2419 3874 2496 3928 Illi
2539 3875 2758 3929 stantin
2792 3875 2951 3928 domo
2993 3871 3220 3934 Domini,
3276 3885 3504 3941 quorum
3548 3868 3766 3923 animus
3805 3867 3852 3923 in

2283 3966 2541 4036 religione
2567 3967 2660 4020 Dei
2697 3965 2851 4019 firmo
2877 3963 3103 4034 vestigio
3148 3969 3483 4032 perseverat.
3511 3960 3748 4025 Atrium,
3777 3969 3854 4014 est

2284 4058 2558 4128 ingressus
2581 4056 2899 4130 ‘mansionis
2931 4053 3241 4125 significans
3277 4066 3370 4107 eos
3410 4052 3500 4121 qui
3547 4057 3854 4106 meruerunt

2284 4164 2425 4214 esse,
2477 4149 2550 4203 vel
2581 4149 2633 4203 in
2669 4147 3038 4218 penetralibus,
3067 4147 3176 4216 jam
3214 4153 3339 4198 sunt
3395 4143 3477 4198 vel
3512 4143 3565 4198 in
3614 4143 3852 4215 ingressu

2285 4249 2486 4296 sancta:
2529 4238 2624 4292 Dei
2672 4236 2924 4291 Ecclesize
2974 4236 3066 4290 Dei
3106 4235 3296 4299 nostri,
3328 4236 3381 4290 id
3423 4241 3528 4297 est,
3562 4250 3670 4288 non
3705 4244 3855 4304 quem

2287 4331 2562 4402 gentilitas
2591 4328 2743 4393 colit,
2773 4328 2866 4382 sed
2890 4342 3050 4395 quem
3079 4343 3208 4383 vera
3234 4327 3419 4397 religio
3445 4325 3759 4382 conﬁtetur.

2287 4446 2322 4502 5
2400 4427 2495 4499 ’1η
2526 4443 2758 4498 noctibus
2785 4441 3014 4498 extollite
3043 4459 3229 4497 manus
3248 4452 3442 4496 vestras
3468 4441 3522 4494 in
3549 4450 3736 4495 sancta
3766 4442 3801 4492 τ’

2436 4535 2496 4589 Et
2523 4535 2803 4589 benedicite
2832 4532 3075 4588 Domino.

2360 4625 2401 4682 C
2439 4626 2496 4680 In
2533 4627 2782 4680 noctibus
2826 4623 3096 4693 significat
3136 4623 3426 4677 terminum
3473 4621 3634 4677 istius
3661 4620 3859 4683 mundi.

2292 4729 2503 4790 tempus
2534 4718 2676 4788 quod
2709 4733 2924 4786 semper
2948 4716 3383 4770 tribulationibus
3413 4715 3761 4770 obscuratur.
3792 4712 3861 4767 Ibi

2291 4811 2435 4866 enim
2465 4809 2703 4864 levantia:
2733 4817 2857 4863 sunt
2891 4821 3081 4860 manus
3113 4806 3205 4860 ubi
3245 4814 3479 4860 meretur
3509 4805 3653 4859 bona
3679 4817 3864 4874 opera-

2295 4904 2372 4958 tio
2401 4901 2660 4956 auxilium
2693 4900 2923 4955 Domini.
2953 4897 3084 4953 Cum
3125 4897 3284 4960 dicit,
3326 4895 3584 4960 extollite,
3633 4896 3739 4952 hoc
3789 4904 3866 4952 est

2298 4991 2518 5047 uberius
2555 4992 2950 5061 elcemosynam
2980 4997 3033 5042 et
3059 4989 3195 5042 bona
3231 5003 3389 5056 opera
3417 4986 3601 5042 facite.
3651 4987 3864 5043 Addidit

2296 5097 2426 5118 vnrn

2478 5081 2528 5118 in
2559 5088 2740 5118 cant-tu
2795 5079 2992 5118 cnilinnt
3027 5077 3260 5118 lt‘nnlncia
3315 5076 3392 5118 υσιΙ
3427 5076 3478 5118 ἰη
3519 5085 3716 5118 ςςιηρίη
3768 5077 3864 5118 eri.
