  <div class='ocr_page' id='page_1' title='image "/cluster/home/n/w/nwhite01/storage/ocr_20150623/142/hvd.32044015471808/248.png"; bbox 0 0 3994 5370; ppageno 0'>
   <div class='ocr_carea' id='block_1_1' title="bbox 188 294 3443 376">
    <p class='ocr_par' dir='ltr' id='par_1_1' title="bbox 188 294 3443 376">
     <span class='ocr_line' id='line_1_1' title="bbox 188 294 3443 376; baseline 0.01 -36"><span class='ocrx_word' id='word_1_1' title='bbox 188 296 300 354; x_wconf 65' lang='grc' dir='ltr'><strong>ιω</strong></span> <span class='ocrx_word' id='word_1_2' title='bbox 1369 294 1727 354; x_wconf 68' lang='grc' dir='ltr'><strong>ειροειτιο</strong></span> <span class='ocrx_word' id='word_1_3' title='bbox 1765 296 2208 359; x_wconf 71' lang='grc' dir='ltr'><strong>ι’δΑιΜοειυΜ.</strong></span> <span class='ocrx_word' id='word_1_4' title='bbox 2489 303 2502 310; x_wconf 84' lang='grc'><strong>’</strong></span> <span class='ocrx_word' id='word_1_5' title='bbox 3337 316 3443 376; x_wconf 74' lang='grc' dir='ltr'><strong>ιὸϐ</strong></span> 
     </span>
    </p>
   </div>
   <div class='ocr_carea' id='block_1_2' title="bbox 192 409 3449 496">
    <p class='ocr_par' dir='ltr' id='par_1_2' title="bbox 192 409 3449 496">
     <span class='ocr_line' id='line_1_2' title="bbox 192 409 3449 496; baseline 0.007 -30"><span class='ocrx_word' id='word_1_6' title='bbox 192 412 228 466; x_wconf 75' lang='grc' dir='ltr'>ι</span> <span class='ocrx_word' id='word_1_7' title='bbox 346 411 626 467; x_wconf 80' lang='lat' dir='ltr'><strong>Benedicat</strong></span> <span class='ocrx_word' id='word_1_8' title='bbox 655 419 704 466; x_wconf 88' lang='lat' dir='ltr'><strong>te</strong></span> <span class='ocrx_word' id='word_1_9' title='bbox 732 409 987 468; x_wconf 81' lang='lat' dir='ltr'><strong>Dominus</strong></span> <span class='ocrx_word' id='word_1_10' title='bbox 1021 428 1085 466; x_wconf 69' lang='lat' dir='ltr'><strong>ex</strong></span> <span class='ocrx_word' id='word_1_11' title='bbox 1106 409 1232 467; x_wconf 82' lang='lat' dir='ltr'><strong>Sion</strong></span> <span class='ocrx_word' id='word_1_12' title='bbox 1257 427 1276 467; x_wconf 92' lang='lat'><strong><em>:</em></strong></span> <span class='ocrx_word' id='word_1_13' title='bbox 1805 413 1856 472; x_wconf 73' lang='grc' dir='ltr'><strong>Α</strong></span> <span class='ocrx_word' id='word_1_14' title='bbox 1882 412 1916 466; x_wconf 82' lang='grc'>5</span> <span class='ocrx_word' id='word_1_15' title='bbox 2020 414 2280 480; x_wconf 76' lang='lat' dir='ltr'><strong>Quoniam</strong></span> <span class='ocrx_word' id='word_1_16' title='bbox 2306 434 2398 488; x_wconf 86' lang='lat' dir='ltr'><strong>ego</strong></span> <span class='ocrx_word' id='word_1_17' title='bbox 2426 422 2636 490; x_wconf 76' lang='lat' dir='ltr'><strong>cognovi</strong></span> <span class='ocrx_word' id='word_1_18' title='bbox 2656 425 2796 492; x_wconf 82' lang='lat' dir='ltr'><strong>quod</strong></span> <span class='ocrx_word' id='word_1_19' title='bbox 2819 441 3040 494; x_wconf 83' lang='lat' dir='ltr'><strong>magnus</strong></span> <span class='ocrx_word' id='word_1_20' title='bbox 3065 439 3140 484; x_wconf 88' lang='lat' dir='ltr'><strong>est</strong></span> <span class='ocrx_word' id='word_1_21' title='bbox 3167 427 3449 496; x_wconf 84' lang='lat' dir='ltr'><strong>Dominus.</strong></span> 
     </span>
    </p>
   </div>
   <div class='ocr_carea' id='block_1_3' title="bbox 336 501 2973 582">
    <p class='ocr_par' dir='ltr' id='par_1_3' title="bbox 336 501 2973 582">
     <span class='ocr_line' id='line_1_3' title="bbox 336 501 2973 582; baseline 0.006 -26"><span class='ocrx_word' id='word_1_22' title='bbox 336 503 444 568; x_wconf 85' lang='lat' dir='ltr'><strong>Qui</strong></span> <span class='ocrx_word' id='word_1_23' title='bbox 471 503 589 572; x_wconf 81' lang='lat' dir='ltr'><strong>fecit</strong></span> <span class='ocrx_word' id='word_1_24' title='bbox 616 501 798 555; x_wconf 71' lang='lat' dir='ltr'><strong>caelum</strong></span> <span class='ocrx_word' id='word_1_25' title='bbox 826 511 874 556; x_wconf 86' lang='lat' dir='ltr'><strong>et</strong></span> <span class='ocrx_word' id='word_1_26' title='bbox 905 512 1118 557; x_wconf 90' lang='lat' dir='ltr'><strong>terram.</strong></span> <span class='ocrx_word' id='word_1_27' title='bbox 2011 503 2077 557; x_wconf 80' lang='lat' dir='ltr'><strong>Et</strong></span> <span class='ocrx_word' id='word_1_28' title='bbox 2102 505 2242 562; x_wconf 84' lang='lat' dir='ltr'><strong>Deus</strong></span> <span class='ocrx_word' id='word_1_29' title='bbox 2266 522 2441 564; x_wconf 87' lang='lat' dir='ltr'><strong>nos.&#39;er</strong></span> <span class='ocrx_word' id='word_1_30' title='bbox 2460 530 2568 582; x_wconf 79' lang='lat' dir='ltr'><strong>pra:</strong></span> <span class='ocrx_word' id='word_1_31' title='bbox 2588 516 2825 569; x_wconf 84' lang='lat' dir='ltr'><strong>omnibus</strong></span> <span class='ocrx_word' id='word_1_32' title='bbox 2850 518 2973 574; x_wconf 81' lang='lat' dir='ltr'><strong>diis.</strong></span> 
     </span>
    </p>
   </div>
   <div class='ocr_carea' id='block_1_4' title="bbox 264 591 1762 666">
    <p class='ocr_par' dir='ltr' id='par_1_4' title="bbox 264 591 1762 666">
     <span class='ocr_line' id='line_1_4' title="bbox 264 591 1762 666; baseline 0.003 -20"><span class='ocrx_word' id='word_1_33' title='bbox 264 592 311 646; x_wconf 79' lang='grc' dir='ltr'><strong>η</strong></span> <span class='ocrx_word' id='word_1_34' title='bbox 365 593 531 648; x_wconf 85' lang='lat' dir='ltr'><strong>Istum</strong></span> <span class='ocrx_word' id='word_1_35' title='bbox 593 591 914 646; x_wconf 73' lang='lat' dir='ltr'><strong>versiculum</strong></span> <span class='ocrx_word' id='word_1_36' title='bbox 964 591 1199 662; x_wconf 72' lang='lat' dir='ltr'><strong>Spiritus</strong></span> <span class='ocrx_word' id='word_1_37' title='bbox 1238 604 1456 650; x_wconf 90' lang='lat' dir='ltr'><strong>sanctus</strong></span> <span class='ocrx_word' id='word_1_38' title='bbox 1503 595 1762 666; x_wconf 91' lang='lat' dir='ltr'><strong>loquitur,</strong></span> 
     </span>
    </p>
   </div>
   <div class='ocr_carea' id='block_1_5' title="bbox 188 683 1761 756">
    <p class='ocr_par' dir='ltr' id='par_1_5' title="bbox 188 683 1761 756">
     <span class='ocr_line' id='line_1_5' title="bbox 188 683 1761 756; baseline 0.004 -16"><span class='ocrx_word' id='word_1_39' title='bbox 188 685 305 740; x_wconf 87' lang='lat' dir='ltr'><strong>sive</strong></span> <span class='ocrx_word' id='word_1_40' title='bbox 333 683 624 753; x_wconf 80' lang='lat' dir='ltr'><strong>PrOpheta,</strong></span> <span class='ocrx_word' id='word_1_41' title='bbox 659 684 726 737; x_wconf 88' lang='lat' dir='ltr'><strong>ad</strong></span> <span class='ocrx_word' id='word_1_42' title='bbox 758 683 926 747; x_wconf 90' lang='lat' dir='ltr'><strong>illum,</strong></span> <span class='ocrx_word' id='word_1_43' title='bbox 961 686 1051 755; x_wconf 92' lang='lat' dir='ltr'><strong>qui</strong></span> <span class='ocrx_word' id='word_1_44' title='bbox 1081 701 1176 755; x_wconf 89' lang='lat' dir='ltr'><strong>per</strong></span> <span class='ocrx_word' id='word_1_45' title='bbox 1218 687 1524 756; x_wconf 85' lang='lat' dir='ltr'><strong>quindecim</strong></span> <span class='ocrx_word' id='word_1_46' title='bbox 1562 691 1761 756; x_wconf 86' lang='lat' dir='ltr'><strong>gradus</strong></span> 
     </span>
    </p>
   </div>
   <div class='ocr_carea' id='block_1_6' title="bbox 188 775 1756 847">
    <p class='ocr_par' dir='ltr' id='par_1_6' title="bbox 188 775 1756 847">
     <span class='ocr_line' id='line_1_6' title="bbox 188 775 1756 847; baseline 0.004 -18"><span class='ocrx_word' id='word_1_47' title='bbox 188 775 434 830; x_wconf 73' lang='lat' dir='ltr'><strong>ascendit</strong></span> <span class='ocrx_word' id='word_1_48' title='bbox 481 776 547 828; x_wconf 90' lang='lat' dir='ltr'><strong>ad</strong></span> <span class='ocrx_word' id='word_1_49' title='bbox 598 775 1044 840; x_wconf 88' lang='lat' dir='ltr'><strong>benedictionem.</strong></span> <span class='ocrx_word' id='word_1_50' title='bbox 1075 786 1130 831; x_wconf 93' lang='lat' dir='ltr'><strong>ut</strong></span> <span class='ocrx_word' id='word_1_51' title='bbox 1167 779 1387 847; x_wconf 73' lang='lat' dir='ltr'><strong>recipiat</strong></span> <span class='ocrx_word' id='word_1_52' title='bbox 1432 782 1756 836; x_wconf 78' lang='lat' dir='ltr'><strong>mercedem.</strong></span> 
     </span>
    </p>
   </div>
   <div class='ocr_carea' id='block_1_7' title="bbox 187 865 1760 936">
    <p class='ocr_par' dir='ltr' id='par_1_7' title="bbox 187 865 1760 936">
     <span class='ocr_line' id='line_1_7' title="bbox 187 865 1760 936; baseline 0.004 -18"><span class='ocrx_word' id='word_1_53' title='bbox 187 865 484 920; x_wconf 85' lang='lat' dir='ltr'><strong>Benedicat</strong></span> <span class='ocrx_word' id='word_1_54' title='bbox 514 875 566 920; x_wconf 92' lang='lat' dir='ltr'><strong>te</strong></span> <span class='ocrx_word' id='word_1_55' title='bbox 598 865 854 920; x_wconf 81' lang='lat' dir='ltr'><strong>Dominus</strong></span> <span class='ocrx_word' id='word_1_56' title='bbox 895 880 962 921; x_wconf 79' lang='lat' dir='ltr'><strong>ex</strong></span> <span class='ocrx_word' id='word_1_57' title='bbox 999 865 1153 932; x_wconf 89' lang='lat' dir='ltr'><strong>Sion,</strong></span> <span class='ocrx_word' id='word_1_58' title='bbox 1185 868 1276 936; x_wconf 89' lang='lat' dir='ltr'><strong>qui</strong></span> <span class='ocrx_word' id='word_1_59' title='bbox 1322 869 1453 924; x_wconf 79' lang='lat' dir='ltr'><strong>fecit</strong></span> <span class='ocrx_word' id='word_1_60' title='bbox 1482 869 1674 925; x_wconf 74' lang='lat' dir='ltr'><strong>coelum</strong></span> <span class='ocrx_word' id='word_1_61' title='bbox 1703 879 1760 925; x_wconf 89' lang='lat' dir='ltr'><strong>et</strong></span> 
     </span>
    </p>
   </div>
   <div class='ocr_carea' id='block_1_8' title="bbox 190 949 1758 1026">
    <p class='ocr_par' dir='ltr' id='par_1_8' title="bbox 190 949 1758 1026">
     <span class='ocr_line' id='line_1_8' title="bbox 190 949 1758 1026; baseline 0.004 -19"><span class='ocrx_word' id='word_1_62' title='bbox 190 964 414 1021; x_wconf 88' lang='lat' dir='ltr'><strong>terram,</strong></span> <span class='ocrx_word' id='word_1_63' title='bbox 449 954 518 1009; x_wconf 87' lang='lat' dir='ltr'><strong>ad</strong></span> <span class='ocrx_word' id='word_1_64' title='bbox 558 949 961 1010; x_wconf 86' lang='lat' dir='ltr'><strong>distinctionem</strong></span> <span class='ocrx_word' id='word_1_65' title='bbox 988 971 1176 1012; x_wconf 89' lang='lat' dir='ltr'><strong>eorum</strong></span> <span class='ocrx_word' id='word_1_66' title='bbox 1206 958 1356 1013; x_wconf 90' lang='lat' dir='ltr'><strong>dicit.</strong></span> <span class='ocrx_word' id='word_1_67' title='bbox 1407 958 1507 1026; x_wconf 86' lang='lat' dir='ltr'><strong>Qui</strong></span> <span class='ocrx_word' id='word_1_68' title='bbox 1539 969 1666 1015; x_wconf 90' lang='lat' dir='ltr'><strong>sunt</strong></span> <span class='ocrx_word' id='word_1_69' title='bbox 1683 959 1758 1014; x_wconf 89' lang='lat' dir='ltr'><strong>dii</strong></span> 
     </span>
    </p>
   </div>
   <div class='ocr_carea' id='block_1_9' title="bbox 189 1050 332 1105">
    <p class='ocr_par' dir='ltr' id='par_1_9' title="bbox 189 1050 332 1105">
     <span class='ocr_line' id='line_1_9' title="bbox 189 1050 332 1105; baseline 0.014 -2"><span class='ocrx_word' id='word_1_70' title='bbox 189 1050 332 1105; x_wconf 76' lang='lat' dir='ltr'><strong>falsi.</strong></span> 
     </span>
    </p>
   </div>
   <div class='ocr_carea' id='block_1_10' title="bbox 1934 633 3442 719">
    <p class='ocr_par' dir='ltr' id='par_1_10' title="bbox 1934 633 3442 719">
     <span class='ocr_line' id='line_1_10' title="bbox 1934 633 3442 719; baseline 0.015 -31"><span class='ocrx_word' id='word_1_71' title='bbox 1934 633 1973 689; x_wconf 90' lang='lat' dir='ltr'>C</span> <span class='ocrx_word' id='word_1_72' title='bbox 1998 634 2220 692; x_wconf 83' lang='lat' dir='ltr'><strong>Videbat</strong></span> <span class='ocrx_word' id='word_1_73' title='bbox 2239 639 2383 694; x_wconf 90' lang='lat' dir='ltr'><strong>enim</strong></span> <span class='ocrx_word' id='word_1_74' title='bbox 2409 642 2493 696; x_wconf 83' lang='lat' dir='ltr'><strong>vir</strong></span> <span class='ocrx_word' id='word_1_75' title='bbox 2513 647 2886 702; x_wconf 87' lang='lat' dir='ltr'><strong>sanctissimus</strong></span> <span class='ocrx_word' id='word_1_76' title='bbox 2912 649 3244 719; x_wconf 75' lang='lat' dir='ltr'><strong>maiestatem</strong></span> <span class='ocrx_word' id='word_1_77' title='bbox 3271 654 3442 716; x_wconf 82' lang='lat' dir='ltr'><strong>illam.</strong></span> 
     </span>
    </p>
   </div>
   <div class='ocr_carea' id='block_1_11' title="bbox 1863 726 3437 810">
    <p class='ocr_par' dir='ltr' id='par_1_11' title="bbox 1863 726 3437 810">
     <span class='ocr_line' id='line_1_11' title="bbox 1863 726 3437 810; baseline 0.015 -31"><span class='ocrx_word' id='word_1_78' title='bbox 1863 726 2188 792; x_wconf 83' lang='lat' dir='ltr'><strong>mirabilem.</strong></span> <span class='ocrx_word' id='word_1_79' title='bbox 2211 731 2500 786; x_wconf 83' lang='lat' dir='ltr'><strong>virtutibus</strong></span> <span class='ocrx_word' id='word_1_80' title='bbox 2520 735 2776 790; x_wconf 70' lang='lat' dir='ltr'><strong>caelorum</strong></span> <span class='ocrx_word' id='word_1_81' title='bbox 2806 739 3181 810; x_wconf 83' lang='lat' dir='ltr'><strong>imperantem,</strong></span> <span class='ocrx_word' id='word_1_82' title='bbox 3209 755 3262 799; x_wconf 88' lang='lat' dir='ltr'><strong>et</strong></span> <span class='ocrx_word' id='word_1_83' title='bbox 3292 745 3437 803; x_wconf 78' lang='lat' dir='ltr'><strong>illius</strong></span> 
     </span>
    </p>
   </div>
   <div class='ocr_carea' id='block_1_12' title="bbox 1861 818 3436 901">
    <p class='ocr_par' dir='ltr' id='par_1_12' title="bbox 1861 818 3436 901">
     <span class='ocr_line' id='line_1_12' title="bbox 1861 818 3436 901; baseline 0.014 -31"><span class='ocrx_word' id='word_1_84' title='bbox 1861 818 2284 887; x_wconf 80' lang='lat' dir='ltr'><strong>magnitudinem</strong></span> <span class='ocrx_word' id='word_1_85' title='bbox 2351 823 2622 880; x_wconf 84' lang='lat' dir='ltr'><strong>revelante</strong></span> <span class='ocrx_word' id='word_1_86' title='bbox 2671 828 2861 896; x_wconf 88' lang='lat' dir='ltr'><strong>spiritu</strong></span> <span class='ocrx_word' id='word_1_87' title='bbox 2927 835 3198 901; x_wconf 74' lang='lat' dir='ltr'><strong>cognovit,</strong></span> <span class='ocrx_word' id='word_1_88' title='bbox 3240 837 3436 891; x_wconf 87' lang='lat' dir='ltr'><strong>merito</strong></span> 
     </span>
    </p>
   </div>
   <div class='ocr_carea' id='block_1_13' title="bbox 1861 911 3432 997">
    <p class='ocr_par' dir='ltr' id='par_1_13' title="bbox 1861 911 3432 997">
     <span class='ocr_line' id='line_1_13' title="bbox 1861 911 3432 997; baseline 0.011 -35"><span class='ocrx_word' id='word_1_89' title='bbox 1861 923 1972 978; x_wconf 67' lang='lat' dir='ltr'><strong>prre</strong></span> <span class='ocrx_word' id='word_1_90' title='bbox 2015 911 2263 967; x_wconf 86' lang='lat' dir='ltr'><strong>omnibus</strong></span> <span class='ocrx_word' id='word_1_91' title='bbox 2311 915 2413 969; x_wconf 90' lang='lat' dir='ltr'><strong>diis</strong></span> <span class='ocrx_word' id='word_1_92' title='bbox 2460 931 2710 984; x_wconf 85' lang='lat' dir='ltr'><strong>magnum</strong></span> <span class='ocrx_word' id='word_1_93' title='bbox 2758 919 3040 977; x_wconf 89' lang='lat' dir='ltr'><strong>Dominum</strong></span> <span class='ocrx_word' id='word_1_94' title='bbox 3073 925 3225 992; x_wconf 79' lang='lat' dir='ltr'><strong>dixit,</strong></span> <span class='ocrx_word' id='word_1_95' title='bbox 3259 942 3288 981; x_wconf 89' lang='lat' dir='ltr'><strong>a</strong></span> <span class='ocrx_word' id='word_1_96' title='bbox 3327 941 3432 997; x_wconf 90' lang='lat' dir='ltr'><strong>quo</strong></span> 
     </span>
    </p>
   </div>
   <div class='ocr_carea' id='block_1_14' title="bbox 1857 1005 3432 1071">
    <p class='ocr_par' dir='ltr' id='par_1_14' title="bbox 1857 1005 3432 1071">
     <span class='ocr_line' id='line_1_14' title="bbox 1857 1005 3432 1071; baseline 0.009 -18"><span class='ocrx_word' id='word_1_97' title='bbox 1857 1007 2048 1053; x_wconf 86' lang='lat' dir='ltr'><strong>cuncta</strong></span> <span class='ocrx_word' id='word_1_98' title='bbox 2119 1011 2298 1056; x_wconf 84' lang='lat' dir='ltr'><strong>creata</strong></span> <span class='ocrx_word' id='word_1_99' title='bbox 2381 1014 2526 1058; x_wconf 88' lang='lat' dir='ltr'><strong>sunt.</strong></span> <span class='ocrx_word' id='word_1_100' title='bbox 2620 1005 2737 1062; x_wconf 91' lang='lat' dir='ltr'><strong>Non</strong></span> <span class='ocrx_word' id='word_1_101' title='bbox 2805 1019 2982 1064; x_wconf 86' lang='lat' dir='ltr'><strong>autem</strong></span> <span class='ocrx_word' id='word_1_102' title='bbox 3045 1013 3174 1070; x_wconf 90' lang='lat' dir='ltr'><strong>deos</strong></span> <span class='ocrx_word' id='word_1_103' title='bbox 3250 1017 3432 1071; x_wconf 80' lang='lat' dir='ltr'><strong>dixit:</strong></span> 
     </span>
    </p>
   </div>
   <div class='ocr_carea' id='block_1_15' title="bbox 1857 1090 3436 1172">
    <p class='ocr_par' dir='ltr' id='par_1_15' title="bbox 1857 1090 3436 1172">
     <span class='ocr_line' id='line_1_15' title="bbox 1857 1090 3436 1172; baseline 0.015 -32"><span class='ocrx_word' id='word_1_104' title='bbox 1857 1090 2000 1158; x_wconf 89' lang='lat' dir='ltr'><strong>quod</strong></span> <span class='ocrx_word' id='word_1_105' title='bbox 2027 1105 2120 1144; x_wconf 89' lang='lat' dir='ltr'><strong>eos</strong></span> <span class='ocrx_word' id='word_1_106' title='bbox 2151 1091 2281 1146; x_wconf 90' lang='lat' dir='ltr'><strong>deos</strong></span> <span class='ocrx_word' id='word_1_107' title='bbox 2317 1094 2584 1160; x_wconf 82' lang='lat' dir='ltr'><strong>crederet,</strong></span> <span class='ocrx_word' id='word_1_108' title='bbox 2616 1112 2754 1166; x_wconf 91' lang='lat' dir='ltr'><strong>quos</strong></span> <span class='ocrx_word' id='word_1_109' title='bbox 2783 1099 2945 1153; x_wconf 89' lang='lat' dir='ltr'><strong>stulta</strong></span> <span class='ocrx_word' id='word_1_110' title='bbox 2992 1104 3265 1172; x_wconf 76' lang='lat' dir='ltr'><strong>gentilitas</strong></span> <span class='ocrx_word' id='word_1_111' title='bbox 3304 1106 3436 1162; x_wconf 82' lang='lat' dir='ltr'><strong>ado-</strong></span> 
     </span>
    </p>
   </div>
   <div class='ocr_carea' id='block_1_16' title="bbox 1856 1183 3419 1268">
    <p class='ocr_par' dir='ltr' id='par_1_16' title="bbox 1856 1183 3419 1268">
     <span class='ocr_line' id='line_1_16' title="bbox 1856 1183 3419 1268; baseline 0.01 -33"><span class='ocrx_word' id='word_1_112' title='bbox 1856 1183 2042 1248; x_wconf 85' lang='lat' dir='ltr'><strong>rabat;</strong></span> <span class='ocrx_word' id='word_1_113' title='bbox 2078 1184 2190 1248; x_wconf 89' lang='lat' dir='ltr'><strong>sed,</strong></span> <span class='ocrx_word' id='word_1_114' title='bbox 2221 1184 2344 1254; x_wconf 88' lang='lat' dir='ltr'><strong>quia</strong></span> <span class='ocrx_word' id='word_1_115' title='bbox 2374 1185 2471 1254; x_wconf 90' lang='lat' dir='ltr'><strong>ipsi</strong></span> <span class='ocrx_word' id='word_1_116' title='bbox 2501 1203 2594 1240; x_wconf 86' lang='lat' dir='ltr'><strong>eos</strong></span> <span class='ocrx_word' id='word_1_117' title='bbox 2620 1187 2748 1242; x_wconf 89' lang='lat' dir='ltr'><strong>deos</strong></span> <span class='ocrx_word' id='word_1_118' title='bbox 2770 1189 3039 1258; x_wconf 87' lang='lat' dir='ltr'><strong>dicebant,</strong></span> <span class='ocrx_word' id='word_1_119' title='bbox 3064 1209 3198 1264; x_wconf 91' lang='lat' dir='ltr'><strong>quos</strong></span> <span class='ocrx_word' id='word_1_120' title='bbox 3226 1196 3419 1268; x_wconf 82' lang='lat' dir='ltr'><strong>suggil-</strong></span> 
     </span>
    </p>
   </div>
   <div class='ocr_carea' id='block_1_17' title="bbox 259 1255 2962 1334">
    <p class='ocr_par' dir='ltr' id='par_1_17' title="bbox 259 1255 2962 1334">
     <span class='ocr_line' id='line_1_17' title="bbox 259 1255 2962 1334; baseline 0.006 -17"><span class='ocrx_word' id='word_1_121' title='bbox 259 1255 654 1312; x_wconf 55' lang='lat' dir='ltr'><strong>Benedic-emes</strong></span> <span class='ocrx_word' id='word_1_122' title='bbox 705 1266 776 1320; x_wconf 77' lang='grc' dir='ltr'><strong>ιε,</strong></span> <span class='ocrx_word' id='word_1_123' title='bbox 835 1256 1078 1322; x_wconf 69' lang='lat' dir='ltr'><strong>Domine.</strong></span> <span class='ocrx_word' id='word_1_124' title='bbox 1138 1257 1512 1327; x_wconf 59' lang='lat' dir='ltr'><strong>deprecamur.</strong></span> <span class='ocrx_word' id='word_1_125' title='bbox 1561 1264 1622 1311; x_wconf 75' lang='grc' dir='ltr'><strong>ιιι</strong></span> <span class='ocrx_word' id='word_1_126' title='bbox 1656 1272 1755 1314; x_wconf 71' lang='grc' dir='ltr'><strong>ποί</strong></span> <span class='ocrx_word' id='word_1_127' title='bbox 1855 1273 2016 1328; x_wconf 87' lang='lat' dir='ltr'><strong>laudo</strong></span> <span class='ocrx_word' id='word_1_128' title='bbox 2042 1289 2227 1330; x_wconf 88' lang='lat' dir='ltr'><strong>eorum</strong></span> <span class='ocrx_word' id='word_1_129' title='bbox 2261 1276 2521 1331; x_wconf 87' lang='lat' dir='ltr'><strong>vocabulo</strong></span> <span class='ocrx_word' id='word_1_130' title='bbox 2552 1289 2962 1334; x_wconf 85' lang='lat' dir='ltr'><strong>commemorat.</strong></span> 
     </span>
    </p>
   </div>
   <div class='ocr_carea' id='block_1_18' title="bbox 184 1345 1888 1438">
    <p class='ocr_par' dir='ltr' id='par_1_18' title="bbox 184 1345 1888 1438">
     <span class='ocr_line' id='line_1_18' title="bbox 184 1345 1888 1438; baseline 0.001 -38"><span class='ocrx_word' id='word_1_131' title='bbox 184 1347 368 1401; x_wconf 84' lang='lat' dir='ltr'><strong>mundi</strong></span> <span class='ocrx_word' id='word_1_132' title='bbox 419 1345 583 1415; x_wconf 87' lang='lat' dir='ltr'><strong>hujus</strong></span> <span class='ocrx_word' id='word_1_133' title='bbox 640 1355 795 1401; x_wconf 89' lang='lat' dir='ltr'><strong>nocte</strong></span> <span class='ocrx_word' id='word_1_134' title='bbox 831 1355 1128 1414; x_wconf 84' lang='lat' dir='ltr'><strong>conlectos,</strong></span> <span class='ocrx_word' id='word_1_135' title='bbox 1173 1346 1473 1401; x_wconf 85' lang='lat' dir='ltr'><strong>illuminare</strong></span> <span class='ocrx_word' id='word_1_136' title='bbox 1515 1346 1754 1417; x_wconf 88' lang='lat' dir='ltr'><strong>digneris</strong></span> <span class='ocrx_word' id='word_1_137' title='bbox 1855 1381 1888 1438; x_wconf 72' lang='lat'><strong>6</strong></span> 
     </span>
    </p>
   </div>
   <div class='ocr_carea' id='block_1_19' title="bbox 181 1438 1748 1508">
    <p class='ocr_par' dir='ltr' id='par_1_19' title="bbox 181 1438 1748 1508">
     <span class='ocr_line' id='line_1_19' title="bbox 181 1438 1748 1508; baseline 0.001 -16"><span class='ocrx_word' id='word_1_138' title='bbox 181 1447 446 1507; x_wconf 87' lang='lat' dir='ltr'><strong>quatenus</strong></span> <span class='ocrx_word' id='word_1_139' title='bbox 468 1438 594 1492; x_wconf 91' lang='lat' dir='ltr'><strong>dum</strong></span> <span class='ocrx_word' id='word_1_140' title='bbox 619 1454 809 1492; x_wconf 91' lang='lat' dir='ltr'><strong>manus</strong></span> <span class='ocrx_word' id='word_1_141' title='bbox 849 1447 1062 1494; x_wconf 89' lang='lat' dir='ltr'><strong>nostras</strong></span> <span class='ocrx_word' id='word_1_142' title='bbox 1090 1438 1139 1492; x_wconf 91' lang='lat' dir='ltr'><strong>in</strong></span> <span class='ocrx_word' id='word_1_143' title='bbox 1171 1439 1326 1494; x_wconf 86' lang='lat' dir='ltr'><strong>bonis</strong></span> <span class='ocrx_word' id='word_1_144' title='bbox 1351 1439 1604 1508; x_wconf 87' lang='lat' dir='ltr'><strong>operibus</strong></span> <span class='ocrx_word' id='word_1_145' title='bbox 1646 1438 1748 1494; x_wconf 86' lang='lat' dir='ltr'><strong>ele-</strong></span> 
     </span>
    </p>
   </div>
   <div class='ocr_carea' id='block_1_20' title="bbox 177 1527 1753 1601">
    <p class='ocr_par' dir='ltr' id='par_1_20' title="bbox 177 1527 1753 1601">
     <span class='ocr_line' id='line_1_20' title="bbox 177 1527 1753 1601; baseline 0.003 -22"><span class='ocrx_word' id='word_1_146' title='bbox 177 1542 388 1592; x_wconf 81' lang='lat' dir='ltr'><strong>vamus,</strong></span> <span class='ocrx_word' id='word_1_147' title='bbox 425 1527 852 1583; x_wconf 87' lang='lat' dir='ltr'><strong>benedictionem</strong></span> <span class='ocrx_word' id='word_1_148' title='bbox 893 1542 923 1581; x_wconf 93' lang='lat' dir='ltr'><strong>a</strong></span> <span class='ocrx_word' id='word_1_149' title='bbox 974 1537 1024 1582; x_wconf 90' lang='lat' dir='ltr'><strong>te</strong></span> <span class='ocrx_word' id='word_1_150' title='bbox 1067 1527 1423 1599; x_wconf 73' lang='lat' dir='ltr'><strong>largissimum</strong></span> <span class='ocrx_word' id='word_1_151' title='bbox 1455 1543 1753 1601; x_wconf 85' lang='lat' dir='ltr'><strong>consequa-</strong></span> 
     </span>
    </p>
   </div>
   <div class='ocr_carea' id='block_1_21' title="bbox 176 1617 3418 1748">
    <p class='ocr_par' dir='ltr' id='par_1_21' title="bbox 176 1617 3418 1748">
     <span class='ocr_line' id='line_1_21' title="bbox 635 1617 2899 1638; baseline 0.008 -33"><span class='ocrx_word' id='word_1_152' title='bbox 635 1620 648 1632; x_wconf 42' lang='lat'><em>.</em></span> <span class='ocrx_word' id='word_1_153' title='bbox 2256 1617 2292 1618; x_wconf 47' lang='grc' dir='ltr'>η</span> <span class='ocrx_word' id='word_1_154' title='bbox 2334 1617 2337 1618; x_wconf 31' lang='grc' dir='ltr'><em>ν</em></span> <span class='ocrx_word' id='word_1_155' title='bbox 2370 1617 2376 1618; x_wconf 62' lang='lat'><strong><em>,</em></strong></span> <span class='ocrx_word' id='word_1_156' title='bbox 2677 1617 2899 1638; x_wconf 39' lang='lat' dir='ltr'><strong>ww---&quot;</strong></span> 
     </span>
     <span class='ocr_line' id='line_1_22' title="bbox 176 1617 3418 1748; baseline 0.008 -39"><span class='ocrx_word' id='word_1_157' title='bbox 176 1634 319 1674; x_wconf 62' lang='lat' dir='ltr'><strong>mur&#39;</strong></span> <span class='ocrx_word' id='word_1_158' title='bbox 363 1617 468 1676; x_wconf 59' lang='lat' dir='ltr'><strong>Per</strong></span> <span class='ocrx_word' id='word_1_159' title='bbox 496 1619 788 1748; x_wconf 36' lang='lat' dir='ltr'><strong>Domiti]:</strong></span> <span class='ocrx_word' id='word_1_160' title='bbox 808 1619 1294 1748; x_wconf 48' lang='grc' dir='ltr'><strong>ῗῗῗυῗινίθξῗῗ⁹</strong></span> <span class='ocrx_word' id='word_1_161' title='bbox 1317 1631 1422 1676; x_wconf 56' lang='grc' dir='ltr'><strong>⁸ιο’</strong></span> <span class='ocrx_word' id='word_1_162' title='bbox 1921 1667 1962 1724; x_wconf 90' lang='lat' dir='ltr'><strong>C</strong></span> <span class='ocrx_word' id='word_1_163' title='bbox 2001 1668 2232 1737; x_wconf 72' lang='lat' dir='ltr'><strong>leum,</strong></span> <span class='ocrx_word' id='word_1_164' title='bbox 2273 1673 2506 1741; x_wconf 90' lang='lat' dir='ltr'><strong>positum</strong></span> <span class='ocrx_word' id='word_1_165' title='bbox 2557 1683 2659 1738; x_wconf 87' lang='lat' dir='ltr'><strong>est,</strong></span> <span class='ocrx_word' id='word_1_166' title='bbox 2704 1690 2802 1744; x_wconf 90' lang='lat' dir='ltr'><strong>pro</strong></span> <span class='ocrx_word' id='word_1_167' title='bbox 2835 1678 3046 1734; x_wconf 88' lang='lat' dir='ltr'><strong>cunctis</strong></span> <span class='ocrx_word' id='word_1_168' title='bbox 3078 1678 3418 1748; x_wconf 71' lang='lat' dir='ltr'><strong>cmlestibus,</strong></span> 
     </span>
    </p>
   </div>
   <div class='ocr_carea' id='block_1_22' title="bbox 633 1729 3418 1844">
    <p class='ocr_par' dir='ltr' id='par_1_22' title="bbox 633 1729 3418 1844">
     <span class='ocr_line' id='line_1_23' title="bbox 633 1729 3418 1844; baseline 0.009 -37"><span class='ocrx_word' id='word_1_169' title='bbox 633 1729 951 1787; x_wconf 67' lang='lat' dir='ltr'><strong>PSALMUS</strong></span> <span class='ocrx_word' id='word_1_170' title='bbox 993 1731 1276 1787; x_wconf 64' lang='lat' dir='ltr'><strong>cxxxw&#39;</strong></span> <span class='ocrx_word' id='word_1_171' title='bbox 1772 1751 1821 1812; x_wconf 87' lang='grc' dir='ltr'>Β</span> <span class='ocrx_word' id='word_1_172' title='bbox 1852 1769 2018 1830; x_wconf 89' lang='lat' dir='ltr'><strong>terra,</strong></span> <span class='ocrx_word' id='word_1_173' title='bbox 2050 1779 2148 1835; x_wconf 90' lang='lat' dir='ltr'><strong>pro</strong></span> <span class='ocrx_word' id='word_1_174' title='bbox 2174 1729 2425 1821; x_wconf 76' lang='lat' dir='ltr'><strong>omnibus</strong></span> <span class='ocrx_word' id='word_1_175' title='bbox 2452 1782 2570 1836; x_wconf 71' lang='lat' dir='ltr'><strong>qua:</strong></span> <span class='ocrx_word' id='word_1_176' title='bbox 2601 1729 2658 1822; x_wconf 76' lang='lat' dir='ltr'><strong>in</strong></span> <span class='ocrx_word' id='word_1_177' title='bbox 2685 1729 2859 1826; x_wconf 30' lang='lat' dir='ltr'><strong>liumo‘</strong></span> 
     </span>
    </p>
   </div>
   <div class='ocr_carea' id='block_1_23' title="bbox 570 1854 3416 1928">
    <p class='ocr_par' dir='ltr' id='par_1_23' title="bbox 570 1854 3416 1928">
     <span class='ocr_line' id='line_1_24' title="bbox 570 1854 3416 1928; baseline 0.009 -30"><span class='ocrx_word' id='word_1_178' title='bbox 570 1859 924 1901; x_wconf 62' lang='lat' dir='ltr'><strong>accusarent</strong></span> <span class='ocrx_word' id='word_1_179' title='bbox 953 1859 1098 1901; x_wconf 61' lang='lat' dir='ltr'><strong>esse.</strong></span> <span class='ocrx_word' id='word_1_180' title='bbox 1136 1859 1352 1902; x_wconf 75' lang='lat' dir='ltr'><strong>cxxxtv.</strong></span> <span class='ocrx_word' id='word_1_181' title='bbox 1843 1868 1941 1923; x_wconf 91' lang='lat' dir='ltr'><strong>pro</strong></span> <span class='ocrx_word' id='word_1_182' title='bbox 1969 1854 2085 1910; x_wconf 82' lang='lat' dir='ltr'><strong>istis</strong></span> <span class='ocrx_word' id='word_1_183' title='bbox 2113 1855 2344 1923; x_wconf 88' lang='lat' dir='ltr'><strong>sinibus,</strong></span> <span class='ocrx_word' id='word_1_184' title='bbox 2381 1872 2518 1928; x_wconf 88' lang='lat' dir='ltr'><strong>quos</strong></span> <span class='ocrx_word' id='word_1_185' title='bbox 2561 1863 2985 1916; x_wconf 89' lang='lat' dir='ltr'><strong>commeantium</strong></span> <span class='ocrx_word' id='word_1_186' title='bbox 3014 1865 3290 1922; x_wconf 87' lang='lat' dir='ltr'><strong>discursus</strong></span> <span class='ocrx_word' id='word_1_187' title='bbox 3337 1868 3416 1922; x_wconf 84' lang='lat' dir='ltr'><strong>in-</strong></span> 
     </span>
    </p>
   </div>
   <div class='ocr_carea' id='block_1_24' title="bbox 245 1943 1745 2026">
    <p class='ocr_par' dir='ltr' id='par_1_24' title="bbox 245 1949 1737 2025">
     <span class='ocr_line' id='line_1_25' title="bbox 245 1949 1737 2025; baseline 0.007 -18"><span class='ocrx_word' id='word_1_188' title='bbox 245 1949 284 2007; x_wconf 90' lang='lat' dir='ltr'><strong>C</strong></span> <span class='ocrx_word' id='word_1_189' title='bbox 310 1949 580 2023; x_wconf 85' lang='lat' dir='ltr'><strong>Propheta</strong></span> <span class='ocrx_word' id='word_1_190' title='bbox 609 1952 793 2009; x_wconf 88' lang='lat' dir='ltr'><strong>laudes</strong></span> <span class='ocrx_word' id='word_1_191' title='bbox 819 1954 1044 2011; x_wconf 89' lang='lat' dir='ltr'><strong>Domino</strong></span> <span class='ocrx_word' id='word_1_192' title='bbox 1087 1957 1237 2022; x_wconf 88' lang='lat' dir='ltr'><strong>dicit,</strong></span> <span class='ocrx_word' id='word_1_193' title='bbox 1269 1973 1388 2014; x_wconf 84' lang='lat' dir='ltr'><strong>esse</strong></span> <span class='ocrx_word' id='word_1_194' title='bbox 1432 1956 1737 2025; x_wconf 85' lang='lat' dir='ltr'><strong>solvendas,</strong></span> 
     </span>
    </p>
   </div>
   <div class='ocr_carea' id='block_1_25' title="bbox 1852 1943 3416 2026">
    <p class='ocr_par' dir='ltr' id='par_1_25' title="bbox 1852 1943 3416 2026">
     <span class='ocr_line' id='line_1_26' title="bbox 1852 1943 3416 2026; baseline 0.009 -29"><span class='ocrx_word' id='word_1_195' title='bbox 1852 1943 2061 2010; x_wconf 83' lang='lat' dir='ltr'><strong>visitat;</strong></span> <span class='ocrx_word' id='word_1_196' title='bbox 2092 1945 2346 2016; x_wconf 85' lang='lat' dir='ltr'><strong>abyssus,</strong></span> <span class='ocrx_word' id='word_1_197' title='bbox 2399 1947 2676 2004; x_wconf 88' lang='lat' dir='ltr'><strong>Oceanum</strong></span> <span class='ocrx_word' id='word_1_198' title='bbox 2727 1951 3018 2022; x_wconf 78' lang='lat' dir='ltr'><strong>significat,</strong></span> <span class='ocrx_word' id='word_1_199' title='bbox 3063 1954 3153 2024; x_wconf 88' lang='lat' dir='ltr'><strong>qui</strong></span> <span class='ocrx_word' id='word_1_200' title='bbox 3201 1965 3416 2026; x_wconf 86' lang='lat' dir='ltr'><strong>propter</strong></span> 
     </span>
    </p>
   </div>
   <div class='ocr_carea' id='block_1_26' title="bbox 175 2031 3415 2122">
    <p class='ocr_par' dir='ltr' id='par_1_26' title="bbox 175 2031 3415 2122">
     <span class='ocr_line' id='line_1_27' title="bbox 175 2031 3415 2122; baseline 0.008 -46"><span class='ocrx_word' id='word_1_201' title='bbox 175 2043 434 2110; x_wconf 60' lang='lat' dir='ltr'><strong>maguum</strong></span> <span class='ocrx_word' id='word_1_202' title='bbox 459 2043 628 2112; x_wconf 66' lang='lat' dir='ltr'><strong>ipsius</strong></span> <span class='ocrx_word' id='word_1_203' title='bbox 649 2044 857 2099; x_wconf 55' lang='lat' dir='ltr'><strong>diversa</strong></span> <span class='ocrx_word' id='word_1_204' title='bbox 887 2062 1316 2104; x_wconf 65' lang='lat' dir='ltr'><strong>commemorans</strong></span> <span class='ocrx_word' id='word_1_205' title='bbox 1341 2051 1738 2122; x_wconf 50' lang='lat' dir='ltr'><strong>destmeusque</strong></span> <span class='ocrx_word' id='word_1_206' title='bbox 1840 2031 2175 2090; x_wconf 87' lang='lat' dir='ltr'><strong>altitudinem</strong></span> <span class='ocrx_word' id='word_1_207' title='bbox 2202 2051 2354 2090; x_wconf 87' lang='lat' dir='ltr'><strong>suam</strong></span> <span class='ocrx_word' id='word_1_208' title='bbox 2387 2037 2538 2092; x_wconf 83' lang='lat' dir='ltr'><strong>nobis</strong></span> <span class='ocrx_word' id='word_1_209' title='bbox 2564 2039 2775 2108; x_wconf 86' lang='lat' dir='ltr'><strong>ignotus</strong></span> <span class='ocrx_word' id='word_1_210' title='bbox 2804 2050 2906 2096; x_wconf 91' lang='lat' dir='ltr'><strong>est.</strong></span> <span class='ocrx_word' id='word_1_211' title='bbox 2952 2042 3010 2096; x_wconf 88' lang='lat' dir='ltr'><strong>lu</strong></span> <span class='ocrx_word' id='word_1_212' title='bbox 3043 2044 3128 2100; x_wconf 87' lang='lat' dir='ltr'><strong>his</strong></span> <span class='ocrx_word' id='word_1_213' title='bbox 3162 2047 3415 2102; x_wconf 84' lang='lat' dir='ltr'><strong>omnibus</strong></span> 
     </span>
    </p>
   </div>
   <div class='ocr_carea' id='block_1_27' title="bbox 609 1155 1329 1198">
    <p class='ocr_par' dir='ltr' id='par_1_27' title="bbox 609 1155 1329 1198">
     <span class='ocr_line' id='line_1_28' title="bbox 609 1155 1329 1198; baseline 0.001 -3"><span class='ocrx_word' id='word_1_214' title='bbox 609 1155 807 1196; x_wconf 75' lang='lat' dir='ltr'><strong>ORATIO</strong></span> <span class='ocrx_word' id='word_1_215' title='bbox 830 1156 899 1196; x_wconf 68' lang='lat' dir='ltr'><strong>IX</strong></span> <span class='ocrx_word' id='word_1_216' title='bbox 921 1156 1068 1197; x_wconf 71' lang='lat' dir='ltr'><strong>PSAL.</strong></span> <span class='ocrx_word' id='word_1_217' title='bbox 1101 1157 1329 1198; x_wconf 70' lang='lat' dir='ltr'><strong>CXXUII.</strong></span> 
     </span>
    </p>
   </div>
   <div class='ocr_carea' id='block_1_28' title="bbox 2001 1382 3430 1462">
    <p class='ocr_par' dir='ltr' id='par_1_28' title="bbox 2001 1382 3430 1462">
     <span class='ocr_line' id='line_1_29' title="bbox 2001 1382 3430 1462; baseline 0.007 -24"><span class='ocrx_word' id='word_1_218' title='bbox 2001 1382 2192 1439; x_wconf 84' lang='lat' dir='ltr'><strong>Omnia</strong></span> <span class='ocrx_word' id='word_1_219' title='bbox 2221 1402 2538 1458; x_wconf 72' lang='lat' dir='ltr'><strong>qumcunque</strong></span> <span class='ocrx_word' id='word_1_220' title='bbox 2577 1388 2735 1444; x_wconf 73' lang='lat' dir='ltr'><strong>coluit</strong></span> <span class='ocrx_word' id='word_1_221' title='bbox 2765 1389 3018 1446; x_wconf 75' lang='lat' dir='ltr'><strong>Dominus</strong></span> <span class='ocrx_word' id='word_1_222' title='bbox 3043 1392 3166 1462; x_wconf 79' lang='lat' dir='ltr'><strong>fecit</strong></span> <span class='ocrx_word' id='word_1_223' title='bbox 3210 1393 3266 1450; x_wconf 91' lang='lat' dir='ltr'><strong>in</strong></span> <span class='ocrx_word' id='word_1_224' title='bbox 3301 1395 3430 1453; x_wconf 71' lang='lat' dir='ltr'><strong>calo</strong></span> 
     </span>
    </p>
   </div>
   <div class='ocr_carea' id='block_1_29' title="bbox 2065 1476 2409 1530">
    <p class='ocr_par' dir='ltr' id='par_1_29' title="bbox 2065 1476 2409 1530">
     <span class='ocr_line' id='line_1_30' title="bbox 2065 1476 2409 1530; baseline 0.006 -2"><span class='ocrx_word' id='word_1_225' title='bbox 2065 1485 2112 1528; x_wconf 85' lang='lat' dir='ltr'><strong>et</strong></span> <span class='ocrx_word' id='word_1_226' title='bbox 2142 1476 2196 1528; x_wconf 90' lang='lat' dir='ltr'><strong>in</strong></span> <span class='ocrx_word' id='word_1_227' title='bbox 2227 1485 2366 1529; x_wconf 87' lang='lat' dir='ltr'><strong>terra</strong></span> <span class='ocrx_word' id='word_1_228' title='bbox 2389 1491 2409 1530; x_wconf 92' lang='lat'><strong><em>:</em></strong></span> 
     </span>
    </p>
   </div>
   <div class='ocr_carea' id='block_1_30' title="bbox 1992 1561 2900 1638">
    <p class='ocr_par' dir='ltr' id='par_1_30' title="bbox 1992 1561 2900 1638">
     <span class='ocr_line' id='line_1_31' title="bbox 1992 1561 2900 1638; baseline 0.009 -23"><span class='ocrx_word' id='word_1_229' title='bbox 1992 1561 2058 1616; x_wconf 89' lang='lat' dir='ltr'><strong>In</strong></span> <span class='ocrx_word' id='word_1_230' title='bbox 2088 1565 2222 1617; x_wconf 87' lang='lat' dir='ltr'><strong>mari</strong></span> <span class='ocrx_word' id='word_1_231' title='bbox 2251 1573 2300 1618; x_wconf 90' lang='lat' dir='ltr'><strong>et</strong></span> <span class='ocrx_word' id='word_1_232' title='bbox 2328 1565 2382 1618; x_wconf 90' lang='lat' dir='ltr'><strong>in</strong></span> <span class='ocrx_word' id='word_1_233' title='bbox 2409 1567 2646 1621; x_wconf 86' lang='lat' dir='ltr'><strong>omnibus</strong></span> <span class='ocrx_word' id='word_1_234' title='bbox 2675 1567 2900 1638; x_wconf 83' lang='lat' dir='ltr'><strong>abyssis.</strong></span> 
     </span>
    </p>
   </div>
   <div class='ocr_carea' id='block_1_31' title="bbox 173 2123 1745 2209">
    <p class='ocr_par' dir='ltr' id='par_1_31' title="bbox 173 2128 1333 2209">
     <span class='ocr_line' id='line_1_32' title="bbox 173 2128 1333 2209; baseline 0.008 -27"><span class='ocrx_word' id='word_1_235' title='bbox 173 2128 457 2185; x_wconf 74' lang='lat' dir='ltr'><strong>falsitatem</strong></span> <span class='ocrx_word' id='word_1_236' title='bbox 484 2131 751 2187; x_wconf 85' lang='lat' dir='ltr'><strong>idolorum</strong></span> <span class='ocrx_word' id='word_1_237' title='bbox 780 2133 1014 2190; x_wconf 87' lang='lat' dir='ltr'><strong>cultores</strong></span> <span class='ocrx_word' id='word_1_238' title='bbox 1039 2136 1333 2209; x_wconf 76' lang='lat' dir='ltr'><strong>redarguit.</strong></span> 
     </span>
    </p>
   </div>
   <div class='ocr_carea' id='block_1_32' title="bbox 1852 2123 3071 2209">
    <p class='ocr_par' dir='ltr' id='par_1_32' title="bbox 1852 2123 3071 2200">
     <span class='ocr_line' id='line_1_33' title="bbox 1852 2123 3071 2200; baseline 0.008 -22"><span class='ocrx_word' id='word_1_239' title='bbox 1852 2123 2089 2181; x_wconf 70' lang='lat' dir='ltr'><strong>voluntas</strong></span> <span class='ocrx_word' id='word_1_240' title='bbox 2119 2125 2211 2181; x_wconf 88' lang='lat' dir='ltr'><strong>Dei</strong></span> <span class='ocrx_word' id='word_1_241' title='bbox 2243 2127 2363 2182; x_wconf 89' lang='lat' dir='ltr'><strong>sine</strong></span> <span class='ocrx_word' id='word_1_242' title='bbox 2387 2127 2724 2186; x_wconf 83' lang='lat' dir='ltr'><strong>dubitatione</strong></span> <span class='ocrx_word' id='word_1_243' title='bbox 2751 2131 3071 2200; x_wconf 89' lang='lat' dir='ltr'><strong>completur.</strong></span> 
     </span>
    </p>
   </div>
   <div class='ocr_carea' id='block_1_33' title="bbox 805 2223 1745 2301">
    <p class='ocr_par' dir='ltr' id='par_1_33' title="bbox 805 2223 1177 2281">
     <span class='ocr_line' id='line_1_34' title="bbox 805 2223 1177 2281; baseline 0.008 -3"><span class='ocrx_word' id='word_1_244' title='bbox 805 2223 912 2278; x_wconf 76' lang='lat' dir='ltr'><strong>TT.</strong></span> <span class='ocrx_word' id='word_1_245' title='bbox 932 2226 1177 2281; x_wconf 72' lang='lat' dir='ltr'><strong>Alleluia.</strong></span> 
     </span>
    </p>
   </div>
   <div class='ocr_carea' id='block_1_34' title="bbox 1852 2223 2998 2301">
    <p class='ocr_par' dir='ltr' id='par_1_34' title="bbox 1852 2239 2998 2301">
     <span class='ocr_line' id='line_1_35' title="bbox 1852 2239 2998 2301; baseline 0.007 -8"><span class='ocrx_word' id='word_1_246' title='bbox 1852 2239 1872 2294; x_wconf 80' lang='grc' dir='ltr'><strong><em>ΐ</em></strong></span> <span class='ocrx_word' id='word_1_247' title='bbox 1973 2239 2024 2294; x_wconf 82' lang='grc' dir='ltr'><em>Ε</em></span> <span class='ocrx_word' id='word_1_248' title='bbox 2054 2241 2246 2296; x_wconf 83' lang='lat' dir='ltr'><strong>ducens</strong></span> <span class='ocrx_word' id='word_1_249' title='bbox 2273 2240 2431 2297; x_wconf 87' lang='lat' dir='ltr'><strong>nubes</strong></span> <span class='ocrx_word' id='word_1_250' title='bbox 2459 2243 2523 2297; x_wconf 88' lang='lat' dir='ltr'><strong>ab</strong></span> <span class='ocrx_word' id='word_1_251' title='bbox 2550 2254 2777 2300; x_wconf 73' lang='lat' dir='ltr'><strong>extremo</strong></span> <span class='ocrx_word' id='word_1_252' title='bbox 2799 2254 2952 2301; x_wconf 66' lang='lat' dir='ltr'><strong>terrm</strong></span> <span class='ocrx_word' id='word_1_253' title='bbox 2979 2257 2998 2300; x_wconf 85' lang='lat'><strong>.’</strong></span> 
     </span>
    </p>
   </div>
   <div class='ocr_carea' id='block_1_35' title="bbox 235 2309 2713 2404">
    <p class='ocr_par' dir='ltr' id='par_1_35' title="bbox 235 2309 2713 2404">
     <span class='ocr_line' id='line_1_36' title="bbox 235 2309 2713 2404; baseline 0.01 -38"><span class='ocrx_word' id='word_1_254' title='bbox 235 2311 278 2366; x_wconf 74' lang='grc' dir='ltr'><strong>(Ζ</strong></span> <span class='ocrx_word' id='word_1_255' title='bbox 301 2309 651 2368; x_wconf 85' lang='lat' dir='ltr'><strong>Perascensis</strong></span> <span class='ocrx_word' id='word_1_256' title='bbox 680 2311 934 2383; x_wconf 79' lang='lat' dir='ltr'><strong>gradibus</strong></span> <span class='ocrx_word' id='word_1_257' title='bbox 964 2330 1134 2384; x_wconf 92' lang='lat' dir='ltr'><strong>usque</strong></span> <span class='ocrx_word' id='word_1_258' title='bbox 1173 2314 1238 2369; x_wconf 91' lang='lat' dir='ltr'><strong>ad</strong></span> <span class='ocrx_word' id='word_1_259' title='bbox 1265 2315 1406 2371; x_wconf 86' lang='lat' dir='ltr'><strong>illam</strong></span> <span class='ocrx_word' id='word_1_260' title='bbox 1455 2319 1739 2374; x_wconf 86' lang='lat' dir='ltr'><strong>summita-</strong></span> <span class='ocrx_word' id='word_1_261' title='bbox 1980 2330 2219 2403; x_wconf 80' lang='lat' dir='ltr'><strong>Fulgura</strong></span> <span class='ocrx_word' id='word_1_262' title='bbox 2242 2333 2294 2387; x_wconf 87' lang='lat' dir='ltr'><strong>in</strong></span> <span class='ocrx_word' id='word_1_263' title='bbox 2321 2335 2550 2404; x_wconf 84' lang='lat' dir='ltr'><strong>pluviam</strong></span> <span class='ocrx_word' id='word_1_264' title='bbox 2569 2336 2713 2401; x_wconf 78' lang='lat' dir='ltr'><strong>fecit.</strong></span> 
     </span>
    </p>
   </div>
   <div class='ocr_carea' id='block_1_36' title="bbox 171 2403 1739 2478">
    <p class='ocr_par' dir='ltr' id='par_1_36' title="bbox 171 2403 1739 2478">
     <span class='ocr_line' id='line_1_37' title="bbox 171 2403 1739 2478; baseline 0.006 -21"><span class='ocrx_word' id='word_1_265' title='bbox 171 2413 300 2468; x_wconf 89' lang='lat' dir='ltr'><strong>tem,</strong></span> <span class='ocrx_word' id='word_1_266' title='bbox 330 2419 452 2472; x_wconf 71' lang='lat' dir='ltr'><strong>qua:</strong></span> <span class='ocrx_word' id='word_1_267' title='bbox 479 2418 701 2458; x_wconf 88' lang='lat' dir='ltr'><strong>securos</strong></span> <span class='ocrx_word' id='word_1_268' title='bbox 729 2403 890 2458; x_wconf 84' lang='lat' dir='ltr'><strong>elIicit</strong></span> <span class='ocrx_word' id='word_1_269' title='bbox 919 2403 1274 2470; x_wconf 84' lang='lat' dir='ltr'><strong>Christianos,</strong></span> <span class='ocrx_word' id='word_1_270' title='bbox 1308 2423 1543 2478; x_wconf 84' lang='lat' dir='ltr'><strong>congrue</strong></span> <span class='ocrx_word' id='word_1_271' title='bbox 1579 2410 1739 2466; x_wconf 90' lang='lat' dir='ltr'><strong>nimis</strong></span> 
     </span>
    </p>
   </div>
   <div class='ocr_carea' id='block_1_37' title="bbox 169 2491 1740 2567">
    <p class='ocr_par' dir='ltr' id='par_1_37' title="bbox 169 2491 1740 2567">
     <span class='ocr_line' id='line_1_38' title="bbox 169 2491 1740 2567; baseline 0.006 -22"><span class='ocrx_word' id='word_1_272' title='bbox 169 2493 410 2563; x_wconf 89' lang='lat' dir='ltr'><strong>ponitur,</strong></span> <span class='ocrx_word' id='word_1_273' title='bbox 431 2491 666 2555; x_wconf 87' lang='lat' dir='ltr'><strong>alleluia,</strong></span> <span class='ocrx_word' id='word_1_274' title='bbox 695 2500 755 2546; x_wconf 91' lang='lat' dir='ltr'><strong>ut</strong></span> <span class='ocrx_word' id='word_1_275' title='bbox 777 2491 1024 2548; x_wconf 86' lang='lat' dir='ltr'><strong>laudibus</strong></span> <span class='ocrx_word' id='word_1_276' title='bbox 1054 2494 1264 2550; x_wconf 90' lang='lat' dir='ltr'><strong>Domini</strong></span> <span class='ocrx_word' id='word_1_277' title='bbox 1294 2496 1602 2567; x_wconf 80' lang='lat' dir='ltr'><strong>perfruatur</strong></span> <span class='ocrx_word' id='word_1_278' title='bbox 1621 2514 1740 2554; x_wconf 80' lang='lat' dir='ltr'><strong>san-</strong></span> 
     </span>
    </p>
   </div>
   <div class='ocr_carea' id='block_1_38' title="bbox 169 2584 1737 2662">
    <p class='ocr_par' dir='ltr' id='par_1_38' title="bbox 169 2584 1737 2662">
     <span class='ocr_line' id='line_1_39' title="bbox 169 2584 1737 2662; baseline 0.005 -23"><span class='ocrx_word' id='word_1_279' title='bbox 169 2595 253 2639; x_wconf 87' lang='lat' dir='ltr'><strong>cta</strong></span> <span class='ocrx_word' id='word_1_280' title='bbox 277 2584 542 2650; x_wconf 88' lang='lat' dir='ltr'><strong>Ecclesia,</strong></span> <span class='ocrx_word' id='word_1_281' title='bbox 575 2585 663 2640; x_wconf 90' lang='lat' dir='ltr'><strong>cui</strong></span> <span class='ocrx_word' id='word_1_282' title='bbox 689 2585 794 2640; x_wconf 88' lang='lat' dir='ltr'><strong>tale</strong></span> <span class='ocrx_word' id='word_1_283' title='bbox 823 2602 1014 2640; x_wconf 89' lang='lat' dir='ltr'><strong>munus</strong></span> <span class='ocrx_word' id='word_1_284' title='bbox 1046 2590 1287 2643; x_wconf 88' lang='lat' dir='ltr'><strong>noscitur</strong></span> <span class='ocrx_word' id='word_1_285' title='bbox 1312 2605 1432 2646; x_wconf 91' lang='lat' dir='ltr'><strong>esse</strong></span> <span class='ocrx_word' id='word_1_286' title='bbox 1469 2608 1737 2662; x_wconf 72' lang='lat' dir='ltr'><strong>prrepara-</strong></span> 
     </span>
    </p>
   </div>
   <div class='ocr_carea' id='block_1_39' title="bbox 171 2674 1736 2748">
    <p class='ocr_par' dir='ltr' id='par_1_39' title="bbox 171 2674 1736 2748">
     <span class='ocr_line' id='line_1_40' title="bbox 171 2674 1736 2748; baseline 0.006 -21"><span class='ocrx_word' id='word_1_287' title='bbox 171 2683 302 2728; x_wconf 88' lang='lat' dir='ltr'><strong>tum.</strong></span> <span class='ocrx_word' id='word_1_288' title='bbox 328 2674 672 2746; x_wconf 86' lang='lat' dir='ltr'><strong>Quapropter</strong></span> <span class='ocrx_word' id='word_1_289' title='bbox 697 2675 923 2744; x_wconf 81' lang='lat' dir='ltr'><strong>sinceris</strong></span> <span class='ocrx_word' id='word_1_290' title='bbox 951 2678 1218 2733; x_wconf 90' lang='lat' dir='ltr'><strong>mentibus</strong></span> <span class='ocrx_word' id='word_1_291' title='bbox 1241 2679 1452 2735; x_wconf 88' lang='lat' dir='ltr'><strong>alleluia</strong></span> <span class='ocrx_word' id='word_1_292' title='bbox 1473 2682 1736 2748; x_wconf 86' lang='lat' dir='ltr'><strong>dicamus,</strong></span> 
     </span>
    </p>
   </div>
   <div class='ocr_carea' id='block_1_40' title="bbox 170 2765 1734 2842">
    <p class='ocr_par' dir='ltr' id='par_1_40' title="bbox 170 2765 1734 2842">
     <span class='ocr_line' id='line_1_41' title="bbox 170 2765 1734 2842; baseline 0.008 -24"><span class='ocrx_word' id='word_1_293' title='bbox 170 2774 227 2819; x_wconf 90' lang='lat' dir='ltr'><strong>ut</strong></span> <span class='ocrx_word' id='word_1_294' title='bbox 254 2765 331 2820; x_wconf 91' lang='lat' dir='ltr'><strong>illi</strong></span> <span class='ocrx_word' id='word_1_295' title='bbox 361 2774 549 2821; x_wconf 91' lang='lat' dir='ltr'><strong>sancto</strong></span> <span class='ocrx_word' id='word_1_296' title='bbox 577 2765 792 2836; x_wconf 91' lang='lat' dir='ltr'><strong>populo,</strong></span> <span class='ocrx_word' id='word_1_297' title='bbox 835 2782 933 2838; x_wconf 89' lang='lat' dir='ltr'><strong>per</strong></span> <span class='ocrx_word' id='word_1_298' title='bbox 962 2767 1198 2824; x_wconf 83' lang='lat' dir='ltr'><strong>divinam</strong></span> <span class='ocrx_word' id='word_1_299' title='bbox 1240 2771 1468 2842; x_wconf 86' lang='lat' dir='ltr'><strong>gratiam</strong></span> <span class='ocrx_word' id='word_1_300' title='bbox 1501 2773 1734 2830; x_wconf 86' lang='lat' dir='ltr'><strong>miscea-</strong></span> 
     </span>
    </p>
   </div>
   <div class='ocr_carea' id='block_1_41' title="bbox 172 2870 310 2909">
    <p class='ocr_par' dir='ltr' id='par_1_41' title="bbox 172 2870 310 2909">
     <span class='ocr_line' id='line_1_42' title="bbox 172 2870 310 2909; baseline 0.007 -1"><span class='ocrx_word' id='word_1_301' title='bbox 172 2870 310 2909; x_wconf 90' lang='lat' dir='ltr'><strong>mur.</strong></span> 
     </span>
    </p>
   </div>
   <div class='ocr_carea' id='block_1_42' title="bbox 170 2949 1029 3011">
    <p class='ocr_par' dir='ltr' id='par_1_42' title="bbox 170 2949 1029 3011">
     <span class='ocr_line' id='line_1_43' title="bbox 170 2949 1029 3011; baseline 0.008 -7"><span class='ocrx_word' id='word_1_302' title='bbox 170 2949 194 3004; x_wconf 75' lang='grc'><strong>1</strong></span> <span class='ocrx_word' id='word_1_303' title='bbox 304 2949 546 3006; x_wconf 82' lang='lat' dir='ltr'><strong>Laudate</strong></span> <span class='ocrx_word' id='word_1_304' title='bbox 571 2969 756 3007; x_wconf 81' lang='lat' dir='ltr'><strong>nomen</strong></span> <span class='ocrx_word' id='word_1_305' title='bbox 784 2953 1029 3011; x_wconf 88' lang='lat' dir='ltr'><strong>Domini:</strong></span> 
     </span>
    </p>
   </div>
   <div class='ocr_carea' id='block_1_43' title="bbox 309 3040 1074 3110">
    <p class='ocr_par' dir='ltr' id='par_1_43' title="bbox 309 3040 1074 3110">
     <span class='ocr_line' id='line_1_44' title="bbox 309 3040 1074 3110; baseline 0.005 -16"><span class='ocrx_word' id='word_1_306' title='bbox 309 3040 566 3104; x_wconf 82' lang='lat' dir='ltr'><strong>Laudate,</strong></span> <span class='ocrx_word' id='word_1_307' title='bbox 591 3044 746 3110; x_wconf 80' lang='lat' dir='ltr'><strong>scrri,</strong></span> <span class='ocrx_word' id='word_1_308' title='bbox 771 3043 1074 3099; x_wconf 86' lang='lat' dir='ltr'><strong>Dominum.</strong></span> 
     </span>
    </p>
   </div>
   <div class='ocr_carea' id='block_1_44' title="bbox 233 3133 1740 3210">
    <p class='ocr_par' dir='ltr' id='par_1_44' title="bbox 233 3133 1740 3210">
     <span class='ocr_line' id='line_1_45' title="bbox 233 3133 1740 3210; baseline 0.004 -23"><span class='ocrx_word' id='word_1_309' title='bbox 233 3133 279 3187; x_wconf 78' lang='lat' dir='ltr'><strong>ll</strong></span> <span class='ocrx_word' id='word_1_310' title='bbox 310 3133 552 3189; x_wconf 90' lang='lat' dir='ltr'><strong>Laudate</strong></span> <span class='ocrx_word' id='word_1_311' title='bbox 581 3151 774 3190; x_wconf 88' lang='lat' dir='ltr'><strong>nomen</strong></span> <span class='ocrx_word' id='word_1_312' title='bbox 805 3136 1037 3202; x_wconf 90' lang='lat' dir='ltr'><strong>Domini,</strong></span> <span class='ocrx_word' id='word_1_313' title='bbox 1067 3141 1208 3208; x_wconf 83' lang='lat' dir='ltr'><strong>quod</strong></span> <span class='ocrx_word' id='word_1_314' title='bbox 1239 3153 1336 3208; x_wconf 89' lang='lat' dir='ltr'><strong>per</strong></span> <span class='ocrx_word' id='word_1_315' title='bbox 1359 3138 1517 3194; x_wconf 79' lang='lat' dir='ltr'><strong>ﬁdem</strong></span> <span class='ocrx_word' id='word_1_316' title='bbox 1543 3155 1740 3210; x_wconf 88' lang='lat' dir='ltr'><strong>cogno-</strong></span> 
     </span>
    </p>
   </div>
   <div class='ocr_carea' id='block_1_45' title="bbox 167 3223 1739 3294">
    <p class='ocr_par' dir='ltr' id='par_1_45' title="bbox 167 3223 1739 3294">
     <span class='ocr_line' id='line_1_46' title="bbox 167 3223 1739 3294; baseline 0.005 -18"><span class='ocrx_word' id='word_1_317' title='bbox 167 3223 322 3278; x_wconf 80' lang='lat' dir='ltr'><strong>vistis</strong></span> <span class='ocrx_word' id='word_1_318' title='bbox 349 3238 470 3278; x_wconf 84' lang='lat' dir='ltr'><strong>esse</strong></span> <span class='ocrx_word' id='word_1_319' title='bbox 509 3239 671 3294; x_wconf 86' lang='lat' dir='ltr'><strong>super</strong></span> <span class='ocrx_word' id='word_1_320' title='bbox 698 3241 860 3281; x_wconf 79' lang='lat' dir='ltr'><strong>omne</strong></span> <span class='ocrx_word' id='word_1_321' title='bbox 891 3229 1105 3283; x_wconf 74' lang='lat' dir='ltr'><strong>numen.</strong></span> <span class='ocrx_word' id='word_1_322' title='bbox 1157 3228 1398 3284; x_wconf 87' lang='lat' dir='ltr'><strong>Laudate</strong></span> <span class='ocrx_word' id='word_1_323' title='bbox 1430 3231 1590 3292; x_wconf 86' lang='lat' dir='ltr'><strong>servi.</strong></span> <span class='ocrx_word' id='word_1_324' title='bbox 1620 3230 1660 3286; x_wconf 91' lang='lat' dir='ltr'><strong><em>C</em></strong></span> <span class='ocrx_word' id='word_1_325' title='bbox 1688 3231 1739 3285; x_wconf 93' lang='lat' dir='ltr'><strong>id</strong></span> 
     </span>
    </p>
   </div>
   <div class='ocr_carea' id='block_1_46' title="bbox 166 3316 1740 3390">
    <p class='ocr_par' dir='ltr' id='par_1_46' title="bbox 166 3316 1740 3390">
     <span class='ocr_line' id='line_1_47' title="bbox 166 3316 1740 3390; baseline 0.005 -20"><span class='ocrx_word' id='word_1_326' title='bbox 166 3324 249 3370; x_wconf 83' lang='lat' dir='ltr'><strong>est</strong></span> <span class='ocrx_word' id='word_1_327' title='bbox 280 3316 372 3385; x_wconf 89' lang='lat' dir='ltr'><strong>qui</strong></span> <span class='ocrx_word' id='word_1_328' title='bbox 405 3316 549 3370; x_wconf 80' lang='lat' dir='ltr'><strong>servi</strong></span> <span class='ocrx_word' id='word_1_329' title='bbox 594 3317 765 3386; x_wconf 89' lang='lat' dir='ltr'><strong>ipsius</strong></span> <span class='ocrx_word' id='word_1_330' title='bbox 811 3320 941 3374; x_wconf 91' lang='lat' dir='ltr'><strong>estis</strong></span> <span class='ocrx_word' id='word_1_331' title='bbox 969 3336 1138 3390; x_wconf 88' lang='lat' dir='ltr'><strong>prona</strong></span> <span class='ocrx_word' id='word_1_332' title='bbox 1175 3322 1450 3378; x_wconf 83' lang='lat' dir='ltr'><strong>voluntate</strong></span> <span class='ocrx_word' id='word_1_333' title='bbox 1479 3323 1655 3379; x_wconf 88' lang='lat' dir='ltr'><strong>devoti</strong></span> <span class='ocrx_word' id='word_1_334' title='bbox 1686 3333 1740 3379; x_wconf 89' lang='lat' dir='ltr'><strong>et</strong></span> 
     </span>
    </p>
   </div>
   <div class='ocr_carea' id='block_1_47' title="bbox 168 3407 939 3464">
    <p class='ocr_par' dir='ltr' id='par_1_47' title="bbox 168 3407 939 3464">
     <span class='ocr_line' id='line_1_48' title="bbox 168 3407 939 3464; baseline 0.001 -2"><span class='ocrx_word' id='word_1_335' title='bbox 168 3407 446 3463; x_wconf 89' lang='lat' dir='ltr'><strong>dimisistis</strong></span> <span class='ocrx_word' id='word_1_336' title='bbox 472 3409 678 3464; x_wconf 84' lang='lat' dir='ltr'><strong>servire</strong></span> <span class='ocrx_word' id='word_1_337' title='bbox 707 3409 939 3464; x_wconf 87' lang='lat' dir='ltr'><strong>diabolo.</strong></span> 
     </span>
    </p>
   </div>
   <div class='ocr_carea' id='block_1_48' title="bbox 1907 2441 3408 2517">
    <p class='ocr_par' dir='ltr' id='par_1_48' title="bbox 1907 2441 3408 2517">
     <span class='ocr_line' id='line_1_49' title="bbox 1907 2441 3408 2517; baseline 0.007 -20"><span class='ocrx_word' id='word_1_338' title='bbox 1907 2441 1948 2498; x_wconf 92' lang='lat' dir='ltr'><strong>C</strong></span> <span class='ocrx_word' id='word_1_339' title='bbox 1973 2441 2029 2497; x_wconf 92' lang='lat' dir='ltr'><strong>Si</strong></span> <span class='ocrx_word' id='word_1_340' title='bbox 2061 2443 2340 2513; x_wconf 89' lang='lat' dir='ltr'><strong>sequentia</strong></span> <span class='ocrx_word' id='word_1_341' title='bbox 2371 2445 2437 2498; x_wconf 88' lang='lat' dir='ltr'><strong>ad</strong></span> <span class='ocrx_word' id='word_1_342' title='bbox 2459 2446 2692 2500; x_wconf 89' lang='lat' dir='ltr'><strong>litteram</strong></span> <span class='ocrx_word' id='word_1_343' title='bbox 2719 2446 3084 2517; x_wconf 82' lang='lat' dir='ltr'><strong>accipis,vera</strong></span> <span class='ocrx_word' id='word_1_344' title='bbox 3107 2457 3249 2504; x_wconf 90' lang='lat' dir='ltr'><strong>sunt.</strong></span> <span class='ocrx_word' id='word_1_345' title='bbox 3281 2448 3408 2516; x_wconf 88' lang='lat' dir='ltr'><strong>Sed.</strong></span> 
     </span>
    </p>
   </div>
   <div class='ocr_carea' id='block_1_49' title="bbox 1836 2532 3408 2605">
    <p class='ocr_par' dir='ltr' id='par_1_49' title="bbox 1836 2532 3408 2605">
     <span class='ocr_line' id='line_1_50' title="bbox 1836 2532 3408 2605; baseline 0.007 -19"><span class='ocrx_word' id='word_1_346' title='bbox 1836 2532 1966 2602; x_wconf 88' lang='lat' dir='ltr'><strong>quia</strong></span> <span class='ocrx_word' id='word_1_347' title='bbox 1996 2533 2062 2588; x_wconf 91' lang='lat' dir='ltr'><strong>de</strong></span> <span class='ocrx_word' id='word_1_348' title='bbox 2087 2533 2312 2589; x_wconf 68' lang='lat' dir='ltr'><strong>Hebraeo</strong></span> <span class='ocrx_word' id='word_1_349' title='bbox 2343 2535 2540 2605; x_wconf 91' lang='lat' dir='ltr'><strong>populo</strong></span> <span class='ocrx_word' id='word_1_350' title='bbox 2566 2535 2698 2590; x_wconf 89' lang='lat' dir='ltr'><strong>dicit</strong></span> <span class='ocrx_word' id='word_1_351' title='bbox 2729 2535 2972 2603; x_wconf 81' lang='lat' dir='ltr'><strong>inferius,</strong></span> <span class='ocrx_word' id='word_1_352' title='bbox 3005 2540 3254 2595; x_wconf 85' lang='lat' dir='ltr'><strong>convenit</strong></span> <span class='ocrx_word' id='word_1_353' title='bbox 3291 2541 3408 2597; x_wconf 66' lang='lat' dir='ltr'><strong>haec</strong></span> 
     </span>
    </p>
   </div>
   <div class='ocr_carea' id='block_1_50' title="bbox 1837 2623 3409 2695">
    <p class='ocr_par' dir='ltr' id='par_1_50' title="bbox 1837 2623 3409 2695">
     <span class='ocr_line' id='line_1_51' title="bbox 1837 2623 3409 2695; baseline 0.008 -22"><span class='ocrx_word' id='word_1_354' title='bbox 1837 2637 2051 2692; x_wconf 91' lang='lat' dir='ltr'><strong>quoque</strong></span> <span class='ocrx_word' id='word_1_355' title='bbox 2077 2623 2383 2678; x_wconf 90' lang='lat' dir='ltr'><strong>hominibus</strong></span> <span class='ocrx_word' id='word_1_356' title='bbox 2411 2624 2698 2694; x_wconf 81' lang='lat' dir='ltr'><strong>applicare.</strong></span> <span class='ocrx_word' id='word_1_357' title='bbox 2728 2626 2773 2679; x_wconf 81' lang='grc' dir='ltr'><strong>Α</strong></span> <span class='ocrx_word' id='word_1_358' title='bbox 2795 2626 2835 2681; x_wconf 83' lang='lat' dir='ltr'><strong><em>C</em></strong></span> <span class='ocrx_word' id='word_1_359' title='bbox 2866 2627 3110 2683; x_wconf 86' lang='lat' dir='ltr'><strong>Educcns</strong></span> <span class='ocrx_word' id='word_1_360' title='bbox 3140 2631 3329 2695; x_wconf 86' lang='lat' dir='ltr'><strong>nubes,</strong></span> <span class='ocrx_word' id='word_1_361' title='bbox 3355 2631 3409 2685; x_wconf 88' lang='lat' dir='ltr'><strong>id</strong></span> 
     </span>
    </p>
   </div>
   <div class='ocr_carea' id='block_1_51' title="bbox 1837 2713 3411 2786">
    <p class='ocr_par' dir='ltr' id='par_1_51' title="bbox 1837 2713 3411 2786">
     <span class='ocr_line' id='line_1_52' title="bbox 1837 2713 3411 2786; baseline 0.006 -21"><span class='ocrx_word' id='word_1_362' title='bbox 1837 2721 1944 2776; x_wconf 86' lang='lat' dir='ltr'><strong>est,</strong></span> <span class='ocrx_word' id='word_1_363' title='bbox 1967 2713 2185 2768; x_wconf 83' lang='lat' dir='ltr'><strong>elevans</strong></span> <span class='ocrx_word' id='word_1_364' title='bbox 2211 2715 2506 2784; x_wconf 84' lang='lat' dir='ltr'><strong>prophetas</strong></span> <span class='ocrx_word' id='word_1_365' title='bbox 2547 2714 2616 2770; x_wconf 90' lang='lat' dir='ltr'><strong>ab</strong></span> <span class='ocrx_word' id='word_1_366' title='bbox 2641 2715 2830 2769; x_wconf 90' lang='lat' dir='ltr'><strong>humili</strong></span> <span class='ocrx_word' id='word_1_367' title='bbox 2861 2717 3154 2786; x_wconf 90' lang='lat' dir='ltr'><strong>proposito,</strong></span> <span class='ocrx_word' id='word_1_368' title='bbox 3183 2727 3237 2773; x_wconf 92' lang='lat' dir='ltr'><strong>et</strong></span> <span class='ocrx_word' id='word_1_369' title='bbox 3281 2717 3411 2774; x_wconf 79' lang='lat' dir='ltr'><strong>fecit</strong></span> 
     </span>
    </p>
   </div>
   <div class='ocr_carea' id='block_1_52' title="bbox 1836 2803 3406 2878">
    <p class='ocr_par' dir='ltr' id='par_1_52' title="bbox 1836 2803 3406 2878">
     <span class='ocr_line' id='line_1_53' title="bbox 1836 2803 3406 2878; baseline 0.006 -23"><span class='ocrx_word' id='word_1_370' title='bbox 1836 2803 2121 2870; x_wconf 84' lang='lat' dir='ltr'><strong>pervenire</strong></span> <span class='ocrx_word' id='word_1_371' title='bbox 2143 2803 2208 2857; x_wconf 89' lang='lat' dir='ltr'><strong>ad</strong></span> <span class='ocrx_word' id='word_1_372' title='bbox 2244 2803 2516 2872; x_wconf 81' lang='lat' dir='ltr'><strong>fastigium</strong></span> <span class='ocrx_word' id='word_1_373' title='bbox 2541 2804 2963 2872; x_wconf 76' lang='lat' dir='ltr'><strong>przedicationis.</strong></span> <span class='ocrx_word' id='word_1_374' title='bbox 2997 2807 3248 2878; x_wconf 85' lang='lat' dir='ltr'><strong>Fulgura,</strong></span> <span class='ocrx_word' id='word_1_375' title='bbox 3279 2817 3406 2865; x_wconf 86' lang='lat' dir='ltr'><strong>sunt</strong></span> 
     </span>
    </p>
   </div>
   <div class='ocr_carea' id='block_1_53' title="bbox 1838 2892 3408 2969">
    <p class='ocr_par' dir='ltr' id='par_1_53' title="bbox 1838 2892 3408 2969">
     <span class='ocr_line' id='line_1_54' title="bbox 1838 2892 3408 2969; baseline 0.006 -24"><span class='ocrx_word' id='word_1_376' title='bbox 1838 2892 2226 2961; x_wconf 83' lang='lat' dir='ltr'><strong>praphetarum</strong></span> <span class='ocrx_word' id='word_1_377' title='bbox 2269 2894 2707 2964; x_wconf 79' lang='lat' dir='ltr'><strong>praedicationes,</strong></span> <span class='ocrx_word' id='word_1_378' title='bbox 2751 2911 2873 2951; x_wconf 92' lang='lat' dir='ltr'><strong>cum</strong></span> <span class='ocrx_word' id='word_1_379' title='bbox 2919 2900 3173 2955; x_wconf 89' lang='lat' dir='ltr'><strong>terrendo</strong></span> <span class='ocrx_word' id='word_1_380' title='bbox 3223 2915 3408 2969; x_wconf 85' lang='lat' dir='ltr'><strong>percu-</strong></span> 
     </span>
    </p>
   </div>
   <div class='ocr_carea' id='block_1_54' title="bbox 1840 2983 3408 3053">
    <p class='ocr_par' dir='ltr' id='par_1_54' title="bbox 1840 2983 3408 3053">
     <span class='ocr_line' id='line_1_55' title="bbox 1840 2983 3408 3053; baseline 0.004 -17"><span class='ocrx_word' id='word_1_381' title='bbox 1840 2983 1979 3036; x_wconf 92' lang='lat' dir='ltr'><strong>tiunt</strong></span> <span class='ocrx_word' id='word_1_382' title='bbox 2000 2992 2331 3052; x_wconf 84' lang='lat' dir='ltr'><strong>peccatores,</strong></span> <span class='ocrx_word' id='word_1_383' title='bbox 2361 2993 2416 3039; x_wconf 88' lang='lat' dir='ltr'><strong>et</strong></span> <span class='ocrx_word' id='word_1_384' title='bbox 2441 2983 2635 3053; x_wconf 65' lang='lat' dir='ltr'><strong>pluvia:</strong></span> <span class='ocrx_word' id='word_1_385' title='bbox 2663 2984 2817 3050; x_wconf 83' lang='lat' dir='ltr'><strong>ﬁunt,</strong></span> <span class='ocrx_word' id='word_1_386' title='bbox 2841 3001 2962 3042; x_wconf 87' lang='lat' dir='ltr'><strong>cum</strong></span> <span class='ocrx_word' id='word_1_387' title='bbox 2996 2988 3207 3043; x_wconf 91' lang='lat' dir='ltr'><strong>diluunt</strong></span> <span class='ocrx_word' id='word_1_388' title='bbox 3232 2989 3408 3044; x_wconf 84' lang='lat' dir='ltr'><strong>delin-</strong></span> 
     </span>
    </p>
   </div>
   <div class='ocr_carea' id='block_1_55' title="bbox 1767 3073 3409 3153">
    <p class='ocr_par' dir='ltr' id='par_1_55' title="bbox 1767 3073 3409 3153">
     <span class='ocr_line' id='line_1_56' title="bbox 1767 3073 3409 3153; baseline 0.005 -27"><span class='ocrx_word' id='word_1_389' title='bbox 1767 3090 1815 3153; x_wconf 75' lang='grc' dir='ltr'>ο</span> <span class='ocrx_word' id='word_1_390' title='bbox 1845 3081 2070 3142; x_wconf 88' lang='lat' dir='ltr'><strong>quentes</strong></span> <span class='ocrx_word' id='word_1_391' title='bbox 2095 3084 2125 3126; x_wconf 84' lang='lat' dir='ltr'><strong>a</strong></span> <span class='ocrx_word' id='word_1_392' title='bbox 2154 3073 2405 3141; x_wconf 87' lang='lat' dir='ltr'><strong>peccatis.</strong></span> <span class='ocrx_word' id='word_1_393' title='bbox 2437 3083 2492 3128; x_wconf 92' lang='lat' dir='ltr'><strong>et</strong></span> <span class='ocrx_word' id='word_1_394' title='bbox 2522 3073 2749 3129; x_wconf 87' lang='lat' dir='ltr'><strong>imbrem</strong></span> <span class='ocrx_word' id='word_1_395' title='bbox 2782 3076 3073 3132; x_wconf 88' lang='lat' dir='ltr'><strong>salutarem</strong></span> <span class='ocrx_word' id='word_1_396' title='bbox 3102 3078 3409 3146; x_wconf 79' lang='lat' dir='ltr'><strong>infundunt,</strong></span> 
     </span>
    </p>
   </div>
   <div class='ocr_carea' id='block_1_56' title="bbox 1845 3163 2912 3236">
    <p class='ocr_par' dir='ltr' id='par_1_56' title="bbox 1845 3163 2912 3236">
     <span class='ocr_line' id='line_1_57' title="bbox 1845 3163 2912 3236; baseline 0.006 -20"><span class='ocrx_word' id='word_1_397' title='bbox 1845 3164 1984 3218; x_wconf 88' lang='lat' dir='ltr'><strong>unde</strong></span> <span class='ocrx_word' id='word_1_398' title='bbox 2011 3163 2316 3234; x_wconf 89' lang='lat' dir='ltr'><strong>spirituales</strong></span> <span class='ocrx_word' id='word_1_399' title='bbox 2345 3163 2555 3220; x_wconf 82' lang='lat' dir='ltr'><strong>fructus</strong></span> <span class='ocrx_word' id='word_1_400' title='bbox 2588 3167 2912 3236; x_wconf 84' lang='lat' dir='ltr'><strong>germinent.</strong></span> 
     </span>
    </p>
   </div>
   <div class='ocr_carea' id='block_1_57' title="bbox 1841 3272 3116 3344">
    <p class='ocr_par' dir='ltr' id='par_1_57' title="bbox 1841 3272 3116 3344">
     <span class='ocr_line' id='line_1_58' title="bbox 1841 3272 3116 3344; baseline 0.007 -14"><span class='ocrx_word' id='word_1_401' title='bbox 1841 3272 1876 3330; x_wconf 87' lang='lat'><strong>8</strong></span> <span class='ocrx_word' id='word_1_402' title='bbox 1990 3274 2094 3340; x_wconf 81' lang='lat' dir='ltr'><strong>Qui</strong></span> <span class='ocrx_word' id='word_1_403' title='bbox 2119 3276 2360 3344; x_wconf 81' lang='lat' dir='ltr'><strong>producit</strong></span> <span class='ocrx_word' id='word_1_404' title='bbox 2389 3289 2562 3332; x_wconf 76' lang='lat' dir='ltr'><strong>ventos</strong></span> <span class='ocrx_word' id='word_1_405' title='bbox 2589 3280 2653 3332; x_wconf 87' lang='lat' dir='ltr'><strong>de</strong></span> <span class='ocrx_word' id='word_1_406' title='bbox 2679 3279 2938 3336; x_wconf 77' lang='lat' dir='ltr'><strong>thesauris</strong></span> <span class='ocrx_word' id='word_1_407' title='bbox 2966 3283 3074 3338; x_wconf 88' lang='lat' dir='ltr'><strong>suis</strong></span> <span class='ocrx_word' id='word_1_408' title='bbox 3096 3301 3116 3340; x_wconf 82' lang='lat'><strong>.°</strong></span> 
     </span>
    </p>
   </div>
   <div class='ocr_carea' id='block_1_58' title="bbox 1982 3367 3407 3444">
    <p class='ocr_par' dir='ltr' id='par_1_58' title="bbox 1982 3367 3407 3444">
     <span class='ocr_line' id='line_1_59' title="bbox 1982 3367 3407 3444; baseline 0.009 -25"><span class='ocrx_word' id='word_1_409' title='bbox 1982 3367 2085 3434; x_wconf 83' lang='lat' dir='ltr'><strong>Qut</strong></span> <span class='ocrx_word' id='word_1_410' title='bbox 2129 3370 2378 3437; x_wconf 81' lang='lat' dir='ltr'><strong>percussit</strong></span> <span class='ocrx_word' id='word_1_411' title='bbox 2426 3371 2772 3442; x_wconf 86' lang='lat' dir='ltr'><strong>primogenita</strong></span> <span class='ocrx_word' id='word_1_412' title='bbox 2830 3371 3052 3444; x_wconf 53' lang='lat' dir='ltr'><strong>ﬁgypti</strong></span> <span class='ocrx_word' id='word_1_413' title='bbox 3097 3374 3163 3430; x_wconf 85' lang='lat' dir='ltr'><strong>ab</strong></span> <span class='ocrx_word' id='word_1_414' title='bbox 3209 3373 3407 3433; x_wconf 78' lang='lat' dir='ltr'><strong>homins</strong></span> 
     </span>
    </p>
   </div>
   <div class='ocr_carea' id='block_1_59' title="bbox 2046 3461 2500 3531">
    <p class='ocr_par' dir='ltr' id='par_1_59' title="bbox 2046 3461 2500 3531">
     <span class='ocr_line' id='line_1_60' title="bbox 2046 3461 2500 3531; baseline 0.009 -18"><span class='ocrx_word' id='word_1_415' title='bbox 2046 3475 2210 3528; x_wconf 84' lang='lat' dir='ltr'><strong>usque</strong></span> <span class='ocrx_word' id='word_1_416' title='bbox 2247 3461 2316 3515; x_wconf 87' lang='lat' dir='ltr'><strong>ad</strong></span> <span class='ocrx_word' id='word_1_417' title='bbox 2343 3478 2500 3531; x_wconf 80' lang='lat' dir='ltr'><strong>pecus</strong></span> 
     </span>
    </p>
   </div>
   <div class='ocr_carea' id='block_1_60' title="bbox 1907 3550 3407 3627">
    <p class='ocr_par' dir='ltr' id='par_1_60' title="bbox 1907 3550 3407 3627">
     <span class='ocr_line' id='line_1_61' title="bbox 1907 3550 3407 3627; baseline 0.006 -21"><span class='ocrx_word' id='word_1_418' title='bbox 1907 3550 1948 3606; x_wconf 89' lang='lat' dir='ltr'><strong><em>C</em></strong></span> <span class='ocrx_word' id='word_1_419' title='bbox 1976 3552 2199 3618; x_wconf 83' lang='lat' dir='ltr'><strong>Ventos,</strong></span> <span class='ocrx_word' id='word_1_420' title='bbox 2230 3553 2500 3622; x_wconf 87' lang='lat' dir='ltr'><strong>apostolos</strong></span> <span class='ocrx_word' id='word_1_421' title='bbox 2537 3554 2688 3618; x_wconf 90' lang='lat' dir='ltr'><strong>dicit,</strong></span> <span class='ocrx_word' id='word_1_422' title='bbox 2725 3570 2954 3626; x_wconf 87' lang='lat' dir='ltr'><strong>quorum</strong></span> <span class='ocrx_word' id='word_1_423' title='bbox 2986 3559 3295 3627; x_wconf 66' lang='lat' dir='ltr'><strong>prmdicatio</strong></span> <span class='ocrx_word' id='word_1_424' title='bbox 3325 3569 3407 3616; x_wconf 90' lang='lat' dir='ltr'><strong>to-</strong></span> 
     </span>
    </p>
   </div>
   <div class='ocr_carea' id='block_1_61' title="bbox 1837 3643 3403 3717">
    <p class='ocr_par' dir='ltr' id='par_1_61' title="bbox 1837 3643 3403 3717">
     <span class='ocr_line' id='line_1_62' title="bbox 1837 3643 3403 3717; baseline 0.008 -24"><span class='ocrx_word' id='word_1_425' title='bbox 1837 3648 1949 3694; x_wconf 91' lang='lat' dir='ltr'><strong>tum</strong></span> <span class='ocrx_word' id='word_1_426' title='bbox 1979 3643 2234 3696; x_wconf 90' lang='lat' dir='ltr'><strong>mundum</strong></span> <span class='ocrx_word' id='word_1_427' title='bbox 2263 3651 2518 3713; x_wconf 91' lang='lat' dir='ltr'><strong>tanquam</strong></span> <span class='ocrx_word' id='word_1_428' title='bbox 2547 3652 2738 3699; x_wconf 86' lang='lat' dir='ltr'><strong>ventus</strong></span> <span class='ocrx_word' id='word_1_429' title='bbox 2766 3646 3083 3702; x_wconf 87' lang='lat' dir='ltr'><strong>celerrimus</strong></span> <span class='ocrx_word' id='word_1_430' title='bbox 3108 3652 3403 3717; x_wconf 88' lang='lat' dir='ltr'><strong>percurrit.</strong></span> 
     </span>
    </p>
   </div>
   <div class='ocr_carea' id='block_1_62' title="bbox 1837 3730 3402 3796">
    <p class='ocr_par' dir='ltr' id='par_1_62' title="bbox 1837 3730 3402 3796">
     <span class='ocr_line' id='line_1_63' title="bbox 1837 3730 3402 3796; baseline 0.008 -12"><span class='ocrx_word' id='word_1_431' title='bbox 1837 3730 1912 3785; x_wconf 87' lang='lat' dir='ltr'><strong>De</strong></span> <span class='ocrx_word' id='word_1_432' title='bbox 1939 3730 2228 3794; x_wconf 88' lang='lat' dir='ltr'><strong>thesauris,</strong></span> <span class='ocrx_word' id='word_1_433' title='bbox 2259 3731 2302 3786; x_wconf 80' lang='lat' dir='ltr'><strong>ll</strong></span> <span class='ocrx_word' id='word_1_434' title='bbox 2327 3733 2378 3787; x_wconf 92' lang='lat' dir='ltr'><strong>id</strong></span> <span class='ocrx_word' id='word_1_435' title='bbox 2405 3741 2504 3796; x_wconf 89' lang='lat' dir='ltr'><strong>est,</strong></span> <span class='ocrx_word' id='word_1_436' title='bbox 2534 3733 2600 3789; x_wconf 93' lang='lat' dir='ltr'><strong>de</strong></span> <span class='ocrx_word' id='word_1_437' title='bbox 2630 3735 2844 3790; x_wconf 87' lang='lat' dir='ltr'><strong>arcanis</strong></span> <span class='ocrx_word' id='word_1_438' title='bbox 2870 3736 3199 3794; x_wconf 72' lang='lat' dir='ltr'><strong>cmlestibus.</strong></span> <span class='ocrx_word' id='word_1_439' title='bbox 3227 3739 3267 3795; x_wconf 75' lang='lat'><strong>(1</strong></span> <span class='ocrx_word' id='word_1_440' title='bbox 3291 3739 3402 3796; x_wconf 85' lang='lat' dir='ltr'><strong>Pri-</strong></span> 
     </span>
    </p>
   </div>
   <div class='ocr_carea' id='block_1_63' title="bbox 1837 3823 3409 3900">
    <p class='ocr_par' dir='ltr' id='par_1_63' title="bbox 1837 3823 3409 3900">
     <span class='ocr_line' id='line_1_64' title="bbox 1837 3823 3409 3900; baseline 0.006 -24"><span class='ocrx_word' id='word_1_441' title='bbox 1837 3823 2105 3892; x_wconf 85' lang='lat' dir='ltr'><strong>mogenita</strong></span> <span class='ocrx_word' id='word_1_442' title='bbox 2135 3823 2315 3878; x_wconf 90' lang='lat' dir='ltr'><strong>mundi</strong></span> <span class='ocrx_word' id='word_1_443' title='bbox 2338 3825 2571 3892; x_wconf 89' lang='lat' dir='ltr'><strong>percutit</strong></span> <span class='ocrx_word' id='word_1_444' title='bbox 2591 3825 2730 3880; x_wconf 90' lang='lat' dir='ltr'><strong>Deus</strong></span> <span class='ocrx_word' id='word_1_445' title='bbox 2745 3827 2896 3895; x_wconf 90' lang='lat' dir='ltr'><strong>quasi</strong></span> <span class='ocrx_word' id='word_1_446' title='bbox 2921 3827 3160 3899; x_wconf 64' lang='lat' dir='ltr'><strong>Egypti,</strong></span> <span class='ocrx_word' id='word_1_447' title='bbox 3193 3832 3409 3900; x_wconf 88' lang='lat' dir='ltr'><strong>quando</strong></span> 
     </span>
    </p>
   </div>
   <div class='ocr_carea' id='block_1_64' title="bbox 1836 3912 3399 3988">
    <p class='ocr_par' dir='ltr' id='par_1_64' title="bbox 1836 3912 3399 3988">
     <span class='ocr_line' id='line_1_65' title="bbox 1836 3912 3399 3988; baseline 0.005 -23"><span class='ocrx_word' id='word_1_448' title='bbox 1836 3919 1994 3965; x_wconf 88' lang='lat' dir='ltr'><strong>natos</strong></span> <span class='ocrx_word' id='word_1_449' title='bbox 2024 3912 2268 3966; x_wconf 88' lang='lat' dir='ltr'><strong>homines</strong></span> <span class='ocrx_word' id='word_1_450' title='bbox 2291 3913 2538 3982; x_wconf 85' lang='lat' dir='ltr'><strong>originali</strong></span> <span class='ocrx_word' id='word_1_451' title='bbox 2566 3924 2788 3984; x_wconf 84' lang='lat' dir='ltr'><strong>peccato</strong></span> <span class='ocrx_word' id='word_1_452' title='bbox 2827 3931 2921 3970; x_wconf 91' lang='lat' dir='ltr'><strong>sua</strong></span> <span class='ocrx_word' id='word_1_453' title='bbox 2968 3918 3219 3987; x_wconf 70' lang='lat' dir='ltr'><strong>potentiae</strong></span> <span class='ocrx_word' id='word_1_454' title='bbox 3244 3920 3399 3988; x_wconf 50' lang='lat' dir='ltr'><strong>inspiv</strong></span> 
     </span>
    </p>
   </div>
   <div class='ocr_carea' id='block_1_65' title="bbox 167 3974 3404 4076">
    <p class='ocr_par' dir='ltr' id='par_1_65' title="bbox 167 3974 3404 4076">
     <span class='ocr_line' id='line_1_66' title="bbox 167 3974 3404 4076; baseline 0.005 -28"><span class='ocrx_word' id='word_1_455' title='bbox 167 3974 342 4032; x_wconf 60' lang='lat' dir='ltr'><strong>facere</strong></span> <span class='ocrx_word' id='word_1_456' title='bbox 363 3977 630 4076; x_wconf 64' lang='grc' dir='ltr'><strong>⁵⁰¹θδ³ξξ¹ιο</strong></span> <span class='ocrx_word' id='word_1_457' title='bbox 654 3979 816 4076; x_wconf 36' lang='lat' dir='ltr'><strong>El‘ab</strong></span> <span class='ocrx_word' id='word_1_458' title='bbox 832 3989 959 4076; x_wconf 62' lang='lat' dir='ltr'><strong>f‘m</strong></span> <span class='ocrx_word' id='word_1_459' title='bbox 977 3979 1124 4076; x_wconf 53' lang='lat' dir='ltr'><strong>(“lno</strong></span> <span class='ocrx_word' id='word_1_460' title='bbox 1142 3981 1406 4076; x_wconf 49' lang='grc' dir='ltr'><strong>θρβθηθξδ</strong></span> <span class='ocrx_word' id='word_1_461' title='bbox 1434 3981 1734 4076; x_wconf 12' lang='grc' dir='ltr'><strong>ξυξηίθίτξτξ·</strong></span> <span class='ocrx_word' id='word_1_462' title='bbox 1837 4003 2044 4058; x_wconf 86' lang='lat' dir='ltr'><strong>ratione</strong></span> <span class='ocrx_word' id='word_1_463' title='bbox 2069 4004 2323 4058; x_wconf 71' lang='lat' dir='ltr'><strong>correxit.</strong></span> <span class='ocrx_word' id='word_1_464' title='bbox 2357 3974 2438 4059; x_wconf 46' lang='lat' dir='ltr'><strong>Avb</strong></span> <span class='ocrx_word' id='word_1_465' title='bbox 2472 3974 2711 4070; x_wconf 78' lang='lat' dir='ltr'><strong>homine,</strong></span> <span class='ocrx_word' id='word_1_466' title='bbox 2747 4006 2799 4060; x_wconf 90' lang='lat' dir='ltr'><strong>id</strong></span> <span class='ocrx_word' id='word_1_467' title='bbox 2829 4017 2932 4073; x_wconf 90' lang='lat' dir='ltr'><strong>est,</strong></span> <span class='ocrx_word' id='word_1_468' title='bbox 2963 3974 3404 4076; x_wconf 67' lang='lat' dir='ltr'><strong>prudentioribus</strong></span> 
     </span>
    </p>
   </div>
   <div class='ocr_carea' id='block_1_66' title="bbox 167 4070 3402 4168">
    <p class='ocr_par' dir='ltr' id='par_1_66' title="bbox 167 4070 3402 4168">
     <span class='ocr_line' id='line_1_67' title="bbox 167 4070 3402 4168; baseline 0.005 -46"><span class='ocrx_word' id='word_1_469' title='bbox 167 4071 313 4138; x_wconf 89' lang='lat' dir='ltr'><strong>quasi</strong></span> <span class='ocrx_word' id='word_1_470' title='bbox 341 4079 483 4135; x_wconf 85' lang='lat' dir='ltr'><strong>atra,</strong></span> <span class='ocrx_word' id='word_1_471' title='bbox 509 4070 632 4126; x_wconf 89' lang='lat' dir='ltr'><strong>illos</strong></span> <span class='ocrx_word' id='word_1_472' title='bbox 657 4071 801 4126; x_wconf 90' lang='lat' dir='ltr'><strong>enim</strong></span> <span class='ocrx_word' id='word_1_473' title='bbox 831 4071 1000 4126; x_wconf 88' lang='lat' dir='ltr'><strong>Deum</strong></span> <span class='ocrx_word' id='word_1_474' title='bbox 1025 4073 1341 4129; x_wconf 88' lang='lat' dir='ltr'><strong>benedicere</strong></span> <span class='ocrx_word' id='word_1_475' title='bbox 1363 4073 1418 4127; x_wconf 91' lang='lat' dir='ltr'><strong>in</strong></span> <span class='ocrx_word' id='word_1_476' title='bbox 1446 4073 1535 4129; x_wconf 89' lang='lat' dir='ltr'><strong>his</strong></span> <span class='ocrx_word' id='word_1_477' title='bbox 1559 4073 1738 4168; x_wconf 63' lang='lat' dir='ltr'><strong>ver_his</strong></span> <span class='ocrx_word' id='word_1_478' title='bbox 1836 4092 1993 4160; x_wconf 47' lang='lat' dir='ltr'><strong>huius</strong></span> <span class='ocrx_word' id='word_1_479' title='bbox 2013 4093 2190 4148; x_wconf 55' lang='lat' dir='ltr'><strong>saeculi</strong></span> <span class='ocrx_word' id='word_1_480' title='bbox 2219 4109 2388 4164; x_wconf 67' lang='lat' dir='ltr'><strong>usque</strong></span> <span class='ocrx_word' id='word_1_481' title='bbox 2412 4093 2478 4148; x_wconf 71' lang='lat' dir='ltr'><strong>ad</strong></span> <span class='ocrx_word' id='word_1_482' title='bbox 2501 4106 2811 4151; x_wconf 53' lang='lat' dir='ltr'><strong>mansuetos</strong></span> <span class='ocrx_word' id='word_1_483' title='bbox 2837 4113 2900 4153; x_wconf 63' lang='lat' dir='ltr'><strong>ac</strong></span> <span class='ocrx_word' id='word_1_484' title='bbox 2929 4098 3200 4168; x_wconf 66' lang='lat' dir='ltr'><strong>simplices</strong></span> <span class='ocrx_word' id='word_1_485' title='bbox 3227 4101 3402 4167; x_wconf 63' lang='lat' dir='ltr'><strong>virus;</strong></span> 
     </span>
    </p>
   </div>
   <div class='ocr_carea' id='block_1_67' title="bbox 169 4161 3403 4257">
    <p class='ocr_par' dir='ltr' id='par_1_67' title="bbox 169 4161 3403 4257">
     <span class='ocr_line' id='line_1_68' title="bbox 169 4161 3403 4257; baseline 0.005 -28"><span class='ocrx_word' id='word_1_486' title='bbox 169 4161 360 4216; x_wconf 65' lang='lat' dir='ltr'><strong>debere</strong></span> <span class='ocrx_word' id='word_1_487' title='bbox 388 4161 550 4225; x_wconf 70' lang='grc' dir='ltr'><strong>ἀίείιν</strong></span> <span class='ocrx_word' id='word_1_488' title='bbox 587 4162 677 4232; x_wconf 65' lang='lat' dir='ltr'><strong>qni</strong></span> <span class='ocrx_word' id='word_1_489' title='bbox 710 4163 763 4217; x_wconf 76' lang='grc' dir='ltr'><strong>ίη</strong></span> <span class='ocrx_word' id='word_1_490' title='bbox 799 4164 1028 4233; x_wconf 62' lang='lat' dir='ltr'><strong>Primum</strong></span> <span class='ocrx_word' id='word_1_491' title='bbox 1073 4164 1374 4220; x_wconf 62' lang='lat' dir='ltr'><strong>membrum</strong></span> <span class='ocrx_word' id='word_1_492' title='bbox 1401 4164 1591 4219; x_wconf 71' lang='lat' dir='ltr'><strong>domus</strong></span> <span class='ocrx_word' id='word_1_493' title='bbox 1632 4162 1738 4219; x_wconf 67' lang='grc' dir='ltr'><strong>ΒΟ·</strong></span> <span class='ocrx_word' id='word_1_494' title='bbox 1835 4200 2022 4242; x_wconf 92' lang='lat' dir='ltr'><strong>omnes</strong></span> <span class='ocrx_word' id='word_1_495' title='bbox 2041 4187 2205 4251; x_wconf 90' lang='lat' dir='ltr'><strong>enim,</strong></span> <span class='ocrx_word' id='word_1_496' title='bbox 2230 4161 2411 4256; x_wconf 35' lang='lat' dir='ltr'><strong>ni&#39;per</strong></span> <span class='ocrx_word' id='word_1_497' title='bbox 2436 4188 2606 4257; x_wconf 90' lang='lat' dir='ltr'><strong>gratia</strong></span> <span class='ocrx_word' id='word_1_498' title='bbox 2639 4189 2851 4244; x_wconf 86' lang='lat' dir='ltr'><strong>Domini</strong></span> <span class='ocrx_word' id='word_1_499' title='bbox 2882 4189 3182 4245; x_wconf 85' lang='lat' dir='ltr'><strong>liberentur</strong></span> <span class='ocrx_word' id='word_1_500' title='bbox 3205 4207 3238 4246; x_wconf 92' lang='lat' dir='ltr'><strong>a</strong></span> <span class='ocrx_word' id='word_1_501' title='bbox 3285 4193 3403 4247; x_wconf 82' lang='lat' dir='ltr'><strong>dia-</strong></span> 
     </span>
    </p>
   </div>
   <div class='ocr_carea' id='block_1_68' title="bbox 167 4252 1745 4356">
    <p class='ocr_par' dir='ltr' id='par_1_68' title="bbox 167 4252 929 4324">
     <span class='ocr_line' id='line_1_69' title="bbox 167 4252 929 4324; baseline 0.003 -18"><span class='ocrx_word' id='word_1_502' title='bbox 167 4252 372 4307; x_wconf 70' lang='lat' dir='ltr'><strong>minica:</strong></span> <span class='ocrx_word' id='word_1_503' title='bbox 400 4252 652 4308; x_wconf 88' lang='lat' dir='ltr'><strong>videntur</strong></span> <span class='ocrx_word' id='word_1_504' title='bbox 677 4253 929 4324; x_wconf 85' lang='lat' dir='ltr'><strong>ingressi.</strong></span> 
     </span>
    </p>
   </div>
   <div class='ocr_carea' id='block_1_69' title="bbox 1852 4252 3402 4356">
    <p class='ocr_par' dir='ltr' id='par_1_69' title="bbox 1852 4278 3402 4356">
     <span class='ocr_line' id='line_1_70' title="bbox 1852 4278 3402 4356; baseline 0.004 -22"><span class='ocrx_word' id='word_1_505' title='bbox 1852 4278 1984 4343; x_wconf 73' lang='lat' dir='ltr'><strong>bolo,</strong></span> <span class='ocrx_word' id='word_1_506' title='bbox 2040 4279 2188 4336; x_wconf 87' lang='lat' dir='ltr'><strong>velut</strong></span> <span class='ocrx_word' id='word_1_507' title='bbox 2241 4279 2541 4337; x_wconf 80' lang='lat' dir='ltr'><strong>Pharaonis</strong></span> <span class='ocrx_word' id='word_1_508' title='bbox 2593 4282 2757 4353; x_wconf 88' lang='lat' dir='ltr'><strong>impia</strong></span> <span class='ocrx_word' id='word_1_509' title='bbox 2802 4283 3166 4339; x_wconf 84' lang='lat' dir='ltr'><strong>dominatione</strong></span> <span class='ocrx_word' id='word_1_510' title='bbox 3223 4281 3402 4356; x_wconf 84' lang='lat' dir='ltr'><strong>depri-</strong></span> 
     </span>
    </p>
   </div>
   <div class='ocr_carea' id='block_1_70' title="bbox 163 3517 1134 3584">
    <p class='ocr_par' dir='ltr' id='par_1_70' title="bbox 163 3517 1134 3584">
     <span class='ocr_line' id='line_1_71' title="bbox 163 3517 1134 3584; baseline 0.005 -13"><span class='ocrx_word' id='word_1_511' title='bbox 163 3517 198 3571; x_wconf 75' lang='grc'><strong>2</strong></span> <span class='ocrx_word' id='word_1_512' title='bbox 304 3517 412 3584; x_wconf 85' lang='lat' dir='ltr'><strong>Qui</strong></span> <span class='ocrx_word' id='word_1_513' title='bbox 435 3519 586 3574; x_wconf 85' lang='lat' dir='ltr'><strong>statis</strong></span> <span class='ocrx_word' id='word_1_514' title='bbox 618 3520 671 3574; x_wconf 83' lang='lat' dir='ltr'><strong>in</strong></span> <span class='ocrx_word' id='word_1_515' title='bbox 695 3520 848 3574; x_wconf 83' lang='lat' dir='ltr'><strong>domo</strong></span> <span class='ocrx_word' id='word_1_516' title='bbox 883 3521 1134 3576; x_wconf 88' lang='lat' dir='ltr'><strong>Domini:</strong></span> 
     </span>
    </p>
   </div>
   <div class='ocr_carea' id='block_1_71' title="bbox 303 3610 1105 3666">
    <p class='ocr_par' dir='ltr' id='par_1_71' title="bbox 303 3610 1105 3666">
     <span class='ocr_line' id='line_1_72' title="bbox 303 3610 1105 3666; baseline 0.002 -3"><span class='ocrx_word' id='word_1_517' title='bbox 303 3610 373 3664; x_wconf 83' lang='lat' dir='ltr'><strong>In</strong></span> <span class='ocrx_word' id='word_1_518' title='bbox 407 3612 559 3664; x_wconf 86' lang='lat' dir='ltr'><strong>atriis</strong></span> <span class='ocrx_word' id='word_1_519' title='bbox 588 3611 771 3665; x_wconf 83' lang='lat' dir='ltr'><strong>domus</strong></span> <span class='ocrx_word' id='word_1_520' title='bbox 802 3611 896 3665; x_wconf 82' lang='lat' dir='ltr'><strong>Dei</strong></span> <span class='ocrx_word' id='word_1_521' title='bbox 923 3612 1105 3666; x_wconf 87' lang='lat' dir='ltr'><strong>nostri.</strong></span> 
     </span>
    </p>
   </div>
   <div class='ocr_carea' id='block_1_72' title="bbox 232 3702 1739 3774">
    <p class='ocr_par' dir='ltr' id='par_1_72' title="bbox 232 3702 1739 3774">
     <span class='ocr_line' id='line_1_73' title="bbox 232 3702 1739 3774; baseline 0.003 -20"><span class='ocrx_word' id='word_1_522' title='bbox 232 3703 275 3755; x_wconf 75' lang='grc' dir='ltr'><strong>(ἶ</strong></span> <span class='ocrx_word' id='word_1_523' title='bbox 315 3703 418 3770; x_wconf 89' lang='lat' dir='ltr'><strong>Qui</strong></span> <span class='ocrx_word' id='word_1_524' title='bbox 459 3704 636 3768; x_wconf 89' lang='lat' dir='ltr'><strong>statis,</strong></span> <span class='ocrx_word' id='word_1_525' title='bbox 673 3702 778 3758; x_wconf 91' lang='lat' dir='ltr'><strong>hoc</strong></span> <span class='ocrx_word' id='word_1_526' title='bbox 818 3713 900 3757; x_wconf 89' lang='lat' dir='ltr'><strong>est</strong></span> <span class='ocrx_word' id='word_1_527' title='bbox 928 3704 1018 3773; x_wconf 91' lang='lat' dir='ltr'><strong>qui</strong></span> <span class='ocrx_word' id='word_1_528' title='bbox 1055 3703 1422 3774; x_wconf 82' lang='lat' dir='ltr'><strong>perseveranti</strong></span> <span class='ocrx_word' id='word_1_529' title='bbox 1461 3702 1739 3758; x_wconf 81' lang='lat' dir='ltr'><strong>voluntate</strong></span> 
     </span>
    </p>
   </div>
   <div class='ocr_carea' id='block_1_73' title="bbox 166 3793 1736 3866">
    <p class='ocr_par' dir='ltr' id='par_1_73' title="bbox 166 3793 1736 3866">
     <span class='ocr_line' id='line_1_74' title="bbox 166 3793 1736 3866; baseline 0.001 -18"><span class='ocrx_word' id='word_1_530' title='bbox 166 3793 218 3848; x_wconf 90' lang='lat' dir='ltr'><strong>in</strong></span> <span class='ocrx_word' id='word_1_531' title='bbox 252 3793 371 3863; x_wconf 88' lang='lat' dir='ltr'><strong>ejus</strong></span> <span class='ocrx_word' id='word_1_532' title='bbox 399 3795 717 3851; x_wconf 89' lang='lat' dir='ltr'><strong>credulitate</strong></span> <span class='ocrx_word' id='word_1_533' title='bbox 745 3795 1017 3851; x_wconf 89' lang='lat' dir='ltr'><strong>consistis.</strong></span> <span class='ocrx_word' id='word_1_534' title='bbox 1043 3796 1257 3851; x_wconf 81' lang='lat' dir='ltr'><strong>Atrium</strong></span> <span class='ocrx_word' id='word_1_535' title='bbox 1285 3796 1484 3850; x_wconf 89' lang='lat' dir='ltr'><strong>dicitur</strong></span> <span class='ocrx_word' id='word_1_536' title='bbox 1515 3796 1736 3866; x_wconf 84' lang='lat' dir='ltr'><strong>amplis-</strong></span> 
     </span>
    </p>
   </div>
   <div class='ocr_carea' id='block_1_74' title="bbox 166 3885 1737 3957">
    <p class='ocr_par' dir='ltr' id='par_1_74' title="bbox 166 3885 1737 3957">
     <span class='ocr_line' id='line_1_75' title="bbox 166 3885 1737 3957; baseline 0.003 -20"><span class='ocrx_word' id='word_1_537' title='bbox 166 3885 312 3938; x_wconf 75' lang='lat' dir='ltr'><strong>sima:</strong></span> <span class='ocrx_word' id='word_1_538' title='bbox 341 3885 535 3940; x_wconf 90' lang='lat' dir='ltr'><strong>domus</strong></span> <span class='ocrx_word' id='word_1_539' title='bbox 556 3885 762 3956; x_wconf 90' lang='lat' dir='ltr'><strong>primus</strong></span> <span class='ocrx_word' id='word_1_540' title='bbox 790 3887 1083 3957; x_wconf 87' lang='lat' dir='ltr'><strong>ingressus,</strong></span> <span class='ocrx_word' id='word_1_541' title='bbox 1127 3886 1215 3941; x_wconf 93' lang='lat' dir='ltr'><strong>ubi</strong></span> <span class='ocrx_word' id='word_1_542' title='bbox 1253 3887 1559 3941; x_wconf 87' lang='lat' dir='ltr'><strong>habitantes</strong></span> <span class='ocrx_word' id='word_1_543' title='bbox 1590 3885 1737 3942; x_wconf 84' lang='lat' dir='ltr'><strong>focos</strong></span> 
     </span>
    </p>
   </div>
   <div class='ocr_carea' id='block_1_75' title="bbox 198 4361 2075 4437">
    <p class='ocr_par' dir='ltr' id='par_1_75' title="bbox 198 4361 2075 4437">
     <span class='ocr_line' id='line_1_76' title="bbox 198 4361 2075 4437; baseline 0.004 -20"><span class='ocrx_word' id='word_1_544' title='bbox 198 4361 233 4417; x_wconf 78' lang='grc'>5</span> <span class='ocrx_word' id='word_1_545' title='bbox 295 4363 536 4418; x_wconf 81' lang='lat' dir='ltr'><strong>Laudate</strong></span> <span class='ocrx_word' id='word_1_546' title='bbox 557 4364 839 4420; x_wconf 77' lang='lat' dir='ltr'><strong>Dominum</strong></span> <span class='ocrx_word' id='word_1_547' title='bbox 868 4366 990 4437; x_wconf 86' lang='lat' dir='ltr'><strong>quia</strong></span> <span class='ocrx_word' id='word_1_548' title='bbox 1015 4367 1176 4421; x_wconf 84' lang='lat' dir='ltr'><strong>bonus</strong></span> <span class='ocrx_word' id='word_1_549' title='bbox 1204 4365 1458 4421; x_wconf 87' lang='lat' dir='ltr'><strong>Dominus</strong></span> <span class='ocrx_word' id='word_1_550' title='bbox 1483 4407 1497 4420; x_wconf 94' lang='lat'><strong>.</strong></span> <span class='ocrx_word' id='word_1_551' title='bbox 1764 4435 1784 4437; x_wconf 33' lang='grc'><strong><em>4</em></strong></span> <span class='ocrx_word' id='word_1_552' title='bbox 1837 4379 2075 4426; x_wconf 80' lang='lat' dir='ltr'><strong>utuntur.</strong></span> 
     </span>
    </p>
   </div>
   <div class='ocr_carea' id='block_1_76' title="bbox 302 4435 1745 4554">
    <p class='ocr_par' dir='ltr' id='par_1_76' title="bbox 302 4455 1548 4528">
     <span class='ocr_line' id='line_1_77' title="bbox 302 4455 1548 4528; baseline 0.002 -19"><span class='ocrx_word' id='word_1_553' title='bbox 302 4455 524 4511; x_wconf 86' lang='lat' dir='ltr'><strong>Psallite</strong></span> <span class='ocrx_word' id='word_1_554' title='bbox 546 4457 741 4511; x_wconf 87' lang='lat' dir='ltr'><strong>nomini</strong></span> <span class='ocrx_word' id='word_1_555' title='bbox 767 4458 882 4528; x_wconf 88' lang='lat' dir='ltr'><strong>ejus</strong></span> <span class='ocrx_word' id='word_1_556' title='bbox 908 4460 1152 4527; x_wconf 87' lang='lat' dir='ltr'><strong>quoniam</strong></span> <span class='ocrx_word' id='word_1_557' title='bbox 1181 4473 1404 4513; x_wconf 81' lang='lat' dir='ltr'><strong>suave+</strong></span> <span class='ocrx_word' id='word_1_558' title='bbox 1422 4469 1495 4512; x_wconf 89' lang='lat' dir='ltr'><strong>est</strong></span> <span class='ocrx_word' id='word_1_559' title='bbox 1528 4457 1548 4528; x_wconf 72' lang='grc' dir='ltr'>ζ</span> 
     </span>
    </p>
   </div>
   <div class='ocr_carea' id='block_1_77' title="bbox 1852 4435 3402 4554">
    <p class='ocr_par' dir='ltr' id='par_1_77' title="bbox 1852 4463 3402 4554">
     <span class='ocr_line' id='line_1_78' title="bbox 1852 4463 3402 4554; baseline -0.001 -17"><span class='ocrx_word' id='word_1_560' title='bbox 1852 4479 1871 4537; x_wconf 76' lang='grc'><strong>&gt;</strong></span> <span class='ocrx_word' id='word_1_561' title='bbox 1979 4477 2169 4534; x_wconf 87' lang='lat' dir='ltr'><strong>Emisit</strong></span> <span class='ocrx_word' id='word_1_562' title='bbox 2192 4481 2342 4551; x_wconf 89' lang='lat' dir='ltr'><strong>signa</strong></span> <span class='ocrx_word' id='word_1_563' title='bbox 2366 4489 2413 4536; x_wconf 86' lang='lat' dir='ltr'><strong>et</strong></span> <span class='ocrx_word' id='word_1_564' title='bbox 2443 4481 2680 4552; x_wconf 83' lang='lat' dir='ltr'><strong>prodigia</strong></span> <span class='ocrx_word' id='word_1_565' title='bbox 2717 4481 2771 4535; x_wconf 92' lang='lat' dir='ltr'><strong>in</strong></span> <span class='ocrx_word' id='word_1_566' title='bbox 2808 4482 2978 4536; x_wconf 84' lang='lat' dir='ltr'><strong>medio</strong></span> <span class='ocrx_word' id='word_1_567' title='bbox 3006 4463 3106 4547; x_wconf 87' lang='lat' dir='ltr'><strong>tui,</strong></span> <span class='ocrx_word' id='word_1_568' title='bbox 3135 4481 3362 4554; x_wconf 51' lang='lat' dir='ltr'><strong>ﬁgypte</strong></span> <span class='ocrx_word' id='word_1_569' title='bbox 3382 4498 3402 4536; x_wconf 90' lang='lat'><strong><em>:</em></strong></span> 
     </span>
    </p>
   </div>
   <div class='ocr_carea' id='block_1_78' title="bbox 233 4568 3130 4642">
    <p class='ocr_par' dir='ltr' id='par_1_78' title="bbox 233 4568 3130 4642">
     <span class='ocr_line' id='line_1_79' title="bbox 233 4568 3130 4642; baseline 0.001 -17"><span class='ocrx_word' id='word_1_570' title='bbox 233 4568 277 4625; x_wconf 79' lang='grc' dir='ltr'><em>Η</em></span> <span class='ocrx_word' id='word_1_571' title='bbox 311 4570 667 4626; x_wconf 85' lang='lat' dir='ltr'><strong>Considerate</strong></span> <span class='ocrx_word' id='word_1_572' title='bbox 692 4570 858 4640; x_wconf 90' lang='lat' dir='ltr'><strong>quod,</strong></span> <span class='ocrx_word' id='word_1_573' title='bbox 893 4569 1104 4625; x_wconf 88' lang='lat' dir='ltr'><strong>laudate</strong></span> <span class='ocrx_word' id='word_1_574' title='bbox 1133 4571 1292 4625; x_wconf 90' lang='lat' dir='ltr'><strong>tertio</strong></span> <span class='ocrx_word' id='word_1_575' title='bbox 1317 4570 1611 4642; x_wconf 88' lang='lat' dir='ltr'><strong>posuit,ut,</strong></span> <span class='ocrx_word' id='word_1_576' title='bbox 1636 4585 1735 4640; x_wconf 88' lang='lat' dir='ltr'><strong>per</strong></span> <span class='ocrx_word' id='word_1_577' title='bbox 1979 4571 2045 4626; x_wconf 85' lang='lat' dir='ltr'><strong>In</strong></span> <span class='ocrx_word' id='word_1_578' title='bbox 2074 4571 2404 4627; x_wconf 81' lang='lat' dir='ltr'><strong>Pharaonem</strong></span> <span class='ocrx_word' id='word_1_579' title='bbox 2431 4581 2478 4626; x_wconf 88' lang='lat' dir='ltr'><strong>et</strong></span> <span class='ocrx_word' id='word_1_580' title='bbox 2501 4573 2553 4626; x_wconf 90' lang='lat' dir='ltr'><strong>in</strong></span> <span class='ocrx_word' id='word_1_581' title='bbox 2584 4587 2760 4626; x_wconf 88' lang='lat' dir='ltr'><strong>omnes</strong></span> <span class='ocrx_word' id='word_1_582' title='bbox 2794 4589 2964 4628; x_wconf 81' lang='lat' dir='ltr'><strong>servos</strong></span> <span class='ocrx_word' id='word_1_583' title='bbox 2993 4571 3130 4642; x_wconf 84' lang='lat' dir='ltr'><strong>ejus.</strong></span> 
     </span>
    </p>
   </div>
   <div class='ocr_carea' id='block_1_79' title="bbox 171 4657 3404 4752">
    <p class='ocr_par' dir='ltr' id='par_1_79' title="bbox 171 4657 3404 4752">
     <span class='ocr_line' id='line_1_80' title="bbox 171 4657 3404 4752; baseline 0.004 -42"><span class='ocrx_word' id='word_1_584' title='bbox 171 4657 336 4714; x_wconf 86' lang='lat' dir='ltr'><strong>laudis</strong></span> <span class='ocrx_word' id='word_1_585' title='bbox 380 4659 612 4714; x_wconf 90' lang='lat' dir='ltr'><strong>similem</strong></span> <span class='ocrx_word' id='word_1_586' title='bbox 635 4660 974 4729; x_wconf 89' lang='lat' dir='ltr'><strong>qualitatem,</strong></span> <span class='ocrx_word' id='word_1_587' title='bbox 1007 4671 1206 4715; x_wconf 54' lang='lat' dir='ltr'><strong>sancta!</strong></span> <span class='ocrx_word' id='word_1_588' title='bbox 1231 4659 1514 4716; x_wconf 87' lang='lat' dir='ltr'><strong>Trinitatis</strong></span> <span class='ocrx_word' id='word_1_589' title='bbox 1537 4659 1732 4714; x_wconf 91' lang='lat' dir='ltr'><strong>indivi-</strong></span> <span class='ocrx_word' id='word_1_590' title='bbox 1905 4679 1947 4737; x_wconf 72' lang='grc' dir='ltr'>ο</span> <span class='ocrx_word' id='word_1_591' title='bbox 1983 4680 2127 4738; x_wconf 50' lang='lat' dir='ltr'><strong>Misit</strong></span> <span class='ocrx_word' id='word_1_592' title='bbox 2175 4682 2349 4752; x_wconf 57' lang='lat' dir='ltr'><strong>signa,</strong></span> <span class='ocrx_word' id='word_1_593' title='bbox 2386 4681 2598 4751; x_wconf 69' lang='lat' dir='ltr'><strong>uuauuu</strong></span> <span class='ocrx_word' id='word_1_594' title='bbox 2629 4679 2680 4733; x_wconf 76' lang='lat' dir='ltr'><strong>iu</strong></span> <span class='ocrx_word' id='word_1_595' title='bbox 2729 4683 2981 4749; x_wconf 64' lang='lat' dir='ltr'><strong>passione</strong></span> <span class='ocrx_word' id='word_1_596' title='bbox 3025 4681 3225 4736; x_wconf 54' lang='lat' dir='ltr'><strong>Christi</strong></span> <span class='ocrx_word' id='word_1_597' title='bbox 3260 4691 3404 4735; x_wconf 62' lang='lat' dir='ltr'><strong>gem</strong></span> 
     </span>
    </p>
   </div>
   <div class='ocr_carea' id='block_1_80' title="bbox 172 4748 3410 4841">
    <p class='ocr_par' dir='ltr' id='par_1_80' title="bbox 172 4748 3410 4841">
     <span class='ocr_line' id='line_1_81' title="bbox 172 4748 3410 4841; baseline 0.005 -39"><span class='ocrx_word' id='word_1_598' title='bbox 172 4748 373 4803; x_wconf 86' lang='lat' dir='ltr'><strong>sibilem</strong></span> <span class='ocrx_word' id='word_1_599' title='bbox 410 4749 672 4804; x_wconf 89' lang='lat' dir='ltr'><strong>unitatem</strong></span> <span class='ocrx_word' id='word_1_600' title='bbox 703 4750 860 4804; x_wconf 86' lang='lat' dir='ltr'><strong>nobis</strong></span> <span class='ocrx_word' id='word_1_601' title='bbox 881 4751 1210 4805; x_wconf 89' lang='lat' dir='ltr'><strong>ostenderet.</strong></span> <span class='ocrx_word' id='word_1_602' title='bbox 1243 4750 1506 4818; x_wconf 89' lang='lat' dir='ltr'><strong>Quoniam</strong></span> <span class='ocrx_word' id='word_1_603' title='bbox 1538 4751 1731 4816; x_wconf 88' lang='lat' dir='ltr'><strong>bonus,</strong></span> <span class='ocrx_word' id='word_1_604' title='bbox 1838 4775 2078 4839; x_wconf 50' lang='lat' dir='ltr'><strong>tremuit,</strong></span> <span class='ocrx_word' id='word_1_605' title='bbox 2110 4748 2503 4841; x_wconf 43' lang='lat' dir='ltr'><strong>sua&#39;uisru&#39;plu</strong></span> <span class='ocrx_word' id='word_1_606' title='bbox 2540 4779 2684 4826; x_wconf 70' lang='lat' dir='ltr'><strong>sum,</strong></span> <span class='ocrx_word' id='word_1_607' title='bbox 2722 4748 2930 4825; x_wconf 67' lang='grc' dir='ltr'><strong>υεεωη,</strong></span> <span class='ocrx_word' id='word_1_608' title='bbox 2959 4779 3045 4824; x_wconf 69' lang='grc' dir='ltr'><strong>εει</strong></span> <span class='ocrx_word' id='word_1_609' title='bbox 3088 4771 3300 4840; x_wconf 70' lang='lat' dir='ltr'><strong>signum</strong></span> <span class='ocrx_word' id='word_1_610' title='bbox 3341 4769 3410 4823; x_wconf 79' lang='lat' dir='ltr'><strong>ab</strong></span> 
     </span>
    </p>
   </div>
   <div class='ocr_carea' id='block_1_81' title="bbox 172 4841 3409 4940">
    <p class='ocr_par' dir='ltr' id='par_1_81' title="bbox 172 4841 3409 4940">
     <span class='ocr_line' id='line_1_82' title="bbox 172 4841 3409 4940; baseline 0 -49"><span class='ocrx_word' id='word_1_611' title='bbox 172 4841 254 4908; x_wconf 88' lang='lat' dir='ltr'><strong>qui</strong></span> <span class='ocrx_word' id='word_1_612' title='bbox 288 4855 393 4894; x_wconf 90' lang='lat' dir='ltr'><strong>non</strong></span> <span class='ocrx_word' id='word_1_613' title='bbox 421 4841 594 4895; x_wconf 88' lang='lat' dir='ltr'><strong>solum</strong></span> <span class='ocrx_word' id='word_1_614' title='bbox 625 4842 801 4896; x_wconf 90' lang='lat' dir='ltr'><strong>bonus</strong></span> <span class='ocrx_word' id='word_1_615' title='bbox 826 4841 918 4896; x_wconf 90' lang='lat' dir='ltr'><strong>sed</strong></span> <span class='ocrx_word' id='word_1_616' title='bbox 949 4842 1200 4910; x_wconf 87' lang='lat' dir='ltr'><strong>optimus.</strong></span> <span class='ocrx_word' id='word_1_617' title='bbox 1239 4841 1474 4896; x_wconf 87' lang='lat' dir='ltr'><strong>Psallere</strong></span> <span class='ocrx_word' id='word_1_618' title='bbox 1510 4855 1637 4896; x_wconf 85' lang='lat' dir='ltr'><strong>vero</strong></span> <span class='ocrx_word' id='word_1_619' title='bbox 1665 4841 1734 4896; x_wconf 92' lang='lat' dir='ltr'><strong>ad</strong></span> <span class='ocrx_word' id='word_1_620' title='bbox 1836 4883 1916 4924; x_wconf 62' lang='lat' dir='ltr'><strong>eo</strong></span> <span class='ocrx_word' id='word_1_621' title='bbox 1931 4867 2072 4940; x_wconf 62' lang='lat' dir='ltr'><strong>quod</strong></span> <span class='ocrx_word' id='word_1_622' title='bbox 2100 4864 2386 4935; x_wconf 51' lang='lat' dir='ltr'><strong>signiﬁca,</strong></span> <span class='ocrx_word' id='word_1_623' title='bbox 2410 4862 2548 4916; x_wconf 45' lang='lat' dir='ltr'><strong>sicut</strong></span> <span class='ocrx_word' id='word_1_624' title='bbox 2581 4861 2813 4931; x_wconf 49' lang='lat' dir='ltr'><strong>vestigio</strong></span> <span class='ocrx_word' id='word_1_625' title='bbox 2841 4863 2976 4920; x_wconf 50' lang='lat' dir='ltr'><strong>viso.</strong></span> <span class='ocrx_word' id='word_1_626' title='bbox 3006 4860 3266 4914; x_wconf 52' lang='lat' dir='ltr'><strong>transisse</strong></span> <span class='ocrx_word' id='word_1_627' title='bbox 3295 4857 3409 4910; x_wconf 61' lang='lat' dir='ltr'><strong>aui-</strong></span> 
     </span>
    </p>
   </div>
   <div class='ocr_carea' id='block_1_82' title="bbox 173 4928 3413 5027">
    <p class='ocr_par' dir='ltr' id='par_1_82' title="bbox 173 4928 3413 5027">
     <span class='ocr_line' id='line_1_83' title="bbox 173 4928 3413 5027; baseline 0.006 -45"><span class='ocrx_word' id='word_1_628' title='bbox 173 4928 336 4983; x_wconf 87' lang='lat' dir='ltr'><strong>bonas</strong></span> <span class='ocrx_word' id='word_1_629' title='bbox 371 4932 713 5000; x_wconf 88' lang='lat' dir='ltr'><strong>operationes</strong></span> <span class='ocrx_word' id='word_1_630' title='bbox 743 4931 990 5000; x_wconf 87' lang='lat' dir='ltr'><strong>corporis</strong></span> <span class='ocrx_word' id='word_1_631' title='bbox 1023 4928 1275 4996; x_wconf 81' lang='lat' dir='ltr'><strong>refertur,</strong></span> <span class='ocrx_word' id='word_1_632' title='bbox 1305 4937 1360 4984; x_wconf 90' lang='lat' dir='ltr'><strong>ut</strong></span> <span class='ocrx_word' id='word_1_633' title='bbox 1387 4931 1439 4984; x_wconf 92' lang='lat' dir='ltr'><strong>in</strong></span> <span class='ocrx_word' id='word_1_634' title='bbox 1468 4930 1570 4984; x_wconf 89' lang='lat' dir='ltr'><strong>hac</strong></span> <span class='ocrx_word' id='word_1_635' title='bbox 1598 4944 1732 4983; x_wconf 87' lang='lat' dir='ltr'><strong>eou-</strong></span> <span class='ocrx_word' id='word_1_636' title='bbox 1839 4928 2125 5026; x_wconf 64' lang='lat' dir='ltr'><strong>mal&#39;cujus</strong></span> <span class='ocrx_word' id='word_1_637' title='bbox 2147 4928 2432 5027; x_wconf 57' lang='grc' dir='ltr'><strong>ξρειίείυηι</strong></span> <span class='ocrx_word' id='word_1_638' title='bbox 2475 4962 2557 5007; x_wconf 75' lang='lat' dir='ltr'><strong>est</strong></span> <span class='ocrx_word' id='word_1_639' title='bbox 2601 4928 2928 5022; x_wconf 69' lang='lat' dir='ltr'><strong>cogitamus,</strong></span> <span class='ocrx_word' id='word_1_640' title='bbox 2968 4950 3218 5018; x_wconf 84' lang='lat' dir='ltr'><strong>prodigia</strong></span> <span class='ocrx_word' id='word_1_641' title='bbox 3263 4946 3413 5015; x_wconf 83' lang='lat' dir='ltr'><strong>quasi</strong></span> 
     </span>
    </p>
   </div>
   <div class='ocr_carea' id='block_1_83' title="bbox 177 5021 3417 5121">
    <p class='ocr_par' dir='ltr' id='par_1_83' title="bbox 177 5021 3417 5121">
     <span class='ocr_line' id='line_1_84' title="bbox 177 5021 3417 5121; baseline 0.005 -51"><span class='ocrx_word' id='word_1_642' title='bbox 177 5021 463 5078; x_wconf 82' lang='lat' dir='ltr'><strong>versatione</strong></span> <span class='ocrx_word' id='word_1_643' title='bbox 493 5023 782 5077; x_wconf 90' lang='lat' dir='ltr'><strong>Dominum</strong></span> <span class='ocrx_word' id='word_1_644' title='bbox 813 5023 1098 5077; x_wconf 88' lang='lat' dir='ltr'><strong>videamur</strong></span> <span class='ocrx_word' id='word_1_645' title='bbox 1135 5021 1202 5076; x_wconf 90' lang='lat' dir='ltr'><strong>de</strong></span> <span class='ocrx_word' id='word_1_646' title='bbox 1234 5031 1413 5077; x_wconf 85' lang='lat' dir='ltr'><strong>nostra</strong></span> <span class='ocrx_word' id='word_1_647' title='bbox 1463 5021 1736 5092; x_wconf 87' lang='lat' dir='ltr'><strong>probitate</strong></span> <span class='ocrx_word' id='word_1_648' title='bbox 1839 5064 2002 5121; x_wconf 64' lang='lat' dir='ltr'><strong>porro</strong></span> <span class='ocrx_word' id='word_1_649' title='bbox 2030 5021 2192 5114; x_wconf 41' lang='grc' dir='ltr'><strong>δεθείη</strong></span> <span class='ocrx_word' id='word_1_650' title='bbox 2228 5021 2312 5101; x_wconf 62' lang='lat' dir='ltr'><strong>id&#39;</strong></span> <span class='ocrx_word' id='word_1_651' title='bbox 2335 5052 2439 5107; x_wconf 56' lang='grc' dir='ltr'><strong>εει,</strong></span> <span class='ocrx_word' id='word_1_652' title='bbox 2489 5043 2646 5112; x_wconf 68' lang='lat' dir='ltr'><strong>longe</strong></span> <span class='ocrx_word' id='word_1_653' title='bbox 2680 5021 3089 5110; x_wconf 22' lang='lat' dir='ltr'><strong>’pmdiccmia;</strong></span> <span class='ocrx_word' id='word_1_654' title='bbox 3141 5053 3262 5108; x_wconf 69' lang='lat' dir='ltr'><strong>quae</strong></span> <span class='ocrx_word' id='word_1_655' title='bbox 3293 5045 3417 5088; x_wconf 83' lang='lat' dir='ltr'><strong>tunc</strong></span> 
     </span>
    </p>
   </div>
   <div class='ocr_carea' id='block_1_84' title="bbox 176 5107 3418 5204">
    <p class='ocr_par' dir='ltr' id='par_1_84' title="bbox 176 5107 3418 5204">
     <span class='ocr_line' id='line_1_85' title="bbox 176 5107 3418 5204; baseline -0.005 -11"><span class='ocrx_word' id='word_1_656' title='bbox 176 5107 403 5166; x_wconf 63' lang='lat' dir='ltr'><strong>laudare“</strong></span> <span class='ocrx_word' id='word_1_657' title='bbox 1839 5107 1993 5204; x_wconf 72' lang='lat' dir='ltr'><strong>iacit,</strong></span> <span class='ocrx_word' id='word_1_658' title='bbox 2023 5154 2144 5193; x_wconf 91' lang='lat' dir='ltr'><strong>cum</strong></span> <span class='ocrx_word' id='word_1_659' title='bbox 2171 5107 2378 5192; x_wconf 80' lang='lat' dir='ltr'><strong>animas</strong></span> <span class='ocrx_word' id='word_1_660' title='bbox 2399 5107 2716 5199; x_wconf 43' lang='lat' dir='ltr'><strong>ﬁdelcs&#39;per—</strong></span> <span class='ocrx_word' id='word_1_661' title='bbox 2748 5131 2931 5200; x_wconf 89' lang='lat' dir='ltr'><strong>aliqua</strong></span> <span class='ocrx_word' id='word_1_662' title='bbox 2952 5126 3107 5194; x_wconf 86' lang='lat' dir='ltr'><strong>signa</strong></span> <span class='ocrx_word' id='word_1_663' title='bbox 3143 5107 3418 5194; x_wconf 66' lang='lat' dir='ltr'><strong>praemissa</strong></span> 
     </span>
    </p>
   </div>
   <div class='ocr_carea' id='block_1_85' title="bbox 180 5211 3420 5312">
    <p class='ocr_par' dir='ltr' id='par_1_85' title="bbox 180 5211 3420 5312">
     <span class='ocr_line' id='line_1_86' title="bbox 180 5211 3420 5312; baseline -0.002 -37"><span class='ocrx_word' id='word_1_664' title='bbox 180 5221 210 5275; x_wconf 76' lang='grc' dir='ltr'>ι</span> <span class='ocrx_word' id='word_1_665' title='bbox 309 5223 557 5288; x_wconf 84' lang='lat' dir='ltr'><strong>Quoniam</strong></span> <span class='ocrx_word' id='word_1_666' title='bbox 583 5226 752 5282; x_wconf 75' lang='lat' dir='ltr'><strong>Iacob</strong></span> <span class='ocrx_word' id='word_1_667' title='bbox 777 5226 923 5297; x_wconf 84' lang='lat' dir='ltr'><strong>elegit</strong></span> <span class='ocrx_word' id='word_1_668' title='bbox 951 5220 1329 5284; x_wconf 15' lang='lat' dir='ltr'><strong>sibi‘Dominus</strong></span> <span class='ocrx_word' id='word_1_669' title='bbox 1840 5230 2124 5292; x_wconf 84' lang='lat' dir='ltr'><strong>convertit.</strong></span> <span class='ocrx_word' id='word_1_670' title='bbox 2169 5229 2380 5295; x_wconf 77' lang='lat' dir='ltr'><strong>Pharao</strong></span> <span class='ocrx_word' id='word_1_671' title='bbox 2425 5222 2695 5291; x_wconf 82' lang='lat' dir='ltr'><strong>dissipatio</strong></span> <span class='ocrx_word' id='word_1_672' title='bbox 2747 5211 3420 5312; x_wconf 22' lang='lat' dir='ltr'><strong>interpretatur-uetuit!-</strong></span> 
     </span>
    </p>
   </div>
   <div class='ocr_carea' id='block_1_86' title="bbox 307 5303 3423 5370">
    <p class='ocr_par' dir='ltr' id='par_1_86' title="bbox 307 5303 3423 5370">
     <span class='ocr_line' id='line_1_87' title="bbox 307 5303 3423 5370; baseline -0.002 0"><span class='ocrx_word' id='word_1_673' title='bbox 307 5317 471 5370; x_wconf 78' lang='lat' dir='ltr'><strong>Israel</strong></span> <span class='ocrx_word' id='word_1_674' title='bbox 496 5324 549 5370; x_wconf 84' lang='lat' dir='ltr'><strong>in</strong></span> <span class='ocrx_word' id='word_1_675' title='bbox 583 5322 957 5370; x_wconf 67' lang='lat' dir='ltr'><strong>possessionem</strong></span> <span class='ocrx_word' id='word_1_676' title='bbox 987 5317 1114 5370; x_wconf 79' lang='lat' dir='ltr'><strong>sibi.</strong></span> <span class='ocrx_word' id='word_1_677' title='bbox 1839 5324 2021 5370; x_wconf 80' lang='lat' dir='ltr'><strong>lmlnm</strong></span> <span class='ocrx_word' id='word_1_678' title='bbox 2067 5319 2358 5370; x_wconf 64' lang='lat' dir='ltr'><strong>signiﬁcat.</strong></span> <span class='ocrx_word' id='word_1_679' title='bbox 2394 5313 2450 5367; x_wconf 71' lang='lat' dir='ltr'><strong>in</strong></span> <span class='ocrx_word' id='word_1_680' title='bbox 2500 5325 2688 5366; x_wconf 86' lang='lat' dir='ltr'><strong>omnes</strong></span> <span class='ocrx_word' id='word_1_681' title='bbox 2735 5323 2926 5363; x_wconf 86' lang='lat' dir='ltr'><strong>servos</strong></span> <span class='ocrx_word' id='word_1_682' title='bbox 2953 5303 3093 5370; x_wconf 68' lang='lat' dir='ltr'><strong>eius.</strong></span> <span class='ocrx_word' id='word_1_683' title='bbox 3137 5303 3194 5356; x_wconf 72' lang='lat' dir='ltr'><strong>id</strong></span> <span class='ocrx_word' id='word_1_684' title='bbox 3224 5310 3326 5364; x_wconf 67' lang='grc' dir='ltr'><strong>θείς</strong></span> <span class='ocrx_word' id='word_1_685' title='bbox 3370 5303 3423 5354; x_wconf 61' lang='lat' dir='ltr'><strong>in</strong></span> 
     </span>
    </p>
   </div>
  </div>
