3994 5370
569 381 669 438 ιετ

572 502 661 559 ω’
709 497 811 565 Qut
833 490 1085 566 percussit
1112 493 1286 559 gentes
1315 479 1508 536 multas
1524 494 1544 532 :

712 591 782 646 Et
814 586 1002 643 occidit
1030 584 1170 651 reges
1200 579 1377 649 fortes.

562 707 571 712 ’
642 703 683 758 C
717 700 939 761 Gentes,
977 694 1107 749 dicit
1144 701 1389 745 catervas
1432 682 1707 737 vitiorum.
1759 675 1867 731 Has
1902 669 2151 746 percuti-

575 812 720 857 mus,
748 789 963 862 quando
1003 781 1375 839 satisfactione
1420 792 1515 845 per
1553 769 1929 842 pmnitentiam
1964 765 2153 819 vulne-

573 857 788 946 ramus;
823 878 964 948 quod
992 874 1133 928 enim
1167 881 1243 925 est
1289 869 1393 922 illis
1422 865 1639 926 vulnus,
1667 859 1823 914 nobis
1862 857 2008 911 salus
2051 861 2153 907 est.

577 976 753 1042 Reges
778 945 970 1031 fortes,
1001 965 1227 1036 spiritus
1256 957 1561 1015 iuunnndos
1601 953 1752 1018 dicit,
1781 964 1917 1019 quos
1955 945 2158 1001 occidit

576 1038 858 1127 Dominus,
886 1077 1005 1117 cum
1036 1075 1134 1113 nos
1159 1054 1384 1110 mundat
1412 1067 1442 1104 a
1469 1046 1700 1111 delictis,
1732 1055 1785 1100 et
1812 1043 1932 1097 illos
1972 1038 2103 1094 facit
2127 1051 2158 1091 a

484 1226 496 1237 ο
577 1160 734 1214 nobis
764 1165 1073 1210 extraneos.

578 1269 639 1323 11
719 1265 892 1322 Sehon
920 1276 1087 1331 regem
1115 1256 1538 1312 Amorrhteorum
1569 1259 1615 1304 et
1643 1248 1722 1320 Og
1742 1261 1912 1317 regem
1937 1242 2118 1298 Basan
2138 1258 2159 1298 :

728 1355 792 1409 Et
814 1356 989 1407 omnia
1019 1365 1177 1418 regna
1200 1346 1476 1401 Chanaan.

652 1468 694 1525 C
706 1467 883 1523 Selion
901 1465 1284 1530 interpretatur
1299 1455 1512 1511 tentatio
1528 1467 1821 1522 acinorum;
1836 1444 2136 1502 Amorrluei
2148 1485 2163 1509 ,

583 1560 951 1615 amaricantes.
982 1552 1121 1606 Vere
1150 1565 1335 1603 amara
1358 1554 1484 1601 sunt
1510 1544 1661 1607 vitia,
1691 1557 1812 1611 qute
1840 1544 1939 1594 nos
1978 1538 2045 1591 ab
2078 1535 2167 1589 illa

583 1649 921 1708 beatitudine
946 1642 1338 1717 jucundissima
1373 1638 1668 1692 deducunt.
1702 1633 1827 1687 Ihec
1858 1632 2059 1686 haheut
2081 1644 2169 1682 re-

587 1758 707 1814 gem
736 1738 1028 1800 diabolum,
1076 1736 1166 1805 qui
1217 1743 1301 1787 est
1335 1730 1563 1786 tentatio
1602 1727 1908 1788 oculorum,
1954 1722 2169 1792 quando

586 1813 647 1888 se
676 1831 1026 1887 transformat
1054 1827 1105 1880 in
1137 1823 1387 1895 angelum
1420 1820 1557 1874 lucis
1585 1816 1671 1887 (II
1701 1815 1823 1871 Cor.
1859 1813 1958 1884 χι),
1990 1822 2047 1865 ιιι
2077 1826 2171 1880 per

587 1928 822 1998 speciem
868 1923 993 1978 boui
1039 1922 1261 1975 devotos
1313 1914 1567 1984 decipiat.
1600 1912 1706 1966 Ista
1760 1910 1900 1963 Deus
1946 1904 2168 1968 occidit,

589 1997 804 2089 quando
841 2031 939 2069 nos
969 2028 999 2068 a
1031 2012 1215 2067 talium
1267 2008 1530 2062 servitute
1574 2000 1887 2056 liberaverit.
1923 1997 2021 2066 Og,
2045 2011 2171 2049 con-

592 2110 791 2172 clusio;
824 2108 1022 2169 Basan,
1069 2100 1309 2172 confusio
1364 2098 1771 2164 interpretatur.
1824 2089 2014 2143 Merito
2045 2099 2174 2155 ergo

593 2201 927 2259 confusionis
955 2214 1049 2253 rex
1077 2193 1352 2251 conclusio
1376 2191 1711 2261 perhibetur.
1745 2184 2000 2240 Diabolus
2028 2182 2175 2236 enim

596 2293 753 2348 nobis
783 2289 1046 2344 conclusit
1074 2299 1298 2355 regnum
1342 2281 1583 2345 caeleste,
1627 2287 1681 2332 ct
1722 2277 1774 2331 in
1802 2273 2178 2329 confusionem

597 2381 812 2450 deiecit.
860 2380 905 2433 11
945 2378 1228 2440 Chanaan,
1271 2373 1548 2428 commotio
1600 2370 2007 2437 interpretatur,
2051 2362 2178 2432 quia

600 2471 798 2535 diaboli
858 2469 947 2524 illa
1005 2481 1169 2538 regna
1228 2469 1572 2519 commovent
1625 2473 1722 2514 nos
1750 2474 1780 2510 a
1813 2457 1940 2511 Deo.
1980 2453 2021 2509 C
2053 2453 2182 2520 Quae

599 2566 691 2623 ille
739 2563 958 2628 occidit,
989 2561 1082 2631 qui
1127 2572 1344 2614 crucem
1393 2571 1491 2626 pro
1548 2551 1790 2608 omnium
1839 2547 2013 2605 salute
2060 2560 2184 2601 sus-

605 2655 771 2726 cepit.

602 2769 672 2824 12
742 2766 812 2821 Et
843 2765 987 2821 dedit
1027 2774 1220 2818 terram
1250 2773 1432 2815 eorum
1460 2754 1824 2810 [nereditatem
1848 2763 1868 2803 :

757 2856 1133 2911 Ilteretlitatem
1162 2850 1332 2906 Israel
1351 2847 1539 2920 populo
1574 2862 1692 2900 suo.

679 2964 925 3029 CTerra,
944 2964 1030 3019 illa
1057 2971 1323 3031 estquam
1346 2960 1461 3014 sine
1483 2957 1645 3012 dubio
1658 2954 1956 3011 Christiani
1986 2961 2189 3010 aatema

605 3076 743 3133 pace
777 3058 1127 3130 possidebunt
1157 3056 1209 3109 in
1235 3053 1627 3108 hereditatem.
1659 3050 1784 3104 Ideo
1806 3048 1975 3112 addit,
2013 3049 2190 3101 luere-

610 3154 837 3209 ditatem
863 3148 1024 3204 Israel
1052 3146 1246 3218 populo
1268 3161 1396 3209 suo;
1431 3143 1535 3198 ista
1558 3158 1687 3212 ergo
1713 3140 1998 3196 luereditas
2024 3137 2194 3192 beati-

610 3243 813 3299 tudinis
842 3252 925 3296 est
976 3241 1090 3309 ipsa
1138 3237 1492 3308 perpetuitas,
1543 3233 1587 3288 ll
1640 3236 1692 3288 in
1742 3247 1905 3305 quam
1953 3246 2051 3286 nos
2095 3245 2193 3285 sua
2222 3240 2267 3300 ε

613 3333 785 3404 gratia
817 3331 1033 3387 ascivit.

613 3447 683 3503 15
752 3446 974 3501 Domine
996 3460 1183 3498 nomen
1212 3451 1361 3496 tuum
1395 3441 1449 3494 in
1479 3448 1729 3503 teternum
1757 3449 1777 3491 .'

759 3537 1003 3601 Domine,
1048 3533 1352 3589 memoriale
1398 3542 1545 3585 tuum
1581 3531 1637 3583 in
1666 3528 2003 3600 generatione
2032 3534 2080 3580 et
2118 3540 2203 3596 ge—

831 3630 1177 3684 nerationem.
1264 3688 1271 3693 Α

688 3723 732 3779 C
756 3722 1022 3778 Precatur
1049 3734 1201 3789 ergo,
1251 3725 1311 3773 ut
1342 3718 1580 3772 humano
1629 3713 1812 3785 generi
1845 3727 2041 3767 nomen
2086 3710 2204 3780 ejus

621 3829 838 3883 semper
894 3813 1089 3866 debeat
1144 3820 1462 3880 permanere
1517 3817 1786 3874 quatenus
1843 3805 1910 3857 ah
1968 3803 2204 3856 adventu

623 3906 825 3963 Christi
865 3918 1037 3973 usque
1084 3902 1150 3955 ad
1192 3902 1352 3954 ﬁnem
1385 3897 1565 3953 saeculi
1600 3911 1814 3965 semper
1845 3894 1948 3948 dici
1997 3902 2051 3948 et
2089 3906 2209 3947 esse

624 3998 858 4054 debeant
882 3993 1199 4052 Christiani.
1243 3992 1287 4045 ll
1321 3991 1441 4057 Vel,
1485 3990 1574 4043 illo
1606 3988 1824 4044 nomine
1854 3987 1905 4041 in
1947 3995 2209 4040 azternum

623 4095 996 4159 permanente,
1044 4086 1147 4140 hoc
1182 4082 1339 4138 nobis
1388 4081 1458 4135 sit
1510 4079 1800 4134 haereditas
1851 4076 2207 4147 sempiterna.

628 4179 670 4236 C
698 4177 1007 4233 Memoriale
1054 4175 1147 4230 Dei
1190 4183 1275 4229 est
1301 4171 1560 4243 quidquid
1592 4170 1644 4224 in
1677 4167 1975 4237 Scripturis
2006 4163 2213 4220 sanctis

627 4269 1051 4325 commonitione
1112 4264 1498 4320 saluberrrima
1565 4260 1893 4315 continetur.
1943 4255 2213 4312 Saeculum

633 4359 816 4414 smculi
846 4358 1118 4428 significat
1151 4356 1291 4411 diem
1339 4353 1761 4423 sempiternum;
1798 4349 1886 4402 ubi
1926 4347 2071 4401 enim
2117 4358 2217 4399 nos

632 4450 939 4513 habemus,
991 4448 1338 4519 generatione
1382 4454 1437 4501 et
1486 4443 1857 4516 generatione,
1909 4434 2215 4494 Cassiodori

634 4540 919 4595 translatio
948 4539 1131 4601 habet,
1159 4539 1213 4592 in
1240 4536 1493 4591 sacculum
1525 4534 1728 4590 saeculi.
1759 4533 1804 4586 ll
1837 4530 1951 4594 Vel,
1993 4542 2218 4600 genera-

1454 360 1513 417 8.
1554 351 1902 417 BRUNONS
1941 341 2486 407 HERBIPOLENSIS
2521 336 2828 397 EPISCOP!
3200 404 3203 407 b

2175 470 2229 530 Α
2256 457 2325 516 15
2396 454 2694 513 Simulacra
2719 451 2952 524 gentium
2988 455 3261 518 argentum
3289 450 3337 501 et
3367 456 3596 497 aurum:

3733 318 3831 379 ιδε

2405 549 2577 619 Opera
2604 560 2857 602 manuum
2887 541 3178 597 hominum.

2284 720 2285 727 η
2320 663 2363 721 C
2398 664 2759 733 Dcsignantur
2787 666 2965 712 autem
3003 654 3095 709 hic
3116 649 3403 707 simulacra
3423 662 3522 719 per
3543 646 3681 701 illud
3701 645 3838 702 unde

2258 764 2407 819 sunt,
2436 755 2486 809 id
2512 763 2592 808 cst
2620 767 2812 805 aurum
2835 757 2890 803 et
2915 756 3216 814 argentum,
3244 740 3609 802 metallorum,
3634 738 3836 793 scilicet

2262 847 2525 918 qualitate
2556 843 2809 905 formata,
2837 841 2904 895 ad
2931 838 3238 892 irrisioncm
3261 831 3522 902 gentium.
3544 829 3693 882 Bene
3706 828 3838 883 etum

2258 938 2489 1008 gentiles
2536 934 2852 994 irridentur,
2902 945 3025 984 cum
3078 933 3269 997 putant
3313 926 3441 978 deos
3477 936 3608 975 suos
3646 920 3839 973 homini

2259 1040 2526 1103 praestare
2551 1028 2692 1096 quod
2730 1025 2950 1095 capiunt
2993 1023 3061 1075 ab
3106 1010 3341 1080 homine,
3385 1016 3597 1069 scilicet
3637 1027 3840 1074 aurum,

2264 1132 2572 1193 argentum,
2589 1130 2693 1174 etc.
2715 1118 2901 1172 Melius
2924 1114 3067 1169 enim
3083 1110 3425 1165 consulerent
3453 1107 3558 1160 sibi
3583 1105 3839 1166 homines,

2263 1232 2326 1271 ea
2364 1215 2708 1284 frangentes;
2751 1221 2878 1265 tunc
2902 1208 3046 1264 enim
3075 1205 3279 1274 aliquid
3312 1209 3563 1272 prosunt,
3598 1197 3646 1251 si
3673 1199 3737 1251 ad
3764 1210 3844 1264 pe-

2263 1308 2454 1361 cunias
2491 1303 2753 1357 translata
2779 1301 3130 1355 descendunt.
3164 1294 3317 1350 Unde
3345 1294 3493 1345 Deus
3520 1305 3719 1343 eorum
3750 1302 3844 1341 non

2265 1396 2487 1452 exaudit
2524 1395 2750 1463 integer,
2783 1392 2876 1447 sed
2908 1396 3131 1460 prmstat
3163 1382 3722 1457 potius'inuninutus.

2268 1508 2336 1563 16
2410 1508 2483 1562 0s
2511 1508 2699 1561 habent
2722 1516 2769 1559 et
2796 1521 2899 1558 non
2930 1503 3240 1573 loquentur:

2413 1598 2606 1653 Oculos
2635 1597 2821 1650 habent
2849 1604 2895 1649 et
2928 1611 3031 1647 non
3054 1592 3321 1646 videbunt.

2340 1692 2381 1748 (ἶ
2410 1692 2548 1760 Quid
2578 1691 2797 1761 prodest
2824 1704 2886 1741 os
2909 1688 3051 1756 quod
3077 1702 3183 1739 non
3209 1680 3484 1752 loquitur?
3508 1679 3644 1750 quid
3671 1678 3844 1733 oculos

2273 1786 2362 1857 qui
2398 1800 2501 1838 non
2526 1782 2708 1837 videt?
2745 1777 3017 1835 Vocabula
3046 1778 3189 1833 enim
3214 1783 3339 1831 sunt
3360 1789 3522 1838 vana,
3553 1786 3669 1826 non
3689 1771 3847 1826 ofﬁcia

2201 1859 2247 1918 Β
2275 1878 2576 1950 profutura.

2278 1971 2343 2026 Π
2416 1970 2583 2023 Aures
2606 1966 2793 2020 habent
2822 1973 2869 2019 et
2901 1980 3003 2019 non
3028 1962 3242 2015 audient

2420 2059 2602 2129 Neque
2626 2059 2763 2110 enim
2792 2067 2864 2110 est
2889 2054 3104 2126 spiritus
3128 2053 3182 2105 in
3206 2066 3295 2105 ore
3316 2050 3570 2120 ipsorum.

2346 2151 2388 2208 C
2409 2150 2547 2219 Quid
2579 2149 2797 2219 prodest
2827 2124 2975 2200 auris
3015 2160 3133 2214 quae
3186 2157 3290 2196 non
3322 2137 3511 2195 audit?
3539 2124 3677 2208 quid
3707 2147 3849 2190 nares

2282 2262 2403 2316 qua:
2449 2260 2555 2298 non
2602 2239 2866 2296 odorant?
2900 2238 3116 2292 nomina
3161 2250 3297 2288 vana
3347 2234 3465 2287 sine
3516 2233 3703 2287 rebus.
3739 2243 3853 2297 prte-

2283 2333 2519 2403 sumptio
2550 2332 2774 2386 caduca.
2806 2328 2939 2395 Qua:
2971 2326 3181 2380 utilitas
3221 2338 3414 2378 manus
3456 2337 3577 2391 qum
3633 2336 3732 2373 non
3760 2318 3853 2387 pal-

2283 2425 2412 2499 pat?
2437 2424 2563 2494 quid
2607 2439 2703 2494 pes
2739 2420 2831 2491 qui
2880 2435 2986 2474 non
3040 2414 3326 2472 movetur?
3360 2412 3487 2483 quid
3522 2421 3708 2480 guttur
3734 2408 3855 2478 quod

2287 2533 2396 2572 non
2427 2514 2617 2570 sonat?
2648 2513 2807 2566 noxia
2834 2519 2959 2564 sunt
2988 2507 3368 2566 deliramenta,
3400 2518 3507 2557 non
3554 2501 3757 2555 veritas
3781 2500 3855 2552 lir-

2288 2620 2396 2660 ma.
2421 2602 2649 2657 Abunde
2673 2601 2816 2655 enim
2848 2598 3087 2670 gentium
3116 2594 3409 2650 simulacra
3453 2591 3641 2647 derisa
3664 2596 3799 2646 sunt.

2323 2717 2357 2774 8
2431 2715 2637 2771 Similes
2668 2713 2774 2767 illis
2803 2712 2932 2780 ﬁant
2962 2711 3052 2782 qui
3083 2709 3287 2779 faciunt
3319 2722 3417 2762 ea:

2439 2823 2503 2864 -εν
2542 2806 2609 2860 Ει
2650 2806 2670 2876 ζ
2701 2821 2877 2859 omnes
2900 2804 2990 2874 qui
3018 2790 3288 2870 conﬁdunt
3320 2801 3375 2852 in
3404 2799 3501 2852 eis.

2363 2900 2403 2956 C
2434 2901 2661 2969 Dignum
2712 2908 2796 2951 est
2824 2896 2968 2950 enim
3020 2902 3078 2946 ut
3125 2898 3350 2946 careant
3393 2888 3610 2943 collatis
3638 2885 3857 2943 sensibus

2296 2993 2387 3062 qui
2419 2993 2553 3045 deos
2595 2992 2902 3044 insensatos
2941 2985 3160 3040 sibimet
3198 2982 3514 3062 elTeceruut.
3568 2982 3639 3035 Et
3682 2982 3860 3034 intuere

2294 3087 2552 3158 quoniam
2600 3083 2954 3138 fabricatores
3001 3089 3057 3133 et
3100 3057 3348 3132 cultores,
3377 3089 3571 3128 omnes
3620 3073 3859 3127 idolorum

2299 3194 2403 3231 una
2434 3174 2813 3245 complectitur
2849 3170 3210 3233 damnatione,
3240 3168 3367 3221 dum
3390 3165 3543 3230 dicit,
3568 3166 3666 3235 qui
3686 3163 3862 3219 faciunt

2298 3278 2353 3322 et
2376 3266 2470 3337 qui
2501 3265 2780 3320 conﬁdunt
2812 3263 2864 3315 in
2901 3263 2999 3316 eis.

2300 3381 2368 3438 i9
2439 3379 2639 3435 Domus
2676 3376 2820 3431 Irael
2852 3375 3137 3430 benedicite
3169 3372 3430 3427 Domino:

2442 3471 2639 3524 Domus
2666 3470 2868 3532 Aaron,
2902 3466 3186 3520 benedicite
3217 3465 3459 3519 Domino.

2370 3562 2412 3619 C
2439 3561 2709 3617 Admouet
2730 3560 2817 3614 hic
2842 3568 2901 3612 ut
2930 3574 3057 3619 vero
3090 3557 3313 3611 Domino
3338 3555 3572 3610 debeant
3599 3563 3867 3624 personare

2307 3655 2496 3710 laudes
2528 3653 2786 3708 ﬁdelium.
2822 3652 2924 3706 Per
2969 3649 3159 3713 Israel,
3187 3648 3365 3702 omnis
3406 3646 3591 3715 justus
3621 3643 3866 3717 signiﬁca-

2308 3758 2397 3802 tur
2431 3747 2522 3815 qui
2554 3745 2733 3798 divina
2775 3741 3230 3811 contemplatione
3253 3738 3578 3810 gratulatur.
3606 3736 3668 3791 In
3690 3738 3865 3797 Aaron,

2308 3839 2618 3894 sacerdotes
2648 3834 2820 3890 sancti
2855 3832 3252 3904 signiﬁcantur.

2310 3951 2381 4006 20
2455 3949 2655 4004 Domus
2685 3946 2805 4002 Leei
2837 3946 3119 4000 benedirite
3144 3944 3368 3998 Domino
3389 3960 3411 3995 :

2457 4042 2560 4107 Qui
2589 4040 2779 4093 timetis
2820 4038 3124 4101 Dominum,
3162 4036 3443 4090 benedieite
3472 4033 3723 4087 Domino.

2385 4134 2426 4189 C
2472 4133 2527 4187 In
2564 4131 2690 4187 Levi
2718 4131 2904 4193 etiam,
2934 4129 3105 4183 sancti
3139 4125 3401 4187 ministri,
3456 4123 3505 4179 id
3555 4134 3643 4177 est
3691 4115 3871 4177 diaconi

2320 4227 2730 4297 signiﬁcantur;
2762 4222 2826 4275 ad
2869 4229 3224 4290 postremum,
3253 4215 3343 4286 qui
3370 4216 3600 4269 Domino
3648 4215 3700 4267 in
3727 4208 3871 4281 quali-

2316 4316 2408 4371 bet
2442 4314 2854 4371 conversatione
2906 4309 3256 4364 famulantur.
3311 4304 3404 4360 Sic
3456 4304 3638 4359 omnis
3677 4300 3873 4372 populus

2320 4409 2430 4464 Deo
2467 4408 2692 4461 devotus
2716 4420 2811 4476 per
2841 4404 3086 4458 diversas
3110 4409 3294 4471 partes
3322 4398 3489 4452 Deum
3522 4396 3735 4452 laudate
3760 4404 3872 4463 prat-

2321 4502 2536 4571 cipitur.

636 4630 783 4685 tione
795 4640 845 4684 ct
861 4630 1232 4699 generatione,
1248 4626 1457 4682 scilicet
1475 4625 1781 4680 Judteorum
1804 4633 1860 4678 et
1886 4621 2223 4677 Christiano-
2248 4607 2299 4667 D
2322 4617 2388 4672 21
2464 4614 2775 4673 Benedictus
2799 4612 3049 4667 Dominus
3075 4626 3141 4665 ea:
3166 4607 3332 4666 Sion:

637 4739 782 4803 rum,
801 4733 879 4786 ut,
913 4720 1055 4789 quod
1080 4718 1416 4789 legisumbra
1442 4716 1828 4786 prmﬁguravit,
1858 4714 1911 4767 in
1935 4711 2227 4784 Evangelio

2472 4706 2573 4771 Qui
2600 4705 2801 4759 habitat
2839 4704 2893 4757 in
2920 4700 3277 4756 Hierusalem.

2400 4798 2442 4855 C
2466 4798 2783 4854 Benedictus
2826 4794 3089 4851 Dominus
3114 4833 3129 4858 ,
3164 4793 3216 4847 id
3264 4788 3627 4855 estChristus
3652 4829 3668 4852 ,
3692 4785 3776 4857 qui
3813 4789 3879 4837 est

2332 4891 2460 4948 Sion
2485 4907 2500 4952 ;
2540 4889 2593 4943 id
2616 4896 2700 4943 est
2720 4903 2870 4942 suam
2897 4885 3194 4940 Ecclesiam
3227 4890 3411 4936 sancta
3433 4880 3800 4934 incarnatione
3818 4872 3879 4925 vi-

2331 4983 2535 5038 sitavit.
2577 4981 2692 5051 ipse
2720 4987 2805 5033 est
2848 4978 2938 5047 qui
2968 4976 3177 5030 habitat
3204 4974 3258 5027 in
3291 4971 3652 5033 Hierusalem,
3679 4981 3789 5037 quae
3811 4963 3877 5015 tli-

635 4820 980 4885 agnoscatur.
1011 4810 1056 4864 Α
1086 4808 1202 4874 Vel,
1221 4810 1273 4863 in
1304 4810 1407 4891 hoc
1436 4806 1632 4863 saeculo
1660 4815 1717 4861 et
1741 4804 1944 4859 futuro.

641 4927 709 4982 Η
783 4923 1196 4996 Qttiajudicabit
1233 4922 1488 4977 Dominus
1515 4918 1765 4992 populum
1789 4933 1943 4974 suum

788 5018 855 5068 Et
884 5020 936 5068 in
966 5018 1127 5068 servis
1153 5016 1264 5068 suis
1302 5014 1699 5068 denrecabitur.
