3994 5370
177 235 282 290 889

662 345 983 406 PSALMUS
1018 347 1278 405 CXXIV.

587 478 952 520 ARGUIENTUI
990 480 1138 520 PSAL.
1176 479 1376 519 CXXXV.

245 582 293 638 C
324 579 782 653 Magniﬁcentiam
810 581 1024 635 Domini
1054 579 1325 648 Pr0pheta
1362 577 1646 634 declarans
1666 577 1768 632 mi-

175 673 364 728 racula
393 671 562 726 rel'crt
585 687 704 741 qua:
732 670 925 726 iecerit
946 671 1001 725 in
1033 669 1268 740 Egypto
1297 677 1350 722 et
1378 677 1536 737 gente
1559 667 1770 722 Judaeu-

175 781 338 827 rum,
383 764 811 818 misericordiam
838 761 956 830 ejus
999 762 1196 832 smpius
1244 761 1399 815 nobis
1448 759 1767 824 inculcans,

176 858 328 926 quia,
358 857 502 911 illius
528 867 616 912 est
648 857 1019 911 misericordia
1039 896 1053 918 ,
1079 870 1240 910 omne
1264 855 1406 926 quod
1443 869 1767 926 possumus,

173 955 230 999 et
251 947 564 1012 clementia,
596 961 758 1002 omne
784 946 925 1016 quod
958 945 1210 1000 vivimus.

773 1056 885 1112 TT.
923 1057 1172 1111 Alleluia.

249 1173 293 1228 C
317 1171 581 1228 Mirabilis
606 1170 867 1241 psalmus,
898 1178 954 1225 et
997 1169 1163 1223 nimia
1200 1168 1402 1223 virtute
1442 1167 1768 1238 profundus.

171 1264 348 1333 Cujus
377 1265 525 1318 enim
557 1262 777 1316 virtutis
815 1261 924 1325 sit,
950 1261 1004 1314 in
1038 1259 1483 1328 Paralipomenon
1532 1257 1772 1312 ostendi-

177 1367 287 1416 tur,
318 1356 408 1408 ubi
433 1356 511 1408 ait
564 1372 576 1408 :
618 1353 752 1409 Cum
782 1353 1080 1421 coepissent
1122 1351 1286 1406 Deum
1326 1350 1548 1404 laudare
1591 1359 1646 1404 et
1691 1348 1772 1403 di-

176 1462 342 1502 cere:
374 1447 720 1502 Conﬁtemiui
747 1446 1001 1509 Domino,
1029 1453 1136 1498 etc.
1162 1480 1183 1509 ,
1229 1442 1555 1512 implebatur
1580 1441 1774 1495 domus

181 1537 326 1590 nube
358 1547 417 1590 et
458 1536 712 1606 caligine,
739 1535 814 1588 ita
863 1534 1006 1602 quod
1055 1547 1158 1587 nec
1183 1532 1495 1586 sacerdotes
1521 1536 1774 1600 poterant

178 1635 328 1682 stare
349 1635 407 1680 et
445 1627 758 1680 ministrare
783 1635 1006 1694 propter
1039 1623 1359 1692 caliginem;
1405 1621 1773 1692 compleverat

177 1718 323 1771 enim
355 1718 524 1787 gloria
552 1716 764 1772 Domini
805 1717 1022 1771 domum
1049 1715 1141 1770 Dei
1189 1714 1274 1781 (ll
1307 1713 1492 1768 Paral.
1523 1724 1600 1782 ν).
1638 1712 1770 1767 Nam
1804 1708 1848 1766 Β

179 1807 307 1861 licet
335 1808 388 1861 in
411 1805 667 1860 omnibus
695 1805 936 1875 psalmis,
965 1807 1010 1860 si
1044 1819 1178 1874 pure
1212 1813 1530 1867 cantantur,
1559 1810 1768 1857 certum

179 1898 252 1951 sit
295 1897 488 1952 adesse
513 1898 752 1951 divinam
799 1905 1145 1965 praesentiam
1173 1935 1188 1959 ,
1233 1897 1338 1949 hoc
1385 1904 1564 1949 tamen
1599 1894 1771 1962 magis

181 1989 422 2042 creditur
446 1989 590 2056 quod
622 1987 757 2058 legis
785 1988 1109 2042 auctoritate
1135 1987 1403 2041 ﬁrmatur.

181 2079 206 2132 1
285 2077 622 2148 Canﬁtemini
660 2077 882 2131 Domino
918 2078 1169 2148 quoniam
1200 2077 1367 2131 bonus
1393 2090 1412 2128 .‘

321 2168 585 2231 Quoniam
608 2167 664 2219 in
685 2176 934 2220 wternum
969 2165 1331 2219 misericordia
1358 2165 1497 2234 ejus.

247 2256 696 2320 CConﬁtcmini,
747 2265 857 2310 tam
917 2254 1186 2310 confessio
1215 2264 1560 2326 peccatorum
1606 2269 1771 2326 quam

180 2345 356 2401 laudis
394 2346 734 2415 intelligitur.
815 2344 970 2410 Quod
1004 2360 1133 2400 vero
1157 2345 1554 2410 misericordia,
1582 2345 1635 2399 in
1660 2345 1772 2399 sin-

181 2436 320 2504 gulis
348 2436 600 2490 versibus
629 2435 894 2504 repetitur
925 2474 942 2499 ,
985 2435 1090 2490 hoc
1135 2435 1343 2491 indicat
1366 2475 1386 2501 ,
1430 2436 1558 2504 quia
1586 2435 1770 2490 omnia

183 2543 301 2597 qua
338 2529 617 2592 dicuntur,
646 2542 715 2582 ex
745 2527 1121 2582 misericordia
1147 2526 1241 2581 Dei
1270 2526 1576 2597 procedunt
1602 2567 1621 2591 ,
1653 2527 1773 2580 sine

184 2634 285 2690 qua
315 2636 421 2675 nec
449 2635 576 2674 esse
610 2635 711 2675 nec
738 2619 920 2674 valere
944 2633 1255 2690 possumus.
1289 2619 1631 2690 Quapropter
1671 2633 1773 2673 nec

185 2713 252 2768 ab
273 2727 373 2766 ore
422 2722 612 2766 nostro
639 2712 801 2766 debet
854 2727 953 2766 nec
982 2726 1012 2764 a
1039 2711 1202 2765 corde
1231 2710 1511 2765 discedere
1533 2748 1550 2774 ,
1580 2716 1772 2778 quate-

183 2817 284 2859 nus
309 2812 369 2857 et
393 2803 510 2872 ipsa
538 2803 794 2874 dignetur
825 2816 926 2858 nos
951 2802 1068 2872 jugi
1111 2802 1344 2857 tuitioue
1376 2816 1617 2856 servare.
1667 2801 1772 2856 Bo-

184 2907 306 2956 nus,
330 2907 464 2946 vero
498 2892 700 2946 dicitur
723 2933 738 2957 ,
767 2892 1028 2960 quoniam
1077 2891 1270 2947 laudes
1301 2905 1429 2947 suas
1475 2891 1772 2946 clementer

184 2983 351 3046 audit,
397 2993 456 3037 et
481 2983 908 3053 supplicantibus
935 2983 1226 3036 miseratus
1255 2980 1521 3052 indulget.
1561 2981 1726 3036 Addit
1747 3021 1766 3048 ,

1401 225 1762 284 EXPUSlTlO
1795 228 2244 290 PSALMORUM.

1792 349 1842 412 Α
1868 344 1900 398 6
1973 345 2076 410 Qui
2104 345 2333 413 ﬁrmavit
2363 354 2555 402 terram
2586 364 2739 420 super
2770 367 2932 421 aquas
2962 392 2974 404 .

3336 243 3440 299 tuo

2016 439 2300 505 Quoniam.

1939 549 1981 606 C
1998 550 2261 606 Firmavit
2277 560 2476 608 terram
2495 571 2657 626 super
2682 573 2870 628 aquas,
2886 557 3092 614 scilicet
3114 561 3257 616 sacri
3279 560 3444 632 bapti-

1869 640 2268 696 smatis.Terra
2297 654 2497 706 nostra,
2526 645 2627 700 hoc
2649 658 2730 701 est
2757 663 2954 719 corpus
2982 652 3446 716 nostrum,relici-

1869 741 1981 796 tur,
2021 733 2145 788 dum
2175 735 2466 790 stabilitate
2494 736 2769 806 religionis
2801 738 3062 794 ﬁrmatur.
3090 739 3219 797 Sive
3253 741 3321 797 ad
3344 742 3436 798 lit-

1871 831 2064 890 teram,
2091 838 2253 894 super
2281 841 2468 896 aquas,
2502 827 2554 882 id
2579 837 2664 883 est
2685 827 2840 896 juxta
2885 833 3072 900 aquas.
3117 830 3213 888 Vel
3254 834 3446 903 etiam,

1870 913 2205 982 superiorem
2230 915 2387 984 aquis
2409 931 2515 970 una
2543 925 2698 986 parte
2726 919 2830 973 sui.

1873 1023 1905 1076 7
1979 1024 2084 1090 Qui
2110 1025 2228 1094 fecit
2259 1026 2547 1082 luminaria
2572 1046 2761 1100 magna
2784 1047 2802 1084 :

2019 1110 2310 1176 Quoniam.

1942 1201 1984 1257 ϐ
2014 1201 2124 1256 Etsi
2162 1203 2230 1258 ad
2263 1203 2499 1261 litteram
2523 1206 2590 1260 de
2618 1207 2782 1262 astris
2804 1224 2990 1264 verum
3022 1210 3114 1275 sit,
3141 1213 3456 1284 spiritaliter

1873 1298 2052 1345 tamen
2086 1306 2278 1361 magna
2311 1293 2596 1348 luminaria
2645 1294 2807 1362 fecit,
2836 1313 2959 1352 cum
2997 1299 3232 1371 Angelos
3257 1319 3321 1360 ac
3345 1304 3454 1359 Po-

1876 1388 2118 1446 testates,
2154 1381 2402 1438 Thronos
2427 1423 2442 1447 ,
2474 1383 2881 1441 Dominationes
2907 1390 3110 1444 creavit
3139 1408 3153 1444 :
3190 1409 3312 1461 qua:
3344 1394 3461 1464 pic.

1873 1477 1988 1524 tate
2015 1471 2358 1526 sanctissima
2385 1472 2594 1528 caelesti
2617 1472 2820 1530 lumine
2857 1477 3099 1532 irradiau

1873 1583 1909 1638 8
2015 1583 2194 1639 Solem
2219 1586 2275 1638 in
2308 1595 2616 1655 potestatem
2642 1587 2748 1642 diei
2767 1605 2788 1642 :

2019 1673 2302 1740 Quoniam.

1939 1787 1982 1841 C
2035 1786 2284 1844 Potestas
2335 1790 2486 1845 diei:
2547 1805 2632 1848 est
2686 1793 2950 1850 adventus
2988 1797 3139 1862 solis.
3188 1801 3312 1869 quia
3357 1817 3456 1870 per

1873 1890 1994 1931 eun
2047 1877 2298 1933 omnibus
2339 1879 2649 1935 declaratur
2685 1883 2914 1939 visibilis
2949 1895 3218 1940 creatura.
3273 1887 3458 1944 Potest

1867 1975 1926 2020 et
1973 1964 2041 2019 de
2091 1965 2310 2020 Christo
2358 1969 2487 2034 dici,
2531 1971 2623 2039 qui
2666 1971 2935 2028 illuminat
2983 1976 3245 2030 mentium
3302 1986 3457 2032 tene-

1871 2054 2028 2108 bras.

1866 2165 1904 2219 9
2013 2164 2218 2220 Lunam
2255 2178 2304 2220 et
2325 2168 2506 2223 stellas
2531 2169 2583 2222 in
2609 2181 2916 2239 potestatem
2936 2175 3101 2227 noctis
3131 2191 3151 2229 :

2014 2255 2299 2320 Quoniam.

1940 2342 1982 2399 C
2009 2343 2238 2409 Lunam,
2272 2346 2570 2402 Ecclesium
2617 2349 2881 2405 debemus
2921 2351 3204 2421 accipere:
3251 2356 3457 2422 stellas,

1871 2430 1993 2500 ejus
2039 2433 2286 2489 diversos
2329 2436 2571 2504 ordines,
2597 2447 2656 2491 ut
2681 2449 2808 2492 sunt
2833 2441 3092 2512 episcopi,
3135 2445 3457 2516 presbyteri.

1870 2525 2085 2579 diaconi
2133 2543 2146 2579 :
2199 2527 2292 2596 qui
2343 2528 2488 2582 velut
2534 2530 2702 2584 stella:
2734 2532 2943 2587 caelesti
2977 2545 3273 2589 noscuntur
3329 2553 3455 2595 con-

1873 2615 2180 2668 versatione
2204 2617 2442 2671 radiare.
2471 2617 2572 2684 Qui
2611 2619 2663 2672 in
2709 2630 3033 2688 potestatem
3064 2623 3256 2686 noctis,
3288 2625 3340 2677 id
3377 2634 3459 2680 est

1871 2703 2029 2759 istius
2052 2705 2241 2759 saeculi
2269 2706 2380 2760 dati
2418 2718 2573 2760 sunt:
2613 2717 2671 2762 ut
2705 2725 2805 2779 per
2841 2725 2937 2765 eos
2974 2711 3268 2782 caliginosa
3310 2714 3457 2769 relu-
3514 2778 3515 2781 η

1869 2806 2030 2851 ceant
2057 2798 2220 2852 corda
2249 2799 2579 2852 mortalium.

1869 2907 1937 2962 10
2010 2907 2116 2975 Qui
2133 2911 2388 2979 percussit
2410 2911 2699 2981 digyptum
2719 2929 2836 2967 cum
2860 2916 3220 2987 primogenilis
3244 2935 3424 2973 eorum
3441 2936 3462 2976 :

2020 2999 2303 3065 Quoniam.

187 3073 237 3127 in
263 3083 532 3128 attentum
570 3072 939 3169 ιιξίεθτῖοοηιῖεξ
963 3071 1101 3140 eius,
1135 3073 1382 3169 qt'i3_hic
1434 3081 1662 3169 Ρηιξείδξ
1711 3082 1773 3128 in
1799 3057 1844 3118 Ο
1949 3089 1990 3146 C
2038 3091 2304 3158 Quoniam
2348 3094 2574 3150 historia
2611 3104 2738 3150 nota
2770 3104 2872 3161 est,
2901 3098 3183 3153 videamus
3210 3101 3338 3169 quid
3376 3104 3465 3158 hic
3495 3105 3498 3108 ’

188 3173 427 3226 recreet;
467 3163 666 3232 parcit,
696 3172 754 3216 ut
789 3163 1068 3234 corrigat;
1095 3171 1150 3218 et
1176 3162 1232 3217 in
1258 3161 1442 3216 futuro
1471 3161 1782 3216 misericor-

187 3253 326 3306 diam
361 3255 576 3318 tribuit,
607 3264 667 3308 ut
697 3265 946 3308 coronet.

188 3340 222 3394 2
293 3342 634 3410 Conﬁtemini
663 3343 770 3396 Deo
798 3343 1019 3397 deorum
1045 3358 1067 3396 :

331 3432 600 3496 Quoniam
626 3434 682 3486 in
713 3443 966 3487 a'lernum
1003 3432 1364 3486 misericordia
1392 3432 1529 3502 ejus.

253 3521 295 3576 C
327 3522 474 3576 Deus
504 3521 592 3576 ille
613 3523 841 3577 deorum
873 3532 957 3577 est
981 3562 996 3588 ,
1034 3523 1125 3578 cui
1161 3523 1343 3576 nullus
1385 3521 1582 3577 similis
1634 3523 1779 3578 inve-

187 3612 351 3664 nitur.
383 3613 451 3666 Et
479 3627 586 3666 non
612 3621 790 3682 potest
819 3614 961 3668 Deus
992 3614 1241 3678 deorum,
1263 3611 1371 3666 nisi
1395 3611 1509 3668 sola
1540 3612 1779 3669 Trinitas

185 3713 398 3770 sancta,
426 3705 748 3772 nuncupari.

186 3792 223 3847 ὅ
290 3795 630 3863 Con/itemini
654 3794 880 3848 Domino
907 3793 1250 3848 Dominarum
1277 3810 1298 3848 .'

331 3885 601 3951 Quoniam
623 3886 678 3940 in
711 3894 987 3948 teternum,
1015 3893 1122 3939 etc.

257 3975 299 4032 C
325 3975 590 4030 Dominus
614 3975 957 4029 dominorum
989 3975 1077 4029 ille
1099 3974 1248 4029 solus
1294 3983 1378 4029 est
1401 4015 1419 4040 ,
1468 3975 1557 4031 cui
1579 3986 1776 4031 cuncta

190 4069 527 4123 deserviunt.
559 4067 676 4137 Ipse
704 4076 788 4121 est
815 4067 981 4122 etiam
1013 4075 1237 4120 sanctus
1265 4075 1608 4132 sanctorum,
1659 4069 1776 4139 ipse

192 4176 284 4214 rex
313 4175 503 4230 regum
531 4169 588 4213 et
614 4159 856 4212 omnium
896 4167 1252 4226 potestatum.

190 4256 222 4307 ι
297 4255 404 4320 Qui
425 4254 556 4323 facit
580 4251 845 4306 mirabilia
883 4266 1076 4321 magna
1097 4250 1242 4306 solus
1271 4266 1292 4305 :

334 4344 623 4408 Quoniam.

259 4434 303 4487 Α
330 4434 372 4486 C
407 4432 514 4486 Per
539 4433 672 4486 istos
695 4445 888 4487 omnes
912 4444 1097 4486 versus
1115 4471 1131 4495 ,
1162 4446 1332 4500 usque
1371 4429 1426 4485 in
1453 4429 1614 4486 ﬁnem
1647 4433 1778 4486 sub-

193 4524 519 4578 audiendum
561 4531 683 4576 est:
716 4521 1081 4582 conﬁtemini.
1113 4530 1171 4573 ut
1200 4522 1358 4576 nobis
1412 4523 1570 4591 plena
1609 4525 1780 4592 possit

193 4626 444 4670 constare
464 4615 756 4669 sententia.
797 4614 937 4668 Dicit
964 4614 1148 4683 itaque
1188 4614 1367 4668 solum
1402 4615 1552 4670 illum
1585 4613 1780 4672 fecisse

195 4705 484 4769 mirabilia,
513 4703 670 4774 quasi
700 4711 888 4758 etnon
925 4717 1022 4772 per
1051 4704 1290 4774 Angelos
1315 4714 1374 4760 et
1404 4705 1679 4776 apostolos
1702 4704 1780 4760 l‘e—

195 4799 324 4852 cerit
353 4797 657 4860 mirabilia,
685 4796 781 4851 scd
814 4795 901 4849 hic
925 4804 1190 4852 memorat
1230 4797 1334 4853 ista
1379 4798 1646 4855 mirabilia
1701 4797 1780 4854 fe-

194 4892 326 4947 cisse
354 4892 531 4947 solum
555 4931 572 4955 ,
624 4890 846 4960 quando
888 4893 1055 4946 verbo
1080 4906 1184 4955 ,suo
1207 4894 1548 4951 conditiones
1601 4908 1782 4947 rerum

196 4979 484 5038 fabricasse
526 4989 907 5046 monstratur,
962 4999 1103 5053 quas
1149 4985 1267 5041 sine
1309 4987 1618 5046 ministerio
1659 4986 1785 5040 fecit

195 5085 471 5141 creatum,
497 5076 651 5130 unde
672 5075 920 5143 sequitur
952 5094 966 5129 :
991 5076 1097 5143 Qui
1129 5076 1274 5145 fecit,
1302 5091 1407 5142 etc.

196 5165 230 5218 5
293 5169 391 5234 Qui
412 5171 545 5238 fecit
577 5167 742 5221 caelos
775 5171 829 5220 in
851 5168 1116 5222 intellectu
1147 5182 1166 5221 :

325 5261 402 5280 tu”
425 5278 428 5279 ν
451 5261 602 5280 H37---

1877 3184 2052 3254 possit
2099 3185 2449 3253 spiritualiter
2476 3187 2723 3259 intelligi.
2757 3188 3030 3245 Percussit
3075 3190 3326 3248 Christus
3355 3196 3464 3265 pri-

1880 3277 2065 3330 tlitiva
2095 3276 2315 3348 Egypti
2344 3297 2356 3331 :
2389 3281 2604 3347 quando
2639 3281 2796 3335 istius
2826 3283 3009 3337 saeculi
3037 3286 3311 3338 damnavit
3349 3285 3464 3356 glo-

1879 3364 2038 3428 riam,
2071 3379 2191 3434 qua:
2221 3367 2512 3436 putabatur
2537 3381 2655 3424 esse
2704 3371 2996 3439 praecipua.
3041 3371 3173 3426 Nam
3224 3374 3381 3430 luxus
3407 3386 3464 3431 et

1878 3457 2129 3525 superbia
2159 3472 2224 3512 ac
2251 3458 2501 3521 avaritia,
2545 3461 2701 3528 quasi
2753 3462 3023 3530 primitiva
3054 3473 3182 3516 sunt
3231 3466 3414 3519 mundi
3448 3484 3462 3520 :

1879 3545 1991 3615 ipsa
2019 3547 2163 3599 enim
2212 3546 2386 3615 primo
2421 3557 2645 3617 generat
2674 3551 2944 3618 pessimus
2985 3559 3195 3615 venter,
3227 3563 3281 3606 et
3315 3553 3466 3608 velut

1877 3633 2070 3688 charos
2101 3632 2236 3690 ﬁlios
2264 3635 2630 3705 amplectitur,
2664 3637 2790 3690 dum
2820 3651 3000 3692 rerum
3056 3639 3282 3694 istarum
3315 3641 3467 3711 cupi-

1877 3727 2042 3782 ditate
2069 3727 2389 3797 gratulatur.
2430 3727 2554 3783 Hazc
2573 3729 2839 3799 percussit
2861 3729 2985 3784 dum
3019 3731 3318 3787 damnavit.

1878 3837 1940 3892 ll
2021 3837 2124 3903 Qui
2153 3839 2333 3892 eduxit
2360 3838 2530 3894 Israel
2559 3841 2624 3894 de
2650 3840 2820 3894 medio
2849 3857 3030 3894 eorum
3061 3857 3079 3896 :

2027 3927 2312 3992 Quoniam.

1947 4016 1990 4073 C
2016 4017 2120 4071 Per
2157 4017 2390 4072 medium
2423 4019 2566 4072 enim
2601 4017 2976 4088 Aﬂgyptiorum
3029 4017 3213 4073 eduxit
3250 4017 3414 4074 Israel
3447 4039 3459 4077 :

1877 4107 2093 4177 quando
2124 4117 2342 4162 sanctos
2365 4123 2492 4162 suos
2521 4123 2550 4162 a
2578 4109 2988 4162 conversatione
3013 4108 3260 4163 liberavit
3289 4110 3462 4179 pessi-

1880 4215 2112 4266 morum,
2143 4208 2199 4254 et
2234 4214 2264 4252 a
2313 4201 2496 4254 mundi
2545 4200 2700 4255 istius
2727 4201 3008 4256 teterrima
3044 4200 3378 4258 habitatione
3409 4202 3465 4257 in

1880 4287 2056 4342 lucem
2086 4304 2198 4344 sum
2252 4288 2498 4344 veritatis
2526 4289 2763 4345 adducit.

1809 4401 1858 4459 Ι)
1888 4399 1955 4452 12
2027 4398 2097 4453 In
2122 4415 2281 4451 manu
2306 4401 2500 4466 potenti
2530 4406 2576 4452 et
2607 4397 2821 4500 brachio
2851 4397 3054 4454 excelso

2028 4490 2313 4556 Quoniam.

1955 4578 1996 4634 C
2026 4579 2213 4634 Manus
2261 4579 2452 4634 fortis:
2502 4579 2567 4633 ad
2611 4578 2978 4636 invincibilem
3020 4581 3256 4650 pertinet
3304 4580 3479 4635 actio-

1885 4688 2030 4728 nem.
2081 4674 2370 4730 Brachium
2412 4675 2682 4730 excelsum
2718 4693 2730 4728 :
2768 4673 2835 4729 ad
2883 4676 3333 4745 omnipotentiam
3376 4676 3481 4728 Duo

1887 4766 2019 4822 mini
2075 4766 2427 4836 singularem,
2470 4782 2591 4836 quae
2623 4751 3209 4836 semper'demonstrat
3239 4769 3480 4824 omnium

1890 4872 2075 4914 rerum
2103 4866 2402 4914 auctorem.

1891 4968 1960 5022 15
2033 4965 2142 5031 Qui
2171 4966 2344 5022 dim’sit
2368 4982 2510 5019 mare
2542 4965 2777 5019 Rubrum
2809 4967 2863 5019 in
2891 4963 3186 5020 divisiones

2035 5060 2324 5126 Quoniam.

1965 5173 2006 5227 C
2035 5171 2281 5224 Rubrum
2308 5181 2456 5225 mare
2483 5182 2497 5219 :
2526 5175 2610 5222 est
2639 5167 2798 5223 istius
2844 5163 3025 5223 saecnii
3069 5167 3344 5229 permista
3378 5167 3478 5226 pro

2752 5257 2962 5280 :A_:L-.n
2982 5253 3296 5280 IIIvir-5:“..-

2162 5277 2172 5280 _
2213 5275 2366 5280 ..-_-._.
2401 5257 2582 5280 .....I.3..
2614 5257 2742 5280 .l'...!-

3343 5259 3512 5280 nullin-
