3994 5370
565 295 631 350 t!)
643 295 662 348 ι

565 411 632 465 11
711 424 769 467 4-
810 406 877 462 Et
911 407 929 478 ζ
959 407 1138 463 eduxit
1164 405 1337 462 Israel
1365 422 1456 478 per
1500 417 1729 462 meatum
1765 409 1911 479 ejus:

705 503 991 570 Quoniam.

608 597 674 654 ,C
700 596 767 651 Et
786 594 974 650 eduxit
993 592 1192 649 Israel:
1228 591 1489 666 quoniam
1524 594 1628 650 iste
1658 591 1960 650 versiculus
1989 605 2146 662 repe-

561 687 693 742 titus
718 694 821 751 est,
848 683 1121 756 expositio
1140 683 1392 755 superius
1414 683 1557 739 dicta
1589 683 1841 739 sufﬁciat.

560 776 628 831 15
697 774 766 829 Et
796 774 1024 830 excussit
1051 771 1409 841 Pharaonem,
1433 781 1484 828 et
1513 772 1750 830 virtutem
1789 772 1902 843 ejus
1930 774 1985 828 in
2011 772 2144 826 mari

773 865 953 920 Rubro
979 882 1001 926 .-

704 958 992 1026 Quoniam.

625 1051 667 1107 (Γ.
713 1051 781 1106 Et
820 1049 1060 1107 excussit
1090 1049 1455 1116 Pharaonem,
1485 1050 1537 1107 id
1567 1060 1673 1116 est,
1702 1048 1978 1106 diabolum
2020 1064 2142 1104 cum

555 1143 823 1200 ministris
852 1143 989 1208 suis,
1031 1143 1084 1197 in
1137 1142 1286 1198 fonte
1331 1143 1562 1208 salutis,
1623 1142 1676 1198 id
1719 1151 1804 1198 est
1850 1141 2139 1212 baptismi:

554 1235 644 1290 ubi
675 1249 770 1290 eos
809 1248 920 1290 suae
944 1233 1202 1304 potentiae
1241 1233 1442 1290 virtute
1484 1241 1746 1288 removet.
1769 1231 2024 1287 Excussit
2050 1246 2145 1286 au-

556 1336 663 1380 tem
686 1325 826 1380 dixit
855 1324 980 1395 (hoc
1029 1333 1114 1380 est
1147 1324 1304 1393 quasi
1345 1323 1620 1394 pulverem
1675 1322 1933 1395 projecit)
1984 1332 2044 1378 ut
2079 1323 2144 1377 de

553 1418 833 1475 celeritate
867 1425 925 1472 et
953 1416 1209 1472 virtutem
1249 1416 1548 1472 divinitatis
1575 1415 1910 1481 ostenderet,
1940 1425 1993 1470 et
2024 1415 2144 1470 illos

555 1522 802 1567 terrenas
823 1510 1013 1567 sordes
1039 1522 1163 1565 esse
1185 1517 1533 1564 monstraret.

553 1601 622 1657 16
683 1601 787 1668 Qui
816 1600 1118 1656 transduxit
1143 1597 1395 1671 populum
1425 1615 1580 1654 suum
1605 1615 1699 1670 per
1729 1599 1991 1652 desertum
2018 1615 2036 1653 :

679 1691 965 1758 Quoniam.

1499 292 1557 348 S.
1599 289 1949 348 BRUNONIS
1988 287 2530 349 HERBIPOLENSIS
2566 291 2876 348 EPISCOPI

3725 296 3829 348 192

2176 412 2227 469 Α
2253 407 2376 464 Illos
2401 410 2544 464 enim
2577 421 2880 479 sequestrat
2911 428 2924 462 :
2970 411 3060 479 qui
3098 410 3436 480 jussionibus
3463 409 3582 480 ejus
3623 422 3827 468 restite-

2245 510 2392 566 runt,
2429 502 2543 557 sive
2569 501 2801 562 Judaeos.
2841 503 2954 556 sive
2993 499 3350 558 Christianos.

2245 590 2315 646 25
2389 591 2526 658 Quia
2556 592 2609 647 in
2634 592 2930 648 humilitate
2963 601 3140 646 nostra
3181 609 3380 647 memor
3405 594 3506 663 fuit
3537 597 3743 651 nostri:

2388 683 2672 750 Quoniam.

2315 773 2356 830 C
2382 775 2499 846 Ipse
2526 778 2670 831 enim
2698 774 2949 832 Christus
2971 779 3292 834 monstravit
3324 780 3482 835 nobis
3521 789 3578 836 et
3620 781 3825 838 humili-

2247 866 2374 923 tatis
2403 867 2567 933 viam,
2598 875 2666 946 et
2693 868 2966 938 patientia:
2998 869 3358 939 disciplinam.
3401 870 3742 942 Quapropter
3781 875 3828 928 in

2247 956 2550 1013 humilitate
2575 959 2874 1029 positorum
2903 974 3110 1014 memor
3124 959 3225 1014 fuit
3244 978 3257 1013 :
3278 975 3423 1030 quan
3449 962 3496 1016 Io
3520 962 3576 1016 in
3599 963 3828 1018 adventu

2245 1063 2343 1104 suo
2363 1065 2455 1104 eos
2480 1051 2701 1121 proprio
2731 1065 2924 1106 cruore
2951 1051 3219 1107 liberavit.
3251 1052 3405 1108 Tunc
3425 1069 3646 1125 quoque
3674 1055 3828 1109 latius

2245 1141 2410 1211 cmpit
2439 1142 2734 1198 desiderari
2764 1142 3062 1208 humilitas,
3107 1144 3324 1215 quando
3379 1159 3498 1200 eam
3552 1147 3605 1201 in
3641 1161 3702 1202 se
3734 1147 3814 1200 Do

2244 1234 2425 1295 minus
2452 1234 2700 1290 Salvator
2731 1235 2990 1291 ostendit.

2242 1325 2314 1380 24
2388 1325 2455 1380 Et
2481 1327 2693 1381 redemit
2724 1344 2817 1382 nos
2852 1327 2916 1381 ab
2939 1327 3164 1384 inimicis
3199 1330 3434 1385 nostris:

2389 1419 2672 1482 Quoniam.

2315 1508 2357 1565 C
2389 1509 2641 1564 Redemit
2665 1508 2809 1564 enim
2846 1525 2948 1565 nos
2988 1525 3019 1564 a
3061 1511 3293 1567 diversis
3317 1511 3555 1582 injuriis,
3585 1513 3656 1570 de
3683 1525 3829 1584 pote-

2246 1608 2387 1656 state
2425 1599 2644 1665 diaboli,
2674 1601 2892 1669 quando
2929 1600 3101 1670 alapis
3138 1617 3334 1668 caesus,
3366 1601 3692 1673 ﬁagellatus,
3715 1621 3826 1662 ver-

2243 1692 2464 1748 beratus
2487 1699 2573 1747 est
2594 1698 2649 1745 et
2669 1691 2985 1761 sanguinem
3016 1692 3071 1746 in
3104 1693 3338 1760 pretium
3364 1693 3534 1749 dedit.

583 1851 589 1858 .
622 1784 664 1841 C
684 1753 947 1842 Desertus
986 1784 1132 1839 enim
1164 1783 1362 1840 dicitur
1391 1782 1657 1837 mundus:
1691 1781 1784 1852 qui
1815 1780 1995 1836 divina
2025 1780 2138 1837 ele-
2171 1753 2216 1812 Β
2242 1781 2315 1836 25
2388 1781 2492 1847 Qui
2520 1780 2611 1834 dat
2632 1753 2804 1835 escam
2825 1781 2970 1836 omni
2989 1753 3138 1836 carni
3158 1795 3178 1834 :

551 1875 732 1931 ctione
759 1874 1004 1946 privatus
1037 1873 1158 1940 fuit,
1187 1882 1243 1929 et
1286 1873 1483 1928 merito
1512 1872 1592 1928 sic
1642 1882 1892 1939 vocatur,
1921 1873 2044 1942 quia
2072 1873 2140 1927 ad

553 1981 612 2022 se
663 1966 970 2022 venientem
1026 1980 1134 2021 non
1192 1965 1397 2034 recepit
1453 1974 1750 2018 auctorem.
1801 1963 1879 2018 llli
1934 1978 2063 2033 ergo
2107 1977 2139 2016 a

552 2056 771 2113 Christo
795 2071 895 2126 per
920 2071 1044 2112 eum
1091 2055 1533 2120 transducuntur,
1577 2054 1669 2125 qui
1719 2053 1868 2110 illaesi
1912 2069 1943 2108 a
1985 2053 2140 2109 malis

546 2145 666 2215 ejus
684 2153 1088 2218 pertranseunt.

551 2236 618 2290 17
692 2237 796 2303 Qui
831 2237 1087 2308 percussit
1117 2252 1258 2307 reges
1282 2252 1499 2308 magnos

695 2329 956 2397 Quoniam
981 2330 1034 2383 in
1054 2338 1326 2384 aeternum.

579 2489 585 2498 ι
619 2420 662 2476 C
686 2419 962 2476 Percussit
978 2433 1136 2490 reges
1156 2433 1407 2490 magnos:
1441 2418 1658 2488 quando
1687 2417 1740 2473 in
1765 2418 1929 2473 corde
1951 2424 2140 2472 nostro

546 2513 790 2570 cmlestis
839 2511 1083 2567 medicus
1132 2509 1297 2580 impia
1345 2509 1612 2566 desideria
1659 2509 1960 2564 exstinxit:
2009 2517 2141 2574 tunc

550 2605 694 2662 enim
729 2618 833 2660 nos
857 2602 1111 2668 vivimus,
1145 2600 1274 2656 dum
1301 2599 1390 2655 illa
1438 2599 1774 2655 moriuntur:
1820 2599 2140 2653 Econtrario

551 2708 775 2751 necesse
827 2699 912 2747 est
957 2705 1056 2748 nos
1084 2689 1464 2754 succumbere,
1509 2688 1555 2744 si
1595 2687 1878 2757 contingat
1913 2686 2003 2741 illa
2049 2703 2139 2743 su-

547 2798 763 2852 perure.

553 2875 620 2927 18
696 2872 764 2927 Et
801 2871 988 2926 occidit
1018 2887 1158 2942 reges
1181 2871 1378 2941 fortes:

692 2963 957 3030 Quoniam
977 2963 1031 3017 in
1060 2972 1334 3017 internum.

622 3053 664 3110 C
689 3053 867 3124 Reges
919 3052 1091 3108 fortes
1129 3050 1370 3108 occidit:
1411 3049 1628 3120 quando
1655 3064 1688 3105 a
1719 3049 1877 3106 nobis
1919 3050 2140 3122 expellit

2388 1872 2674 1938 Quoniam.

2312 1960 2354 2018 C
2377 1961 2480 2016 Dat
2519 1976 2701 2016 escam
2730 1961 2882 2016 carni
2909 1980 2924 2015 :
2956 1977 3079 2017 cum
3110 1977 3237 2018 suos
3287 1962 3477 2020 ﬁdeles
3505 1981 3733 2036 corpore
3782 1981 3834 2026 et

2241 2053 2502 2122 sanguine
2527 2065 2626 2106 suo
2655 2051 2910 2123 saginare
2939 2061 2995 2109 et
3026 2054 3229 2110 satiare
3265 2055 3543 2127 dignatur.
3581 2057 3640 2112 Si
3670 2059 3829 2113 etiam

2243 2141 2308 2197 ad
2337 2141 2574 2196 litteram
2600 2141 2890 2212 intelligas,
2922 2158 3020 2199 sua
3068 2143 3442 2200 misericordia
3468 2147 3658 2202 omnia
3683 2155 3829 2203 tenet

2241 2245 2296 2292 et
2317 2237 2483 2292 cibat.

2240 2327 2311 2383 26
2383 2326 2717 2397 Conﬁtemini
2739 2327 2846 2384 Deo
2875 2330 2990 2386 caeli
3017 2344 3036 2382 :

2392 2418 2655 2484 Quoniam
2689 2421 2744 2473 in
2774 2429 3048 2474 aeternum.
3197 2467 3202 2470 .

2310 2509 2352 2566 (ἒ
2385 2509 2736 2565 Conﬁtemini
2765 2510 2877 2566 Deo
2898 2509 3046 2576 cmli,
3079 2509 3133 2567 id
3163 2517 3250 2566 est
3274 2510 3488 2567 debitas
3535 2511 3586 2566 ei
3629 2511 3830 2567 reddite

2239 2599 2449 2667 laudes,
2481 2601 2572 2671 qui
2610 2615 2710 2656 nos
2733 2616 2764 2655 a
2797 2602 3036 2656 terrenis
3063 2599 3132 2656 ad
3171 2597 3416 2656 cmlestia
3455 2603 3828 2658 commutavit.

2239 2690 2308 2744 27
2387 2705 2446 2745 σθ-
2467 2689 2800 2758 Conﬁtentini
2827 2689 3055 2745 Domino
3082 2690 3418 2745 dominorum
3446 2707 3460 2744 :

2386 2780 2648 2845 Quoniam
2680 2779 2698 2850 ζ
2735 2819 2750 2834 .

2311 2869 2353 2924 C
2382 2868 2644 2924 Memorat
2694 2869 2890 2924 iterum
2951 2869 3006 2923 in
3070 2868 3198 2935 ﬁne,
3252 2883 3350 2939 per
3401 2869 3578 2939 ipsum
3619 2886 3831 2927 versum

2243 2977 2402 3033 quem
2431 2962 2484 3017 in
2516 2963 2693 3031 capite
2733 2962 2935 3032 posuit,
2985 2974 3106 3016 esse
3159 2961 3529 3016 conﬁtendum
3565 2978 3679 3018 :ne
3707 2965 3830 3033 quid

2244 3062 2441 3124 praeter
2463 3052 2580 3123 ejus
2602 3053 2814 3108 laudem
2845 3063 2902 3108 et
2931 3052 3361 3109 misericordiam
3385 3053 3470 3124 agi
3515 3070 3680 3124 posse
3725 3071 3833 3111 crec

630 3102 664 3110 _
692 3102 865 3124 ---υπ
919 3102 1088 3108 --ηπ
1135 3102 1367 3108 ---η-η
1420 3102 1466 3120 τ
1659 3102 1686 3105 ,ἡ
1927 3102 2138 3122 -_,--_--
2244 3102 2429 3124 Γπ---
2467 3102 2486 3108 -

547 3144 836 3209 daemonia,
863 3142 1197 3201 immissione
1225 3142 1374 3196 varia
1395 3141 1702 3211 grassantia
1734 3158 1748 3196 :
1779 3156 2011 3211 quorum
2049 3157 2142 3198 vo—
2168 3102 2214 3167 Ο
2245 3144 2487 3200 deretur.

552 3248 732 3294 tuutas
760 3236 902 3292 mala
935 3245 1065 3291 tunc
1089 3233 1479 3305 exstinguitur,
1510 3233 1556 3289 si
1585 3233 1824 3291 ﬁdelium
1855 3235 2046 3290 anima:
2073 3236 2140 3292 ab

550 3343 739 3385 eorum
761 3334 1030 3399 potestate
1059 3325 1338 3382 tollantur.

553 3423 621 3477 19
696 3420 837 3478 Seon
861 3435 1032 3490 regem
1064 3417 1494 3473 Amorrlzworum
1514 3431 1533 3469 :

692 3511 978 3579 Quoniam.
1657 3569 1660 3572 _

617 3604 661 3662 (Ξ
689 3602 834 3660 Seon
878 3601 1098 3675 quidem
1152 3601 1539 3673 interpretatur
1579 3602 1807 3659 Ientatio
1835 3604 2140 3672 oculorum,

577 3707 666 3760 ive
723 3699 888 3755 arbor
939 3697 1296 3753 infructuosa.
1347 3695 1715 3763 Amorrhaeus,
1776 3701 2142 3767 exacerbatio,

546 3807 672 3862 quae
693 3790 876 3848 omnia
904 3789 1158 3845 videntur
1185 3788 1253 3842 ad
1277 3786 1550 3843 diabolum
1587 3788 1882 3859 pertinere.
1912 3789 2030 3860 Ipse
2060 3800 2144 3847 est

549 3887 704 3942 enim
749 3882 912 3938 arbor
953 3879 1312 3944 infructuosa,
1341 3878 1457 3948 ipse
1507 3888 1591 3934 est
1629 3881 1997 3935 exacerbatio.
2037 3880 2144 3936 Sed

550 3978 670 4031 haec
695 3975 748 4029 in
772 3973 929 4030 nobis
957 3969 1218 4026 Dominus
1241 3969 1459 4036 occidit,
1506 3969 1725 4040 quando
1764 3985 1864 4026 nos
1893 3970 1961 4026 ad
1992 3970 2145 4027 insti-

550 4077 667 4122 tuta
697 4080 795 4122 sua
825 4077 1036 4120 morum
1071 4059 1360 4117 sanctitate
1387 4060 1728 4129 perduxerit.

553 4159 626 4213 20
697 4156 768 4212 Et
808 4156 910 4226 Ug,
938 4168 1108 4225 regem
1138 4151 1357 4207 Busan:

751 4263 985 4303 nontam.

751 4263 985 4303 nontam.

626 4339 668 4393 C
697 4249 807 4406 gs:
838 4335 1114 4392 conclusio
1131 4350 1226 4390 seu
1253 4347 1588 4390 coacervans
1620 4332 2038 4404 interpretatum
2072 4333 2146 4387 di-

555 4429 718 4481 citur.
769 4424 946 4480 Busan
978 4442 992 4478 :
1033 4422 1302 4488 confusio,
1332 4430 1387 4478 et
1419 4419 1693 4477 diabolum
1718 4421 2009 4492 signiﬁcat.
2042 4421 2144 4489 Qui
2175 4452 2226 4511 Β

557 4526 705 4574 recte
774 4514 1021 4572 confusio
1077 4514 1316 4570 dicitur:
1377 4513 1635 4583 quoniam
1700 4528 1828 4568 suos
1883 4527 2146 4582 sequaces

557 4606 857 4671 confundit,
899 4613 954 4660 et
977 4605 1092 4675 ipse
1121 4604 1175 4657 in
1217 4603 1420 4673 judicio
1444 4602 1540 4657 Dei
1577 4602 1644 4656 de
1671 4602 2008 4657 beatitudine
2035 4603 2146 4656 dis-

556 4702 701 4759 cedit
730 4699 988 4757 conl‘usus
1017 4713 1030 4750 :
1069 4697 1180 4766 ipse
1208 4709 1424 4765 quoque
1455 4703 1673 4763 peccata
1705 4701 1890 4748 nostra
1919 4707 2146 4748 coacer-

557 4806 650 4850 vat
691 4802 752 4849 ut
783 4797 1025 4853 accuset,
1055 4797 1110 4843 et
1156 4786 1300 4841 viam
1329 4784 1396 4848 ad
1445 4785 1613 4840 Deum
1661 4783 1933 4838 concludit
1972 4796 2038 4837 ne
2066 4783 2146 4836 vi-

558 4889 770 4944 deatur.

555 4983 618 5036 2|
705 4993 764 5034 -t—
794 4976 862 5031 Et
883 4975 1025 5030 dedit
1053 4983 1246 5027 terram
1266 4981 1448 5022 eorum
1472 4965 1827 5020 [nereditatem
1863 4965 1880 5036 ζ
1915 4977 1932 5016 :

757 5088 991 5128 ιιοιηαηι.

757 5088 991 5128 uomunt.

629 5167 672 5224 C
698 5075 834 5220 gata
869 5171 955 5219 est
985 5171 1131 5216 terra
1161 5155 1252 5210 illa
1290 5163 1509 5210 aeternae
1553 5152 1906 5208 beatitudinis
1954 5151 2148 5222 pepulo

561 5255 894 5308 Christiane.
943 5265 1063 5308 uuae
1096 5246 1274 5301 fuerat
1305 5243 1547 5308 pollicita
1589 5242 1808 5298 Iudaeis.
1851 5240 1962 5296 Illis
2002 5241 2146 5295 enim

2665 3251 2864 3293 ORATIO
2907 3251 2974 3290 EX
3018 3251 3164 3292 ΡεΑῐ..
3207 3253 3403 3293 CXXXV.

2315 3346 2520 3401 Memor
2553 3345 2906 3403 humanitatis
2939 3357 3139 3402 nostrae
3177 3349 3457 3412 miserere,
3492 3347 3832 3418 omnipotens

2244 3435 2429 3503 Deus;
2464 3444 2522 3489 ut
2551 3436 2642 3506 qui
2674 3438 2950 3507 quondam
2985 3437 3230 3507 patribus
3263 3438 3469 3494 nostris
3518 3449 3724 3494 terram
3749 3441 3834 3492 ad-

2243 3530 2607 3586 versariorum
2637 3531 2689 3585 in
2735 3533 3105 3588 haereditatem
3133 3533 3343 3586 donasti
3372 3550 3386 3587 :
3416 3548 3518 3587 nos
3544 3549 3576 3587 a
3604 3533 3833 3603 peccatis

2244 3620 2447 3677 liberos
2471 3638 2590 3678 cum
2625 3631 2716 3678 tua
2745 3623 3062 3680 haereditate
3084 3625 3376 3680 constitue.
3412 3624 3520 3680 Per
3550 3625 3831 3680 Dominum

2245 3720 2492 3768 nostrum
2513 3712 2722 3780 Iesum,
2762 3721 2870 3769 etc.

2703 3821 2930 3878 PSALM
2937 3822 3024 3880 US
3054 3823 3340 3881 CXXXVI.

2637 3950 2999 3992 ARGUMENTUI
3042 3951 3190 3992 PSAL.
3219 3952 3422 3992 CXXXVI
3434 3976 3444 3986 .

2318 4046 2361 4100 Β
2383 4045 2691 4115 Tripliciter
2714 4047 2804 4102 hic
2831 4047 3067 4117 psalmus
3087 4047 3315 4120 intelligi
3337 4056 3556 4118 potest:
3583 4049 3651 4104 de
3675 4048 3834 4119 capti-

2247 4137 2415 4191 vitate
2445 4135 2668 4191 Judaica
2704 4136 2758 4190 in
2791 4136 3063 4207 Babylone
3100 4155 3115 4190 :
3163 4146 3219 4192 et
3245 4138 3312 4192 de
3350 4125 3738 4206 peccatoribus
3774 4136 3834 4189 ab

2249 4226 2487 4281 Ecclesia
2522 4224 2706 4295 ejectis
2732 4245 2744 4280 :
2778 4235 2834 4281 et
2855 4227 2920 4282 de
2945 4243 3009 4281 ea
3030 4227 3313 4297 ejectione,
3340 4242 3444 4296 qua
3462 4228 3630 4297 primi
3663 4227 3828 4282 nostri

2250 4327 2504 4390 parentes
2531 4320 2597 4375 de
2636 4320 2888 4390 paradiso
2913 4319 3125 4390 expulsi
3165 4329 3316 4375 sunt.

2686 4410 2795 4465 TT.
2823 4426 2884 4466 -t—
2911 4410 3082 4464 David
3101 4409 3336 4480 psalmus
3369 4409 3387 4478 ζ

2256 4506 2279 4558 1
2361 4503 2529 4574 Super
2561 4505 2781 4572 flumina
2841 4501 3126 4572 Babylonis
3169 4501 3278 4555 illic
3321 4501 3554 4554 sedimus
3598 4512 3649 4555 et
3698 4500 3830 4569 ﬂeri-

2462 4609 2578 4646 mus
2613 4606 2632 4645 ἔ

2392 4684 2534 4740 Dum
2561 4683 2956 4738 recordaremur
2980 4681 3130 4738 Sion.

2327 4777 2371 4831 ll
2412 4775 2685 4848 Babylon:
2721 4775 2965 4830 confusio
3013 4776 3422 4845 interpretatur,
3467 4783 3525 4830 et
3573 4773 3835 4845 signiﬁcat

2253 4879 2575 4940 praesentem
2633 4869 2912 4924 mundum.
2967 4868 3194 4924 Flumen
3244 4889 3256 4924 :
3317 4869 3589 4939 signiﬁcat
3654 4883 3836 4922 unum-

2254 4977 2522 5032 quemque
2551 4960 2832 5031 pulchrum
2873 4960 2940 5014 ad
2969 4960 3183 5024 horam,
3217 4961 3374 5032 cujus
3411 4959 3518 5015 ﬂos
3572 4961 3719 5016 sicut
3751 4958 3835 5012 llu-

2254 5068 2378 5108 men
2407 5053 2621 5107 transit.
2674 5050 2715 5106 C
2748 5051 2922 5121 Supra
2961 5049 3184 5105 ﬂumina
3231 5052 3419 5106 sedent
3459 5051 3652 5106 ﬁdeles
3688 5068 3702 5103 :
3751 5046 3831 5117 qui

2253 5144 2624 5213 captivitatem
2651 5143 2704 5196 in
2743 5143 2845 5197 hoc
2873 5141 3071 5196 mundo
3094 5142 3394 5211 patiuntur,
3419 5151 3476 5195 et
3504 5141 3835 5210 suspirantes

2254 5235 2521 5290 desiderio
2575 5234 2763 5303 patriae
2805 5233 3040 5289 caelestis
3083 5232 3448 5299 Hierusalem,
3503 5247 3724 5286 amaras
3768 5229 3835 5282 la-
