3994 5370
184 270 298 326 ωδ

1393 264 1756 323 EXPOSITIO
1795 261 2240 321 PSAIMORUM.

3347 270 3452 328 Hi

187 398 300 439 non
322 380 472 438 facit.
499 365 780 453 Organum'
805 388 1009 446 autem,
1033 379 1268 436 hominis
1299 394 1497 452 corpus
1524 387 1625 435 est.
1652 379 1772 435 Sic-
1804 381 1847 439 Α
1877 375 1911 430 9
1989 374 2190 429 Memor
2208 385 2336 441 esto,
2365 375 2606 442 Domine,
2642 376 2872 445 ﬁliorum
2901 363 3093 431 Edam:

185 483 247 529 ut
277 476 427 530 enim
463 489 725 544 organum
755 489 822 529 ex
852 473 1036 528 multis
1062 473 1255 530 ﬁstulis
1287 475 1640 545 compositum
1667 482 1770 538 est,

185 568 262 621 ita
289 581 489 636 corpus
514 575 756 620 nostrum
779 579 847 621 ex
875 564 1058 620 multis
1105 565 1324 636 organis
1363 575 1419 620 et
1463 565 1724 620 membris
1754 579 1768 616 :

183 672 292 727 per
335 659 516 728 ipsum
549 657 776 727 'quoque
803 659 1026 710 'tactum
1076 657 1346 722 manibus,
1396 658 1497 712 hoc
1538 665 1622 712 est
1676 671 1774 726 per

185 762 378 817 opera,
419 746 592 802 melos
621 755 677 801 et
717 735 927 800 cantica
956 753 1014 800 ct
1055 745 1284 816 hymnos
1313 745 1600 801 referimus
1639 747 1770 801 Deo.

187 838 403 893 Dicitur
431 839 632 892 iterum
663 837 803 892 salix
835 837 1074 892 radicem
1108 852 1214 892 non
1249 838 1470 902 habere,
1502 846 1682 893 tamen
1725 838 1769 892 si

186 928 535 998 abscinditur
561 936 618 984 et
648 943 805 984 secus
849 943 1044 998 aquam
1074 927 1372 998 plantatur,
1413 929 1597 984 statim
1628 930 1770 983 vire-

184 1017 334 1072 scit;
403 1017 484 1072 sic
535 1027 809 1086 peccator,
865 1017 992 1073 licet
1041 1017 1350 1087 peccaverit
1397 1027 1454 1072 et
1494 1018 1770 1083 ceciderit,

183 1115 370 1162 tamen
400 1107 445 1162 si
473 1106 544 1162 sit
563 1121 721 1162 secus
749 1121 966 1176 aquam,
995 1105 1050 1160 id
1074 1116 1177 1172 est,
1203 1105 1248 1161 si
1268 1105 1394 1176 legit
1417 1121 1602 1162 sacras
1622 1105 1772 1161 Scri-

183 1204 397 1264 pturas,
433 1196 576 1252 viret
605 1197 784 1251 anima
811 1195 948 1265 ejus.

181 1285 217 1338 5
291 1285 435 1350 Quia
481 1286 588 1339 illic
620 1287 1064 1356 interrogaverunt
1105 1302 1197 1341 nos
1229 1303 1320 1357 qut
1352 1294 1578 1357 captiuos
1604 1289 1772 1342 duxe-

397 1384 524 1430 runt
535 1391 628 1430 nos
645 1388 664 1427 ἔ

334 1463 508 1519 Verba
537 1466 862 1520 cantionum.

251 1554 298 1609 ll
336 1556 623 1610 Dmmoncs
647 1556 739 1624 qui
763 1555 1088 1626 deceperunt
1117 1572 1216 1614 nos
1250 1567 1305 1614 et
1329 1559 1572 1630 captivos
1601 1560 1768 1616 duxe-

183 1653 330 1710 runt,
364 1661 509 1699 nunc
532 1645 685 1714 quasi
711 1644 1008 1716 gloriantes
1033 1655 1089 1700 et
1119 1647 1430 1704 deridentes
1461 1650 1648 1705 dicunt
1671 1666 1767 1706 no--

2017 463 2084 516 In
2111 464 2197 517 die
2233 461 2591 519 Hierusalem.

1945 552 1988 607 C
2037 553 2225 619 Edom,
2268 554 2359 610 alii
2395 556 2758 626 sanguineum,
2786 556 2872 611 alii
2901 566 3160 612 terrenum
3190 558 3454 628 interpre-

1875 650 2074 698 tantur.
2126 643 2167 697 ll
2191 643 2322 711 Quis
2350 659 2478 716 ergo
2503 655 2609 712 est,
2639 648 2742 703 nisi
2769 647 3059 703 diabolus?
3091 648 3338 703 diabolus
3372 658 3454 704 cst

1873 734 2014 788 enim
2043 734 2135 804 qui
2163 735 2362 805 decipit
2380 750 2548 806 genus
2577 737 2889 803 humanum,
2917 739 3002 792 cui
3024 738 3156 807 petit
3182 737 3452 808 Propheta

1873 821 2123 883 rvtribui,
2160 832 2216 875 ut
2247 823 2443 878 sentiat
2489 839 2706 894 pinnam
2751 841 2914 895 quam
2958 827 3073 896 ipse
3109 842 3206 882 sua
3245 828 3452 884 malitia

1873 913 2075 968 homini
2117 915 2360 980 adduxit,
2392 915 2614 971 trahens
2643 925 2700 971 et
2725 917 2997 974 adducens
3024 917 3078 973 in
3105 918 3450 991 Babylonem.

1873 1004 1940 1056 £0
2011 1003 2114 1069 Qui
2137 1005 2357 1058 dicunt:
2383 1003 2973 1071 Exinanite,exinanite
3010 1024 3030 1060 :

2010 1091 2184 1160 Usque
2207 1095 2275 1147 ad
2304 1095 2701 1163 fundamentum
2731 1096 2784 1150 in
2810 1113 2890 1152 ea.

1939 1180 1980 1236 C
2017 1181 2193 1237 Verba
2236 1183 2336 1237 ista
2377 1183 2608 1238 ﬁliorum
2645 1195 2772 1239 sunt
2794 1185 2984 1253 Edom,
3011 1191 3451 1260 persequentium

1868 1272 2123 1342 populum
2145 1273 2548 1341 Christianum;
2580 1275 2671 1344 qui
2704 1279 3168 1346 persequebantur
3193 1297 3359 1352 usque
3382 1282 3451 1338 ad

1867 1361 2298 1428 fundamentum,
2349 1363 2403 1418 id
2458 1373 2542 1418 est
2593 1380 2761 1434 usque
2802 1367 2871 1421 ad
2912 1378 3141 1423 mortem
3187 1372 3451 1442 martyrii.

1869 1450 2059 1507 Dicere
2083 1461 2285 1518 autem,
2309 1454 2606 1515 exinanito,
2643 1463 2726 1510 est
2748 1457 2948 1522 dicere,
2972 1458 3147 1513 lucem
3183 1468 3453 1530 tempora-

1868 1539 1973 1595 lem
2029 1541 2241 1612 eripite.
2296 1543 2343 1596 A
2407 1543 2758 1600 similitudine
2809 1547 3060 1604 cisterna:
3106 1558 3280 1606 tracta
3327 1563 3455 1608 sunt

1868 1631 2064 1696 verba;
2113 1649 2234 1702 qua:
2277 1643 2480 1703 quanto
2525 1635 2644 1706 plus
2687 1638 3036 1705 exhauritur,
3090 1650 3241 1698 tanto
3280 1646 3454 1714 magis

181 1733 286 1796 bis,
314 1731 526 1788 reddite
546 1731 768 1786 verbum
793 1734 858 1788 de
883 1733 986 1789 ﬁde
1007 1745 1209 1803 vestra,
1230 1745 1288 1792 et
1311 1739 1760 1808 quemadmodum

1879 1721 2200 1777 exinanitur.
2264 1723 2464 1779 Verum
2507 1726 2640 1794 quid
2692 1727 2915 1794 prodest
2959 1730 3117 1786 malis
3173 1748 3341 1804 usque
3382 1737 3454 1792 ad

185 1826 403 1893 quando
455 1825 626 1880 eratis
681 1824 735 1879 in
785 1825 1120 1881 Hierusalem
1149 1867 1165 1893 ,
1235 1827 1288 1882 id
1357 1837 1440 1884 est
1488 1831 1762 1899 paradiso,

182 1917 442 1985 hymnum
470 1913 731 1969 dicebatis
778 1913 905 1979 Deo,
958 1915 1032 1969 ita
1078 1931 1222 1972 nunc
1267 1919 1464 1974 canite.
1515 1918 1556 1974 C
1597 1919 1767 1975 Tenet

184 2005 383 2073 quippe
413 2014 512 2058 nos
542 2003 631 2058 lex
659 2006 866 2074 peccati
896 2005 949 2060 in
991 2006 1248 2063 membris
1286 2010 1485 2064 uestris
1524 2010 1766 2081 captivos

183 2095 478 2148 secundum
508 2100 771 2160 mentem,
794 2103 855 2148 ut
877 2109 984 2150 non
1012 2096 1153 2150 auod
1189 2096 1434 2154 volumus
1480 2097 1764 2166 faciamus,

184 2185 275 2239 sed
301 2185 447 2254 quod
487 2185 762 2240 nolumus.

182 2275 214 2326 4
285 2273 353 2326 Et
394 2274 484 2343 qui
512 2273 845 2328 abdmrunt
877 2290 968 2328 nos

320 2362 592 2433 Hymuum
622 2372 830 2417 cantate
853 2365 996 2418 nobis
1027 2365 1092 2419 de
1120 2365 1338 2421 canticis
1369 2365 1515 2422 Sion.

247 2454 287 2510 C
326 2455 396 2509 Et
438 2455 531 2526 qui
568 2454 912 2510 abduxerunt
959 2471 1080 2522 nos,
1112 2457 1164 2511 id
1189 2467 1274 2513 est
1310 2458 1766 2528 concupiscentiae

183 2544 427 2600 carnales
457 2546 599 2616 (qua:
627 2559 730 2600 nos
751 2544 874 2615 jure
917 2547 1252 2617 captivitatis
1298 2548 1610 2618 illaqueant)
1657 2547 1766 2604 fre-

185 2644 408 2702 quenter
437 2636 689 2703 suadent,
715 2643 777 2690 ut
806 2637 972 2692 verba
1019 2638 1331 2707 psalmodia:
1385 2639 1440 2693 in
1483 2638 1617 2695 locis
1663 2639 1764 2694 im-

187 2724 399 2779 mundis
427 2741 622 2782 canere
659 2727 980 2783 debeamus.

183 2813 215 2866 5
285 2813 562 2880 Quomodo
594 2816 925 2871 cantabimus
955 2817 1218 2872 canticum
1258 2817 1514 2873 Domini:

328 2907 402 2960 In
430 2917 572 2960 terra
599 2907 816 2962 aliena?

247 2994 288 3048 ϐ
322 2995 604 3062 Quomodo
631 2999 1008 3056 cantabimus?
1037 3001 1144 3057 illis
1173 3002 1604 3071 respondendum
1634 3012 1719 3059 cst
1743 3021 1756 3059 :

184 3101 275 3141 nos
326 3088 384 3140 in
431 3090 687 3157 peccatis
719 3093 1020 3146 constituti.
1073 3093 1129 3147 In
1175 3101 1318 3148 terra
1366 3093 1562 3158 aliena,
1596 3093 1648 3148 id
1678 3103 1762 3148 est

185 3178 318 3233 inter
342 3191 498 3236 actus
520 3183 764 3251 vitiosos,
790 3185 879 3254 qui
903 3195 1031 3241 sunt
1056 3200 1087 3240 a
1115 3186 1228 3241 Dea
1257 3185 1439 3240 alieni.
1476 3185 1760 3240 Canticum

185 3271 420 3325 Domino.
463 3271 509 3326 Η
538 3272 801 3329 Peccator
819 3275 1019 3330 etenim
1046 3291 1152 3330 non
1181 3276 1344 3332 debet
1384 3283 1626 3339 cantare,
1667 3275 1761 3328 sed

185 3360 359 3431 lugere
385 3373 609 3432 peccata
660 3381 777 3420 sua.
821 3365 938 3422 Non
986 3374 1167 3438 potest
1205 3366 1352 3422 enim
1394 3365 1498 3420 nisi
1542 3372 1732 3419 sanctu

182 3465 302 3506 vere
323 3451 496 3508 Deum
534 3455 758 3511 laudare
794 3456 968 3529 (Psal.
997 3474 1154 3524 xux;
1191 3456 1355 3511 Eccli.
1390 3458 1501 3524 xv).

183 3540 214 3592 6
281 3541 338 3596 Si
365 3543 561 3598 oblitus
583 3545 736 3614 fuero
767 3549 845 3601 tui
879 3547 1213 3602 Hierusalem
1252 3563 1271 3602 :

317 3634 581 3691 Oblivioni
607 3639 759 3692 detur
787 3640 1002 3695 dextera
1029 3658 1167 3694 mea.

246 3723 287 3778 C
310 3724 576 3797 Astringit
604 3728 786 3800 itaque
810 3746 868 3786 se
894 3730 1162 3800 Propheta
1190 3729 1341 3785 duris
1362 3730 1762 3784 conditionibus

183 3823 235 3867 et
263 3816 512 3885 vinculis,
554 3836 660 3876 non
706 3823 776 3877 ab
813 3823 930 3892 ejus
971 3830 1150 3877 mente
1179 3823 1454 3877 discedere
1483 3821 1763 3876 caelestem

185 3903 537 3976 Hierusalem,
566 3927 685 3980 qua:
712 3920 796 3966 est
833 3913 978 3983 regio
999 3913 1300 3967 beatorum.
1343 3912 1520 3976 Quam
1555 3912 1646 3981 qui
1675 3912 1762 3966 hic

183 3997 514 4055 obliviscitur
562 4002 616 4056 in
667 4019 890 4074 regnum
937 4003 1030 4058 Dei
1083 4003 1306 4057 minimc
1351 4002 1662 4057 collocatur.
1717 4001 1761 4054 ll

184 4085 426 4156 Dextera,
473 4091 674 4162 quippe
713 4094 976 4148 bonorum
1008 4101 1132 4148 sunt.
1160 4107 1322 4162 opera
1369 4101 1535 4146 recta.
1591 4092 1649 4146 Si
1681 4093 1762 4148 vis

182 4191 388 4248 semper
419 4180 477 4235 in
516 4183 774 4237 memoria
811 4184 904 4238 Dei
946 4198 1084 4249 esse,
1113 4197 1280 4253 opera
1319 4182 1403 4237 fac
1436 4184 1686 4238 dexterae.

189 4269 217 4319 7
288 4271 566 4328 Adluereat
599 4274 787 4346 lingua
811 4294 926 4331 mea
961 4275 1204 4345 faucibus
1234 4275 1361 4329 meis
1389 4289 1407 4325 :
1635 4264 1640 4268 ’

315 4362 371 4418 Si
400 4381 506 4418 non
531 4367 817 4420 meminero
845 4369 942 4420 tui.

220 4450 260 4502 (ἶ
311 4451 461 4508 Nunc
483 4456 807 4524 proponitur
825 4457 1057 4512 secunda
1082 4457 1310 4526 paruulis
1330 4457 1584 4513 conditio.
1619 4457 1756 4525 Quid

187 4542 315 4596 enim
349 4545 614 4614 probatur
643 4549 882 4604 deterius
921 4563 1060 4614 esse,
1089 4565 1249 4618 quam
1281 4549 1409 4602 illud
1453 4566 1556 4604 non
1601 4565 1757 4619 posse

188 4633 337 4702 loqui,
364 4638 506 4693 unde
527 4641 813 4694 consuevit
835 4639 1099 4695 medicina
1124 4641 1366 4710 praestari
1396 4641 1420 4694 ?
1461 4641 1755 4710 psalmodia

186 4737 257 4777 est
283 4728 424 4782 enim
453 4729 756 4785 consolatio
780 4729 1042 4794 ﬂentium,
1090 4745 1218 4783 cura
1265 4729 1578 4793 dolentium,
1613 4731 1760 4784 saui-

188 4825 258 4871 tas
287 4829 633 4889 aegrotorum,
661 4821 766 4876 hoc
792 4821 984 4875 animae
1032 4819 1350 4884 remedium,
1386 4820 1486 4873 hoc
1535 4820 1756 4872 misero-

190 4921 288 4961 rum
313 4913 555 4965 omnium
584 4910 931 4981 cognoscitur
958 4923 1081 4963 esse
1105 4906 1408 4977 suffugium.
1468 4908 1754 4962 llecordari

190 4997 332 5063 igitur
357 5016 575 5072 semper
602 4999 805 5054 Christi
831 4999 1014 5061 debes,
1046 5012 1115 5050 ne
1147 4997 1233 5050 tali
1262 5013 1482 5053 munere
1505 4997 1752 5066 priveris.

188 5087 214 5139 8
278 5091 342 5157 λ(
379 5089 442 5144 Si
463 5107 570 5144 non
598 5105 918 5159 proposuero
949 5086 970 5158 ζ
1004 5084 1338 5140 Hierusalem
1367 5107 1386 5145 ,-

307 5177 372 5230 1η
393 5179 660 5247 principio
689 5176 885 5231 ltetitia:
905 5191 1058 5232 mete.

242 5264 278 5318 C
308 5265 640 5334 Principium
676 5263 872 5320 latitia:
899 5272 985 5319 est
1011 5275 1228 5329 semper
1252 5266 1504 5336 validum,
1537 5275 1744 5330 semper

1788 4409 1838 4466 ι)

1868 1809 2299 1880 fundamentum,
2328 1815 2470 1884 quod
2491 1816 2740 1873 Christus
2761 1826 2866 1884 est,
2892 1819 3170 1879 exinanire
3189 1823 3453 1881 Cbristia4

1867 1915 2059 1956 norum
2115 1905 2479 1974 temporalia,
2545 1906 2673 1960 dum
2730 1907 3138 1965 fundamentum
3176 1913 3450 1970 Christum

1866 1989 2078 2058 eripere
2123 2007 2228 2046 non
2265 1995 2492 2063 possint,
2538 2010 2712 2065 neque
2749 2007 2947 2053 aeterna
2985 2000 3126 2056 bona
3166 2003 3452 2060 minuere?

1868 2080 1929 2133 Η
2011 2080 2156 2135 Filia
2183 2081 2471 2154 Babylonis
2502 2086 2692 2140 misera
2723 2103 2742 2140 :

2010 2171 2204 2227 Beatus
2260 2175 2356 2244 qui
2409 2176 2658 2229 retribuet
2707 2177 2801 2230 tibi
2865 2180 3257 2237 retributionem
3302 2194 3452 2240 tuam

2082 2280 2240 2333 quam
2270 2265 2559 2319 retribuisti
2592 2266 2764 2320 nobis.

1935 2352 1976 2408 C
2002 2353 2135 2408 Filia
2162 2354 2468 2425 Babylonis,
2501 2371 2630 2412 caro
2658 2366 2846 2414 nostra
2873 2368 2980 2426 est,
3016 2377 3135 2430 quae
3179 2364 3450 2419 confusio~

1865 2461 1987 2501 nem
2014 2449 2172 2502 nobis
2196 2449 2388 2520 ingerit
2413 2459 2782 2520 peccatorum,
2808 2469 2927 2523 qua:
2949 2456 3147 2512 misera
3169 2467 3253 2514 est
3279 2460 3444 2525 dicta,

1829 2573 1832 2576 ~
1864 2538 1990 2608 quia
2031 2538 2233 2595 illicitis
2256 2542 2706 2611 concupiscentiis
2730 2558 2945 2615 semper
2971 2549 3175 2602 sauciat
3206 2550 3447 2606 animam

1863 2628 2086 2684 vulnere
2109 2638 2474 2699 peccatorum.
2523 2632 2621 2688 Cui
2646 2635 2965 2702 retribuere,
2987 2647 3072 2692 est
3085 2655 3202 2694 eam
3227 2641 3448 2712 jejuniis

1863 2727 1920 2773 et
1941 2720 2168 2776 diversis
2189 2721 2624 2778 tribulationibus
2644 2724 2912 2780 subditam
2937 2726 3114 2784 facere
3135 2730 3447 2795 virtutibus,

1863 2825 1984 2880 qua:
2030 2824 2128 2865 nos
2165 2811 2619 2881 concupiscentiis
2661 2813 2776 2870 suis
2809 2817 3103 2872 concitavit
3127 2822 3194 2874 ad
3217 2820 3366 2888 vitia,
3388 2832 3450 2878 ut

1863 2917 1985 2972 quae
2021 2903 2187 2957 traxit
2215 2903 2284 2958 ad
2307 2902 2542 2973 culpam,
2585 2904 2854 2974 adiutorio
2891 2907 2982 2964 Dei
3017 2911 3343 2980 perducatur
3381 2917 3450 2976 ad

1864 2992 2110 3061 gloriam.

1867 3083 1936 3137 12
2006 3083 2205 3139 Beatus
2234 3085 2325 3156 qui
2363 3085 2553 3139 tenebit
2585 3100 2604 3137 :

2009 3175 2076 3230 Et
2097 3177 2279 3232 allidet
2312 3179 2562 3249 parvulos
2587 3196 2713 3234 suos
2740 3182 2810 3236 ad
2828 3194 3050 3252 petram.

1932 3267 1972 3323 C
2010 3269 2198 3352 Adhuc
2231 3270 2468 3340 loquitur
2494 3274 2560 3328 ad
2587 3275 2757 3344 ipsam
2787 3290 3004 3332 carnem
3032 3319 3047 3344 ,
3090 3289 3300 3335 oeatum
3328 3298 3448 3339 esse

1863 3372 2316 3424 commemorans,
2349 3363 2443 3432 qui
2474 3363 2614 3418 ﬁlios
2641 3364 2779 3435 ejus,
2823 3366 2875 3420 id
2914 3376 2995 3422 est
3041 3369 3171 3424 vitia
3200 3375 3448 3429 nocentia

1865 3457 2012 3502 tenet
2053 3457 2111 3503 et
2149 3449 2388 3514 cohibet,
2435 3461 2492 3506 et
2530 3468 2635 3508 non
2683 3456 2950 3525 permittit
2977 3457 3077 3512 sibi
3110 3475 3326 3516 nocere.
3385 3465 3452 3520 Et

1863 3540 2045 3596 allidet
2072 3542 2137 3595 ad
2164 3549 2395 3611 petram,
2425 3543 2474 3596 id
2504 3553 2587 3598 est
2617 3547 2686 3600 ad
2710 3545 3004 3615 Christum,
3039 3557 3097 3606 ut
3133 3568 3235 3606 non
3265 3570 3447 3609 more-

1864 3639 1952 3684 tur
1979 3639 2190 3695 tenens,
2216 3646 2282 3686 ne
2309 3633 2555 3702 voluptas
2584 3634 2778 3693 blanda
2813 3641 3088 3711 subripiat,
3123 3645 3218 3698 sed
3250 3655 3307 3700 ut
3335 3657 3448 3702 sta-

1865 3721 1957 3776 tim
1985 3721 2258 3778 confracta
2283 3725 2592 3796 dispereunt
2611 3743 2730 3799 quae
2761 3745 2860 3786 nos
2887 3734 3179 3792 teterrimls
3213 3739 3448 3796 motibus

1863 3813 2212 3884 instigabant.

2267 3921 2466 3963 ORATIO
2516 3923 2582 3962 EX
2629 3925 2772 3964 PSAL.
2825 3928 3044 3968 CXXXVI.

1933 3995 2317 4066 Captivitatum
2367 4009 2674 4055 nostrarum
2721 4005 3097 4072 potentissime
3135 4007 3446 4074 Absolutor,

1862 4091 2098 4147 concede
2125 4093 2282 4149 nobis
2310 4093 2496 4150 laudes
2526 4103 2646 4150 tuas
2685 4096 2912 4166 spiritali
2941 4112 3134 4154 canere
3158 4111 3446 4166 concentu,

1862 4193 1942 4248 ut,
1971 4199 2108 4254 quos
2133 4199 2270 4240 onus
2295 4200 2450 4240 noxa:
2477 4194 2605 4243 ante
2631 4186 2758 4243 fecit
2783 4189 2994 4244 exsules
3013 4230 3028 4254 ,
3057 4190 3328 4249 alleviatio
3354 4209 3450 4264 ρο-

1864 4275 2026 4329 tentis
2067 4275 2304 4330 dexterae
2347 4276 2595 4332 caelestes
2640 4279 2886 4333 restituat
2923 4281 3088 4337 cives.
3138 4283 3242 4339 Per
3271 4287 3451 4341 Domi-

1865 4379 1990 4418 num
2029 4374 2270 4420 nostrum
2305 4365 2511 4433 Iesum,
2551 4377 2654 4422 etc.

2324 4472 2650 4530 PSALMUS
2681 4475 2986 4534 CXXXVII.

2235 4598 2598 4640 ARGUMENTUI
2641 4601 2786 4640 PSAL.
2838 4603 3077 4642 CXXXVII.

1938 4694 1980 4750 C
2011 4693 2343 4750 Universalis
2373 4695 2612 4751 Ecclesia
2642 4697 2854 4754 Domini
2886 4699 3148 4758 beneﬁcia
3171 4701 3272 4760 sibi
3298 4707 3452 4761 attri-

1868 4789 1998 4843 buta
2040 4785 2350 4840 collaudans
2390 4797 2571 4843 monet
2613 4797 2671 4842 ut
2707 4805 2862 4860 reges
2896 4802 3054 4847 teme
3086 4791 3256 4849 Deum
3289 4797 3452 4851 conﬁ-

1873 4885 2091 4935 teantur
2134 4878 2428 4942 excelsum,
2470 4890 2696 4947 oratque
2725 4897 2792 4936 ne
2821 4891 3133 4951 peccatores
3161 4901 3456 4941 conversos

1869 4967 2150 5038 despiciat,
2194 4982 2328 5036 quos
2369 4984 2559 5024 creare
2601 4969 2855 5038 dignatus
2889 4981 2990 5027 est.

2330 5079 2440 5133 TT.
2485 5095 2546 5135 -t-
2588 5079 2700 5148 Ipsi
2737 5081 2755 5149 ζ
2789 5085 2976 5137 David.

1944 5168 2248 5236 (lQuamvis
2263 5168 2433 5222 David
2451 5170 2734 5224 Christum
2751 5172 3036 5245 signiﬁcet,
3057 5182 3233 5227 tamen
3251 5189 3454 5229 acoen-

1875 5267 1970 5326 do,
1999 5260 2117 5329 ipsi,
2145 5258 2264 5327 plus
2295 5259 2518 5314 indicat.
2550 5259 2655 5327 Ipsi
2689 5262 2841 5316 enim
2867 5261 3196 5315 reverentius
3217 5277 3462 5332 pronun-

2069 5363 2112 5370 -.ρ
2165 5355 2239 5370 ..-ι
2315 5355 2466 5370 ,ιι-,μζ
2522 5355 2786 5370 -Ιαζ.-..Σ...Α-
2886 5355 3028 5370 ..-ρρρζ
3079 5355 3246 5370 --ι-..ἵν
3302 5355 3431 5370 ‘__l:
