3994 5370
499 225 605 286 μίϋὸ

502 338 524 388 1
642 334 938 404 Conﬁtebor
963 334 1057 388 tibi
1089 332 1310 388 ‘Domine
1335 333 1388 386 in
1414 343 1521 388 toto
1543 333 1697 387 corde
1723 350 1835 387 meo
1861 351 1880 388 .·

643 439 697 480 οι-
736 423 994 489 Quoniam
1023 423 1216 477 audisti
1245 423 1396 478 verba
1423 424 1529 477 oris
1555 423 1655 476 mei
1688 421 1707 490 ζ
1740 459 1756 474 .

533 515 579 570 ll
621 515 677 570 Si
709 515 831 584 quis
859 529 956 584 pro
980 514 1232 576 omnibus
1258 514 1404 568 vitiis
1425 521 1481 567 et
1512 512 1857 581 passionibus
1885 511 2078 566 animm

499 621 607 660 sua:
637 605 747 674 agit
779 603 1180 672 ptenitentiam,
1209 602 1312 658 iste
1349 601 1639 656 conﬁtetur
1667 616 1734 655 ex
1760 610 1871 654 toto
1893 601 2076 656 corde.

498 698 555 753 Si
577 699 699 766 quis
727 711 857 752 vero
888 711 984 765 pro
1009 710 1116 749 uno
1142 695 1274 750 vitio
1301 693 1612 756 conﬁtetur,
1640 701 1766 762 puta
1791 692 1916 762 quia
1945 707 2078 745 ava-

494 801 591 844 rus
619 797 724 853 est,
763 787 866 843 hoc
897 785 1188 842 conﬁtetur
1210 826 1224 848 ,
1257 801 1363 840 non
1395 793 1578 838 autem
1609 783 1922 846 conﬁtetur,
1949 782 2078 850 quia

495 880 796 938 fornicator
848 886 940 931 aut
990 878 1270 933 detractor
1327 885 1450 940 est,
1505 877 1630 944 quia
1680 889 1786 928 non
1856 873 1908 926 in
1966 880 2079 927 toto

496 971 661 1024 corde
691 966 1000 1032 conﬁtetur,
1040 982 1145 1020 non
1179 966 1394 1022 auditur
1441 980 1472 1018 a
1522 966 1651 1019 Deo.
1691 963 1732 1018 C
1761 961 2081 1017 Considerat

496 1069 676 1115 autem
706 1059 962 1114 meritum
1007 1057 1294 1123 orationis,
1326 1065 1387 1112 ut
1415 1056 1597 1112 omnia
1625 1053 1791 1110 verba
1824 1069 1918 1108 sua
1948 1067 2078 1124 pro-

493 1149 714 1206 ﬁteatur
743 1149 951 1204 audita.

491 1243 527 1296 2
632 1242 700 1296 1η
729 1251 1003 1307 conspectu
1033 1239 1335 1310 angelorum
1361 1239 1586 1309 psallam
1612 1238 1705 1292 tibi
1737 1253 1756 1292 :

639 1330 884 1384 Adorabo
917 1330 985 1384 ad
1008 1327 1252 1398 templum
1281 1339 1516 1383 sanctum
1547 1337 1696 1382 tuum
1729 1335 1775 1383 et
1798 1325 2084 1395 conﬁtebor

715 1421 914 1476 nomini
936 1431 1047 1474 tuo.

564 1513 612 1568 Η
649 1511 786 1566 Vide
817 1511 1203 1581 perfectionem
1235 1510 1574 1580 paenitentis,
1625 1509 1753 1579 quia
1797 1515 1920 1577 post
1947 1522 2082 1561 con-

495 1603 785 1662 fessionem
850 1611 906 1656 et
959 1601 1334 1672 paenitentiam
1393 1615 1516 1654 cum
1559 1597 1796 1668 angelis
1845 1605 2085 1652 meretur

1429 223 1486 278 S.
1529 221 1880 278 BRUNONIS
1921 221 2461 283 IIERBIPOLENSIS
2498 221 2805 280 EPISCOI‘I

3664 210 3788 281 tas

2103 345 2154 404 Α
2180 335 2396 391 excelso
2433 335 2661 390 Domino
2695 331 2906 402 respici,
2941 347 3064 388 cum
3096 347 3155 388 se
3183 342 3542 403 cognosceret
3567 349 3777 408 magna

2177 425 2460 479 devotione
2503 422 2794 493 prosterni.
2824 422 2968 486 Alta,
3011 424 3241 491 superba
3284 423 3594 493 signiﬁcat;
3651 443 3785 495 quae

2177 512 2299 567 ideo
2337 513 2495 583 longe
2529 512 2830 583 cognoscit,
2874 514 3128 582 quoniam
3165 512 3282 580 ejus
3311 516 3499 582 gratia:
3547 517 3786 574 minimc

2176 603 2568 674 proximantur.
2595 601 2660 654 Et
2691 617 2757 653 ne
2783 611 3036 669 putarent
3063 603 3306 670 superbi,
3337 603 3465 672 quia
3494 602 3592 658 alti
3620 615 3781 671 sunt,

2177 705 2234 744 se
2261 690 2430 745 Deum
2455 705 2558 744 non
2591 689 2798 752 videre,
2826 689 2922 752 ait,
2953 690 3251 757 cognoscit.

2177 781 2211 838 8
2318 780 2377 835 Si
2416 780 2749 834 ambulavero
2777 782 2830 833 in
2866 781 3035 833 medio
3083 780 3437 836 tribulationis
3478 784 3780 851 uiviﬁcabr's

2385 886 2467 924 me
2495 883 2584 924 '+
2613 884 2658 925 et
2693 871 2711 942 ζ
2742 886 2894 940 super
2918 870 3052 923 iram
3075 869 3402 924 inimicorum
3424 887 3662 925 meorum
3683 888 3784 926 ea:-

2383 965 2596 1017 tendisti
2618 981 2832 1017 manum
2859 975 3006 1017 luant
3028 976 3046 1014 :

2321 1053 2388 1107 Et
2415 1054 2613 1110 salvum
2634 1071 2716 1108 me
2737 1054 2855 1124 fecit
2878 1055 3092 1108 dextera
3115 1064 3228 1108 tua.

2246 1145 2288 1201 C
2327 1146 2644 1201 Viviﬁcatur
2670 1161 2800 1216 ergo
2822 1145 3067 1215 populus,
3085 1147 3134 1199 id
3163 1154 3246 1200 est
3272 1144 3604 1212 laetiﬁcatur,
3629 1147 3774 1202 dum

2178 1237 2324 1292 enim
2353 1237 2406 1290 in
2431 1237 2660 1292 diversis
2685 1236 2952 1306 angustiis
2976 1237 3140 1290 fuerit
3179 1237 3517 1292 constitutus
3545 1278 3561 1301 ,
3611 1249 3778 1292 aeter-

2176 1341 2371 1381 norum
2435 1327 2750 1396 gaudiorum
2808 1326 3077 1380 suavitate
3143 1329 3434 1382 recordans
3490 1329 3771 1382 reﬁcitur.

2181 1414 2373 1469 Sciens
2394 1415 2539 1468 enim
2565 1430 2757 1468 aurum
2790 1415 2913 1482 igne
2943 1415 3182 1482 probari,
3208 1426 3263 1469 et
3311 1417 3583 1484 premium
3637 1433 3764 1470 ma-

2181 1503 2385 1556 ximum
2416 1512 2537 1573 post
2577 1503 2790 1558 labores
2820 1503 2936 1557 dari
2960 1543 2976 1567 .
3026 1512 3081 1558 et
3115 1505 3502 1560 tribnlationes
3554 1506 3774 1560 Domini

2180 1593 2380 1648 virtute
2402 1595 2754 1662 superamlas,
2786 1593 3001 1647 laetatur
3024 1594 3078 1647 in
3111 1595 3578 1660 tribulationibus,
3623 1606 3681 1650 et
3714 1599 3774 1649 iu

493 1693 723 1764 psallere
751 1701 807 1746 et
831 1693 1034 1763 gratias
1061 1706 1220 1762 agere
1245 1690 1376 1745 Deo.
1415 1689 1456 1744 C
1487 1689 1767 1758 Templum
1792 1688 2079 1753 orationis,
2111 1690 2156 1748 Β
2186 1693 2367 1738 mente
2411 1683 2730 1738 viviﬁcatur.
2788 1686 3044 1739 Extendit
3099 1701 3316 1739 manmn
3368 1702 3531 1754 super
3580 1689 3719 1740 iram
3747 1729 3768 1752 ,

494 1791 578 1838 est
621 1783 796 1837 beatae
841 1781 1234 1836 incarnationis
1288 1779 1593 1843 adventus,
1644 1791 1806 1847 quem
1838 1775 2082 1846 quotidie

493 1871 688 1927 adorat
713 1871 978 1937 Ecclesia,
1011 1871 1138 1925 dum
1165 1885 1362 1939 corpus
1391 1877 1446 1923 et
1475 1868 1794 1938 sanguinem
1825 1866 1994 1936 ipsius
2023 1867 2080 1920 in

493 1972 841 2018 sacramento
873 1969 1195 2026 veneratur;
1245 1960 1342 2014 sed
1392 1957 1484 2014 illa
1530 1956 1779 2012 adoratio
1837 1955 2079 2026 perfecta

493 2062 578 2109 est
606 2069 769 2122 qualn
796 2051 1067 2107 confessio
1097 2052 1256 2105 beata
1278 2049 1591 2104 comitatur.

492 2138 528 2197 ὅ
634 2138 804 2208 Super
831 2139 1192 2194 misericordia
1222 2147 1315 2191 tua
1344 2146 1392 2192 et
1417 2137 1636 2190 veritate
1663 2142 1754 2187 tua
1779 2147 1797 2184 :

635 2229 898 2296 Quoniam
943 2229 1293 2298 magni/icasti
1349 2241 1506 2296 super
1555 2225 1810 2296 Xiomne
1843 2224 1862 2296 ξ
1893 2238 2080 2278 nomen

709 2333 951 2378 sanctum
978 2333 1147 2376 tuum.

565 2415 606 2467 C
644 2413 1012 2468 Misericordia
1043 2423 1144 2480 est,
1187 2412 1328 2482 quod
1375 2413 1490 2468 sine
1518 2411 1836 2480 cujusquam
1869 2409 2080 2464 meritis

493 2506 560 2559 ad
624 2505 934 2560 liberandos
989 2519 1088 2559 nos
1135 2502 1321 2556 venire
1373 2502 1624 2570 dignatus
1669 2510 1774 2555 est.
1824 2497 2077 2566 Veritas,
2123 2542 2128 2546 ,

494 2596 622 2666 quia
655 2597 1043 2666 prophetarum
1072 2607 1294 2647 suorum
1322 2593 1587 2662 promissa
1617 2589 1925 2658 complevit.
1961 2587 2076 2641 Ma—

494 2687 810 2758 gniﬁcatum
856 2694 941 2740 est
991 2699 1212 2747 nomen,
1265 2698 1388 2738 cum
1443 2681 1598 2736 nobis
1640 2680 1866 2734 cultura:
1913 2679 2081 2749 ipsius

491 2775 669 2828 virtus
713 2773 966 2828 innotuit.
1001 2773 1044 2826 ll
1083 2771 1346 2827 Peccator
1381 2771 1567 2825 audiat
1612 2768 2075 2834 misericordiam;

485 2864 666 2932 justus
689 2875 869 2920 autem
895 2875 950 2918 et
977 2866 1244 2934 superbus
1273 2864 1458 2918 audiat
1485 2863 1796 2917 veritatem.

488 2953 529 3006 4
633 2953 702 3008 In
733 2969 1040 3024 quacunque
1073 2953 1156 3006 die
1187 2954 1492 3005 invocavero
1535 2961 1582 3004 te
1617 2950 1811 3004 exardi
1851 2966 1931 3005 me
1953 2964 1973 3002 :
2064 2994 2068 2998 .

640 3041 1015 3111 Multiplicabis
1045 3042 1102 3094 in
1130 3041 1308 3094 anima
1336 3057 1453 3094 mea
1483 3041 1746 3094 uirtutem.

564 3133 607 3189 C
629 3132 755 3189 Dies
785 3133 873 3187 hic
903 3133 1076 3187 lucida
1109 3133 1298 3200 petitio
1329 3132 1650 3201 sinceraque
1667 3139 1769 3196 est,
1787 3146 1950 3200 quam
1975 3145 2080 3186 non

487 3227 764 3297 cupiditas
794 3240 893 3279 nec
933 3225 1039 3278 ulla
1075 3225 1304 3278 avaritia
1337 3224 1568 3286 nubilat,
1613 3222 1706 3278 sed
1737 3223 1804 3278 de
1850 3223 1943 3278 illo
1972 3221 2086 3277 sole

491 3317 662 3382 lucet,
705 3316 796 3384 qui
831 3330 1024 3369 onmes
1055 3314 1316 3386 caligines
1348 3313 1695 3369 mortalitatis
1721 3314 1999 3368 emundat.
2025 3312 2084 3366 In

496 3405 694 3459 talibus
728 3403 1079 3473 petitioninus
1117 3404 1346 3457 devotus
1377 3402 1606 3472 populus
1633 3416 1692 3456 se
1735 3402 1911 3456 audiri
1955 3417 2082 3471 pre-

496 3506 669 3548 catur.
705 3493 745 3547 H
779 3493 1182 3563 Multiplicabts,
1215 3494 1268 3549 id
1308 3504 1391 3548 est
1422 3494 1604 3548 multis
1632 3493 2086 3548 sollicitudinibus

493 3585 780 3659 subjacere
810 3591 1047 3644 animam
1080 3589 1235 3644 lacis.
1281 3588 1322 3644 C
1358 3588 1462 3644 Per
1507 3590 1611 3644 hoc
1658 3589 1801 3642 enim
1847 3587 2088 3642 ostendit

496 3695 557 3736 se
585 3682 863 3736 imnnnera
898 3697 1188 3750 passurum
1220 3689 1410 3735 contra
1441 3695 1562 3750 quae
1610 3688 1719 3734 tam
1765 3678 2082 3748 multiplicia

495 3761 756 3824 virtutum
787 3771 921 3838 petit
950 3771 1170 3823 auxilia.

485 3863 530 3916 5
639 3860 1003 3930 Conﬁteantur
1031 3860 1145 3924 tibi,
1173 3858 1412 3925 Domtne,
1437 3875 1615 3914 omnes
1647 3875 1789 3929 reges
1817 3867 1968 3913 terra:
1995 3873 2012 3910 :

575 4007 582 4013 ,
674 3951 812 4017 Quia
845 3952 1123 4005 audierunt
1155 3953 1330 4004 omnia
1355 3951 1506 4004 verba
1532 3951 1637 4004 oris
1662 3950 1758 4002 tui.

553 4042 606 4096 πρ
640 4040 818 4112 Reges
849 4051 1006 4095 terra:
1035 4052 1162 4095 sunt
1189 4041 1282 4109 qui
1319 4041 1641 4109 corporilms
1670 4041 1784 4096 suis
1825 4039 2082 4094 divinita-

494 4133 568 4187 tis
597 4145 822 4186 munere
851 4131 1220 4185 dominantur.
1247 4128 1383 4182 Nam
1415 4129 1504 4183 ille
1535 4143 1662 4184 vere
1691 4144 1785 4182 rex
1812 4143 1920 4184 non
1951 4129 2085 4182 dici-

496 4235 608 4288 tur,
643 4224 735 4293 qui
781 4223 931 4277 vitiis
979 4223 1188 4277 servire
1219 4231 1576 4277 monstratur.
1607 4223 1744 4288 Quia
1776 4222 2083 4285 audierunt,

497 4316 688 4370 audire
737 4316 883 4370 enim
933 4316 1000 4369 ad
1049 4314 1174 4370 illos
1222 4315 1456 4382 pertinet
1492 4315 1586 4383 qui
1618 4312 1934 4368 obedientes
1964 4327 2084 4368 esse

499 4415 818 4460 noscuntur.
865 4403 992 4459 Illos
1043 4404 1188 4458 enim
1241 4418 1347 4482 non
1399 4404 1630 4459 dicimus
1682 4404 1900 4458 audisse
1948 4417 2085 4472 quos

498 4505 848 4551 contumaces
874 4497 1047 4550 sacris
1066 4494 1402 4561 jussionibns
1429 4509 1548 4549 esse
1577 4495 1797 4549 scimus.

499 4594 532 4643 6
645 4591 712 4643 Et
739 4600 944 4644 cantent
976 4592 1028 4642 in
1058 4591 1154 4642 viis
1185 4588 1430 4643 Domini:
1635 4643 1644 4647 _

646 4681 911 4748 Quoniam
941 4697 1133 4749 magna
1159 4691 1238 4734 est
1263 4679 1432 4750 gloria
1460 4678 1696 4734 Domini.

571 4772 618 4827 ll
657 4772 769 4829 Viae
795 4771 1031 4835 Domini,
1054 4779 1182 4825 sunt
1212 4769 1582 4825 misericordia
1613 4779 1669 4824 et
1701 4770 1922 4835 veritas,
1951 4785 2086 4839 quas

499 4873 723 4920 cantare
771 4873 829 4919 et
881 4862 1106 4918 laudare
1150 4861 1370 4932 regibus
1422 4869 1479 4915 et
1545 4861 1813 4931 religiosis
1863 4873 1918 4915 et
1961 4856 2087 4916 vere

2183 1773 2398 1843 quando
2425 1774 2498 1828 illi
2533 1774 2738 1828 inimici
2765 1776 3012 1830 conversi
3048 1775 3134 1830 hic
3159 1775 3377 1845 gravius
3409 1777 3763 1840 tribulantnr,

2181 1879 2342 1933 quam
2389 1865 2849 1918 contristaverant
2893 1865 3169 1934 subjectos
3207 1867 3478 1929 humiles,
3535 1878 3593 1921 et
3643 1869 3777 1922 inci-

2178 1955 2332 2022 piunt
2361 1967 2420 2007 se
2440 1953 2585 2024 juste
2618 1955 2892 2025 persequi,
2921 1958 3011 2024 qui
3043 1957 3194 2025 prius
3232 1955 3622 2013 innocentibus
3652 1974 3775 2027 par-

2178 2058 2306 2100 cere
2330 2038 2638 2100 nolueruttt.
2663 2045 2896 2101 Dextera
2924 2061 3054 2101 vero
3083 2048 3254 2102 virtus
3279 2048 3504 2112 dicitur,
3531 2061 3589 2103 et
3606 2052 3772 2104 (ibri-

2180 2143 2295 2190 SlllS
2321 2145 2423 2190 est.

2180 2225 2214 2280 9
2321 2225 2578 2282 Dominus
2602 2228 2842 2280 retribuet
2865 2245 2959 2298 pro
2985 2245 3065 2284 me
3089 2243 3106 2280 :
3134 2229 3379 2296 Domine,
3405 2231 3774 2286 misericordia

2391 2326 2482 2368 tua
2503 2317 2557 2370 in
2579 2318 2866 2371 swcnlum:
2898 2336 2901 2338 ·

2324 2405 2495 2474 Opera
2525 2423 2778 2461 manuum
2807 2418 3022 2463 tuarum
3061 2426 3124 2464 ne
3151 2411 3440 2481 despicias.

2250 2496 2292 2552 C
2328 2498 2584 2553 Dominus
2607 2500 2876 2555 retribuet
2907 2540 2924 2567 ,
2963 2501 3204 2570 perfecta
3252 2503 3415 2557 nimis
3445 2513 3503 2560 et
3553 2505 3773 2574 qualem

2183 2585 2406 2642 fundere
2433 2604 2716 2643 monemur
2740 2591 2914 2644 oratio
2943 2601 3048 2655 est,
3091 2607 3314 2647 causam
3349 2608 3504 2648 suam
3539 2595 3773 2652 Domino

2181 2679 2587 2745 commendare,
2616 2681 2706 2749 qui
2739 2681 2890 2735 novit
2923 2681 3222 2752 unicuique
3251 2684 3411 2754 digna
3447 2689 3771 2755 rependere.

2181 2769 2249 2823 Et
2272 2779 2328 2824 ut
2356 2787 2462 2825 non
2490 2772 2629 2828 irato
2673 2774 2856 2829 animo
2887 2773 3088 2829 dictqu
3124 2785 3346 2846 putares
3372 2816 3390 2844 ,
3433 2779 3587 2832 addit
3619 2794 3634 2831 :
3669 2778 3775 2832 Do-

2183 2867 2328 2916 mine
2359 2863 2731 2918 misericordia
2761 2872 2874 2928 tua.
2919 2874 3051 2931 etc.,
3100 2880 3263 2935 quam
3313 2867 3451 2922 facis
3508 2871 3675 2923 etiam
3718 2871 3771 2924 in

2183 2962 2400 3008 nostros
2428 2956 2994 3024 persecutores,dum
3040 2972 3136 3012 eos
3181 2972 3477 3014 conversos
3524 2975 3627 3028 pro
3671 2959 3775 3015 ﬁde

2109 3033 2154 3094 C
2188 3053 2278 3102 tua
2304 3045 2469 3100 multa
2499 3047 2607 3116 pati
2639 3045 2795 3102 facis.
2824 3047 3069 3106 Pertinet
3099 3063 3227 3117 ergo
3253 3049 3395 3117 quod
3420 3050 3578 3114 dicit,
3608 3053 3776 3108 mise-

2186 3137 2419 3192 ricordia
2447 3177 2462 3202 ,
2507 3137 2574 3190 ad
2606 3135 2729 3192 illos
2758 3137 2850 3207 qui
2875 3153 2976 3192 nus
3001 3150 3418 3209 persequuntur.
3448 3140 3625 3211 Opera
3657 3158 3774 3196 ma-

2186 3242 2351 3281 nuum
2379 3267 2394 3292 ,
2426 3226 2480 3280 id
2521 3236 2609 3281 est
2650 3227 2900 3283 inimicos
2948 3239 3184 3294 nostros,
3222 3231 3350 3300 quia
3403 3242 3463 3286 et
3516 3233 3616 3302 ipsi
3650 3242 3777 3288 sunt

2185 3331 2347 3386 opera
2373 3331 2625 3370 manuum
2668 3325 2901 3371 tuarum.
2928 3317 3052 3373 Ideo
3090 3335 3222 3389 ergo
3253 3330 3405 3391 rogat
3451 3320 3573 3390 pius
3600 3335 3776 3390 popu-

2185 3406 2267 3461 lus
2295 3421 2392 3475 pro
2419 3407 2652 3462 inimicis
2679 3408 2814 3473 suis,
2843 3418 2901 3462 ut
2934 3410 3014 3464 eis
3044 3403 3333 3465 miseratus
3363 3411 3662 3480 indulgeat,
3679 3411 3772 3480 qui

2185 3496 2239 3550 in
2269 3512 2328 3550 se
2347 3508 2709 3566 peccaverunt
2736 3500 3142 3569 persequendo,
3178 3511 3236 3554 ut.
3282 3501 3620 3572 indulgentia
3653 3516 3777 3572 per-

2184 3595 2340 3656 cepta
2368 3596 2773 3642 convertantur.

2589 3693 2789 3734 ORATIO
2826 3695 2895 3733 EX
2935 3695 3083 3734 PSAL.
3125 3697 3367 3736 CXXXVII.

2258 3767 2549 3837 Multiplica
2587 3770 2834 3833 Domine,
2877 3771 3136 3826 virtutem
3185 3781 3329 3826 tuam
3376 3773 3429 3826 in
3487 3773 3780 3827 animabus

2187 3858 2510 3928 supplicum,
2549 3867 2628 3923 ut,
2661 3859 2787 3912 dmn
2819 3861 2870 3912 in
2903 3860 3098 3929 templo
3126 3869 3316 3916 sancto
3339 3860 3551 3932 jngiter
3581 3863 3775 3916 adon-

2187 3961 2328 4010 mus,
2359 3947 2412 3999 in
2439 3957 2730 4015 conspectu
2764 3956 2855 4003 ttto
2899 3964 3022 4003 cum
3067 3951 3270 4004 sanetis
3319 3951 3528 4020 angelis
3576 3953 3775 4021 glorie-

2186 4051 2328 4090 mur.
2356 4037 2461 4091 Per
2490 4038 2776 4091 Dominmn
2803 4049 3050 4093 nostrum
3073 4039 3257 4094 Iesum
3286 4040 3566 4096 Christum
3586 4084 3602 4107 ,
3631 4053 3737 4099 etc.

2633 4127 2861 4182 PSALM
2874 4129 2956 4184 US
2989 4129 3178 4184 CXXX
3194 4132 3300 4187 VIII

2560 4239 2922 4279 ABGUIENTL’I
2964 4240 3110 4279 PSAL.
3149 4240 3413 4281 CXXXVIII.

2258 4313 2300 4368 C
2329 4313 2579 4368 Christus
2601 4316 2666 4368 ad
2705 4315 2919 4370 Patrem
2963 4315 3030 4370 de
3061 4319 3378 4384 pausatione
3405 4327 3464 4373 et
3516 4334 3766 4375 resurre-

2190 4404 2371 4458 ctione
2413 4419 2508 4458 sua
2533 4405 2792 4473 loquitur,
2844 4406 3141 4474 potentiam
3185 4417 3426 4475 paternae
3470 4409 3771 4463 divinitatis

2190 4509 2486 4565 exponens,
2503 4496 2628 4564 quia
2649 4496 2701 4550 in
2719 4512 2806 4562 eo,
2822 4499 2964 4566 quod
2983 4498 3143 4552 homo
3162 4509 3263 4562 est,
3283 4514 3548 4568 nusquam
3571 4501 3641 4554 ab
3662 4501 3774 4568 ejus

2191 4589 2380 4644 notitia
2417 4603 2477 4646 se
2504 4590 2676 4659 possit
2705 4590 3039 4647 abscondere
3062 4631 3078 4656 ,
3109 4607 3173 4648 ac
3197 4607 3359 4663 super
3383 4608 3606 4648 omnem
3631 4608 3774 4663 asse-

2191 4694 2318 4735 rens
2345 4690 2652 4736 sanctorum
2677 4679 3038 4737 confortatum
3067 4697 3189 4737 esse
3214 4684 3604 4752 principatum.

2543 4773 2652 4829 TT.
2695 4772 2764 4828 In
2797 4774 2955 4842 ﬁnem
2975 4774 3208 4844 psalmus
3235 4775 3426 4830 David.

2261 4863 2302 4918 C
2340 4864 2508 4921 Totus
2538 4866 2624 4920 hic
2647 4865 2913 4934 psalmus,
2933 4865 2998 4919 ad
3015 4864 3217 4920 Christi
3245 4865 3458 4920 Domini
3482 4881 3765 4936 personam
