3994 5370
127 384 257 442 ιθτ

1372 383 1740 443 EXPOSITIO
1776 383 2216 444 PSAIMORUM.

3338 385 3452 443 (93’

134 505 278 558 luit.
307 500 583 571 Cognovit
607 516 754 567 eum,
789 499 842 556 id
870 507 956 556 est
982 498 1259 564 ostendit,
1311 500 1531 569 quando
1567 499 1704 553 dixit
1739 517 1752 553 :
1785 503 1832 562 Α
1859 510 2171 564 contuetur,
2217 500 2400 556 omnia
2439 481 2718 572 penetrat:
2745 504 2789 557 Α
2832 502 2925 559 Vel
2956 502 3229 575 paenitens
3247 504 3456 573 quaerit

135 595 253 648 Hic
281 603 367 647 est
391 592 566 646 Filius
595 609 748 646 meus
778 593 1008 646 dilectus
1035 591 1087 645 in
1114 606 1223 660 quo
1254 591 1384 644 mihi
1417 591 1750 661 contplacni:

137 683 334 752 ipsum
366 681 556 734 audite
604 679 820 750 (Matth.
859 682 1015 748 xm).
1056 680 1196 734 Bene
1232 691 1414 734 autem
1462 681 1752 750 appellata,

137 774 346 836 sessio,
384 787 537 826 mors
564 781 650 826 est
677 771 998 835 Salvatoris,
1043 772 1094 826 in
1138 787 1243 842 qua
1275 787 1380 826 non
1428 785 1608 843 pretia,
1660 773 1756 828 sed

140 862 376 929 requies
407 860 530 914 fuit.
568 860 612 913 A
657 860 774 924 γει,
814 861 1053 929 probasti
1101 876 1186 916 me
1214 902 1230 926 ,
1275 863 1329 916 in
1371 863 1666 932 passione:
1701 870 1758 916 et

141 952 483 1022 cognovisti,
514 951 565 1005 id
593 961 679 1005 est
704 952 978 1021 cognitum
1008 952 1206 1017 fecisti,
1236 953 1288 1006 itt
1319 953 1750 1008 resurrectione.

143 1044 380 1114 Repetit
405 1043 555 1097 enim
591 1044 645 1097 in
677 1060 783 1112 quo
815 1046 1089 1114 cognitum
1115 1061 1236 1098 eum
1266 1045 1493 1110 fecerit,
1532 1047 1586 1100 in
1634 1061 1754 1102 ses-

146 1137 309 1190 sione
329 1135 565 1197 scilicet,
588 1135 638 1187 id
665 1146 747 1189 est
771 1137 1038 1206 passione,
1057 1137 1180 1207 quia
1204 1139 1396 1194 sedens
1417 1154 1474 1194 se
1489 1139 1756 1205 hutniliat,

145 1235 207 1280 et
237 1225 495 1281 Christus
523 1226 832 1280 humiliavit
860 1242 920 1282 se
959 1244 1130 1297 usque
1162 1227 1227 1281 ad
1276 1239 1506 1284 mortem
1547 1232 1750 1296 crucis,

145 1326 208 1369 et
241 1318 294 1368 iu
322 1316 727 1371 resurrectione
771 1327 956 1370 notum
992 1318 1242 1372 omnibus
1284 1317 1454 1384 fecit,
1506 1319 1578 1374 ita
1626 1334 1754 1389 pro-

147 1409 331 1472 bavit,
364 1409 414 1462 id
445 1418 528 1464 est
560 1411 846 1479 probatum
877 1413 1120 1468 ostendit
1145 1422 1202 1469 et
1229 1413 1507 1484 cognitum
1555 1413 1754 1470 Filium

147 1517 320 1556 Suum
346 1511 500 1571 pater
531 1512 789 1560 :elernus.

146 1594 186 1646 2
305 1592 627 1647 Intellexisti
657 1595 998 1663 cogitationes
1031 1615 1172 1654 meas
1211 1600 1276 1654 de
1306 1599 1459 1669 longe
1483 1613 1501 1650 :

304 1682 561 1736 Semitam
594 1699 763 1736 meam
786 1694 834 1737 et
861 1685 1157 1753 funiculum
1200 1705 1372 1743 meum
1409 1687 1752 1757 inrestigasti.

227 1774 272 1829 C
310 1774 354 1828 A
386 1775 566 1845 longe,
599 1775 687 1829 hic
719 1791 823 1830 non
853 1777 1053 1843 lucum,
1086 1781 1181 1834 sed
1213 1791 1427 1850 tempus
1453 1779 1750 1850 significat,

1857 592 2064 657 locum,
2095 607 2203 662 quo
2226 591 2399 663 fugiat
2424 593 2494 648 ab
2516 593 2594 650 ira
2627 596 2747 652 Dei.

1857 683 1888 737 7
1961 683 2023 737 Si
2046 683 2330 736 ascendero
2352 683 2407 737 in
2428 682 2636 750 caelum,
2673 695 2729 740 tu
2759 685 2869 740 illic
2895 703 2983 741 es:

1999 772 2058 828 Si
2087 773 2400 828 descendero
2426 775 2482 828 in
2512 775 2798 844 infernum,
2823 777 2970 831 ades.

1926 865 1967 920 C
2005 866 2096 919 Ait
2124 873 2306 919 autem
2335 880 2435 935 per
2462 866 2514 920 id
2543 867 2687 936 quod
2725 868 2886 924 homo
2921 876 3003 922 est
3029 886 3042 921 :
3072 883 3117 924 st
3148 870 3444 925 ascendet-0

1857 955 1909 1010 itt
1937 957 2158 1021 emtum,
2209 964 2268 1010 tu
2300 956 2408 1011 illic
2445 972 2525 1019 es,
2550 958 2762 1013 scilicet
2799 959 2888 1014 ubi
2918 968 3038 1014 erat
3068 960 3136 1015 ad
3165 960 3444 1015 dexteram

1857 1046 2037 1104 Patris
2073 1049 2445 1104 collocandus.
2477 1049 2766 1104 Descendit
2811 1065 3023 1120 quoque
3064 1051 3116 1105 in
3151 1051 3443 1115 iufernutn,

1857 1153 1980 1192 cum
2012 1140 2245 1210 disrupit
2285 1137 2621 1194 inferuerunt
2661 1138 2800 1205 loca,
2831 1149 2886 1195 et
2921 1141 3196 1209 piissimus
3229 1142 3446 1196 redem-

1855 1240 1981 1300 ptor
2009 1230 2246 1284 humano
2275 1230 2459 1298 generi
2509 1231 2784 1285 subvenit.
2833 1229 2976 1284 Ades
2997 1271 3011 1295 ,
3064 1232 3321 1301 quoniam
3350 1232 3450 1285 tri-

1857 1322 2031 1376 duana
2059 1321 2339 1376 celeritate
2365 1322 2623 1376 surrexit.
2649 1320 2692 1376 A
2713 1320 2830 1375 ,νει
2863 1321 3136 1390 paenitens
3166 1322 3262 1385 ait,
3292 1321 3336 1375 si
3361 1337 3448 1377 su-

1856 1413 2106 1482 perbiero
2136 1427 2221 1468 me
2248 1412 2534 1475 extollens,
2564 1411 2635 1466 ibi
2665 1426 2751 1467 me
2778 1412 2966 1481 punis;
2993 1419 3048 1464 et
3072 1411 3117 1465 si
3144 1412 3197 1465 in
3226 1410 3448 1483 profun-

1857 1503 1984 1558 dum
2013 1512 2363 1572 peccatorum
2392 1501 2749 1566 descendere,
2782 1511 2837 1556 et
2863 1502 2934 1556 ibi
2963 1502 3224 1557 vindicas.

1854 1594 1888 1650 8
1963 1592 2027 1648 Si
2057 1610 2326 1662 sumpsero
2353 1609 2550 1662 pennas
2580 1607 2636 1648 σι-
2671 1609 2816 1646 meas
2844 1594 2879 1664 ξι
2898 1591 3133 1648 diluculo
3153 1605 3173 1644 ε

2003 1700 2063 1741 -ι-
2094 1685 2161 1739 Et
2193 1705 2205 1738 :
2231 1685 2530 1738 Itabitavero
2578 1686 2633 1738 in
2660 1685 2906 1738 extremis
2931 1685 3116 1738 maris.

1926 1774 1968 1830 C
2006 1775 2221 1830 Pennas
2255 1792 2406 1840 suas,
2435 1775 2570 1831 dicit
2596 1775 2936 1830 celeritatem
2966 1775 3164 1828 divina:
3191 1772 3458 1841 majesta-

152 1869 288 1935 quia
311 1883 418 1920 non
452 1867 627 1921 solum
653 1865 794 1922 facta
834 1879 1017 1924 nostra
1057 1873 1341 1940 praevidet,
1375 1886 1564 1926 verum
1597 1872 1748 1941 eogi-
1783 1869 1828 1928 Β
1860 1870 1946 1934 tis,
1993 1870 2250 1940 quoniam
2298 1877 2549 1924 sanctum
2597 1883 2797 1937 corpus
2835 1867 2901 1922 ad
2933 1882 3168 1937 superna
3195 1865 3447 1920 elevavit.

155 1954 400 2010 lationes
451 1967 704 2025 nostras,
735 1968 1026 2031 antequam
1085 1976 1184 2016 nos
1230 1960 1332 2031 ipsi
1362 1959 1755 2025 existimamus,

156 2048 430 2114 agnoscit.
463 2047 685 2106 Semita:
726 2054 1001 2123 pertinent
1025 2053 1092 2108 ad
1135 2051 1334 2108 tacitas
1372 2051 1759 2124 cogitationes,

158 2135 447 2194 funiculus
481 2142 548 2195 ad
574 2141 722 2208 justa
747 2142 978 2211 judicia.

155 2226 195 2279 5
305 2225 377 2282 Et
406 2247 586 2286 omnes
608 2235 718 2287 vias
756 2250 898 2288 meas
927 2235 1216 2304 prwvidisti

309 2322 451 2387 Quia
479 2341 581 2378 non
611 2339 684 2380 est
710 2344 881 2381 sermo
905 2329 961 2381 in
996 2328 1173 2397 lingua
1196 2343 1332 2382 mea.

234 2413 276 2468 C
318 2413 430 2470 Via:
459 2417 525 2470 ad
553 2429 709 2473 actus
737 2421 1012 2488 pertinent
1045 2421 1330 2474 humanos.
1353 2418 1608 2473 Prasvisae
1631 2433 1760 2474 vero

160 2508 301 2560 adeo
341 2518 469 2562 sunt
510 2511 610 2565 via:
640 2510 791 2578 ejus,
821 2512 872 2565 id
915 2521 1000 2565 est
1039 2527 1203 2582 opera
1231 2552 1246 2575 ,
1279 2520 1337 2564 ut
1377 2521 1424 2564 et
1453 2511 1760 2580 prophetam

162 2596 324 2663 longe
351 2610 472 2652 ante
507 2613 794 2653 noscantur
827 2599 1026 2654 Christi
1065 2617 1253 2664 opera,
1287 2600 1431 2654 sicut
1467 2600 1532 2652 de
1559 2597 1762 2652 Christi

163 2689 579 2742 mansuetudine
619 2690 787 2744 Isaias
840 2691 977 2744 dixit
1019 2709 1031 2744 :
1095 2689 1252 2744 Sient
1298 2689 1416 2744 ovis
1487 2689 1554 2743 ad
1615 2688 1736 2743 occi

165 2778 378 2832 sionem
412 2782 604 2837 ductus
627 2793 732 2846 est,
777 2794 882 2838 etc.
934 2784 1071 2853 (Isa.
1101 2786 1246 2852 LIII).
1281 2781 1395 2838 Non
1426 2792 1511 2838 est
1556 2799 1760 2848 sermo,

166 2869 359 2936 utique
402 2869 678 2935 falsitatis,
705 2875 830 2942 quia
859 2889 1133 2944 nunquam
1161 2874 1262 2930 sub
1303 2873 1485 2944 aliqua
1527 2871 1764 2929 falsitate

165 2954 388 3012 locutus
414 2971 497 3014 est
522 2961 795 3018 Christus.

165 3044 199 3098 ι
314 3046 493 3114 Ecce,
537 3052 756 3108 Domine
788 3069 848 3110 -ι-
891 3064 946 3108 ιιι
980 3054 1000 3127 ζ
1031 3057 1316 3126 cognovisti
1364 3071 1541 3110 omnia
1589 3055 1762 3110 novis-

390 3144 525 3194 sima
547 3154 592 3196 et
617 3144 836 3210 antiqua
859 3159 879 3196 :

1866 1960 2001 2014 Dum
2040 1973 2258 2028 quoque
2285 1957 2440 2022 dicit,
2483 1973 2658 2020 meas,
2693 1956 2934 2027 intelligo
2963 1956 3188 2027 gloriam
3220 1955 3476 2026 proprias

1859 2049 2170 2118 potestatis,
2211 2048 2339 2118 quia
2371 2049 2588 2118 propria
2617 2057 2888 2118 potestate
2914 2048 3109 2112 deitas,
3147 2062 3255 2101 non
3286 2061 3468 2114 auge-2

1859 2142 1965 2197 lico
1991 2141 2262 2211 adjutorio
2287 2141 2685 2195 humanitatem
2713 2142 2780 2195 ad
2810 2141 3092 2196 dexteram
3120 2139 3304 2194 Patris
3333 2136 3449 2191 col-

1860 2234 2078 2288 locavit.
2107 2236 2216 2289 Has
2260 2250 2469 2304 pennas
2503 2250 2630 2289 cum
2662 2243 2972 2303 sumpserat
3000 2231 3238 2288 diluculo
3269 2246 3452 2286 resur-

1861 2328 2149 2391 rectionis,
2179 2337 2235 2381 et
2267 2327 2536 2381 habitavit
2580 2327 2634 2380 in
2679 2325 2941 2382 extremis
2988 2325 3174 2387 maris.
3223 2323 3326 2378 hoc
3367 2329 3454 2377 est

1859 2433 2022 2487 supra
2064 2419 2222 2473 istius
2267 2417 2449 2472 saeculi
2499 2417 2893 2488 amplissimum
2935 2417 3098 2470 liuent
3126 2430 3320 2469 manus
3347 2429 3443 2484 pa-

1863 2518 2019 2563 terna
2079 2509 2324 2564 deduxit.
2359 2509 2405 2562 A
2444 2507 2566 2572 Vel,
2611 2522 2820 2576 penna),
2875 2505 2982 2559 duo
3025 2513 3289 2574 przecepta
3326 2511 3452 2557 sttnt

1863 2603 2172 2667 charitatis,
2198 2603 2396 2670 quibus
2427 2617 2588 2656 mane
2608 2617 2636 2655 a
2666 2599 2904 2671 peccatis
2927 2613 3154 2670 surgens
3182 2598 3454 2666 pmnitens

1861 2693 2070 2746 habitat
2099 2693 2150 2747 in
2180 2693 2440 2747 extremis
2489 2691 2696 2756 saeculi,
2751 2691 2803 2744 id
2849 2699 2933 2746 est
2987 2690 3041 2744 in
3083 2689 3281 2759 gaudio
3335 2701 3448 2743 cm-

1863 2777 2002 2839 lcs'ti.
2034 2784 2187 2851 Quod
2213 2793 2334 2853 post
2362 2785 2521 2837 linem
2575 2783 2736 2853 hujus
2775 2783 2896 2836 vita:
2935 2782 3119 2845 datur,
3164 2789 3220 2834 et
3269 2787 3449 2835 tamen

1857 2873 1969 2943 jatu
2000 2876 2052 2928 in
2078 2891 2143 2930 eo
2170 2890 2263 2945 spe
2294 2875 2588 2929 habitatur.

1863 2969 1897 3024 9
1973 2969 2176 3023 Etenim
2210 2968 2317 3022 illic
2350 2985 2534 3022 manus
2567 2978 2658 3021 tua
2685 2967 2901 3022 deducet
2925 2981 3042 3019 nte:

2009 3059 2077 3114 Et
2102 3060 2288 3114 tenebit
2316 3077 2396 3114 me
2425 3060 2642 3114 dextera
2664 3070 2776 3112 tua.

1938 3152 1979 3206 C
2019 3151 2254 3206 Detlnxit
2285 3150 2560 3206 Christum
2591 3157 2815 3219 paterna
2849 3161 3066 3209 manus,
3096 3143 3295 3213 quiest
3321 3142 3466 3197 dex—

319 3245 380 3287 -t-
420 3231 498 3286 Tu
530 3235 547 3306 ζ
579 3235 821 3304 formasti
847 3253 927 3291 me
944 3248 992 3292 et
1019 3238 1241 3307 posuisti
1267 3253 1422 3307 super
1443 3253 1523 3292 me
1547 3252 1759 3291 manum

1873 3253 1980 3298 tera
2011 3243 2206 3307 Patris,
2231 3243 2322 3312 qni
2348 3250 2684 3310 assumptum
2715 3239 3106 3293 humanitatem
3129 3243 3184 3291 et
3207 3233 3308 3289 sibi
3332 3232 3466 3287 uni-

387 3336 558 3382 luant.

239 3415 285 3469 C
327 3418 486 3484 Quod
521 3421 652 3474 dicit
698 3421 1001 3491 cognovisti
1053 3422 1236 3476 omnia
1292 3421 1622 3488 novissima,
1659 3421 1764 3477 hoc

165 3509 411 3577 pertinet
436 3511 505 3564 ad
538 3512 969 3569 incarnationem
1001 3514 1190 3584 ipsius,
1221 3530 1343 3582 quae
1370 3515 1511 3568 facta
1540 3523 1625 3568 est
1661 3529 1766 3569 no-

165 3602 422 3655 vis-simis
469 3605 802 3672 temporibus
843 3603 988 3674 (Cal.
1033 3606 1148 3675 tv);
1199 3613 1257 3658 ut
1299 3604 1500 3659 Paulus
1557 3604 1652 3658 ait.
1702 3605 1767 3658 Et

165 3692 452 3748 Johannes
475 3696 588 3748 ait:
625 3696 822 3762 Filioli,
855 3697 1149 3750 novissima
1200 3697 1332 3749 hora
1369 3705 1453 3750 est
1510 3695 1569 3766 (l
1600 3695 1762 3750 Joan.

167 3788 255 3855 ιι).
297 3785 555 3857 Antiqua,
596 3789 647 3842 id
674 3798 757 3844 est
784 3801 1008 3852 :eterua,
1034 3803 1155 3858 quae
1199 3802 1298 3842 nec
1327 3788 1483 3842 initio
1529 3801 1628 3842 nec
1661 3787 1766 3842 [ine

167 3879 520 3933 clauduntur.
548 3880 820 3936 Formasti
867 3895 984 3946 me,
1021 3879 1314 3949 signiﬁcat,
1369 3878 1624 3948 genuisti.
1665 3879 1767 3932 Po-

168 3970 285 4022 suit
309 3969 470 4023 Pater
500 3987 717 4026 manum
750 3987 912 4042 super
937 3986 1082 4038 eum,
1115 3985 1239 4026 cum
1264 3971 1318 4024 in
1350 3969 1467 4039 ipso
1499 3970 1761 4024 virtutem

169 4075 290 4113 suae
321 4060 624 4126 maiestatis
648 4063 907 4116 ostendit.

169 4149 206 4203 5
287 4148 548 4204 Mirabilis
571 4152 716 4218 facta
747 4161 820 4205 est
842 4153 1059 4206 scientia
1083 4161 1173 4205 tua
1199 4167 1264 4205 ea:
1291 4167 1371 4204 me
1393 4166 1413 4204 :

320 4238 639 4308 Canfortata
669 4251 744 4294 est
774 4251 820 4295 et
851 4258 953 4295 non
978 4252 1154 4311 potero
1179 4241 1248 4293 ad
1276 4255 1413 4294 eam.

243 4327 287 4382 C
327 4328 572 4384 Scientia
617 4329 798 4384 Patris
842 4341 950 4395 est,
996 4347 1116 4400 qua:
1146 4346 1243 4400 per
1267 4328 1542 4385 Christum
1569 4346 1768 4400 umque

180 4425 454 4472 terrarum
479 4420 773 4487 praedicata
801 4428 902 4474 est.
935 4419 1064 4486 Quae
1093 4430 1177 4474 est
1203 4419 1346 4476 facta
1378 4419 1646 4475 mirabilis
1671 4435 1768 4489 per

175 4510 473 4575 Christum,
503 4511 633 4564 dum
683 4513 968 4582 terrigenis
1012 4521 1356 4567 sacramenta
1407 4527 1576 4566 sacrae
1633 4510 1766 4581 legis

178 4611 392 4654 narrata
426 4612 574 4654 sunt.
615 4601 728 4656 Nec
757 4612 945 4670 potero
979 4601 1044 4655 ad
1070 4618 1213 4668 eam,
1249 4617 1318 4658 ex
1345 4601 1683 4656 humanitate
1709 4609 1767 4655 et

177 4694 483 4762 inﬁ'mitate
525 4695 715 4749 carnis
743 4693 1016 4763 loquitur,
1067 4702 1127 4746 nt
1167 4693 1221 4747 in
1269 4693 1376 4747 alio
1412 4692 1572 4747 loco:
1607 4691 1769 4746 Pater

179 4785 347 4850 major
371 4802 457 4839 me
488 4795 574 4839 est
606 4785 794 4854 (Joan.
821 4785 934 4855 xw)
966 4801 979 4837 :
1011 4792 1071 4837 ut
1101 4785 1172 4837 sit
1206 4799 1434 4839 sensus:
1462 4783 1764 4839 Humanam

179 4885 454 4937 naturam,
492 4893 661 4946 quam
700 4877 1005 4945 assumpsi,
1059 4875 1254 4931 divina:
1295 4875 1616 4931 substantia:
1674 4877 1765 4932 ad-

180 4982 388 5036 :eqnare
413 4984 521 5022 non
547 4983 794 5037 possum.
821 4968 867 5021 A
897 4965 991 5020 γει
1016 4968 1306 5034 paenitens,
1331 4967 1574 5037 peccatis
1595 4969 1707 5024 suis
1735 4985 1766 5024 a

181 5058 346 5115 divina
395 5060 860 5129 contemplatione
906 5056 1172 5125 dejectus,
1227 5059 1372 5114 illam
1422 5058 1557 5113 dicit
1599 5075 1764 5130 supra

181 5167 320 5208 suam
366 5153 726 5224 fragilitatem
773 5150 1162 5214 confortatam,
1208 5150 1642 5222 mirabiliterque
1670 5169 1766 5210 ex-

179 5246 300 5301 cel3a
311 5263 380 5300 ιη.

176 5337 200 5354 ΙὉ
271 5337 311 5354 Λ

1867 3346 1973 3391 tam
1998 3351 2094 3406 per
2113 3345 2316 3391 aeterna
2352 3334 2543 3389 saecula
2578 3330 2896 3387 continebit.

1868 3429 1935 3482 10
2008 3427 2075 3482 Ει
2104 3427 2237 3480 dixi.
2270 3423 2524 3479 Forsitan
2551 3423 2774 3478 tenebra:
2801 3419 3179 3474 conculcabunt
3206 3431 3323 3470 me:

2009 3516 2077 3572 Et
2107 3534 2210 3572 ηοω
2238 3516 2556 3570 illuntinatio
2582 3531 2695 3567 mea
2719 3514 2774 3565 in
2803 3511 3006 3565 deliciis
3027 3510 3177 3563 meis.

1937 3608 1977 3662 C
2017 3607 2124 3662 Iste
2155 3621 2345 3660 versus
2381 3603 2482 3659 sub
2511 3603 2685 3657 ironia
2720 3599 3152 3671 pronuntiandus
3180 3605 3282 3660 est,
3311 3609 3448 3664 qtto-
3523 3644 3534 3657 ,

1867 3699 2029 3752 modo
2067 3698 2212 3752 enim
2266 3710 2389 3750 eum
2435 3695 2672 3749 tenebrzc
2718 3691 3041 3748 conculcare
3071 3695 3322 3758 poterant
3358 3685 3450 3754 qui

1866 3800 1948 3848 est
1982 3791 2072 3844 lux
2111 3789 2334 3844 mundi?
2359 3787 2452 3843 sed
2481 3787 2570 3842 ille
2601 3785 2781 3854 potius
2808 3780 3062 3837 tenebras
3089 3776 3450 3840 couculcavit,

1867 3897 1988 3936 emn
2013 3881 2312 3936 caecitatem
2343 3878 2502 3948 primi
2533 3876 2764 3931 hominis
2790 3874 2907 3928 luce
2929 3888 3040 3928 sure
3066 3866 3453 3925 misericordiae

1870 3972 2164 4040 reparavit.
2203 3969 2340 4032 Nox,
2392 3966 2663 4038 signiﬁcat
2698 3964 2898 4019 inferni
2940 3963 3260 4023 claustrum,
3308 3956 3455 4025 quod

1867 4072 2016 4118 certe
2046 4059 2396 4122 illuminavit,
2438 4073 2560 4112 cmn
2584 4063 2906 4126 potestatem
2939 4050 3138 4106 diaboli
3175 4045 3450 4102 contrivit.

1869 4152 2103 4216 Deliciae,
2151 4150 2462 4220 paradisum
2504 4147 2797 4217 significat,
2821 4143 2889 4198 ad
2915 4156 3077 4212 quem
3105 4139 3301 4193 anima:
3329 4151 3454 4190 sau-

1867 4254 2078 4301 clorum
2109 4253 2401 4314 prmstante
2427 4240 2656 4294 Domino
2685 4250 2916 4291 reversa:
2943 4241 3091 4287 sunt.
3139 4233 3184 4283 Α
3222 4227 3316 4282 Vel
3338 4241 3454 4298 po:-

1869 4333 2094 4391 nitentis
2133 4333 2301 4388 verba
2345 4340 2490 4394 sunt,
2521 4345 2548 4382 a
2577 4327 2883 4384 tenebrosis
2915 4320 3127 4377 actibus
3159 4317 3298 4374 male
3327 4331 3454 4372 sua-

1869 4426 2111 4481 dentium
2144 4423 2327 4480 seduci
2357 4420 2617 4476 timentis.

1869 4517 1930 4571 ll
2015 4530 2074 4572 -ι-
2110 4514 2248 4581 Quia
2279 4516 2300 4584 ζ
2330 4512 2553 4566 tencbrtv
2596 4527 2698 4566 non
2741 4505 3159 4563 obscurabuntur
3202 4516 3232 4559 a
3270 4509 3321 4554 te
3357 4513 3374 4551 :
3405 4507 3473 4552 et.

2121 4621 2226 4659 nox
2253 4605 2386 4659 sicut
2411 4603 2521 4656 dies
2545 4599 2962 4655 illuminabitur:

2115 4697 2262 4754 Sicut
2293 4697 2516 4750 tenebra:
2537 4695 2676 4765 ejus,
2701 4695 2772 4746 ita
2796 4701 2842 4745 et
2875 4691 3052 4743 lumen
3088 4689 3227 4757 ejus.

1942 4791 1984 4847 C
2021 4791 2199 4848 Causa
2248 4787 2496 4843 redditur
2524 4800 2622 4840 cur
2652 4799 2759 4839 nox
2783 4782 2855 4836 sit
2881 4779 3207 4835 illuminatio
3238 4775 3291 4828 iu
3319 4773 3453 4829 deli-

1872 4882 1992 4938 ciis.
2043 4881 2323 4936 Tenebras
2371 4879 2506 4933 dicit
2557 4875 2790 4946 mystica
2825 4880 2881 4926 et
2916 4869 3185 4939 profunda
3228 4880 3458 4934 quaeque

1873 4973 2185 5028 divinarum
2225 4969 2655 5039 Scripturarum,
2711 4979 2834 5035 qua:
2861 4975 2970 5015 non
3005 4956 3459 5014 obscurabuntur,

1870 5064 1967 5119 sed
2024 5062 2405 5118 illuminantur
2431 5075 2460 5112 a
2492 5056 2748 5120 Domino,
2795 5061 2853 5107 et
2895 5065 3022 5118 quae
3059 5047 3275 5102 fuerant
3306 5043 3462 5110 quasi

1871 5171 2002 5223 nox,
2055 5154 2156 5208 sub
2198 5151 2424 5222 mystica
2475 5145 2863 5214 complexione
2904 5139 3289 5207 prophetarum
3321 5142 3473 5223 tene-

1870 5219 2039 5302 brosa
2085 5219 2268 5306 dicta,
2304 5241 2355 5295 in
2387 5239 2627 5293 adventu
2681 5230 2904 5291 Domini
2956 5231 3267 5296 patuerunt.
3320 5219 3477 5275 Sicut

1873 5343 1936 5354 .-ν
1977 5333 2110 5354 ,ιη-μ-
2141 5329 2249 5352 -2---
2295 5330 2362 5352 ε...
2394 5337 2436 5350 ..ι
2463 5326 2650 5350 1....ιηοι
2686 5325 2802 5350 κζ..-
2857 5315 2984 5348 and“
3017 5315 3030 5348 ἶ

3039 5329 3069 5348 n
3095 5323 3146 5348 nl
3158 5323 3320 5346 “nulla
3336 5310 3480 5346 cori-

2424 5337 2436 5350 ι
2463 5326 2650 5350 1....ιηοι
2686 5325 2802 5350 κζ..-
2857 5325 2968 5348 ani-
