3994 5370
560 317 654 378 ιειρ

559 440 618 490 t2
698 440 834 505 Quia
857 448 913 493 tu
941 437 1214 508 possedisti
1244 454 1390 493 renes
1417 455 1591 494 meos:

695 527 983 598 Suscepisti
1011 545 1092 582 me
1111 528 1174 582 de
1199 537 1345 582 utero
1375 531 1560 582 matris
1589 546 1737 584 mete.

620 622 662 675 C
702 620 880 675 Renes
909 620 1176 691 signiﬁcat
1200 621 1572 677 fortitudinem
1599 623 1954 693 corporalem,
1985 626 2126 678 unde

553 709 753 765 merito
787 710 918 765 dicit
940 726 1101 767 renes
1124 726 1252 766 suos
1275 727 1396 768 esse
1415 727 1445 766 a
1475 712 1634 768 Patre
1658 729 1959 783 possessos,
1990 729 2125 783 quo-

549 799 700 853 niam
733 800 970 856 caelestis
1008 801 1232 871 iustitiae
1263 802 1518 858 ﬁrmitate
1563 804 1889 870 consistens,
1938 818 2126 872 pecca-

555 898 670 943 tum
702 890 909 962 fragilis
937 893 1183 962 corporis
1228 893 1514 964 ignoravit.
1563 895 1641 950 De
1679 905 1832 949 utero
1862 909 1990 949 vero
2015 908 2125 948 ma-

551 980 678 1046 tris,
717 982 770 1036 id
801 992 886 1038 est
913 983 978 1038 de
1005 983 1306 1056 Synagogte
1352 984 1492 1048 sinu,
1541 985 1671 1040 dicit
1712 1000 1772 1040 se
1815 993 2123 1056 susceptum

547 1087 578 1123 a
618 1073 818 1129 deitate
844 1074 1042 1141 Patris,
1073 1091 1192 1146 quae
1215 1078 1268 1132 in
1299 1092 1364 1133 eo
1393 1093 1515 1133 cum
1544 1077 1706 1140 Patre
1733 1094 1841 1134 una
1863 1087 1964 1134 est.
1990 1077 2124 1132 Nam

546 1163 597 1218 si
664 1163 732 1220 de
779 1165 1027 1234 virginali
1077 1179 1239 1222 utero
1281 1168 1416 1224 velis
1468 1169 1734 1240 accipere,
1789 1183 1896 1223 non
1951 1166 2123 1224 solum

546 1261 767 1325 quando
810 1265 894 1311 est
923 1257 989 1312 de
1027 1259 1337 1316 castissima
1382 1269 1537 1314 utero
1585 1273 1859 1330 egressus,
1903 1258 2020 1323 sed,
2070 1266 2128 1312 et

550 1347 770 1413 quando
812 1345 1018 1416 Spiritu
1083 1359 1272 1404 sancto
1319 1357 1613 1420 conceptus
1665 1357 1769 1413 est,
1825 1363 1854 1402 a
1895 1347 2124 1403 Domino

546 1437 810 1504 probatur
835 1448 1164 1509 assumptus.
1188 1441 1234 1495 A
1261 1441 1356 1497 Vel
1381 1442 1545 1496 verba
1569 1441 1881 1512 paenitentis
1906 1449 2052 1496 sunt.

543 1525 616 1578 15
687 1525 984 1594 Conﬁtebor
1017 1529 1110 1583 tibi
1136 1530 1261 1600 quia
1290 1528 1592 1584 terribiliter
1619 1527 1984 1598 magniﬁcatus
2011 1543 2063 1581 es
2105 1540 2122 1577 :

755 1617 1016 1673 mirabilia
1043 1636 1199 1690 opera
1225 1631 1318 1676 tua
1348 1640 1366 1676 :

565 1737 577 1744 ~
631 1736 633 1738 -
683 1700 752 1757 Et
775 1705 953 1760 anima
981 1723 1096 1762 mea
1121 1719 1390 1778 cognoscet
1423 1709 1598 1764 nimis.

610 1789 653 1846 C
681 1793 1021 1852 Terribiliter
1035 1797 1178 1852 enim
1201 1799 1578 1869 magniﬁcatus
1598 1807 1682 1856 est
1702 1799 1888 1868 Pater,
1903 1801 2121 1871 quando
2149 1783 2196 1843 Β

538 1885 595 1940 in
625 1887 875 1956 passione
895 1887 1099 1946 Christi
1130 1900 1273 1947 terra
1297 1894 1536 1958 tremuit,
1555 1909 1686 1949 saxa
1709 1895 1952 1965 disrupta
1973 1903 2118 1960 sunt,

535 1977 782 2047 sepulcra
805 1989 1115 2050 patuerunt.
1131 1982 1473 2056 Necesseque
1504 1985 1606 2039 fuit
1645 1985 1794 2041 illum
1819 1987 2120 2043 mirabilem

535 2083 883 2136 cognoscere,
910 2087 1070 2142 quem
1101 2082 1375 2130 tantorum
1401 2075 1788 2132 beneﬁciorum
1817 2077 2122 2148 piissimum

535 2157 849 2230 largitorem
873 2165 1128 2219 cernebat
1149 2163 1346 2221 Christi
1374 2165 1704 2223 humanitas.
1733 2167 1829 2224 Vel
1851 2168 2122 2238 paenitens

533 2250 669 2306 dicit
703 2251 758 2306 in
804 2255 1162 2311 conversione
1213 2265 1560 2327 peccatorum
1597 2258 1766 2313 Deum
1808 2259 2124 2314 terribiliter

536 2343 875 2414 magniﬁcari
902 2355 958 2400 et
1001 2348 1345 2404 mirabiliter.
1389 2350 1456 2404 Et
1495 2359 1786 2420 sequentes
1825 2365 2014 2407 versus
2055 2353 2122 2406 de

530 2432 832 2501 paenitente
856 2450 1130 2512 exponere
1157 2437 1328 2494 vales.

535 2524 608 2579 16
684 2524 810 2583 Νοη
835 2537 910 2582 est
937 2529 1255 2584 occultatum
1275 2547 1331 2586 os
1373 2547 1545 2586 meum
1571 2548 1603 2586 a
1627 2541 1676 2587 te
1699 2533 1840 2603 quod
1869 2532 2038 2602 feciin
2067 2532 2120 2585 in

748 2619 952 2674 occulto
994 2635 1013 2672 :

671 2708 743 2762 Et
774 2711 1070 2766 substantia
1110 2729 1224 2768 mea
1255 2715 1309 2768 in
1337 2715 1679 2784 inferioribus
1703 2725 1873 2770 terror.

604 2797 647 2853 C
683 2799 788 2854 Per
819 2817 881 2856 os
911 2802 1056 2857 enim
1091 2802 1364 2873 signiﬁcat
1393 2815 1736 2860 sacramenta
1764 2805 1966 2870 divina,
1999 2819 2120 2874 qua:

536 2897 664 2944 ante
708 2891 996 2947 adventum
1044 2894 1290 2960 Domini,
1337 2895 1551 2950 occulta
1581 2896 1905 2963 fuerunt,ut
1942 2896 2118 2967 bapti-

533 2993 710 3033 smum
743 2994 980 3048 sacrum,
1008 2992 1061 3036 et
1091 2999 1290 3053 corpus
1319 2993 1371 3038 et
1407 2985 1626 3056 sanguis
1652 2987 1886 3052 Domini,
1912 3003 2032 3058 qua:
2053 3003 2118 3044 eo

535 3072 786 3127 veniente
803 3073 1131 3130 claruerunt.
1154 3076 1413 3131 Inferiora
1439 3085 1617 3144 terra},
1632 3078 1850 3135 fuerunt
1873 3081 2112 3151 gentium

535 3161 780 3218 culturae.
813 3165 918 3220 Sed
947 3167 1080 3236 ipsis
1111 3167 1250 3222 facta
1275 3179 1358 3244 est
1384 3179 1509 3223 nota
1537 3171 1842 3226 substantia
1871 3172 2115 3228 Salvato-

534 3254 614 3309 ris
658 3254 773 3318 Dei,
814 3258 1053 3326 quando,
1093 3259 1148 3314 in
1195 3260 1312 3330 ipso
1348 3260 1710 3331 intelligentes
1753 3263 2110 3329 divinitatem,

536 3359 662 3398 eum
702 3345 911 3402 devotis
957 3349 1230 3404 mentibus
1277 3364 1379 3418 per
1417 3350 1769 3420 apostolicam
1814 3353 2114 3408 doctrinam

533 3432 703 3489 Deum
733 3450 853 3490 esse
890 3438 1257 3493 crediderunt.
1284 3440 1454 3493 Terra
1483 3440 1664 3509 itaque
1693 3442 1987 3496 humanum
2016 3457 2111 3513 ge-

534 3541 638 3581 nus
694 3537 799 3594 est,
851 3528 1002 3598 cujus
1055 3540 1239 3600 partes
1292 3532 1620 3602 superiores,
1671 3530 1839 3587 Judaei
1896 3531 2114 3588 fuerunt

530 3628 685 3674 recte
725 3622 992 3676 credendo
1021 3631 1145 3676 ante
1189 3620 1388 3676 Christi
1438 3622 1802 3687 nativitatem,
1833 3631 1888 3677 et
1932 3631 2115 3692 partes

536 3709 655 3776 ejus
686 3710 992 3776 inferiores,
1025 3721 1213 3782 gentes
1243 3723 1443 3768 terram
1474 3712 1761 3768 adorantes
1796 3722 1850 3768 et
1889 3712 2109 3782 lapides.

532 3799 671 3866 Quae
693 3816 836 3857 nune
867 3801 971 3858 ﬁde
1004 3802 1161 3858 factae
1189 3813 1315 3860 sunt
1351 3803 1678 3872 superiores.

531 3890 602 3946 15
671 3891 1041 3963 Imperfectum
1086 3911 1258 3949 meum
1304 3896 1544 3949 viderunt
1592 3894 1730 3948 oculi
1776 3896 1853 3949 tui
1899 3909 1918 3946 ε

750 3984 882 4039 libro
915 3995 1003 4038 tuo
1031 4002 1206 4039 omnes
1228 3986 1517 4040 scribentur
1543 3999 1562 4037 :

673 4075 797 4129 Dies
829 4076 1199 4145 formabuntur
1220 4085 1268 4130 et
1295 4092 1444 4130 nemo
1471 4077 1524 4130 in
1547 4076 1642 4130 eis.

599 4164 640 4220 C
680 4165 844 4228 Dixit,
875 4182 940 4221 ex
969 4182 1196 4235 persona
1233 4166 1511 4233 Ecclesiae,
1541 4177 1712 4222 suum
1735 4168 2110 4237 imperfectum

531 4259 748 4314 Patrem
776 4259 997 4324 vidisse,
1021 4259 1145 4329 quia
1175 4258 1265 4313 illa
1292 4273 1463 4328 usque
1490 4262 1557 4312 ad
1585 4258 1744 4314 ﬁnem
1771 4258 1950 4313 seaculi
1979 4274 2111 4314 con-

534 4351 846 4419 gregabitur
878 4359 934 4404 et
963 4341 1292 4418 perﬁcietur,
1338 4351 1432 4404 sed
1485 4349 1657 4404 dei-tas
1692 4350 1793 4404 ista
1830 4349 1942 4419 jam
1978 4349 2112 4403 vidit

1967 3904 2015 3949 et
2058 3895 2114 3949 in

1476 322 1534 379 S.
1580 322 1931 381 BRUNONIS
1967 318 2509 380 HEBBIPOLENSIS
2547 323 2859 384 EPISCOP!

2150 442 2198 495 Α
2230 437 2292 487 17
2369 440 2719 492 υιηιιηιειαὺο
2748 454 2834 494 ea:
2864 448 2912 492 et
2955 451 3112 507 super
3137 452 3353 492 arenam
3394 435 3820 508 multiplicabun-

3717 324 3819 379 ςοο

2437 534 2577 580 tur:

2370 614 2664 671 Exsurrexi
2683 626 2732 672 et
2757 617 2929 674 adhuc
2957 635 3073 675 sum
3095 629 3287 676 tecum.

2299 703 2340 758 C
2377 704 2557 759 Arena
2592 707 2778 771 maris,
2806 707 3079 778 signiﬁcat
3098 708 3313 765 Iudaeos
3341 719 3568 782 propter
3595 711 3821 766 aridita-

2228 801 2336 846 tem
2357 793 2501 860 ﬁdei;
2535 810 2700 850 arena
2723 797 2867 851 enim
2894 809 2978 853 est
2998 799 3138 855 dicta
3166 800 3235 854 ab
3251 800 3521 865 ariditate,
3545 803 3821 871 promittit

2227 899 2357 954 ergo
2395 884 2642 941 Christus
2682 900 2742 942 se
2772 887 3232 944 dinumeraturum
3269 888 3529 960 populum
3579 890 3820 954 ﬁdelem,

2229 975 2318 1044 qui
2349 975 2690 1031 numerosior
2713 977 2910 1048 populo
2931 976 3158 1034 Judaico
3179 977 3470 1034 invenitur.
3494 978 3819 1043 Exsurrexi,

2226 1081 2256 1118 a
2289 1067 2606 1135 pausatione
2647 1067 3013 1124 dormitionis.
3057 1068 3248 1124 Adhuc
3299 1078 3477 1125 tecum
3517 1083 3666 1134 sum,
3716 1083 3822 1121 non

2226 1157 2369 1226 quod
2399 1156 2688 1228 aliquando
2728 1159 2797 1214 ab
2825 1159 2944 1230 ipso
2966 1159 3285 1215 dividendus
3305 1158 3396 1224 sit,
3425 1158 3521 1214 sed
3543 1158 3640 1229 qui
3664 1159 3823 1212 modo

2227 1249 2382 1304 nobis
2428 1257 2512 1305 est
2575 1250 2878 1316 invisibilis,
2933 1251 3006 1307 ad
3053 1251 3332 1307 dexteram
3385 1250 3567 1306 Patris
3618 1250 3676 1304 in
3712 1264 3819 1305 co:-

2227 1340 2449 1397 lestieus
2499 1342 2766 1410 residens,
2811 1341 3062 1400 omnibus
3108 1353 3299 1414 postea
3340 1343 3596 1415 gentibus
3645 1357 3810 1413 appa-

2227 1433 2335 1486 rchi
2346 1443 2383 1487 t.

2229 1523 2292 1578 l8
2365 1523 2428 1579 Si
2455 1525 2702 1581 occideris
2733 1525 2876 1582 Deus
2899 1537 3196 1598 peccatores
3223 1542 3244 1579 :

2381 1616 2491 1672 Viri
2520 1619 2837 1690 sanguinum
2863 1619 3118 1675 deciinate
3142 1638 3174 1675 a
3197 1637 3298 1675 me.

2227 1709 2293 1763 i9
2366 1707 2506 1774 Quia
2533 1709 2707 1763 dicitis
2734 1710 2789 1762 in
2823 1710 3137 1780 cogitatione
3165 1723 3184 1762 :

2364 1801 2628 1870 Accipient
2655 1801 2709 1854 in
2736 1801 2968 1856 vanitate
2997 1802 3232 1856 ciuitates
3257 1818 3404 1857 suas.

2293 1893 2333 1949 C
2373 1893 2584 1949 Occidit
2613 1894 2756 1950 Deus
2780 1903 3141 1965 peccatorem,
3168 1909 3289 1949 cum
3313 1894 3548 1950 moritur
3567 1894 3817 1966 peccato,

2223 1993 2282 2037 ut
2305 1984 2452 2038 vivat
2479 1984 2590 2040 Deo
2621 2001 2635 2038 :
2667 1992 2728 2038 ut
2761 1984 2964 2040 Paulus
2990 1985 3068 2039 ait
3107 1998 3124 2038 :
3162 1984 3406 2040 Mortuus
3445 2000 3567 2039 sum
3601 1985 3727 2056 legi,
3757 1996 3818 2039 ut

2221 2075 2402 2128 vivam
2434 2073 2653 2131 Christo
2694 2075 2841 2146 (Gal.
2885 2076 2969 2146 ιι).
3017 2075 3132 2131 Viri
3169 2077 3514 2145 sanguinum,
3561 2085 3690 2130 sunt
3726 2092 3815 2148 qui

2223 2167 2520 2222 carnaliter
2560 2168 2765 2233 vivunt,
2808 2176 2865 2222 et
2895 2184 3014 2238 qua:
3059 2178 3187 2224 sunt
3216 2167 3497 2238 sanguinis
3528 2175 3814 2238 peragunt,

2221 2260 2420 2329 quibus
2445 2260 2644 2315 dicitur
2677 2275 2692 2314 :
2720 2261 3000 2316 Declinate
3027 2277 3058 2315 a
3093 2275 3200 2316 me.
3227 2261 3275 2315 A
3307 2261 3349 2316 C
3381 2261 3609 2316 Videtur
3635 2270 3816 2316 autem

2221 2350 2301 2406 sic
2366 2353 2617 2407 connecti
2684 2354 2975 2408 verborum
3021 2353 3156 2410 ordo
3201 2370 3216 2407 :
3267 2353 3326 2408 Si
3353 2353 3626 2409 occideris
3673 2353 3820 2408 Deus

2220 2452 2556 2512 peccatores,
2585 2445 2853 2515 accipient
2899 2446 2956 2500 in
3008 2445 3251 2502 vanitate
3299 2446 3552 2501 civitates
3594 2461 3748 2511 suas,
3773 2445 3814 2501 C

2222 2541 2277 2594 id
2310 2549 2414 2605 est,
2445 2539 2492 2593 si
2517 2547 2824 2609 peccatores
2855 2554 2886 2593 a
2921 2539 3076 2594 malis
3115 2538 3537 2610 cogitationibus
3583 2539 3639 2592 in
3675 2539 3813 2592 bona

2221 2630 2399 2685 studia
2429 2629 2743 2695 transferas,
2781 2630 2989 2700 priores
3015 2629 3433 2686 consuetudines
3466 2636 3523 2684 et
3551 2637 3804 2699 peccata,

2221 2719 2279 2773 in
2306 2719 2501 2789 quibus
2528 2719 2864 2782 habitabant,
2893 2719 2946 2774 in
2976 2734 3116 2774 vano
3136 2718 3424 2789 accipient,
3447 2718 3503 2772 id
3526 2728 3612 2773 est
3642 2732 3808 2770 vanas

2222 2817 2502 2878 respuent,
2531 2816 2588 2864 et
2609 2809 2788 2864 dicent
2830 2808 2916 2864 his
2957 2809 3048 2878 qui
3095 2808 3274 2864 adhuc
3317 2807 3372 2862 in
3421 2807 3528 2862 illis
3576 2806 3730 2861 vanis
3761 2816 3814 2862 et

2222 2902 2376 2957 malis
2409 2912 2730 2971 permanent
2783 2922 2794 2956 :
2848 2903 3124 2958 Declinate
3168 2918 3200 2957 a
3235 2917 3344 2968 me,
3375 2902 3504 2972 quia
3543 2901 3729 2957 dicitis
3759 2900 3812 2955 in

2221 2989 2664 3063 cogitationibus,
2699 2992 2751 3046 id
2782 3001 2866 3045 est
2889 2991 3168 3060 loquimini
3200 2990 3253 3044 in
3282 3000 3464 3045 mente
3491 2999 3548 3044 et
3571 3005 3814 3044 murmu-

2220 3082 2353 3136 ratis
2377 3090 2569 3135 contra
2600 3080 2711 3145 illa,
2760 3097 2881 3150 quae
2912 3080 3068 3136 vobis
3115 3080 3351 3151 Spiritus
3395 3080 3574 3135 sancti
3612 3080 3807 3134 virtute

2220 3171 2508 3244 praedicata
2539 3179 2684 3234 sunt,
2712 3171 2939 3241 ideoque
2964 3171 3092 3242 quia
3125 3171 3206 3226 sic
3243 3169 3526 3241 loquimini
3585 3169 3640 3224 in
3668 3169 3798 3238 cogi-

2218 3266 2417 3321 tatione
2444 3275 2632 3320 contra
2666 3264 2856 3329 Deum,
2882 3263 3148 3318 declinate
3175 3277 3205 3317 a
3229 3277 3334 3317 me.
3370 3260 3410 3316 C
3434 3260 3572 3327 Quia
3598 3260 3800 3324 dicitis,

2215 3358 2266 3412 id
2296 3367 2384 3412 est
2419 3368 2606 3412 contra
2642 3356 2734 3410 illa
2783 3355 3141 3411 nturmuratis
3179 3369 3301 3424 quae
3342 3353 3546 3408 virtute
3572 3351 3810 3422 Spiritus

2213 3448 2386 3504 sancti
2412 3447 2563 3502 vobis
2586 3445 2876 3516 praedicata
2903 3453 3056 3500 sunt.

2210 3539 2283 3594 ‘20
2357 3537 2548 3593 Nonne
2570 3538 2660 3609 qui
2687 3537 2906 3590 oderunt
2931 3545 3000 3601 te,
3029 3535 3276 3600 Domine,
3304 3533 3519 3588 oderam
3538 3548 3558 3586 :

2355 3629 2422 3683 Et
2445 3644 2602 3698 super
2626 3627 2866 3682 inimicos
2892 3636 3008 3681 tuos
3037 3625 3362 3680 tabescebam
3385 3625 3410 3677 .9

2285 3718 2328 3774 C
2356 3717 2547 3772 Merito
2606 3724 2818 3771 nostros
2863 3714 3207 3770 adversarios
3247 3712 3504 3782 iubemur
3554 3709 3804 3780 diligere,

2213 3825 2350 3880 quos
2378 3823 2479 3863 nos
2500 3815 2685 3862 nostro
2720 3805 2850 3859 vitio
2885 3804 3150 3874 contingit
3175 3802 3488 3864 oﬁ'endere;
3542 3800 3640 3855 Dei
3676 3816 3810 3853 vero.

2215 3898 2442 3964 inimici,
2481 3896 2700 3966 quando
2745 3895 3004 3951 obstinati
3031 3905 3178 3961 sunt,
3235 3893 3564 3963 competenti
3593 3900 3649 3946 et
3679 3891 3802 3946 reli-

2213 3993 2363 4065 giosa
2388 3988 2761 4045 exsecratione
2783 3988 3126 4050 damnantur,
3155 3984 3409 4052 quoniam
3436 3996 3560 4036 cum
3591 3981 3663 4036 ab
3685 3980 3802 4050 ipso-

2213 4081 2384 4138 creati
2415 4079 2547 4145 sint,
2575 4077 2788 4148 ipsique
2837 4075 3069 4131 debeant
3097 4087 3260 4130 omne
3287 4072 3432 4142 quod
3461 4071 3671 4135 vivunt,
3702 4085 3800 4124 suo

2214 4181 2393 4226 tamen
2415 4177 2762 4224 contumaces
2790 4165 3090 4220 redduntur
3114 4161 3346 4227 auctori,
3389 4160 3513 4215 ideo
3542 4159 3693 4228 juste
3721 4169 3795 4213 ta-

2213 4261 2292 4316 les
2325 4257 2579 4314 horrendi
2609 4264 2760 4322 sunt,
2794 4255 2884 4324 qui
2919 4262 2978 4308 et
3015 4267 3235 4307 suorum
3261 4250 3657 4306 beneﬁciorum
3686 4262 3795 4302 me-

2215 4361 2394 4402 mores
2429 4361 2536 4400 non
2567 4344 2804 4398 fuerunt.
2858 4341 3182 4406 Tabescere,
3239 4341 3343 4395 hoc
3375 4339 3608 4394 verbum
3657 4337 3794 4393 indi-

535 4452 656 4506 qum
679 4438 860 4493 adhuc
886 4437 1063 4492 futura
1090 4446 1210 4508 post
1238 4439 1410 4508 longis
1442 4438 1772 4509 temporibus
1804 4449 2108 4494 servantur.
2138 4478 2188 4536 D
2215 4441 2358 4493 cium
2408 4447 2494 4493 est
2535 4435 2714 4505 magni
2742 4433 2968 4498 doloris,
3009 4431 3291 4500 tabescere
3340 4431 3485 4486 enim
3523 4430 3650 4486 illos
3677 4429 3798 4484 dici-

532 4528 603 4582 Et
628 4528 681 4581 in
718 4527 858 4582 libro
887 4528 1217 4592 scribentur,
1252 4529 1345 4596 qui
1384 4537 1581 4583 aaterna
1623 4529 1881 4584 felicitate
1910 4529 2108 4599 gaude-

533 4620 688 4674 bunt.
720 4620 844 4674 Dies
881 4617 1274 4683 formabuntur,
1327 4619 1379 4673 id
1415 4628 1502 4674 est
1544 4619 1717 4675 sancti
1757 4621 1810 4673 in
1853 4629 2111 4689 perpetua

424 4715 466 4753 ιε
534 4708 815 4763 felicitate.
850 4707 1019 4763 Nemo
1049 4707 1102 4761 in
1141 4708 1242 4772 eis,
1271 4706 1698 4762 subaudiendum
1724 4716 1827 4772 est,
1857 4707 2114 4763 informa-

531 4801 704 4865 bitur,
738 4801 789 4854 id
825 4808 910 4854 est
937 4797 1185 4853 informis
1209 4804 1264 4851 et
1293 4795 1636 4852 defectuosus
1661 4798 1766 4852 erit
1811 4799 1861 4852 in
1903 4799 2113 4855 cmlesti

460 4890 464 4896 ’
533 4893 730 4962 patria,
769 4892 895 4962 quia
941 4890 1120 4946 omnis
1164 4887 1452 4944 inﬁrmitas
1476 4889 1658 4944 carnis
1685 4899 2002 4959 consumpta
2033 4892 2114 4946 di-

456 4997 458 5000 '
532 4985 777 5054 speribit.

534 5074 604 5129 ili
675 5073 808 5128 dli/1i
847 5083 1020 5127 autem
1067 5071 1220 5127 nimis
1263 5071 1595 5141 honoriﬁcati
1638 5079 1758 5125 sunt
1809 5071 1965 5124 amici
2014 5072 2112 5136 tui,

744 5165 886 5219 Deus
910 5177 933 5219 .'

677 5255 851 5309 Nimis
878 5254 1201 5324 confortatus
1223 5262 1297 5307 est
1327 5252 1652 5322 principatus
1679 5267 1878 5306 eorum.

607 5344 645 5370 ρ
694 5345 895 5370 Α-ωιξιιιι-
951 5345 1075 5370 ,διηει
1122 5353 1334 5370 ΑΛ-ιιιιιιη
1383 5343 1650 5370 Α-ιΑηΙΛΙΑη
1724 5342 1890 5370 Μῖηιζη
1953 5340 2110 5370 ..ΛῘᾹΛ

2218 4543 2362 4590 mus,
2387 4527 2480 4597 qui
2508 4526 2654 4580 curis
2673 4525 2892 4595 jugibus
2919 4523 3250 4594 aﬂliguntur,
3279 4531 3336 4576 et
3361 4535 3499 4592 pene
3531 4536 3707 4591 usque
3734 4520 3799 4576 ad

2219 4619 2494 4673 interitum
2523 4617 2644 4670 vitae
2674 4629 2902 4685 corpore
2928 4615 3212 4669 deﬁciente
3237 4613 3583 4686 perveniunt.

2217 4710 2281 4766 21
2360 4708 2600 4778 Perfecto
2636 4708 2754 4762 odio
2784 4708 2995 4761 oderam
3024 4706 3176 4761 illos:

2363 4799 2571 4853 Inimici
2596 4799 2722 4867 [acti
2741 4807 2860 4851 sunt
2896 4797 3043 4852 mihi.

2291 4887 2663 4944 CPerl‘ectum
2713 4896 2796 4941 est
2855 4887 3059 4952 odium,
3111 4886 3359 4942 homines
3413 4885 3675 4955 diligere,
3745 4894 3796 4938 et

2213 4994 2404 5035 eorum
2433 4978 2564 5032 vitia
2593 4991 2807 5046 semper
2826 4976 2979 5031 odire
3000 5016 3015 5040 ,
3042 4977 3226 5032 odium
3252 4976 3448 5046 quippe
3482 4976 3692 5030 dictum
3715 4983 3794 5027 est

2214 5073 2372 5143 quasi
2407 5071 2520 5126 oris
2547 5069 2851 5139 repudium.
2897 5068 3148 5124 inimicos
3189 5067 3361 5123 factos
3387 5068 3554 5121 etiam
3581 5067 3686 5121 sibi
3716 5067 3793 5118 die

2212 5165 2308 5229 cit,
2338 5163 2430 5232 qui
2462 5161 2724 5216 contrarii
2779 5161 3020 5229 paternis
3062 5159 3398 5227 jussionibus
3439 5158 3789 5219 exstiterunt,

2213 5264 2270 5307 ut
2303 5253 2611 5307 ostenderet
2653 5253 2915 5305 unitatem
2942 5266 3051 5305 sua:
3081 5250 3379 5304 divinitatis
3402 5265 3528 5304 cum
3560 5249 3738 5303 Patre.

2212 5346 2280 5370 CI)
2367 5344 2530 5370 n-..t...
2559 5359 2640 5370 ...Α
2693 5343 2823 5370 ΠΛ..-
2877 5354 2918 5370 ,ι
2947 5345 3034 5370 ..-ἐι

3099 5361 3183 5370 ΑΛ..
3200 5361 3248 5370 ..Α
3261 5360 3367 5370 Δι’-ρ.
