3994 5370
272 327 375 382 501

1453 286 1818 386 EXPOSITIO
1856 326 2301 385 PSALMORUM.
2764 366 2773 372 .
3434 317 3539 372 502

271 451 342 500 ad
373 441 788 514 inquisitionem
833 440 1069 510 pertinet
1115 441 1553 507 minutissiuiam,
1601 451 1860 514 prmmnsrt
1887 449 1935 501 A
1963 448 1996 494 4
2069 443 2286 496 Custodi
2309 457 2406 508 me,
2446 441 2687 508 Domine,
2715 442 2779 496 de
2808 459 2967 497 manu
2991 440 3278 512 peccatoris
3306 451 3325 492 :

271 538 446 600 enim,
492 536 637 591 scito
661 550 757 590 cor
789 549 989 589 meum.
1029 533 1212 588 Sciens
1232 550 1351 588 vero
1374 544 1524 588 acute
1550 535 1857 604 interrogat,

273 641 322 682 et
350 629 470 697 {cui
492 645 599 681 non
623 637 823 697 potest,
849 629 971 702 quia
1005 643 1154 680 nemo
1175 626 1356 680 scienti
1385 626 1733 696 interrogatus
1767 643 1859 694 po-

269 732 366 775 test
397 737 589 790 negare
625 737 746 790 qua!
769 720 942 789 gessit.
983 718 1202 773 Semita:
1230 718 1296 771 ad
1331 717 1673 786 operationes
1693 718 1864 788 perti-

272 823 364 867 net
395 813 588 877 bonas,
619 827 760 882 quas
784 811 871 865 ille
897 809 1102 880 jugiter
1139 809 1306 880 gessit
1329 818 1381 864 et
1419 808 1627 865 caelesti
1653 809 1857 864 sancti-

273 911 384 955 tate
423 903 710 972 transegit.

268 994 342 1048 23
414 994 483 1047 Et
505 994 624 1047 cide
645 995 691 1047 si
727 994 808 1048 via
837 993 1129 1063 iniquitatis
1156 993 1209 1046 in
1240 1008 1319 1047 me
1349 1001 1465 1046 est:
1551 1039 1559 1042 _

415 1083 488 1136 Et
515 1083 688 1137 deduc
723 1099 802 1137 me
831 1085 885 1136 in
916 1084 1000 1136 via
1036 1091 1251 1135 wterna.

342 1178 383 1232 C
409 1178 607 1232 Merito
633 1192 764 1246 ergo
793 1178 1028 1231 humana
1059 1176 1111 1230 in
1152 1175 1369 1230 Christo
1400 1173 1698 1229 substantia
1725 1173 1862 1242 petit

270 1287 350 1330 se.
382 1269 575 1324 deduci
606 1269 659 1323 in
699 1278 903 1322 aeterna
946 1268 1056 1332 via,
1085 1281 1204 1335 quae
1251 1265 1540 1321 declinavit
1570 1281 1601 1318 a
1636 1265 1719 1318 via
1756 1265 1857 1318 ini~

269 1361 517 1428 quitatis,
561 1359 615 1414 id
639 1368 725 1414 est
753 1359 820 1413 ab
848 1359 1060 1414 actibus
1085 1357 1389 1414 diabolicis.
1429 1358 1582 1424 Quod
1610 1373 1735 1412 vero
1780 1357 1859 1412 di-

267 1456 375 1516 cit,
409 1451 530 1505 vide
562 1453 610 1505 si
643 1459 750 1516 est,
781 1449 1044 1520 intelligo,
1077 1465 1180 1504 non
1208 1449 1543 1504 dubitatione
1563 1448 1856 1518 prolatum,

267 1544 362 1597 sed
411 1543 657 1597 scientiae
711 1543 1026 1607 securitate,
1078 1541 1233 1610 quasi
1267 1541 1493 1607 diceret,
1527 1541 1647 1596 vide
1668 1540 1714 1596 si
1751 1548 1857 1604 est,

269 1635 326 1688 id
353 1643 460 1700 est,
491 1633 706 1689 videbis
735 1633 877 1703 quod
905 1647 1009 1689 non
1041 1642 1144 1688 est.

679 1763 880 1804 οκλτιο
911 1763 978 1804 EX
1015 1763 1160 1805 Ρελι.
1193 1763 1455 1804 CXXXVIII.

335 1839 448 1896 Celi
495 1848 756 1910 ternaque
800 1851 1154 1912 prospector,
1207 1843 1370 1908 Deus,
1423 1857 1530 1912 quo
1563 1841 1851 1906 moriente,

265 1930 570 1985 illuminata
603 1942 732 1986 sunt
765 1941 989 1999 tartara,
1020 1949 1128 2004 quo
1157 1941 1506 2005 resurgente,
1545 1940 1853 1987 sanctorum

263 2028 348 2072 est
377 2019 668 2075 multitudo
715 2022 922 2091 gavisa,
976 2038 1084 2092 quo
1114 2023 1478 2088 ascendente,
1533 2022 1852 2092 angelorum

262 2109 552 2162 exsultavit
581 2117 828 2176 caterva,
855 2126 1146 2180 precamur
1171 2119 1335 2166 tanta:
1370 2111 1555 2180 gloriae
1581 2111 1854 2166 excellen-

262 2207 370 2253 tem
403 2199 700 2267 virtutem,
755 2209 816 2255 nt
844 2201 1036 2256 directi
1088 2203 1142 2256 in
1171 2202 1257 2256 via
1284 2211 1485 2256 aeterna
1509 2240 1526 2266 ,
1575 2199 1666 2254 illo
1699 2209 1852 2254 tuea-

261 2303 387 2340 mur
407 2287 659 2352 brachio,
709 2305 818 2360 quo
847 2290 1193 2348 honorabiles
1234 2293 1394 2349 amici
1425 2293 1501 2348 tui
1532 2300 1710 2347 tecum
1742 2290 1853 2361 glo-

260 2377 479 2433 riantur
513 2378 569 2435 in
599 2380 764 2436 caelo.
791 2381 892 2447 Qui
919 2381 1078 2447 vivis,
1105 2392 1210 2438 etc.

743 2489 1063 2548 PSALMUS
1092 2492 1380 2551 CXXXIX.

670 2618 1031 2659 ARGUMENTUM
1063 2620 1210 2660 PSAL.
1241 2622 1463 2664 CXXXIX.

330 2707 374 2762 C
403 2708 650 2765 Ecclesia
703 2711 992 2767 Dominum
1043 2712 1402 2783 deprecatur,
1448 2723 1509 2770 ut
1552 2715 1621 2771 ab
1666 2715 1851 2786 iniquo

256 2798 481 2854 diabolo
518 2799 824 2857 liberetur:
858 2803 1152 2859 vindictam
1200 2805 1386 2861 dicens
1413 2806 1466 2861 in
1495 2805 1678 2862 futuro
1700 2807 1848 2876 judi-

257 2891 346 2944 cio
381 2906 546 2960 super
573 2906 670 2948 eos
711 2902 1034 2962 venturam,
1085 2895 1178 2966 qui
1208 2911 1475 2968 pauperes
1501 2898 1616 2969 ejus
1644 2899 1849 2956 insanis

255 2981 499 3036 motibus
529 2993 948 3054 persequuntur.

623 3071 734 3128 TT.
767 3073 835 3128 In
859 3074 1016 3143 ﬁnem
1049 3079 1283 3146 psalmus
1309 3077 1497 3134 David.

327 3159 371 3215 C
406 3161 464 3216 In
497 3162 682 3228 ﬁnem,
720 3163 1004 3219 Dominum
1036 3166 1309 3236 signiﬁcat
1341 3168 1702 3237 Salvatorem,
1748 3174 1840 3242 qui

252 3262 340 3306 est
370 3252 494 3307 ﬁnis
517 3253 651 3323 legis
681 3255 745 3308 ad
771 3255 1041 3324 justitiam
1068 3260 1214 3313 omni
1246 3261 1488 3316 credenti
1520 3261 1705 3335 (Rom.
1743 3265 1798 3334 ι)
1826 3284 1837 3319 :

253 3343 360 3408 Qui
392 3344 550 3398 nobis
592 3345 645 3399 in
670 3345 772 3401 hoc
795 3349 1029 3417 psalmo,
1077 3352 1229 3420 quasi
1268 3355 1534 3422 przeconis
1576 3372 1730 3421 voce,
1757 3357 1844 3427 ju-

252 3435 363 3487 dex
391 3434 680 3500 terribilis,
710 3439 1076 3510 omnipotens,
1110 3442 1232 3510 pius
1260 3458 1499 3514 quoque,
1522 3455 1577 3501 et
1615 3447 1842 3502 nimium

252 3522 641 3582 desiderabilis
665 3529 922 3585 advenire
951 3533 1276 3602 praedicitur.

254 3615 278 3670 1
363 3615 528 3686 Eripe
558 3635 658 3683 me,
695 3619 934 3686 Domine,
972 3624 1036 3676 ab
1063 3625 1270 3680 homine
1306 3626 1487 3684 malo:

401 3707 444 3759 Α
470 3708 580 3760 viro
609 3709 787 3779 iniquo
821 3712 962 3779 eripe
997 3729 1097 3768 me.

327 3795 369 3851 C
397 3797 590 3852 Sciens
629 3808 802 3854 mater
829 3800 1075 3858 Ecclesia
1105 3814 1306 3875 quanta
1354 3806 1409 3860 in
1454 3809 1712 3864 membris
1734 3810 1845 3866 suis

255 3887 327 3940 ab
353 3887 568 3944 insidiis
601 3889 802 3944 diaboli
849 3901 1129 3962 pateretur
1171 3895 1370 3950 clamat
1418 3897 1484 3952 ad
1533 3898 1844 3966 Dominum,

255 3978 350 4046 qui
382 3978 530 4033 solus
552 3989 730 4049 potest
751 3979 868 4050 ejus
896 3999 1154 4053 superare
1181 3987 1476 4056 nequitias,
1501 3996 1562 4042 ut
1581 3989 1650 4044 ab
1678 3989 1846 4060 ipsius

255 4066 548 4136 multiplici
597 4071 895 4126 tentatione
942 4071 1222 4130 liberetur.
1280 4075 1566 4134 Hominem
1619 4079 1842 4148 malum,

257 4158 501 4227 appellat
531 4159 829 4215 diabolum.
873 4160 970 4216 Vir
1009 4163 1228 4234 iniquus
1287 4174 1372 4220 est
1425 4167 1588 4223 homo
1640 4184 1844 4240 sequax

255 4250 479 4305 diaboli.
534 4251 647 4307 Duo
682 4253 829 4308 enim
859 4254 1021 4308 simul
1047 4256 1286 4325 epitheta
1334 4259 1427 4314 uni
1457 4275 1706 4330 personae
1737 4278 1844 4320 non

255 4348 510 4408 poterant
533 4346 850 4412 convenire,
890 4347 1034 4418 quod
1083 4347 1407 4418 eloquentiae
1464 4350 1579 4423 lege
1603 4353 1846 4423 prohibi-

258 4440 372 4486 tum
407 4432 501 4488 sit.

251 4519 294 4586 ξ’.
363 4519 470 4586 Qui
503 4533 862 4594 cogitaverunt
892 4525 1190 4596 iniquitates
1218 4530 1272 4583 in
1296 4532 1450 4585 corde
1473 4541 1494 4583 .°

400 4613 531 4668 Tota
556 4617 640 4670 die
667 4617 1052 4673 constituebant
1075 4620 1278 4688 prtclia.

327 4706 368 4762 C
399 4707 664 4764 Graviora
705 4718 837 4764 sunt
883 4726 1101 4780 semper
1132 4713 1394 4781 pericula,
1423 4731 1542 4786 quae
1578 4716 1848 4774 habentur

258 4799 493 4856 occulta.
529 4800 814 4870 Signiﬁcat
839 4819 940 4873 per
971 4804 1074 4858 hoc
1101 4819 1228 4859 vero
1259 4806 1564 4873 iizel'eticos,
1596 4809 1688 4878 qui
1720 4825 1845 4880 pra-

263 4891 340 4946 vis
365 4893 712 4964 dogmatibus
745 4895 796 4948 in
827 4894 1097 4965 sacrilega
1123 4899 1417 4952 certamina
1460 4911 1840 4969 proruperunt.

262 4982 386 5037 Tota
419 4985 526 5047 die,
560 4984 638 5037 ait
663 4993 721 5039 nt
763 5001 952 5041 eorum
985 4986 1284 5053 nequitiam
1330 4989 1645 5044 continuam
1695 5007 1846 5052 mon.

256 5082 474 5138 straret,
509 5082 573 5128 ut
614 5073 756 5128 nulla
782 5091 875 5132 eos
905 5073 1206 5142 lassitudo,
1259 5078 1405 5134 nulla
1441 5081 1703 5148 temporis
1727 5084 1846 5144 lon-

250 5163 526 5233 ginquitas
557 5162 842 5234 mitigaret.

245 5252 278 5306 5
348 5253 633 5306 Acuerunt
667 5251 869 5324 linguas
896 5269 1032 5308 suas
1062 5253 1194 5308 sicut
1226 5269 1482 5328 serpentes
1511 5273 1531 5311 :

983 5340 1074 5370 ...Ι-
1103 5340 1247 5370 I,.l..°:-
1281 5363 1445 5370 -___-._-
1521 5345 1645 5370 In-.-
1725 5357 1735 5370 ι

393 5340 670 5370 Vana-nasus
696 5345 932 5370 n-...'J..m

2101 534 2179 589 Ab
2206 535 2499 590 hominibus
2528 535 2722 606 iniquis
2743 538 2882 606 eripe
2920 553 3018 591 me.

2030 649 2072 704 C
2101 647 2395 705 Peccator:
2426 649 2621 706 iterum
2644 651 2918 707 diabolum
2958 649 3249 722 signiﬁcat,
3281 649 3373 721 qui
3407 647 3546 722 mul-

1961 740 2032 794 tis
2054 740 2214 805 dolis,
2240 740 2426 796 multis
2452 741 2591 795 fallit
2614 741 2839 797 insidiis.
2889 740 3201 811 Sequuntur
3227 740 3392 796 etiam
3428 737 3547 808 ejus

1961 831 2192 887 ministri
2219 849 2232 885 :
2265 831 2516 901 quoniam
2544 831 2686 901 quod
2720 846 2827 885 non
2859 839 3088 900 possunt
3117 844 3214 900 per
3241 845 3302 886 se
3328 826 3547 884 occulte

1961 920 2275 990 inspirando
2331 919 2602 976 mentibus
2659 919 2897 984 nostris,
2955 935 3050 989 per
3105 933 3235 974 suos
3281 931 3550 988 sequaces

1961 1009 2172 1078 publice
2195 1020 2459 1065 conantur
2489 1009 2733 1080 implere.

1959 1123 1992 1176 5
2065 1121 2169 1188 Qui
2194 1123 2544 1193 cogitaverunt
2573 1123 2910 1194 supplantare
2937 1138 3142 1192 gressus
3167 1137 3309 1176 meos
3336 1137 3356 1174 :

2102 1213 2500 1268 Absconderunt
2528 1213 2738 1284 superbi
2763 1212 3006 1284 laqueum
3033 1212 3182 1266 mihi.

2028 1304 2069 1360 C
2100 1304 2449 1375 Supplantari
2499 1305 2717 1377 proprie
2761 1304 3033 1360 dicimur:
3083 1302 3300 1374 quando
3342 1301 3542 1373 plantis

1960 1395 2160 1450 nostris
2188 1404 2328 1450 terra
2360 1394 2698 1459 subducitur,
2771 1401 2831 1448 ut
2861 1393 2914 1447 in
2961 1390 3265 1446 tenebrosis
3295 1391 3543 1444 cavernis

1959 1485 2198 1555 graviter
2240 1483 2543 1538 incidamus
2567 1497 2582 1537 :
2611 1483 2754 1552 quod
2781 1482 2939 1537 nobis
2968 1480 3099 1536 facit
3122 1479 3387 1544 diabolus,
3418 1495 3539 1534 cum

1958 1582 2306 1644 peccatorum
2337 1574 2521 1630 foveas
2566 1581 2740 1644 parat.
2795 1570 3072 1642 Superbi:
3121 1570 3536 1626 hieretit-isunt.

1957 1666 2048 1735 qui
2107 1665 2289 1735 pravis
2360 1664 2701 1736 dogmatibus
2757 1662 2984 1734 populos
3051 1661 3303 1731 decipere
3359 1661 3541 1730 potius

1883 1773 1932 1832 Β
1959 1772 2121 1829 quam
2170 1757 2368 1813 docere
2417 1755 2709 1822 festinant,
2763 1764 2819 1809 et
2847 1755 3067 1826 laqueos
3094 1763 3301 1825 ponunt
3338 1761 3542 1807 sanctze

1957 1848 2098 1920 plebi
2131 1866 2143 1902 :
2178 1847 2394 1919 quando
2421 1860 2518 1904 eos
2549 1847 2703 1903 vanis
2730 1845 3097 1918 enigniatibus
3137 1844 3381 1916 obligare
3408 1858 3546 1899 con-

1958 1938 2209 1994 tendunt.

1958 2033 1990 2086 6
2063 2031 2130 2086 Et
2155 2032 2306 2100 funes
2327 2033 2663 2087 extenderunt
2689 2032 2744 2087 in
2770 2032 3010 2103 laqueum
3035 2045 3053 2083 :

2098 2123 2266 2177 Juxta
2319 2125 2416 2178 iter
2472 2123 2782 2178 scandalum
2841 2132 3126 2194 posuerunt
3192 2123 3340 2176 mihi.
3407 2122 3550 2176 Dia-.-

2167 2213 2393 2282 psalma.

2027 2303 2069 2358 C
2100 2302 2473 2359 Extenderunt
2511 2303 2611 2375 ipsi
2639 2303 2819 2369 funes,
2874 2304 2926 2358 id
2951 2311 3035 2359 est
3065 2311 3334 2359 tortuosas
3359 2309 3416 2357 et
3445 2302 3540 2356 do-

1956 2393 2104 2449 losas
2125 2391 2475 2462 obiectiones,
2525 2393 2722 2464 quibus
2750 2393 2966 2466 capiant
3013 2409 3204 2451 sensus
3228 2395 3496 2450 humanos
3523 2411 3540 2446 :

1956 2495 2018 2540 ut
2061 2485 2217 2555 quasi
2264 2485 2493 2554 pedibus
2551 2485 2828 2556 laqueum,
2873 2487 2946 2541 ita
2991 2485 3265 2541 mentibus
3315 2484 3541 2539 tendere

1955 2575 2252 2646 probentur
2290 2575 2634 2631 scandalum.
2684 2574 2852 2630 Juxta
2895 2576 2999 2632 iter
3043 2576 3222 2632 dicit:
3278 2575 3542 2646 quoniam

1956 2681 2064 2721 non
2094 2666 2314 2736 capiunt
2341 2667 2444 2722 nisi
2477 2666 2598 2722 illos
2619 2667 2764 2737 quia
2801 2668 3248 2725 recto-virtutum
3293 2667 3430 2722 calle
3458 2667 3539 2722 di:

1955 2761 2203 2818 scedunt.
2231 2760 2481 2831 Laqueus
2527 2769 2623 2816 aut
2665 2759 2810 2816 t‘unis
2837 2759 2959 2816 ideo
2991 2761 3201 2832 positus
3230 2767 3356 2815 est:
3411 2759 3562 2830 quia-

1953 2851 2172 2907 vincula
2196 2867 2294 2907 sua
2327 2851 2545 2922 gravius
2573 2866 2791 2921 semper
2813 2851 3084 2922 astringit,
3113 2866 3214 2906 nec
3259 2849 3542 2922 amplexus

1954 2942 2071 3013 ejus
2100 2942 2280 3012 aliqua
2314 2941 2540 2998 lenitate
2569 2941 2827 2998 dilabitur
2847 2983 2861 3007 ,
2917 2957 3040 2998 cum
3069 2940 3289 2998 nodosis
3315 2940 3539 3010 quibus-

1955 3035 2078 3091 dam
2104 3035 2312 3090 sinibus
2337 3033 2620 3102 illaqueata
2647 3032 2941 3089 concludit.

1874 3117 1918 3178 Ο
1949 3151 1979 3204 7
2054 3149 2179 3204 Dixi
2210 3149 2453 3216 Domino,
2487 3149 2629 3205 Deus
2663 3166 2808 3205 meus
2833 3166 2886 3204 es
2909 3161 2964 3205 tu
2987 3169 3006 3206 :

2083 3239 2297 3295 Exaudi
2321 3239 2540 3295 Domine
2569 3256 2741 3295 vocem
2761 3241 3139 3312 deprecationis
3164 3257 3318 3296 metu.

2021 3329 2062 3385 C
2088 3330 2219 3386 Orat
2238 3329 2480 3386 Ecclesia
2503 3343 2570 3384 ne
2595 3330 2851 3402 pessimis
2877 3331 3124 3386 tradatur
3167 3330 3379 3387 insidiis
3408 3349 3420 3384 :
3450 3331 3556 3387 di-ﬁ

1943 3419 2018 3474 cit
2064 3419 2208 3474 enim
2258 3419 2538 3484 Ecclesia,
2600 3418 2950 3489 resplendens
2999 3419 3287 3490 purissima
3332 3418 3438 3474 ﬁde
3471 3420 3540 3474 de

1944 3509 2196 3581 gentibus
2217 3511 2503 3576 advocata,
2527 3525 2649 3581 qua:
2673 3519 2920 3566 sanctam
2948 3510 3270 3566 Trinitatem
3295 3509 3535 3565 veracis-

1943 3599 2080 3654 sima
2113 3599 2216 3654 ﬁde
2252 3600 2561 3667 conﬁtetur,
2619 3600 2726 3656 dixi
2770 3599 3036 3666 Domino,
3082 3609 3191 3654 etc.
3253 3599 3534 3670 Sequitur,

1944 3684 2159 3748 exaudi,
2210 3685 2469 3752 Domine,
2509 3700 2722 3750 vocem,
2774 3694 2917 3750 etc.,
2983 3683 3286 3741 suffecisset
3331 3686 3531 3742 dicere.

1945 3774 2140 3830 exaudi
2172 3777 2608 3846 deprecationem
2636 3791 2812 3832 meam
2839 3791 2854 3830 :
2909 3776 3006 3832 sed
3032 3775 3195 3832 altius
3220 3775 3348 3847 quid
3376 3777 3537 3832 inno-

1948 3875 2153 3922 tescere
2179 3864 2385 3933 volens,
2417 3867 2573 3932 dixit,
2599 3881 2786 3922 vocem
2813 3867 3212 3936 deprecationis
3242 3882 3394 3921 meae.
3426 3867 3537 3921 Vox

1947 3959 2092 4013 enim
2122 3958 2555 4028 deprecationis:
2582 3968 2664 4014 est
2691 3959 2904 4030 puritas
2934 3960 3220 4022 orationis,
3248 3967 3305 4013 et
3329 3957 3537 4012 clamor

1947 4049 2038 4104 ille
2067 4049 2260 4104 tacitus
2301 4050 2396 4121 qui
2423 4050 2670 4105 ascendit
2698 4050 2764 4104 ad
2803 4050 3113 4104 Dominum.
3147 4049 3362 4104 Sancta:
3384 4048 3532 4103 enim

1947 4142 2279 4214 operationis
2306 4157 2440 4205 vox,
2495 4151 2581 4197 est
2610 4157 2790 4197 rerum
2825 4143 3062 4212 ipsarum
3113 4140 3535 4211 loquacissimus
3617 4177 3624 4208 ε

1946 4233 2189 4289 clamor:
2226 4247 2334 4288 non
2377 4231 2687 4286 hominibus
2719 4239 2901 4295 notus,
2948 4231 3044 4285 sed
3085 4229 3182 4285 soli
3211 4229 3322 4286 Deo
3347 4231 3536 4300 cogni-

1951 4333 2054 4389 tus,
2086 4323 2226 4378 unde
2246 4330 2301 4377 et
2347 4321 2549 4378 tacenti
2579 4321 2746 4396 Moysi
2799 4321 3026 4385 dicitur,
3061 4321 3189 4392 quid
3219 4319 3424 4376 clamas
3465 4319 3536 4375 ad

1950 4414 2078 4476 me?
2107 4413 2304 4484 (Exod.
2330 4415 2466 4485 XIV.)
2490 4421 2545 4468 et
2565 4411 2696 4468 Cain
2728 4412 2946 4478 dicitur,
2971 4427 3074 4466 vox
3105 4412 3386 4482 sanguinis
3425 4411 3537 4466 ira-

1955 4505 2052 4560 tris
2080 4504 2157 4558 tui
2181 4503 2380 4559 clamat
2409 4505 2478 4559 ad
2507 4518 2592 4559 me
2618 4503 2683 4558 de
2707 4511 2850 4558 terra
2875 4500 3026 4574 (Gen.
3050 4502 3150 4572 tv).

1951 4618 1984 4673 8
2061 4615 2282 4670 Domine
2309 4615 2554 4680 Domine,
2590 4614 2754 4669 virtus
2775 4614 2962 4668 salutis
2992 4630 3120 4669 mete
3151 4631 3185 4670 ει

2097 4707 2435 4762 Obumbrasti
2459 4722 2616 4777 super
2648 4716 2801 4775 caput
2826 4722 2999 4761 meum
3025 4707 3081 4759 in
3103 4693 3185 4760 die
3206 4706 3347 4761 belli.

2019 4799 2060 4855 C
2090 4799 2360 4870 Repetitio
2385 4799 2512 4863 ista,
2541 4795 2786 4863 Domine,
2813 4795 3061 4858 Domine,
3089 4799 3189 4864 pia:
3211 4793 3539 4864 precationis

1955 4887 2206 4944 allectum
2230 4888 2487 4946 ostendit.
2533 4888 2668 4944 Cum
2720 4896 2906 4942 autem
2955 4884 3107 4948 dicit,
3136 4885 3310 4939 virtus
3351 4883 3540 4938 salutis

1956 4998 2130 5038 mea}:
2169 4982 2484 5052 patientiam
2513 4979 3091 5051 perseverantiamque
3140 4976 3196 5030 in
3222 4973 3541 5036 certamine,

1957 5073 2294 5140 demonstrat
2321 5072 2532 5126 Domini
2564 5083 2686 5124 esse
2715 5070 2943 5126 donum.
2975 5065 3165 5120 Virtus
3193 5067 3335 5120 enim
3362 5077 3393 5114 a
3417 5060 3545 5123 viri-

1959 5165 2125 5220 ditate
2153 5165 2320 5230 dicta,
2368 5177 2488 5232 quae
2523 5160 2702 5214 nescit
2745 5162 2933 5232 aliquo
2957 5156 3149 5210 labore
3189 5163 3545 5209 marcescere.

1959 5253 2132 5323 Caput
2160 5263 2339 5309 autem
2369 5267 2526 5305 suum
2552 5249 2938 5306 obumbratum
2975 5259 3102 5297 cum
3134 5244 3266 5299 dicit
3284 5237 3548 5303 Ecclesia,

1961 5344 2224 5370 -:~n:":hn.
2258 5344 2466 5370 'unnlnm
2745 5339 3062 5370 nano‘t‘nnm
3098 5351 3110 5361 ⁸
3145 5334 3236 5370 "II:
3266 5333 3342 5370 αἱθ
