3994 5370
486 204 592 273 ῆῠΰ

1447 190 1502 242 S.
1548 182 1893 242 BRUNONlb
1929 177 2473 235 ltEhBlPULLNSlS
2510 178 2825 238 EPISCOPI

3644 167 3754 222 504

487 311 653 372 victo,
687 305 894 362 inferno
916 306 1107 366 fracto,
1138 300 1337 372 captivi
1364 298 1581 355 liberati
1607 305 1757 364 sunt,
1795 302 1851 351 et
1878 292 2069 349 trium-
2094 293 2145 355 Α
2165 289 2322 361 justi,
2373 306 2499 346 cum
2544 292 2983 361 persecutionem
3049 290 3366 361 patiuntur,
3418 289 3763 345 contltentur

485 399 661 467 pltans
689 396 756 451 de
786 402 961 450 morte
987 393 1173 449 rediit.

485 489 520 542 9
629 486 755 541 Non
782 484 985 549 tradas,
1015 483 1258 546 Domine,
1282 479 1599 539 desiderium
1619 492 1860 534 +nseum
1890 474 1914 545 ζ
1938 490 2063 549 pec-

622 604 627 613 .
697 556 913 610 catori:
967 544 1319 624 cogitaverunt
1373 560 1556 619 contra
1604 564 1686 603 me
1726 564 1791 607 ne
1840 544 2066 602 derelin-

578 645 589 655 -
693 642 825 696 quas
854 641 933 678 me
961 640 980 678 :

632 700 718 769 Ne
746 714 882 786 forte
913 714 1226 769 exaltentur.
1264 709 1588 782 Diapsalma.

553 805 595 862 C
624 804 882 859 Traditur
906 804 1048 858 enim
1078 803 1349 874 peccaturi
1379 800 1455 871 (id
1478 808 1564 854 est
1590 797 1828 869 diabolo)
1855 795 2066 852 deside-

483 897 629 952 rium
653 897 807 951 istius
833 895 925 965 qui
975 893 1445 963 concupiscentias
1480 891 1667 946 carnis
1694 888 1951 959 perficit:
1985 896 2068 941 ta,-

484 987 554 1042 iis
576 987 720 1041 enim
752 1000 859 1041 non
904 985 1008 1039 nisi
1056 984 1198 1054 quod
1233 982 1478 1037 diabolus
1531 980 1644 1033 vult
1676 977 1970 1042 desiderat,
2011 984 2070 1032 et

488 1079 614 1133 ideo
642 1074 695 1131 in
722 1076 1006 1131 desideriis
1045 1075 1160 1130 suis
1186 1073 1402 1129 diabolo
1437 1073 1671 1130 traditur
1699 1071 1765 1126 ad
1789 1070 2069 1141 possiden-

489 1168 642 1222 dum.
673 1168 738 1222 Et
759 1168 883 1238 quia
902 1166 1103 1221 inimici
1130 1163 1824 1237 cogitaverunt(consilium
1861 1161 2069 1218 scilicet

486 1256 761 1328 faciendo)
791 1265 980 1312 contra
1009 1272 1094 1312 me
1124 1271 1139 1310 :
1164 1257 1310 1328 juste
1333 1266 1458 1326 peto
1482 1296 1498 1321 ,
1531 1256 1778 1319 Domine,
1804 1269 1873 1310 ne
1907 1253 2066 1308 dere-

491 1350 708 1417 lnquas
735 1362 842 1403 me.
862 1348 929 1402 Et
953 1347 1287 1403 s‘ubinfertur
1302 1346 1772 1416 causajustissima
1795 1345 2071 1417 petitionis

491 1448 550 1493 et
576 1438 940 1494 esauditionis
981 1457 997 1494 :

489 1529 787 1599 iustorum.

487 1620 560 1674 10
632 1619 801 1690 Caput
825 1621 1075 1676 circuitus
1095 1639 1276 1677 eorum
1304 1641 1329 1677 :

637 1710 812 1766 Labor
840 1711 1097 1766 labiorum
1121 1713 1353 1784 ipsorum
1377 1713 1569 1782 aperiet
1594 1728 1708 1767 eos.

553 1801 601 1854 Δ
629 1798 675 1855 C
698 1798 840 1855 Deus
877 1801 1166 1856 obumbrat
1217 1816 1380 1871 super
1408 1810 1573 1871 caput
1608 1802 1924 1873 justorum‘,
1975 1800 2075 1856 sed

487 1888 758 1944 malorum
803 1901 962 1961 caput
987 1893 1163 1960 operit
1197 1891 1352 1947 labor
1381 1892 1666 1948 labiorum.
1710 1890 1856 1948 Ordo
1882 1892 2074 1947 verbo-

486 1995 608 2035 rum
635 1980 756 2035 talis
798 1991 906 2046 est,
949 1992 1114 2051 caput
1152 1996 1342 2037 eorum
1384 1984 1644 2040 circuitus
1670 2024 1686 2047 .
1729 1983 1937 2039 scilicet
1965 1990 2069 2050 est,

486 2075 544 2130 id
577 2083 661 2129 est
690 2083 851 2145 caput
876 2076 1163 2147 impiorum
1190 2084 1277 2131 est
1302 2077 1550 2132 diabolus
1570 2118 1586 2142 ,
1608 2077 1700 2147 qui
1728 2091 1941 2146 semper
1961 2077 2072 2131 cir-

494 2164 610 2221 cuit
640 2181 889 2235 qua:rens
936 2180 1095 2235 quem
1124 2167 1345 2222 devoret
1370 2166 1421 2229 (1
1451 2165 1600 2222 Pctr.
1636 2167 1712 2238 v).
1742 2166 1923 2223 Labor
1942 2182 2073 2223 vero

486 2256 753 2313 labiorum
779 2270 795 2309 :
825 2266 912 2312 est
937 2258 1205 2329 prolatum
1237 2272 1333 2313 ore
1363 2256 1724 2324 mendacium,
1766 2260 1909 2329 quod
1932 2272 2074 2314 seut-

485 2361 587 2418 per
613 2346 882 2404 laboriose
911 2350 1153 2419 tingitur,
1194 2349 1450 2421 quoniam
1475 2351 1747 2416 exquisita
1796 2350 2075 2405 machina-

492 2438 643 2494 tione
691 2438 978 2494 formatur.
1018 2438 1232 2495 Veritas
1286 2440 1431 2496 enim
1474 2441 1592 2497 sine
1622 2441 1809 2495 labore
1848 2440 2071 2506 dicitur,

494 2529 624 2599 quia
656 2530 774 2585 sine
801 2530 1115 2586 difﬁcultate
1142 2530 1442 2601 profertur.
1474 2533 1517 2586 Δ
1566 2533 1659 2587 Vel
1685 2534 1854 2603 ipsius
1876 2533 2075 2587 circui-

494 2629 585 2676 tus
611 2635 796 2676 eorum
838 2632 1001 2691 «aput
1044 2633 1128 2677 cst
1154 2624 1441 2692 superbia,
1471 2637 1592 2693 qua:
1633 2624 1970 2693 provenitex
1996 2623 2076 2678 la-

497 2713 630 2766 liorc
652 2712 938 2778 labiorutn,
962 2715 1021 2766 'id
1053 2723 1139 2769 est
1169 2715 1476 2770 mendacio.

491 2801 555 2855 ‘ll
636 2801 834 2857 Cadent
879 2819 1037 2873 super
1078 2820 1167 2860 eos
1211 2806 1502 2864 carbones:
1548 2808 1603 2860 in
1640 2807 1813 2876 ignem
1860 2807 2078 2880 dejicics

692 2911 785 2949 €08
820 2912 841 2951 .'

636 2984 704 3039 In
726 2986 950 3041 miseriis
978 3003 1082 3041 non
1098 2988 1415 3043 subsistant.

566 3076 609 3131 (ἱ
652 3077 927 3133 Carlones
979 3077 1121 3148 ignis
1154 3096 1169 3132 :
1198 3089 1324 3135 sunt
1369 3078 1710 3149 poenitentia:
1765 3082 2075 3150 cruciatus,

492 3165 637 3235 quod
658 3175 840 3223 tamen
882 3167 1189 3223 incendium
1216 3169 1459 3225 nascitur
1485 3185 1552 3225 ex
1592 3170 1769 3227 imbre
1808 3171 2078 3245 lacryma-

493 3272 636 3313 rum.
687 3258 745 3313 in
793 3256 970 3329 ignem
1009 3256 1334 3327 dejiciuntur
1373 3274 1389 3315 :
1427 3262 1644 3331 quando
1692 3261 1807 3330 jam
1859 3262 2076 3320 ﬂamma

496 3349 783 3405 charitatis
834 3350 1070 3416 accensi,
1121 3350 1337 3406 fervere
1377 3352 1587 3407 sanctis
1634 3354 1893 3423 operibus
1942 3355 2079 3409 inci-

490 3440 649 3512 piunt
694 3458 709 3495 :
757 3440 844 3497 bis
888 3442 1092 3508 evenit,
1138 3451 1200 3498 ut
1246 3444 1679 3514 invpeccatorum
1706 3445 1941 3502 miseriis
1969 3463 2077 3501 non

491 3530 832 3591 subsistant:
862 3532 1119 3602 quoniam
1157 3531 1271 3602 jam
1303 3532 1364 3589 in
1381 3533 1807 3604 bonampartem
1840 3534 2076 3592 transie-

492 3633 711 3678 runtur.
724 3689 743 3713 ⁸

1046 1455 1115 1494 ne
1154 1438 1465 1493 cxaltentur
1496 1437 1646 1509 impii
1684 1439 1739 1493 in
1766 1434 2071 1508 perditione

493 3735 567 3790 12
646 3737 740 3792 Vir
759 3738 1031 3809 linguosus
1070 3755 1174 3794 non
1198 3738 1455 3809 dirigetur
1480 3740 1537 3794 in
1577 3747 1719 3794 terra
1742 3754 1771 3793 τ

649 3824 832 3882 Virum
861 3828 1116 3898 injustam
1146 3826 1290 3902 maia
1318 3829 1523 3900 capient
1568 3830 1623 3883 in
1649 3830 1939 3886 interitum.

494 3916 499 3921 ’
566 3914 729 3971 CVir
756 3916 1034 3988 linguosus
1066 3934 1081 3972 :
1117 3927 1202 3974 est
1249 3917 1343 3988 qui
1386 3916 1555 3973 multa
1601 3917 1864 3975 inutiliter
1912 3922 2082 3976 verba

492 4004 729 4075 profert,
757 4007 855 4077 qui
899 4022 1009 4062 non
1054 4006 1350 4080 dirigitur:
1385 4007 1513 4077 quia
1565 4008 1908 4080 multiloquio
1968 4027 2076 4066 non

494 4090 715 4164 cﬂ‘ugiet
743 4104 1046 4164 peccatum.
1088 4096 1324 4165 lnjttstus
1349 4096 1433 4152 vir
1467 4107 1572 4162 est,
1618 4098 1710 4168 qui
1740 4098 1953 4156 divinas
1998 4115 2080 4156 re-

494 4182 649 4251 gulas
673 4193 1049 4249 contemnens,
1074 4187 1307 4256 propriae
1335 4186 1629 4242 voluntatis
1654 4187 1869 4245 fervore
1897 4190 2078 4244 tradu-

495 4271 639 4326 citur
684 4270 880 4342 (Prov.
922 4274 992 4345 ι)
1026 4275 1221 4331 :illum
1257 4277 1397 4332 mala
1431 4279 1670 4348 capient,
1696 4281 1823 4349 quia
1860 4295 2077 4352 semper

496 4359 599 4414 sibi
629 4362 789 4416 noxia
816 4364 1037 4434 cogitat,
1067 4366 1158 4434 qui
1185 4375 1454 4437 praecepta
1478 4367 1690 4423 Domini
1714 4369 1969 4424 declinat.

499 4472 568 4526 15
638 4471 867 4544 Cognovi
887 4477 1010 4546 quia
1031 4477 1188 4545 faciet
1213 4478 1471 4533 Dominus
1483 4480 1751 4549 judicium
1776 4482 1946 4552 inopis
1982 4497 2006 4537 :

642 4580 707 4623 σιν
735 4566 804 4623 Et
836 4567 860 4640 ξ
887 4569 1167 4624 uindictam
1186 4587 1496 4641 pauperum.

566 4652 609 4710 C
643 4657 835 4714 Faciet
871 4673 1002 4728 ergo
1045 4657 1309 4728 judicium
1361 4662 1602 4731 inopum,
1641 4663 1859 4733 quando
1885 4664 1938 4719 in
1985 4666 2072 4719 illa

593 4748 856 4815 .cationc,
907 4750 1176 4819 promissa
1205 4749 1310 4806 illis
1338 4750 1625 4807 retribuit:
1652 4762 1707 4808 et
1732 4761 1860 4810 tunc
1900 4754 2077 4810 vindi-

494 4844 582 4892 θἰι
609 4849 898 4907 pauperes,
926 4854 1051 4896 cum
1079 4850 1267 4898 eorum
1286 4850 1666 4913 persecutores
1693 4859 1725 4899 ἃ
1754 4859 1855 4900 suo
1881 4854 2072 4902 sancto

495 4929 768 4997 separabit
791 4946 975 5004 regno.

529 5017 564 5070 ὅ
645 5016 1017 5077 Verumtamen
1029 5023 1163 5094 justi
1186 5027 1574 5096 conﬁtebuntur
1592 5031 1792 5086 nomini
1816 5041 1947 5085 tuo:
2047 5043 2050 5045 λ

638 5106 709 5161 Et
742 5109 1060 5167 habitabant
1085 5118 1211 5170 recti
1241 5133 1360 5174 cum
1397 5118 1542 5174 vultu
1564 5131 1675 5176 tuo.

569 5198 619 5254 li
640 5199 776 5266 Quid
799 5204 942 5259 enim
962 5206 1144 5263 vultus
1168 5208 1287 5276 Dei,
1316 5211 1419 5265 nisi
1441 5211 1690 5269 Christus
1718 5212 1887 5270 Filius
1923 5213 2077 5282 ejus?

502 5286 605 5339 nisi
639 5290 903 5364 cogitatio
937 5294 1235 5352 divinitatis
1280 5299 1489 5368 ipsius?
1527 5301 1571 5357 (ἒ
1596 5301 1731 5357 Cum
1759 5302 1876 5370 ipso
1907 5305 2076 5358 etiam

2098 1645 2149 1706 Β

2164 382 2353 439 laudas
2402 384 2515 440 Deo
2551 394 2703 453 (tunc
2732 385 2878 439 enim
2915 396 3115 453 magna
3162 382 3337 437 sirtus
3365 387 3475 446 est,
3526 380 3756 434 laudare

2166 474 2359 547 Deum)
2394 488 2450 531 et
2485 476 2713 537 facilius~
2742 478 2972 534 discedit
3001 477 3257 534 inimicus
3283 484 3341 531 et
3367 474 3670 538 tribulatio,
3694 480 3758 528 et

2164 570 2425 625 videbunt
2452 569 2641 626 faciem
2670 570 2766 625 Dei
2810 577 2935 640 post
2971 568 3138 623 vitam
3166 569 3323 623 istam
3355 566 3497 622 tales
3517 574 3753 622 eterna-

2166 660 2312 717 liter.

2593 748 2793 790 onuto
2819 750 2887 789 ax
2917 726 3065 789 esse.
3104 746 3325 788 cxxux.

2239 824 2424 881 Virtus
2472 826 2664 880 salutis
2715 835 2932 891 nostrae,
2967 825 3130 890 Deus,
3173 821 3405 878 defende
3449 819 3749 876 Ecclesiam

2170 929 2322 976 tuam
2342 905 2773 976 a'dissidentium
2798 934 3009 975 veneno
3027 918 3329 981 mortifero,
3351 924 3460 972 uta
3484 924 3541 970 te
3564 914 3751 983 obum-

2168 1009 2309 1066 brati
2340 1024 2614 1078 nunquam
2642 1008 2946 1079 obligemur
2974 1024 3005 1063 a
3033 1007 3243 1077 laqueis
3266 1003 3497 1061 inimici.
3524 1002 3633 1059 Per
3651 1001 3725 1057 Do

2171 1103 2377 1159 minam
2412 1111 2660 1161 nostrum
2693 1100 2885 1156 Jesum
2904 1100 3205 1166 Christum,
3235 1108 3349 1155 etc.

2520 1277 2528 1280 _
2703 1207 3025 1265 PSALMUS
3060 1207 3225 1264 CXL.

2598 1315 2965 1356 ABGUIENTU!
3013 1315 3162 1356 νεα..
3200 1315 3327 1355 ωε..

2240 1395 2284 1453 C
2311 1397 2582 1467 Propheta
2629 1396 2919 1466 supplicat,
2961 1402 3021 1448 ut
3072 1395 3216 1448 inter
3262 1390 3573 1446 mundanas
3603 1396 3753 1444 actus

2172 1504 2202 1543 τι
2232 1487 2462 1542 diversis
2487 1486 2752 1542 liberetur
2770 1484 3073 1552 erroribus,
3102 1499 3170 1539 ne
3195 1482 3247 1538 in
3272 1489 3632 1558 peccatorum
3669 1491 3753 1534 rs-

2174 1575 2371 1631 tiacula
2398 1575 2578 1631 cadat.

2635 1665 2747 1720 TT.
2799 1663 3050 1721 Psalmus
3095 1665 3294 1721 Dauid.

2179 1761 2205 1816 ι
2277 1758 2526 1826 Domine,
2548 1759 2774 1814 ciamavi
2803 1760 2873 1813 ad
2898 1768 2965 1824 te,
2993 1759 3186 1814 exaudi
3213 1774 3293 1813 me
3319 1774 3348 1813 :

2316 1852 2541 1908 Intende
2566 1852 2680 1906 uoci
2706 1867 2838 1906 mete
2879 1852 3006 1905 dum
3027 1850 3321 1907 clamarem
3341 1849 3413 1902 ad
3437 1858 3512 1903 te.

2244 1944 2287 2001 C
2329 1942 2583 2010 Domine,
2623 1941 2875 1998 clamavi.
2933 1941 3132 1997 Volens
3190 1940 3451 2010 propheta
3507 1936 3759 1994 affectum

2173 2036 2437 2093 orationis
2486 2034 2758 2089 continua:
2809 2034 3048 2088 humano
3097 2031 3284 2101 generi
3317 2029 3629 2094 infundere,
3657 2030 3755 2082 duo

2178 2134 2423 2197 tempora
2461 2124 2676 2179 videtur
2703 2123 3070 2193 discrepantia
3114 2122 3361 2192 posuisse
3388 2141 3404 2176 :
3435 2119 3668 2176 clamavi
3694 2122 3758 2173 de

2176 2220 2455 2290 praeterito
2498 2218 2652 2284 dicit,
2701 2216 2849 2288 quod
2905 2215 3204 2287 perfectam
3256 2213 3753 2286 signiﬁcatoratio-

2178 2326 2301 2367 nem
2345 2328 2359 2363 :
2401 2320 2458 2365 et
2496 2310 2694 2363 iterum
2735 2306 3068 2369 ciamavcro,
3096 2305 3240 2375 quod
3267 2304 3454 2374 utique
3488 2301 3765 2367 defutura

2177 2412 2391 2459 constat
2418 2404 2654 2473 positum
2697 2417 2713 2456 :
2758 2407 2817 2454 ut
2866 2399 3004 2454 sicut
3033 2397 3240 2451 nullum
3276 2404 3489 2464 tempus
3514 2409 3545 2446 a
3591 2391 3765 2461 culpis

2177 2504 2543 2559 estvacuum,
2596 2478 2672 2547 ita
2720 2507 2751 2545 a
2803 2477 3013 2546 devotis
3064 2488 3317 2559 precibus
3357 2498 3634 2554 nunquam
3678 2492 3763 2536 est

2177 2585 2520 2642 cessandum.
3064 2574 3067 2581 ’

2176 2675 2213 2731 2
2283 2673 2561 2744 Dirigatur
2610 2674 2780 2728 oratio
2824 2688 2936 2727 mea
2970 2672 3105 2726 sicut
3133 2669 3402 2724 incensum
3440 2667 3497 2719 in
3549 2679 3762 2719 causae.

2389 2772 2474 2817 ctu
2501 2774 2613 2816 ΝΟ.

2326 2851 2564 2910 Elevatio
2609 2868 2860 2907 manuum
2905 2867 3142 2906 mearum
3180 2847 3500 2919 sacriﬁcium
3524 2844 3765 2915 vesperti-

2100 3003 2149 3066 c
2248 3034 2292 3091 C
2315 3034 2591 3103 Dirigatur
2619 3029 2686 3085 ad
2709 3037 2762 3085 te
2799 3030 2978 3085 oratio
3009 3043 3131 3083 mea
3150 3027 3293 3083 sicut
3324 3026 3631 3083 incensum,
3660 3020 3767 3076 hoc

2177 3137 2262 3182 est
2289 3133 2348 3179 ut
2382 3133 2466 3178 est
2510 3132 2659 3177 recta
2699 3121 2883 3175 veniat
2914 3120 2980 3173 ad
3037 3127 3091 3174 te
3121 3117 3300 3172 oratio
3344 3131 3465 3169 mea
3514 3112 3574 3168 in
3601 3112 3765 3167 odore

2176 3216 2459 3277 virtutum,
2490 3229 2594 3268 non
2628 3213 2839 3267 habens
2862 3210 3050 3266 sordes
3078 3218 3174 3264 aut
3203 3209 3354 3261 vitia.
3407 3205 3450 3261 C
3477 3205 3764 3260 lncensum

2177 3313 2263 3360 est
2300 3302 2559 3358 odoriferi
2602 3302 2865 3374 pigmenti
2899 3300 3084 3354 suavis
3119 3297 3353 3360 adnstio,
3382 3304 3439 3351 et
3468 3291 3767 3365 spirituali«

2180 3410 2262 3454 ter
2284 3400 2392 3454 hic.
2416 3397 2458 3452 Η
2480 3398 2783 3461 lncensum,
2806 3395 3085 3451 orationes
3101 3399 3412 3448 sanctorum
3428 3397 3558 3444 sunt
3578 3386 3765 3456 (Apoc.

2176 3491 2316 3557 vin).
2374 3486 2416 3542 C
2449 3485 2790 3542 Sacrificium
2816 3484 3187 3553 vespertinum
3232 3479 3465 3535 fortasse
3491 3476 3764 3547 signiﬁcat

2180 3577 2324 3632 illam
2366 3577 2714 3642 oblationem,
2766 3592 2927 3645 quam
2961 3577 3015 3630 in
3068 3575 3174 3628 line
3219 3573 3343 3627 vita:
3371 3570 3603 3624 Domino
3629 3567 3764 3622 solet

2178 3666 2373 3724 otl‘erre
2401 3666 2651 3737 religiosa
2683 3667 2922 3726 devotio,
2948 3674 3006 3720 et
3036 3665 3157 3720 idco
3202 3663 3383 3718 nullus
3412 3664 3688 3731 desperet,
3717 3657 3762 3711 si

2178 3757 2371 3813 ultimo
2414 3774 2513 3812 sua
2574 3766 2801 3826 peccata
2863 3756 3228 3828 lacrymarum
3285 3752 3435 3808 fonte
3496 3752 3762 3821 detergat.

2178 3850 2423 3907 Elevatio
2470 3863 2603 3903 vero
2643 3863 2897 3902 manuum
2920 3863 3081 3916 opera
3111 3846 3196 3916 pia
3233 3844 3539 3916 signiﬁcat:
3572 3842 3653 3896 sic
3681 3856 3763 3893 rce

2179 3940 2368 4011 missio
2393 3938 2730 4001 earumdem,
2757 3937 3116 3991 cessationem
3144 3952 3174 3989 a
3197 3937 3340 3990 bono
3360 3947 3546 4002 opere.
3566 3932 3758 3999 Vespe-

2180 4040 2238 4084 ra
2261 4043 2475 4098 quoque
2505 4037 2714 4093 nostra,
2763 4035 2976 4101 tempus
3017 4040 3182 4100 prope
3227 4025 3557 4092 tinemyita:
3604 4023 3767 4093 bujus

2179 4119 2469 4190 signiﬁcat.
2592 4126 2595 4129 '

2178 4211 2213 4265 5
2282 4210 2449 4273 Pone,
2475 4208 2717 4272 Domine,
2740 4206 3037 4261 custodiam
3057 4206 3139 4259 ori
3157 4222 3271 4260 meo
3311 4221 3339 4258 θ

2320 4297 2389 4353 Et
2417 4298 2606 4353 ostium
2635 4298 3047 4352 circumstantias
3068 4296 3221 4351 labiis
3246 4295 3393 4349 meis.

2105 4359 2153 4416 θ
2253 4389 2294 4445 C
2321 4389 2464 4444 Petit
2492 4389 2778 4459 propheta,
2829 4403 2897 4442 ne
2918 4388 3048 4456 quid
3077 4386 3181 4440 tale
3207 4386 3376 4451 dicat,
3404 4385 3549 4455 quod
3576 4399 3758 4455 pervc-

2185 4488 2303 4541 nire
2330 4484 2523 4540 debeat
2548 4484 2614 4538 ad
2658 4490 2889 4538 reatum.
2919 4481 3128 4537 Ostium
3154 4482 3352 4551 quippe
3395 4481 3466 4535 ab
3491 4481 3759 4535 obstando

2183 4576 2385 4630 dictum
2426 4585 2526 4629 εει.
2557 4572 2688 4627 illud
2715 4587 2846 4642 ergo
2876 4572 3008 4626 vidit
3042 4570 3313 4640 Propheta
3348 4572 3560 4639 magnis
3583 4571 3757 4641 preci-

2184 4668 2285 4721 bus
2340 4679 2461 4719 esse
2502 4662 2875 4727 muniendum,
2909 4661 3048 4715 unde
3076 4670 3183 4714 tam
3235 4659 3393 4716 facile
3422 4671 3649 4715 noverat
3677 4674 3759 4714 re.

2184 4756 2303 4810 nire
2328 4762 2609 4823 peccatum
2666 4770 2679 4805 :
2710 4752 2853 4821 quod
2895 4751 2939 4805 si
2973 4750 3263 4820 fragilitate
3290 4750 3620 4821 peccaverit,
3651 4749 3756 4803 sal-

2182 4857 2289 4901 tem
2317 4846 2417 4899 hoc
2463 4855 2724 4915 precatur
2748 4858 2817 4898 ne
2844 4843 2973 4898 illud
2999 4852 3242 4907 excuset,
3291 4842 3432 4896 unde
3456 4843 3709 4912 sequitur
3737 4857 3753 4895 :

2176 4940 2214 4994 4
2286 4938 2410 4993 Non
2437 4936 2665 4991 declines
2717 4951 2810 4989 cor
2859 4951 3030 4989 meum
3075 4935 3132 4987 in
3174 4935 3327 4989 verba
3357 4932 3621 5003 malitiast:

2319 5028 2401 5082 Ad
2434 5026 2763 5085 excusandas
2793 5026 3155 5081 excusationes
3191 5026 3248 5078 in
3292 5022 3535 5094 peccatis.

2250 5117 2292 5173 C
2323 5118 2500 5171 Verba
2544 5115 2762 5169 malitiae
2811 5124 2958 5179 sunt,
3016 5123 3074 5167 ut
3125 5114 3247 5183 quis
3302 5123 3423 5183 post
3467 5121 3753 5182 peccatum

2181 5224 2337 5265 suum
2366 5205 2506 5261 falso
2532 5205 2596 5260 ad
2638 5206 3015 5260 excusationes
3046 5202 3341 5275 confugiat,
3370 5204 3496 5273 quia
3523 5218 3751 5257 consue-

2182 5301 2310 5356 tudo
2364 5304 2449 5352 est
2495 5297 2856 5366 peccantium,
2909 5295 3123 5367 quando
3150 5292 3468 5365 deprehensi
3529 5291 3752 5355 fuerint,
