3994 5370
214 210 332 263 505

1473 212 1840 272 EXPOSlTlO
1877 215 2326 280 PSALMORUM.

3396 243 3503 298 506

216 327 468 378 reconda
525 303 902 402 protervitas),
935 304 1113 377 modo
1147 323 1291 379 enim
1352 335 1604 397 tempori,
1657 333 1817 384 modo
1846 337 1892 392 Α
1924 330 2279 393 ﬁrmamenta.
2325 336 2495 395 Secus
2526 341 2794 398 infernum
2826 345 2958 401 dicit
2986 363 3002 400 :
3031 350 3151 405 vide
3200 358 3505 424 proprieta—

217 414 571 478 nccessitati,
627 416 784 466 modo
802 396 949 467 .aliis
979 413 1297 483 imputanda
1345 417 1488 485 quod
1541 431 1816 488 peccant?

215 503 330 557 hoc
362 515 546 560 autem
589 505 886 558 maximum
915 505 1104 562 vitium
1149 517 1233 561 est
1258 525 1364 578 quo
1397 510 1646 566 homines
1670 512 1820 568 labo-

217 610 280 645 ra
293 604 371 648 nt.

215 683 253 734 5
333 684 471 738 Cum
522 685 817 739 hominibus
841 689 1173 754 operantibus
1202 691 1526 760 iniqmtatem
1556 710 1575 747 :

375 775 440 828 Et
469 792 574 828 non
604 778 998 830 communicabo
1027 795 1143 832 cum
1171 780 1344 834 electis
1367 800 1564 837 eorum.

298 865 344 919 ﬂ
383 868 521 919 Petit
547 877 604 919 et
631 867 719 920 hic
749 870 1030 936 propheta,
1064 886 1092 923 a
1119 872 1346 942 collegio
1383 874 1598 930 liberari
1630 893 1820 932 eorum

220 959 319 1026 qui
352 969 654 1027 operantur
683 959 1046 1028 iniquitatem.
1081 963 1233 1019 Sicut
1257 967 1400 1020 enim
1437 970 1695 1028 Dominus
1727 973 1819 1026 ha-

221 1045 318 1100 bet
339 1047 548 1100 electos
573 1063 700 1101 suos
721 1060 939 1103 sanctos
961 1068 972 1102 :
994 1050 1064 1104 ita
1087 1062 1142 1105 et
1165 1053 1414 1110 diabolus
1443 1059 1598 1112 habet
1619 1060 1820 1116 electos

220 1153 377 1200 suos,
421 1138 562 1192 sicut
611 1140 883 1210 principes
914 1143 1318 1210 luereticorum,
1344 1149 1436 1217 qui
1461 1151 1603 1218 apud
1636 1167 1820 1220 repro-

220 1227 324 1282 bos
347 1227 506 1282 electi
536 1240 795 1296 putantur
825 1249 838 1286 :
864 1234 957 1286 sed
989 1242 1043 1287 et
1087 1250 1276 1290 omnes
1316 1237 1472 1292 electi
1508 1240 1560 1294 in
1589 1241 1816 1309 scelere,

224 1318 391 1372 electi
443 1319 642 1373 diaboli
686 1321 960 1376 dicuntur.
992 1323 1032 1378 C
1072 1325 1136 1379 Et
1163 1330 1577 1384 communicabo
1608 1349 1622 1385 :
1658 1332 1820 1387 refer-

223 1417 316 1461 tur
354 1416 465 1462 tam
515 1412 582 1464 ad
631 1422 924 1481 Operantes
955 1414 1202 1470 homines
1255 1419 1618 1488 iniquitatem,
1653 1439 1815 1492 quam

223 1498 294 1551 ad
320 1499 529 1553 electos
554 1515 766 1556 eorum.
799 1501 844 1556 Η
876 1504 968 1558 Vel
1006 1505 1180 1575 prima
1215 1525 1342 1578 pars
1373 1509 1532 1579 hujus
1565 1515 1814 1571 versiculi

224 1590 590 1645 combinanda
620 1601 703 1646 est
733 1607 854 1647 cum
900 1597 1222 1664 praecedenti
1272 1616 1429 1656 versu
1466 1620 1479 1656 :
1511 1616 1568 1656 ut
1599 1605 1671 1659 sit
1693 1622 1816 1661 sen-

223 1693 344 1743 sus,
400 1695 506 1734 non
540 1682 795 1745 declines,
849 1695 980 1752 etc.,
1019 1689 1086 1742 ad
1124 1695 1487 1761 excusandas,
1533 1706 1663 1762 etc.,
1697 1714 1813 1754 cum
1845 1675 1891 1735 Β

224 1767 540 1825 hominibus
562 1776 918 1843 operantibus
950 1779 1317 1850 iniquitatem.

221 1859 256 1914 6
333 1859 594 1934 Corripiet
635 1883 717 1920 me
743 1868 926 1937 justus
974 1872 1028 1925 in
1059 1874 1417 1932 misericordia
1447 1889 1494 1934 et
1530 1879 1817 1953 increpabit

441 1972 569 2012 me:

373 2045 564 2102 Oleum
592 2063 650 2105 -ε-
675 2060 850 2105 autem
883 2053 902 2126 ξ
931 2059 1218 2123 peccatoris
1246 2062 1815 2137 nonimpinguetcaput

439 2161 634 2198 meum.

292 2234 332 2289 C
356 2233 645 2306 Praeelegit
681 2239 766 2292 vir
815 2252 1036 2298 sanctus
1060 2243 1327 2312 iustorum
1378 2249 1814 2321 increpationes,

223 2327 568 2392 peccantium
614 2329 1017 2388 blandimentis.
1064 2338 1195 2402 Quae
1236 2347 1416 2414 autem
1447 2343 1514 2396 sit
1543 2347 1814 2414 correptio

216 2419 350 2487 justi
378 2419 655 2474 intimavit
678 2423 886 2487 dicens,
921 2427 972 2478 in
1003 2428 1375 2484 miSericordia
1403 2450 1415 2484 :
1447 2436 1702 2501 quoniam
1736 2439 1816 2491 vir

224 2518 449 2562 sanctus
479 2525 584 2564 non
615 2511 670 2565 in
722 2514 801 2567 ira
831 2517 1077 2586 corripit,
1110 2521 1202 2574 sed
1230 2536 1326 2589 per
1351 2523 1696 2581 dilectionem
1734 2530 1816 2583 in-

226 2609 415 2668 crepat
443 2615 458 2654 :
491 2603 688 2657 melius
717 2615 798 2659 est
821 2608 964 2662 enim
995 2612 1193 2680 corripi
1220 2629 1249 2666 a
1289 2613 1458 2681 justo,
1507 2634 1668 2687 quam
1700 2622 1816 2676 lau-

227 2689 344 2743 dari
377 2706 408 2744 a
442 2704 748 2762 peccatore.
783 2695 971 2751 Oleum
1002 2702 1145 2755 enim
1194 2708 1498 2773 peccatoris
1530 2728 1543 2762 :
1577 2712 1815 2768 adulatio

229 2789 312 2833 est
358 2781 669 2852 deceptoris
710 2795 765 2840 et
804 2789 913 2842 ﬁcti
938 2792 1162 2857 amoris,
1187 2796 1488 2863 periculosa
1520 2811 1601 2854 est
1629 2803 1816 2858 adula-

233 2870 326 2932 tio,
359 2888 481 2940 quae
504 2876 797 2932 excludere
827 2887 1006 2948 potest
1033 2883 1305 2941 hominem
1339 2905 1366 2940 a
1401 2906 1566 2961 regno
1596 2893 1707 2948 Dei.

468 3075 526 3112 εο
535 3077 670 3114 rum.

373 3150 620 3219 Absorpti
644 3163 764 3207 sunt
784 3155 960 3224 juncti
986 3169 1148 3227 petra?
1162 3161 1374 3228 judices
1400 3180 1603 3218 eorum.

304 3239 349 3294 1-1
371 3242 637 3309 Quoniam
666 3247 864 3310 adhuc,
901 3258 1012 3311 etc,
1047 3267 1059 3302 :
1108 3251 1206 3320 ipsi
1237 3253 1289 3305 in
1325 3254 1677 3324 bern-placitis
1707 3258 1822 3314 suis

235 3343 478 3386 manent.
522 3334 636 3405 Ego
660 3346 841 3390 autem
893 3355 991 3407 pro
1019 3341 1152 3409 ipsis
1181 3343 1401 3397 orabam
1444 3357 1503 3400 ut
1538 3359 1826 3403 converte-

237 3431 443 3475 rentur.
472 3423 512 3477 C
542 3425 631 3478 Vel
661 3441 720 3479 se
751 3430 926 3483 adhuc
951 3431 1325 3500 imperfectum
1349 3440 1621 3492 ostendit:
1655 3456 1824 3509 quan-

233 3512 302 3565 do
334 3515 546 3569 orando
595 3518 724 3571 talia
757 3519 856 3572 sibi
898 3524 1185 3589 provenire
1213 3527 1485 3596 cupiebat,
1522 3546 1641 3600 qua:
1665 3531 1822 3586 malis

233 3615 390 3657 erant
414 3605 769 3676 beneplacita.
806 3611 868 3664 Et
895 3614 1190 3667 secundum
1220 3617 1454 3684 prinnun
1485 3620 1820 3676 intellectum

235 3690 484 3747 Christus
514 3712 610 3764 pio
641 3699 878 3754 inimicis
907 3703 1021 3758 suis
1046 3715 1102 3758 ut
1130 3719 1580 3766 crntverterentnr
1606 3711 1818 3766 Patrem

239 3783 456 3837 orabat.
486 3789 738 3855 Absorpti
763 3801 912 3852 sunt,
939 3794 988 3846 id
1015 3806 1098 3850 cst
1125 3800 1358 3852 c0nvicti
1379 3799 1588 3868 judices
1611 3801 1824 3857 Judwo-

237 3889 379 3939 nun,
432 3878 638 3934 scilicet
693 3882 774 3934 vel
809 3885 1112 3953 gentilium,
1166 3899 1224 3942 ut
1271 3889 1444 3953 Plato,
1482 3893 1820 3960 Aristoteles,

237 3968 349 4021 sive
392 3970 794 4037 hzrreticorum,
849 3981 1065 4046 quando
1126 3992 1252 4036 sunt
1305 3999 1404 4052 per
1447 3984 1605 4040 tidem
1649 3986 1822 4054 juncti

237 4068 423 4124 petite,
469 4061 519 4115 id
542 4073 625 4116 est
652 4066 891 4132 Christo,
919 4083 972 4123 et
998 4074 1265 4142 segregati
1299 4094 1326 4127 a
1359 4074 1594 4129 diabolo.
1625 4077 1664 4129 A
1699 4077 1824 4132 Sive

231 4145 426 4213 juncti,
457 4151 509 4203 id
548 4161 628 4206 est
656 4160 954 4226 comparati
992 4178 1004 4214 :
1042 4163 1297 4216 videntur
1321 4166 1464 4219 enim
1517 4168 1821 4238 philosophi

239 4239 441 4308 aliquid
464 4243 649 4297 dicere
691 4263 704 4298 :
732 4249 826 4300 sed
859 4251 1058 4319 scripta
1084 4267 1270 4307 eorum
1295 4268 1608 4325 comparata
1631 4261 1824 4313 divina:

241 4331 534 4401 Scriptura:
581 4336 966 4405 absorbentur,
1017 4345 1150 4397 nihil
1191 4355 1335 4410 sunt,
1370 4356 1426 4400 et
1465 4348 1610 4422 velut
1659 4350 1820 4403 stulta
1853 4365 1900 4422 ο

235 4417 438 4489 jacent.

241 4515 272 4567 8
341 4519 569 4571 Audierit
593 4521 744 4573 verba
767 4539 882 4575 utea
911 4525 1159 4592 quoniam
1188 4537 1467 4595 potuerunt
1486 4542 1505 4580 :

377 4607 529 4662 Sicut
561 4611 861 4665 crassitudo
892 4623 1046 4666 terra:
1094 4625 1270 4676 erepta
1313 4627 1386 4669 est
1418 4634 1571 4686 super
1607 4626 1824 4673 terram.

309 4699 348 4754 C
377 4700 551 4753 Verba
591 4716 687 4754 sua
710 4703 778 4756 ab
798 4703 1070 4760 haereticis
1107 4716 1160 4760 et
1191 4710 1434 4777 tyrannis
1465 4710 1595 4763 dicit
1620 4713 1823 4778 audita,

246 4807 358 4859 quae
389 4794 678 4861 praesentis
715 4794 831 4848 libri
880 4803 1061 4852 textus
1089 4799 1360 4867 eloquitur
1405 4802 1650 4870 (quantis
1680 4805 1825 4858 enim

248 4882 296 4934 iu
327 4883 406 4937 eis
431 4884 568 4937 locis
607 4886 958 4954 increpantur
989 4897 1050 4942 ut
1084 4890 1315 4945 debeant
1353 4893 1595 4962 corrigi),
1641 4908 1829 4963 potue-

250 4984 363 5026 runt
402 4990 538 5045 ergo
592 4974 750 5028 toties
780 4979 1044 5033 admoniti
1078 4995 1408 5049 cognoscere
1458 4985 1551 5039 Dei
1585 4986 1828 5043 volunta-

248 5073 363 5116 tem.
390 5064 716 5118 Crassitudo
751 5079 927 5124 autem
965 5077 1124 5123 terra:
1168 5082 1250 5125 est
1280 5075 1532 5142 superbia
1582 5084 1830 5144 tyranno-

244 5171 376 5217 rum,
408 5172 535 5219 qua:
558 5157 902 5230 grassabatur
936 5161 995 5213 in
1017 5171 1230 5216 sanctos
1255 5175 1541 5235 martyres.

241 5246 268 5299 9
336 5246 618 5314 Dissipata
647 5258 762 5299 sunt
808 5269 930 5307 ossa
977 5263 1153 5304 nostra
1192 5271 1339 5307 secus
1369 5255 1631 5324 infernum
1657 5274 1677 5312 :
1704 5263 1828 5331 quia

457 5337 529 5370 ηΑ
562 5346 609 5370 In
661 5335 868 5370 "Anni..-
927 5341 1142 5370 Πηιηῖ..-
1212 5344 1343 5370 Α--.Ιὲ
1368 5363 1413 5370 -...
1430 5346 1466 5370 ,2

1212 5344 1343 5370 Α--.Ιὲ
1368 5363 1413 5370 -...
1430 5346 1466 5370 -1
1493 5363 1504 5370 .

241 2962 262 3016 ἵ
339 2962 607 3028 Quoniam
639 2970 814 3023 adhuc
848 2986 908 3028 -ι-
944 2984 990 3026 et
1025 2973 1045 3043 ζ
1078 2977 1247 3030 oratio
1273 2996 1385 3033 mea
1409 2981 1461 3035 in
1483 2981 1817 3054 beneplacitis
1847 3018 1890 3078 ρ

1927 431 2031 475 tem
2056 427 2368 492 verborum,
2403 447 2506 484 non
2537 433 2610 485 ait
2645 433 2696 486 in
2727 434 2997 490 infernum
3029 457 3041 491 :
3077 442 3200 508 quia
3237 443 3361 500 licet
3391 464 3504 504 mo-

1922 514 1967 566 ri
1998 521 2269 572 communi
2298 531 2445 574 sorte
2467 523 2749 579 vidcantur
2774 566 2788 591 ,
2825 538 3003 584 tamen
3035 533 3139 584 vita
3170 534 3274 586 illis
3302 553 3502 594 conce-

1923 601 2305 660 diturtctcrna.
2332 609 2446 664 Non
2479 614 2694 667 auferas
2735 619 2971 672 animam
3004 636 3199 688 meam,
3241 627 3448 682 scilicet
3471 647 3501 685 a

1923 692 2077 748 bonis
2131 699 2235 752 tuis
2283 717 2296 751 :
2341 703 2434 756 sed
2482 719 2608 774 spes
2639 722 2758 760 mea
2791 709 2843 762 in
2879 719 2930 765 te
2979 711 3068 776 sit,
3115 722 3171 767 et
3218 716 3361 771 oculi
3396 721 3504 776 mei

1923 801 2138 857 semper
2166 799 2216 843 te
2245 792 2546 849 intendant.

1925 901 1992 955 10
2063 901 2281 956 Custodi
2317 921 2398 959 me
2428 923 2458 959 a
2487 906 2670 978 laqueo
2692 925 2843 977 quem
2871 923 3164 971 statuerunt
3188 920 3316 974 mihi
3345 933 3363 974 :

2065 995 2133 1048 Et
2160 1013 2191 1048 a
2211 999 2476 1053 scandulis
2507 1003 2836 1069 operantium
2874 1007 3220 1076 iniquitatem.

1996 1085 2036 1140 C
2062 1085 2166 1141 Per
2189 1088 2416 1158 laqueos
2430 1103 2483 1145 et
2505 1095 2759 1150 scandala
2785 1113 2798 1150 :
2830 1099 2994 1152 totius
3020 1103 3200 1156 mundi
3225 1103 3365 1157 mala
3379 1105 3504 1160 bre-

1922 1175 2061 1229 viter
2086 1179 2346 1246 propheta
2379 1182 2694 1250 complexus
2721 1193 2807 1240 est
2837 1203 2852 1239 :
2876 1202 2905 1240 a
2933 1189 3132 1257 quibus
3152 1206 3211 1245 se
3237 1192 3506 1261 supplicat

1922 1268 2205 1333 custodiri,
2256 1284 2324 1324 ne
2374 1287 2472 1341 per
2523 1273 2749 1329 insidias
2794 1291 2983 1332 eorum
3026 1281 3198 1349 possit
3234 1283 3429 1353 decipi.
3461 1283 3506 1338 H

1923 1357 2152 1428 Semper
2173 1361 2337 1416 etiam
2371 1364 2525 1420 nobis
2545 1365 2767 1435 laqueos
2797 1381 3005 1438 ponunt
3036 1373 3308 1428 daemones
3337 1392 3349 1428 :
3376 1376 3506 1430 vitia

1921 1450 2066 1503 enim
2090 1453 2264 1506 vicina
2295 1465 2421 1510 sunt
2455 1458 2766 1514 virtutibus.
2791 1459 2848 1514 lu
2878 1461 3222 1536 eleemosyna
3253 1465 3506 1536 laqueum

1921 1549 2126 1606 ponunt
2163 1555 2177 1594 :
2209 1542 2253 1595 si
2289 1551 2346 1596 ut
2373 1546 2562 1600 videar
2601 1547 2766 1603 facio.
2809 1548 2998 1605 Cervis
3045 1536 3320 1622 ponuntur
3347 1557 3504 1618 retia,

1921 1638 1976 1682 et
2006 1631 2177 1686 sancti
2207 1635 2354 1688 cervi
2384 1647 2535 1700 sunt,
2568 1639 2751 1707 spinas
2773 1643 3160 1711 transilientes,
3187 1655 3242 1700 et
3273 1645 3366 1702 alti
3391 1662 3512 1702 cor-

1919 1719 2100 1784 nibus,
2129 1731 2180 1776 et
2204 1734 2488 1792 serpentes
2523 1727 2880 1785 interﬁciunt.

1919 1830 1980 1885 M
2058 1829 2256 1887 Cadent
2284 1835 2337 1888 in
2365 1837 2616 1892 retiaculo
2643 1842 2759 1909 ejus
2785 1852 3122 1910 peccatores:

2065 1921 2420 1993 Singulariter
2447 1944 2562 1981 sum
2590 1947 2682 1999 ego
2725 1932 2889 1986 donec
2915 1945 3200 1989 transeam.

1989 2012 2030 2068 C
2057 2013 2335 2070 Retiacula
2367 2019 2534 2083 dicta,
2567 2022 2722 2088 quasi
2748 2023 3057 2079 retinentia.
3096 2026 3151 2078 lu
3189 2027 3387 2083 diaboli
3417 2045 3514 2085 re-

1918 2104 2116 2160 tiacula
2163 2108 2332 2172 cadit,
2363 2110 2454 2178 qui
2499 2123 2847 2181 peccatorum
2875 2131 3097 2170 suorum
3142 2120 3506 2176 abscisionem

1918 2213 2026 2252 non
2057 2197 2204 2252 facit.
2243 2199 2548 2271 Singularis
2573 2214 2680 2268 est,
2709 2207 2800 2275 qui
2841 2222 2963 2261 cum
2990 2209 3242 2276 pessimis
3271 2211 3507 2266 homini-

1916 2292 2020 2346 bus
2043 2306 2150 2344 non
2174 2293 2416 2347 ambulat
2434 2295 2796 2362 combinatus,
2816 2299 2866 2352 id
2882 2309 2962 2353 est
2979 2300 3196 2370 ligatus,
3215 2303 3306 2371 qui
3327 2303 3508 2356 Trini-

1919 2391 2082 2438 tatem
2099 2394 2342 2438 sanctam
2365 2403 2529 2440 unum
2549 2390 2716 2442 Deum
2733 2391 3044 2455 confitetur,
3081 2393 3170 2461 qui
3187 2408 3334 2461 spem
3349 2409 3508 2448 suam

1917 2474 1970 2527 in
2003 2474 2116 2528 solo
2139 2475 2248 2529 Deo
2270 2477 2438 2545 ponit.
2463 2479 2640 2534 Donec
2673 2489 2966 2546 transeam,
2989 2483 3039 2536 id
3066 2492 3147 2537 est
3179 2485 3419 2552 quandiu
3450 2486 3504 2539 in

1917 2563 2018 2617 hoc
2035 2565 2234 2618 mundo
2249 2565 2401 2620 fuero
2415 2580 2799 2633 commoratus,
2818 2571 2920 2626 hoc
2939 2573 3080 2627 enim
3099 2572 3355 2627 sreculnm
3377 2574 3504 2628 bea-

1919 2654 1956 2707 ti
2007 2655 2153 2709 velut
2193 2656 2404 2712 viantes
2453 2659 2684 2715 transire
2708 2661 2979 2726 dicuntur,
3006 2663 3132 2732 quia
3159 2662 3210 2716 in
3242 2661 3356 2730 ipso
3395 2678 3500 2716 non

1918 2753 2172 2799 tenentur
2204 2747 2383 2816 aliqua
2413 2749 2594 2803 mundi
2629 2751 3003 2806 delectatione.
3038 2755 3080 2805 A
3112 2750 3205 2806 Vel
3249 2751 3502 2806 Christus

1917 2835 2066 2899 dicit,
2100 2837 2413 2907 singularis,
2446 2840 2496 2892 id
2536 2850 2618 2894 est
2647 2841 2794 2896 solus
2822 2857 2938 2896 sum
2980 2843 3154 2896 donec
3197 2850 3494 2905 transeam,

1920 2925 1971 2981 id
2010 2937 2095 2981 est
2128 2930 2349 2993 moriar,
2401 2939 2526 2984 tunc
2578 2935 2722 2985 enim
2777 2949 2899 2986 cum
2950 2948 3174 3002 granum
3238 2931 3500 2985 frumenti

1923 3017 1978 3070 in
2037 3025 2179 3071 terra
2228 3027 2498 3073 mortuum
2553 3019 2734 3084 fuerit,
2770 3037 2873 3074 non
2921 3030 3100 3074 manet
3150 3020 3348 3082 solum,
3407 3019 3502 3074 sed

1923 3107 2149 3161 multum
2173 3105 2406 3162 fructum
2436 3109 2588 3163 aliert
2623 3110 2804 3180 (Joan.
2837 3112 2956 3180 xu).
2982 3111 3107 3180 quia
3136 3111 3288 3165 multi
3315 3120 3503 3181 postea

1923 3195 2271 3248 crediderunt
2301 3207 2354 3251 et
2384 3199 2564 3252 omnis
2591 3208 2730 3252 terra
2755 3201 2992 3254 Christo.

2389 3323 2588 3362 ORATIO
2614 3324 2678 3361 EX
2711 3325 2856 3362 PSAL.
2885 3324 2984 3362 CXL

1992 3414 2160 3477 Pone,
2218 3417 2467 3482 Domine,
2517 3421 2817 3473 custodiam
2857 3422 2937 3473 ori
2989 3429 3196 3484 nostro,
3232 3438 3299 3474 ne
3325 3421 3510 3476 inania

1921 3506 2281 3575 proferamus,
2316 3518 2372 3560 ut
2399 3508 2769 3562 misericordia
2819 3519 2907 3561 tua
2949 3511 3203 3577 correpti,
3242 3511 3306 3563 ab
3331 3511 3516 3564 ninni-

1924 3597 2025 3650 bus
2079 3598 2421 3666 iniquitatium
2453 3601 2726 3652 scandatis
2776 3610 3140 3668 protegamur.
3187 3600 3288 3653 Per
3317 3600 3505 3655 Domi-

1924 3702 2052 3740 num
2077 3698 2319 3742 nostrum
2350 3687 2533 3743 Jcsuni
2574 3688 2871 3751 Christum,
2903 3700 3011 3744 etc.

2459 3800 2583 3854 PSA
2595 3800 2778 3856 LMUS
2804 3801 2982 3854 CXLI.

2351 3928 2714 3967 ARGUII‘LNTUH
2743 3929 2888 3965 PSAL.
2917 3928 3060 3967 CXLI.

1999 4029 2039 4081 C
2068 4029 2316 4082 Christus
2341 4030 2405 4079 ad
2434 4029 2646 4080 Patrem
2677 4027 2893 4088 clamat,
2941 4028 3090 4081 dolos
3120 4028 3356 4081 Judaicm
3385 4043 3508 4096 per-

1924 4119 2218 4174 secutionis
2272 4133 2549 4186 exponens
2580 4138 2592 4170 :
2627 4118 2950 4185 liberat-ique
2980 4133 3037 4170 se
3065 4119 3128 4170 de
3167 4119 3376 4171 inferno
3409 4119 3508 4171 de-

1926 4222 2186 4280 precatur
2222 4227 2235 4262 :
2269 4210 2522 4278 quoniam
2571 4209 2809 4263 omnium
2878 4220 3190 4262 sanctorum
3241 4209 3374 4263 ﬁdes
3449 4209 3510 4262 in

1927 4303 2043 4362 eius
2068 4311 2466 4356 resurrectione
2490 4300 2778 4370 pendebat.

1928 4413 2038 4468 TT.
2083 4413 2387 4467 Intellectus
2432 4412 2598 4465 David
2632 4429 2748 4465 cum
2777 4423 2908 4465 esset
2950 4413 3006 4465 in
3033 4403 3282 4480 spelunca
3314 4413 3512 4467 oratio.

2006 4527 2047 4582 C
2077 4527 2275 4581 Psalmi
2305 4540 2466 4580 causa
2501 4528 2749 4596 praesenti
2784 4527 2938 4580 titulo
2973 4527 3296 4579 continetur.
3337 4525 3510 4582 David

1927 4619 2073 4673 enim
2133 4618 2276 4672 filius
2314 4617 2492 4681 Jesse,
2525 4617 2740 4671 Saulem
2776 4619 3070 4686 principem
3119 4616 3273 4686 fugit,
3304 4627 3359 4670 et
3421 4633 3510 4670 um

1931 4710 1983 4762 in
2009 4709 2262 4780 spelunca
2295 4710 2507 4773 lateret,
2539 4711 2715 4762 oravit
2736 4712 2754 4779 (
2776 4709 2936 4778 Ilieg.
2974 4719 3142 4775 χχιν),
3162 4711 3302 4777 quod
3334 4707 3521 4762 Domi-.

1932 4817 2059 4854 num
2083 4800 2357 4855 Christum
2386 4799 2437 4853 in
2468 4816 2695 4870 corpore
2726 4811 2851 4853 ante
2882 4799 3186 4867 passionem
3237 4814 3388 4851 suam
3436 4797 3512 4849 si-

1932 4892 2221 4961 gniﬁcabat
2248 4907 2365 4946 esse
2391 4892 2686 4948 facturum.
2718 4891 2760 4944 H
2787 4891 3054 4956 Quoniam
3090 4891 3232 4940 enim
3278 4889 3327 4938 in
3363 4887 3516 4937 titulo

1932 4985 2151 5054 ponitur
2181 4985 2486 5039 intellectus
2520 4983 2706 5043 David,
2732 4979 3090 5050 spiritualiter
3129 4976 3360 5072 ostenlil
3406 4974 3509 5022 υιι·

1936 5077 2022 5128 vid
2058 5076 2466 5142 infelligendutn
2497 5086 2549 5126 et
2584 5073 2869 5141 psalmum.
2901 5067 3031 5121 Saul
3066 5070 3226 5134 ig'lur
3257 5067 3507 5128 διιίιπιιω·

1935 5167 2059 5220 liter
2093 5166 2355 5219 diabolus.
2392 5165 2680 5236 Spelunca,
2727 5163 2957 5215 nmndus
3015 5169 3098 5211 ρει
3149 5161 3270 5216 iste,
3305 5157 3354 5207 in
3414 5170 3519 5221 ‘lun

1937 5253 2181 5309 diabolus
2217 5271 2320 5307 non
2363 5254 2607 5308 immittit
2639 5252 2841 5321 aliquid
2871 5246 3020 5306 boni,
3053 5247 3148 5300 sed
3184 5245 3351 5300 solum
3385 5253 3526 5296 ster-

2231 5344 2426 5370 ι..ζ,ι...ιν.
2481 5343 2570 5370 17η.
2621 5341 2766 5370 ωιιη.
2805 5355 2846 5370 ο·
2869 5333 3064 5370 ulnan
3121 5333 3402 5370 Insinlu‘ncu
3473 5339 3527 5370 ρι

1942 5361 2030 5370 η...-
2073 5355 2116 5370 ΑΙ
2156 5361 2220 5370 σι.-
