3994 5370
542 331 645 388 507

1467 336 1524 390 S.
1570 338 1913 395 BRUNONIS
1956 340 2496 401 llERBlPOLENSlS
2534 345 2837 404 El'lSCOPl

3690 355 3793 412 508

540 457 696 518 parte
724 446 1061 502 illuminavit.
1082 447 1147 503 Et
1164 448 1480 507 sicutDavid
1504 458 1798 511 absconsus
1820 459 1969 512 estin
1993 473 2115 526 spe—
2143 462 2189 519 Α
2221 466 2330 513 tum
2356 478 2530 517 meum
2556 466 2707 535 (Luc.
2739 472 2916 536 unt).
2944 465 3128 523 Portio
3154 483 3293 533 mea,
3325 469 3518 539 probat
3541 471 3647 526 hoc
3675 487 3793 540 spe-

540 542 697 597 lunca
726 540 891 605 Sauli,
924 541 994 595 ita
1021 542 1444 601 DominusJesus
1466 547 1679 602 diabolo
1696 549 1745 603 in
1764 550 1868 604 hoc
1891 551 2109 616 mundo,

538 642 594 685 et
612 633 1039 702 persecutionem
1075 650 1267 703 passus
1293 645 1377 691 est
1410 636 1548 693 sicut
1584 639 1771 695 David.

539 725 565 777 1
648 723 778 777 Voce
804 741 921 778 mea
953 725 1021 778 ad
1053 725 1333 781 Dominum
1363 729 1583 785 clamavi
1620 744 1638 782 :

684 815 819 871 Voce
837 835 951 872 mea
986 818 1055 871 ad
1076 819 1361 875 Dominum
1387 827 1690 893 deprecatus
1723 842 1859 880 sum.

611 908 656 962 ll
690 908 833 964 Voce
863 925 980 963 mea
1009 910 1075 963 ad
1108 911 1393 966 Dominum
1423 928 1437 966 :
1480 915 1660 969 omnia
1709 917 1872 970 verba
1913 916 2027 970 hzec
2052 916 2105 970 in

535 1001 844 1056 humilitate
866 1004 1134 1072 corporali
1158 1004 1416 1074 loquitur,
1451 1018 1509 1061 ut
1537 1022 1596 1062 se
1624 1024 1807 1064 verum
1832 1010 2107 1065 hominem

532 1092 860 1147 manifestet.
891 1093 931 1148 C
973 1094 1040 1148 Et
1074 1109 1140 1149 ne
1188 1096 1393 1151 clamor
1430 1098 1822 1167 intelligeretur
1851 1101 2104 1157 transito—

529 1183 665 1248 rius,
693 1183 895 1237 addidit
931 1187 1245 1257 deprecatus
1273 1204 1414 1253 sum,
1445 1192 1586 1260 quod
1620 1193 1956 1261 frequentata
1982 1208 2107 1262 snp-

529 1273 818 1344 plicatione
845 1278 1141 1347 peragitur.
1178 1279 1275 1334 Est
1317 1281 1463 1335 enim
1483 1283 1761 1352 deprecari
1794 1283 2107 1354 frequenter

528 1365 854 1433 supplicare.

525 1454 562 1508 2
635 1455 866 1525 E/fundo
888 1459 943 1512 in
974 1472 1248 1529 conspectu
1285 1463 1396 1531 ejus
1436 1466 1721 1521 orationem
1753 1483 1916 1521 meam
1945 1480 1965 1521 :

669 1562 741 1603 +
766 1547 829 1601 Et
862 1549 882 1619 ζ
913 1550 1297 1607 tribulationem
1328 1571 1494 1609 meam
1519 1566 1636 1610 ante
1683 1558 1853 1627 ipsum
1873 1573 2103 1625 pronun-

744 1639 837 1694 tio.

593 1728 636 1783 C
676 1728 845 1796 Quam
895 1745 1068 1799 pura,
1129 1748 1291 1802 quam
1356 1736 1537 1791 suavis
1591 1737 1805 1804 oratio,
1855 1754 1975 1808 qua:
2044 1740 2096 1794 in

2215 550 2425 605 cialiter
2445 552 2594 609 locus
2623 553 2710 609 ille
2732 596 2747 619 ,
2777 555 2994 625 quando
3022 548 3414 613 latroni’dixit:
3445 561 3642 626 Amen,
3674 562 3791 616 dico

2214 638 2311 694 tibi
2345 641 2553 698 :Hodie
2578 660 2788 700 mecum
2811 647 2920 702 eris
2954 647 3006 702 in
3035 648 3286 717 paradiso
3313 651 3523 722 (Ibid),
3557 654 3663 707 hoc
3709 661 3791 706 est

2214 731 2268 784 in
2298 740 2441 787 terra
2471 733 2797 803 viventium;
2826 738 3108 807 paradisus
3131 741 3274 796 enim
3307 751 3391 799 est
3428 752 3575 800 terra
3610 743 3790 800 viven-

2212 817 2369 884 tium,
2396 836 2556 890 quam
2589 823 2687 878 soli
2718 824 2862 879 beati
2889 825 3207 884 introibant.

2211 908 2245 964 8
2317 909 2538 967 Intende
2561 916 2631 968 ad
2652 916 3065 986 deprecationem
3086 937 3254 976 meam
3286 938 3305 978 :

2355 999 2494 1066 Quia
2524 1005 2830 1062 humiliatus
2866 1026 2982 1065 sum
3012 1012 3189 1067 nimis.

2281 1091 2322 1147 C
2352 1092 2543 1150 Merito
2570 1097 2720 1164 dicit,
2753 1100 3068 1157 humiliatus
3093 1119 3212 1158 sum
3236 1103 3419 1171 nimis,
3442 1106 3571 1178 quia
3593 1120 3782 1165 semet-

2207 1182 2380 1252 ipsum
2416 1186 2731 1255 cxinanivit,
2768 1190 2997 1247 formam
3024 1195 3164 1250 servi
3191 1196 3461 1267 accipiens
3496 1207 3595 1255 :et
3615 1200 3785 1257 adhuc

2207 1276 2438 1345 amplius
2492 1279 2804 1337 humiliatus
2850 1294 2967 1351 est,
2997 1284 3171 1342 factus
3197 1288 3455 1345 obediens
3494 1306 3669 1362 usque
3717 1294 3781 1346 ad

2204 1373 2436 1421 mortem
2469 1369 2649 1426 crucis
2677 1370 2842 1442 (Phil.
2883 1374 2967 1446 ιι).
3000 1375 3133 1430 Nam
3161 1380 3622 1448 quemadmodum
3666 1399 3782 1437 cru-

2204 1455 2347 1527 cifigi
2377 1462 2662 1528 potuisset,
2679 1464 2781 1519 nisi
2806 1480 2865 1520 se
2887 1466 3238 1534 humiliasset,
3271 1479 3522 1526 naturam
3542 1483 3776 1530 nostram

2204 1551 2549 1616 assumenda,
2585 1552 2676 1622 qui
2706 1554 2902 1610 caelum
2934 1566 3243 1629 terramque
3268 1561 3474 1615 creavit
3512 1560 3538 1615 τ

2202 1631 2236 1688 9
2341 1634 2527 1692 Librra
2549 1655 2628 1693 me
2651 1657 2683 1695 a
2704 1646 3119 1712 persequentibus
3158 1661 3216 1703 -ι-
3248 1663 3329 1702 me
3358 1649 3377 1720 ζ
3413 1667 3428 1703 :

2345 1728 2485 1794 Quia
2511 1733 2791 1803 confortati
2817 1746 2937 1791 sunt
2959 1756 3113 1809 super
3135 1757 3236 1795 me.

524 1830 813 1890 conspectu
844 1822 1042 1887 Patris,
1071 1800 1218 1879 velut
1241 1826 1509 1896 perspicui
1539 1825 1704 1882 fontis
1736 1800 1889 1898 copia
1909 1828 2098 1884 funde-
2129 1800 2173 1859 Β
2270 1819 2310 1875 (ἶ
2340 1821 2492 1890 01⁸³1,
2522 1834 2581 1879 ιιι
2608 1830 2970 1884 reverentiam
2995 1830 3143 1886 Pall'i
3169 1833 3476 1901 exhiberet.
3509 1838 3602 1906 qtti
3632 1853 3691 1893 se
3716 1839 3786 1893 li—

521 1910 723 1964 batur?
766 1911 1093 1968 fundebatur
1126 1924 1275 1970 certe
1322 1932 1431 1971 non
1476 1926 1535 1971 ut
1579 1918 1647 1972 ad
1680 1918 1787 1973 ima
1815 1917 2094 1985 deﬂueret,

522 2002 615 2057 sed
639 2011 696 2057 ut
722 2004 1029 2073 perveniret
1054 2003 1171 2073 ejus
1184 2007 1360 2061 oratio
1383 2007 1450 2061 ad
1475 2006 1816 2063 altitudinem
1846 2024 2096 2078 supernae

519 2094 756 2163 pietatis.
788 2094 1109 2150 Pronuntiat
1154 2096 1525 2152 tribulationes
1569 2106 1694 2152 ante
1743 2097 1979 2164 Patrem,
2033 2108 2093 2154 ut

520 2182 905 2253 indulgentiam
944 2200 1042 2254 pro
1088 2185 1292 2241 nostris
1338 2187 1510 2256 possit
1554 2187 1801 2242 obtinere
1839 2188 2094 2257 peccatis.

521 2274 592 2329 Et
612 2283 737 2330 nota
765 2277 907 2346 quod
932 2277 985 2332 in
1015 2277 1101 2333 his
1128 2278 1341 2333 duobus
1365 2279 1612 2334 versibus
1642 2287 1874 2349 quatuor
1920 2280 2096 2337 modis

517 2376 730 2422 malum
759 2379 839 2423 est
869 2368 1162 2424 secundum
1193 2370 1551 2426 hortationem
1594 2371 1859 2441 Apostoli,
1883 2372 1973 2426 ubi
1990 2370 2084 2439 ju-

515 2454 609 2510 bet
648 2455 824 2525 primo
878 2455 994 2511 fieri
1021 2458 1380 2526 precationes,
1421 2459 1719 2528 orationes,
1770 2460 2091 2531 postulatio-

515 2561 635 2612 nes,
658 2544 952 2615 gratiarum
980 2548 1220 2604 actiones
1246 2548 1298 2621 (I
1327 2549 1460 2604 Tim.
1493 2549 1553 2619 ιι)

512 2633 548 2688 3
640 2634 709 2689 In
728 2636 1014 2705 deﬁciendo
1040 2653 1105 2691 ea:
1135 2655 1213 2692 me
1234 2640 1475 2709 spiritum
1504 2656 1674 2694 meum
1704 2657 1724 2697 .'

650 2725 720 2783 Et
750 2737 807 2781 tu
832 2730 1116 2799 cognovisti
1141 2732 1351 2785 semitas
1374 2748 1535 2787 meas.

550 2818 591 2870 C
643 2809 806 2884 ’Quod
831 2818 964 2873 dicit
995 2819 1050 2874 in
1087 2819 1384 2876 deliciendo
1424 2823 1694 2891 spiritum,
1726 2821 1829 2879 hoc
1865 2838 1897 2877 a
1929 2833 2088 2893 parte

509 2906 876 2961 membrorum
902 2908 1159 2964 debemus
1203 2912 1469 2981 accipere.
1506 2911 1601 2965 Vel
1643 2914 1716 2967 ita
1747 2914 1801 2968 in
1830 2915 2092 2971 deficien-

510 2996 603 3060 do,
633 3004 764 3061 ctc.,
793 2997 894 3052 hoc
916 3013 984 3053 ex
1023 2999 1389 3068 superioribus
1425 3002 1642 3071 pendet,
1669 3018 1733 3059 ac
1754 3004 1800 3058 si
1830 3004 2034 3060 diceret
2069 3024 2084 3061 :

510 3085 935 3144 Tribulationem
966 3106 1139 3145 meam
1164 3100 1291 3147 ante
1316 3092 1490 3162 ipsum
1515 3095 1823 3163 pronuntio,
1841 3112 1964 3152 cum
1980 3098 2069 3153 de-

2197 1909 2395 1968 berarc
2423 1925 2659 1983 poterat.
2688 1918 2821 1975 Orat
2864 1935 3012 1992 ergo,
3039 1930 3097 1976 ut
3129 1938 3160 1977 a
3200 1927 3659 1995 persequentibus
3691 1926 3781 1982 Ju-

2198 2003 2331 2059 dmis
2361 2004 2543 2061 divina
2574 2008 2774 2065 virtute
2810 2010 3089 2078 liberetur,
3128 2015 3219 2085 qui
3261 2018 3397 2071 adeo
3424 2018 3778 2089 corporaliter

2197 2093 2448 2151 fortiores
2475 2095 2688 2155 fuerant
2718 2109 2776 2155 ut
2822 2111 2876 2157 et
2924 2106 3435 2176 manusinjicerent
3464 2109 3519 2164 in
3544 2124 3693 2173 eum,
3727 2119 3783 2164 et

2195 2182 2260 2237 de
2286 2184 2402 2255 ejus
2426 2196 2598 2243 morte
2629 2190 2960 2260 gauderent;
2992 2194 3087 2249 sed
3133 2195 3237 2251 hoc
3272 2197 3458 2252 miseri
3511 2198 3777 2261 fecerunt,

2194 2291 2303 2331 non
2352 2280 2757 2339 considerantes
2794 2285 3046 2340 virtutem
3076 2287 3270 2343 divinae
3299 2290 3584 2358 potestatis
3613 2289 3667 2343 in
3695 2305 3775 2344 eo.

2195 2366 2262 2421 10
2333 2367 2484 2424 Educ
2513 2371 2576 2425 de
2600 2374 2840 2428 custodia
2871 2376 3103 2430 animam
3128 2393 3297 2432 meam
3322 2377 3393 2432 ad
3422 2379 3774 2448 confitendum

2407 2462 2607 2515 nomini
2633 2471 2722 2517 tuo
2746 2480 2769 2519 :

2337 2547 2426 2601 Me
2455 2562 2757 2619 exspectant
2774 2555 2921 2623 justi
2942 2556 3106 2612 donec
3142 2560 3400 2616 retribuas
3430 2562 3581 2615 mihi.

2263 2636 2308 2691 Η
2334 2637 2374 2693 C
2405 2639 2621 2708 Dicens,
2640 2645 2782 2700 educ
2807 2646 2874 2701 de
2899 2650 3162 2717 custodia,
3189 2650 3395 2706 scilicet
3433 2651 3634 2707 inferni
3662 2652 3774 2706 ani-

2192 2742 2334 2783 mam
2361 2745 2555 2795 meam,
2582 2735 2717 2803 petit
2739 2735 3028 2805 Patrem,a
3067 2751 3221 2811 parte
3261 2758 3366 2814 qua
3401 2752 3649 2799 mortuus
3671 2755 3770 2809 est,

2191 2830 2296 2885 qua
2326 2826 2381 2873 et
2411 2832 2595 2889 postea
2626 2824 2692 2880 de
2718 2825 2841 2882 imis
2865 2831 3290 2898 penetrabilibus
3327 2833 3394 2888 ad
3422 2849 3653 2904 superna
3693 2845 3773 2889 est

2190 2911 2510 2978 translatus,
2544 2922 2601 2968 ut
2631 2914 2697 2970 de
2736 2932 2956 2974 carcere
2997 2920 3197 2999 inferni
3230 2925 3465 2979 animam
3520 2926 3772 2980 celeriter

2189 2997 2386 3054 educat
2406 2999 2472 3053 ad
2496 3005 2736 3073 corporis
2766 2997 3239 3067 resurrectionem.
3269 3011 3336 3067 Et
3362 3016 3467 3070 hoc
3501 3014 3571 3068 ad
3605 3015 3769 3070 confi-

2191 3089 2406 3145 tendum
2432 3094 2638 3148 nomini
2665 3110 2786 3161 suo,
2813 3097 2912 3152 ista
2938 3099 3081 3154 enim
3108 3101 3381 3159 confessio
3416 3103 3596 3159 laudis
3621 3104 3767 3160 Patri

506 3174 637 3231 fecit
683 3192 750 3232 ex
781 3193 867 3234 me
890 3180 1111 3248 spiritus
1142 3196 1313 3238 meus.
1337 3150 1389 3237 li
1414 3150 1674 3253 Cog'novit
1724 3150 1883 3242 Pater
1920 3189 2081 3243 semi-
2109 3150 2153 3212 ε
2187 3180 2426 3235 exhibita
2472 3198 2503 3238 a
2553 3184 2801 3242 fidelibus
2827 3190 3147 3258 ostenditur,
3178 3193 3394 3262 quando
3432 3210 3555 3249 cum
3589 3212 3768 3251 resur-

511 3279 615 3338 tas,
645 3272 696 3327 id
723 3281 827 3338 est,
869 3275 1145 3331 doctrinas
1167 3292 1305 3346 quas
1336 3277 1541 3332 docuit.

506 3358 544 3415 4
649 3359 718 3415 In
747 3362 829 3415 via
856 3363 954 3416 hac
980 3381 1084 3433 qna
1115 3366 1449 3421 ambulabant
1484 3384 1502 3422 :

656 3453 1047 3509 Absconderunt
1075 3454 1318 3526 laqueum
1363 3458 1512 3512 mihi.

568 3543 609 3599 C
640 3543 891 3599 Diabolus
915 3543 1070 3612 juxta
1111 3547 1252 3600 viam
1289 3548 1569 3603 abscondit
1596 3549 1869 3619 laqueum,
1896 3562 1956 3608 ut
1984 3568 2078 3609 eos

504 3634 760 3704 decipiat,
790 3636 883 3705 qni
910 3645 1085 3691 rectas
1134 3636 1355 3693 semitas
1400 3639 1670 3694 declinare
1722 3652 2074 3712 praesumunt,

509 3723 760 3779 Christus
784 3740 912 3780 vero
937 3727 1082 3796 (quia
1109 3743 1380 3796 nunquam
1397 3745 1423 3782 a
1441 3744 1533 3783 sua
1551 3732 1839 3787 sanctitate
1868 3734 2075 3790 disces-

507 3816 598 3885 sit)
629 3830 848 3871 necesse
870 3816 1236 3888 fuitutinipsa
1266 3820 1350 3873 via
1382 3821 1721 3877 rectitudinis
1749 3832 2077 3881 lentamenta

500 3913 778 3974 pateretur
809 3906 1065 3973 invalida,
1097 3916 1155 3961 ttt
1193 3908 1245 3962 in
1272 3909 1567 3981 Evangelio
1594 3912 1810 3983 legitur.

502 3993 536 4046 5
645 3995 1055 4050 Considerabam
1082 4000 1151 4051 ad
1185 3999 1453 4053 dexteram
1474 4011 1523 4054 et
1558 4003 1791 4058 videbant
1820 4023 1839 4061 :

639 4084 708 4138 Et
739 4103 841 4141 non
863 4097 975 4140 erat
998 4088 1087 4158 qui
1110 4100 1439 4158 cognosceret
1467 4108 1569 4147 me.

561 4173 603 4227 C
628 4173 1045 4230 Considerabam
1070 4176 1138 4231 ad
1173 4178 1469 4244 dexteram,
1502 4179 1630 4236 illud
1687 4190 1897 4252 tempus
1944 4183 2074 4241 facit

506 4263 749 4333 intelligi,
799 4265 1017 4334 quando
1051 4266 1164 4321 ibat
1190 4268 1256 4322 ad
1285 4284 1527 4337 crucem,
1551 4273 1678 4343 quia
1716 4273 1922 4328 nullum
1961 4274 2072 4331 illic

498 4354 731 4408 ﬁdelium
788 4356 961 4424 potuit
1003 4357 1220 4414 intueri.
1280 4360 1405 4416 ldeo
1452 4377 1580 4417 vero
1627 4378 1732 4417 non
1781 4372 1908 4418 sunt
1958 4365 2061 4420 visi

497 4444 563 4496 ad
592 4444 872 4499 dexteram
897 4455 1063 4513 stare,
1099 4449 1227 4517 quia
1254 4450 1459 4505 carnali
1500 4461 1643 4506 metu
1672 4453 1899 4521 dispersi
1945 4466 2071 4510 sunt

498 4531 714 4599 (Matth.
742 4532 840 4602 ιν).
875 4534 941 4588 Ει
968 4550 1073 4589 non
1102 4548 1221 4592 erat
1268 4540 1359 4608 qui
1383 4550 1769 4610 cognosceret:
1802 4543 1950 4597 illam
1993 4546 2070 4599 vi-

499 4623 694 4679 delicet
721 4623 977 4679 deitatem
1009 4641 1129 4694 qum
1154 4628 1266 4682 hmc
1298 4632 1479 4685 omnia
1516 4632 1567 4684 in
1609 4643 1882 4704 assumpta
1912 4651 2075 4693 carne

496 4716 801 4772 voluntarie
839 4717 1158 4773 sustinebat.

495 4807 529 4862 6
631 4807 795 4861 Periit
823 4806 951 4876 fuga
975 4825 1005 4859 α
1032 4825 1114 4863 me
1143 4826 1161 4864 :

638 4911 700 4952 οι-
741 4897 805 4950 Et
840 4900 858 4971 ζ
890 4914 993 4953 non
1029 4900 1218 4972 estqui
1245 4902 1472 4972 requirat
1500 4904 1731 4959 animam
1751 4908 1969 4977 meum]

565 4985 790 5006 nn-,--.
823 4987 847 5006 ιι
1036 4990 1072 5006 n

2099 4492 2150 4551 D

2185 3276 2443 3330 rection‘is
2475 3277 2739 3334 miraculo
2769 3280 2835 3335 de
2879 3280 3074 3337 inferni
3123 3299 3344 3341 carcere
3390 3295 3612 3342 constat
3639 3287 3766 3342 edu-

2218 3372 2351 3418 tum.
2378 3364 2710 3437 Exspectant
2731 3369 2884 3440 justi,
2910 3370 2954 3424 ll
2980 3371 3138 3428 idest
3176 3375 3426 3446 apostoli,
3459 3377 3544 3430 vel
3576 3378 3763 3447 reliqui

2182 3456 2377 3511 sancti.
2406 3458 2587 3513 Donec
2626 3461 2895 3517 retribuas
2925 3464 3071 3535 mihi,
3099 3464 3400 3521 claritatem
3430 3466 3577 3521 illam
3603 3484 3759 3537 quant

2183 3547 2348 3603 habui
2389 3550 2701 3621 priusquam
2729 3556 2961 3609 mundus
2995 3556 3148 3612 lieret
3173 3556 3356 3629 (Joan.
3397 3560 3616 3630 xvu).C
3650 3561 3758 3626 Vel,

2182 3641 2354 3696 donec
2384 3644 2651 3700 retribuas
2697 3660 2797 3715 pro
2843 3648 3092 3716 passione
3143 3653 3619 3709 resurrectionem.
3658 3653 3759 3708 Er-

2180 3741 2429 3804 spectant
2449 3735 2540 3790 illo
2563 3737 2740 3792 triduo
2761 3739 2989 3807 apostoli
3023 3748 3077 3794 et
3105 3740 3213 3796 alii.

2634 3862 2832 3905 ORATIO
2860 3865 2930 3904 EX
2968 3866 3116 3906 PSAL.
3146 3868 3293 3909 CXLI.

2252 3960 2645 4029 Deprecantes,
2674 3962 2922 4030 Domine,
2954 3979 3086 4021 voce
3107 3966 3296 4024 humili
3325 3969 3585 4038 pietatem
3613 3979 3755 4026 tuam

2179 4050 2536 4118 exposcimus,
2567 4060 2628 4106 ut
2672 4051 2840 4121 adjuti
2873 4068 2904 4108 a
2933 4063 3005 4120 te,
3045 4071 3171 4126 spes
3221 4068 3429 4127 nostra,
3454 4063 3754 4128 portionem

2178 4155 2300 4195 cum
2336 4140 2524 4196 electis
2555 4142 2661 4196 tuis
2686 4142 2739 4197 in
2766 4152 2911 4199 terra
2956 4146 3250 4204 viventium
3297 4153 3615 4209 sortiatnur.
3657 4152 3758 4210 Per

2179 4229 2463 4286 Dominum
2487 4240 2733 4288 nostrum
2757 4232 2939 4291 Jesum
2967 4236 3264 4304 Christum,
3298 4248 3406 4297 etc.

2683 4346 3005 4405 PSALMUS
3041 4349 3241 4407 CXLII.

2589 4452 2953 4494 ARGUIEN’I‘UI
2991 4455 3138 4496 ΡεΑι..
3164 4456 3330 4498 CXLII.

2253 4543 2293 4599 C
2320 4543 2608 4615 Propheta,
2638 4560 2705 4600 ex
2725 4560 2956 4618 persona
2986 4550 3408 4622 uniuscujusque
3436 4551 3612 4610 fidelis
3632 4570 3760 4627 snp-

2179 4635 2389 4704 plicans
2413 4636 2514 4691 sibi
2542 4636 2755 4693 Domini
2800 4638 3229 4696 misericordiam
3259 4642 3573 4710 subvenire,
3604 4656 3755 4716 rogat

2179 4722 2466 4779 Dominum
2500 4726 2799 4795 Christum,
2848 4744 2917 4783 ne
2964 4745 3087 4785 cum
3134 4746 3234 4786 suo
3260 4747 3418 4788 servo
3463 4735 3597 4790 velit
3620 4737 3754 4791 inire

2175 4812 2455 4882 judicium,
2484 4817 2844 4888 velociterque
2870 4834 2931 4875 se
2951 4822 3086 4891 petit
3113 4824 3399 4891 pervenire
3422 4826 3488 4880 ad
3517 4828 3752 4894 veniam,

2182 4918 2249 4959 ne
2278 4905 2618 4962 inimicorum
2650 4911 2954 4966 traderetur
2984 4912 3215 4968 insidiis.
