3994 5370
226 322 328 388 ξος»

1486 332 1851 392 EXPOSITIO
1886 330 2340 392 PSALMORUM.

3398 331 3502 389 5l0

221 446 393 501 lituis
415 450 471 501 ct
500 442 912 515 misericordiae,
935 461 1053 517 quae
1085 448 1152 501 ad
1180 462 1341 504 aures
1370 449 1583 505 Domini
1619 464 1810 520 perve-
1842 453 1887 513 Α
1917 450 2167 520 signavit.
2200 447 2355 504 Unde
2382 455 2437 504 et
2464 448 2558 519 qui
2592 447 2849 519 expansis
2878 445 3129 504 manibus
3153 455 3296 516 orat,
3337 448 3490 508 illam

224 535 286 591 ni
309 549 347 587 e
382 545 688 589 merentur.
712 534 754 590 C
793 534 1009 591 Veritas
1028 536 1173 591 enim
1196 536 1471 606 etjustitia
1516 537 1686 607 ipsius
1714 545 1818 603 est,

226 639 296 677 ne
324 638 449 677 cum
501 633 733 695 rogante
777 624 1057 694 disceptet,
1109 640 1210 680 nec
1255 627 1320 680 ad
1358 626 1618 696 judicium
1669 625 1818 681 illum

227 713 413 766 trahat
437 713 533 783 qui
566 728 627 768 se
663 714 755 769 hic
795 715 948 786 prius
989 715 1104 784 ipse
1147 717 1493 771 condemnat.
1544 714 1819 786 Superbos

223 800 374 855 enim
396 801 663 857 Dominus
701 802 769 857 ad
795 818 1025 858 examen
1066 804 1301 867 adducit,
1335 804 1426 875 qui
1457 818 1515 860 se
1550 806 1689 861 bona
1726 819 1820 875 pu-

224 901 346 947 tant
375 893 579 948 habere
604 896 839 964 negotia.

231 980 270 1036 2
346 983 418 1038 Et
450 1001 556 1039 non
586 988 752 1041 intres
779 987 833 1040 in
849 987 1112 1056 judicium
1134 1004 1249 1041 cum
1283 997 1533 1042 servotuo
1563 1001 1584 1041 :

374 1075 515 1141 Quia
553 1093 658 1130 non
678 1076 1065 1148 justi/imbitur
1102 1078 1155 1131 in
1198 1088 1474 1149 conspectu
1508 1088 1598 1132 tuo
1644 1079 1816 1134 omnis

444 1167 638 1221 virens.

303 1254 347 1311 (Ξ
378 1255 489 1311 Nec
515 1267 733 1312 moveat
782 1258 924 1328 quod
966 1258 1136 1329 judici
1177 1258 1395 1323 dicitur,
1425 1274 1529 1313 tzon
1566 1260 1733 1314 intres
1760 1259 1817 1315 in

218 1345 490 1415 judicium
518 1346 644 1402 cum
676 1363 834 1403 servo
860 1358 971 1403 tuo.
1022 1348 1067 1402 Η
1113 1348 1469 1417 Quantumvis
1507 1351 1651 1405 enim
1693 1349 1816 1419 quis

225 1439 297 1493 sit
315 1438 517 1505 justus,
544 1439 846 1508 quamlibet
870 1439 1163 1509 perfectus,
1192 1456 1296 1495 non
1328 1450 1504 1510 potest
1525 1440 1732 1495 intrare
1759 1440 1815 1494 in

217 1530 487 1600 judicium
523 1531 762 1595 Domini,
804 1526 906 1584 nisi
965 1531 1034 1585 sit
1074 1546 1198 1584 cum
1239 1531 1609 1585 misericordia
1637 1529 1817 1585 condi-

225 1629 383 1683 tum,
428 1618 600 1674 stella:
640 1619 785 1673 enim
835 1632 942 1674 non
999 1629 1127 1674 sunt
1174 1621 1386 1675 munda:
1428 1623 1479 1674 in
1522 1628 1812 1691 conspectu

222 1710 366 1778 ejus.
394 1706 436 1763 C
473 1707 664 1763 Omnis
710 1709 899 1763 vivens
931 1725 1147 1763 omnem
1194 1710 1466 1764 hominem
1519 1710 1809 1781 signiﬁcat,

220 1799 391 1852 etiam
423 1798 722 1870 quemlibet
767 1799 1027 1855 infantem
1082 1802 1318 1857 nondum
1354 1802 1711 1872 baptizatum,
1751 1811 1811 1857 ut
1845 1813 1885 1870 ῃ

219 1886 327 1944 Job
349 1888 426 1942 ait
462 1907 474 1942 :
499 1888 672 1945 Nemo
694 1892 925 1945 mundus
947 1899 1073 1945 ante
1097 1901 1166 1957 te,
1193 1907 1292 1946 nec
1320 1892 1498 1947 infans
1520 1894 1681 1948 unius
1704 1893 1812 1948 diei

223 1978 352 2050 (Job
395 1981 510 2051 xv),
545 1983 596 2037 id
622 1992 707 2038 est
728 1997 886 2038 nemo
916 1982 1053 2039 liber
1097 2000 1220 2040 esse
1254 1994 1449 2055 potest,
1481 1987 1583 2041 nisi
1617 2001 1712 2056 per
1738 1986 1813 2041 di-

228 2072 414 2124 rinam
460 2072 714 2143 gratiam.
743 2072 868 2127 Ideo
895 2087 997 2128 nec
1022 2074 1327 2139 Abraham,
1368 2089 1467 2130 nec
1512 2074 1682 2140 lsaac,
1714 2089 1812 2130 nec

220 2158 393 2216 Iacob
412 2160 861 2230 justiﬁcabuntur
883 2166 938 2219 in
965 2174 1255 2234 conspectu
1282 2166 1400 2222 Dei.

221 2254 259 2307 5
336 2268 401 2310 οι-
440 2253 576 2320 Quia
609 2258 626 2327 ζ
656 2265 957 2326 persecutus
990 2267 1065 2313 est
1089 2259 1331 2315 inimicus
1353 2260 1587 2315 animam
1608 2273 1811 2316 meam:

369 2342 684 2400 Humiliavit
710 2348 766 2400 in
800 2357 942 2401 terra
966 2349 1126 2401 vitam
1149 2365 1342 2403 meam.

296 2430 342 2484 il
367 2431 411 2487 C
439 2432 717 2499 Inimicus,
745 2434 995 2490 diabolus
1022 2438 1114 2506 qui
1140 2438 1487 2507 persequitur
1507 2438 1809 2493 humanum

220 2537 422 2593 genus.
452 2523 493 2579 C
518 2524 849 2581 Humiliatur
871 2536 1052 2583 autem
1093 2529 1147 2584 in
1178 2537 1346 2596 terra,
1374 2529 1528 2599 cujus
1557 2530 1666 2586 vita
1691 2545 1812 2587 car-

222 2618 445 2674 nalibus
504 2619 964 2678 delectationibus
1011 2622 1291 2694 polluitur,
1340 2639 1447 2680 non
1503 2625 1810 2681 humilitate

221 2710 517 2779 probabili,
543 2712 640 2767 sed
672 2712 1037 2771 declinatione
1070 2715 1290 2771 vitiosa.

222 2800 259 2854 ι
333 2800 621 2857 Collocavit
666 2820 749 2860 me
777 2806 834 2859 in
872 2806 1107 2863 obscuris
1150 2809 1286 2862 sicut
1316 2818 1550 2865 mortuos
1579 2807 1762 2864 seaculi
1789 2822 1808 2862 :

444 2904 495 2948 et
520 2896 773 2950 auximus
800 2907 874 2952 est
898 2898 953 2952 in
976 2914 1057 2952 me
1083 2900 1301 2970 spiritus
1321 2914 1467 2954 meus
1488 2917 1508 2954 :

396 2983 463 3039 In
490 3002 571 3040 me
599 2987 870 3041 turbatum
900 2998 974 3042 est
1004 3006 1094 3043 cor
1118 3006 1311 3044 meum.

293 3074 342 3129 ll
371 3074 720 3131 Collocantur
751 3077 808 3132 in
849 3078 1151 3135 tenebrosis
1186 3079 1347 3135 factis
1385 3089 1724 3151 peccatores,
1755 3090 1807 3136 et

222 3176 353 3221 sunt
410 3168 608 3222 mortui
649 3168 856 3224 seculi.
899 3167 1007 3225 Sed
1053 3180 1175 3225 sunt
1223 3172 1365 3227 sicut
1404 3173 1636 3239 mortui,
1670 3175 1802 3228 dum
1834 3178 1877 3237 C

223 3257 493 3327 paenitere
551 3258 848 3328 incipiunt;
893 3260 1134 3314 nondum
1196 3261 1342 3314 enim
1406 3269 1651 3316 mortuus
1699 3272 1806 3328 est,

222 3348 351 3417 quia
382 3349 434 3402 in
474 3349 802 3418 pmnitentia
833 3357 962 3404 stat.
993 3348 1049 3404 Si
1078 3351 1201 3419 quis
1228 3359 1408 3406 autem
1441 3366 1672 3420 peccans
1702 3368 1808 3408 non

225 3440 338 3509 agit
388 3440 792 3508 paenitentiam,
834 3440 922 3494 hic
957 3452 1204 3496 mortuus
1232 3451 1317 3497 est
1354 3443 1558 3507 saeculi,
1612 3452 1667 3497 et
1700 3459 1808 3498 non

222 3530 365 3585 sicut
424 3539 690 3596 mortuus,
724 3528 821 3586 sed
877 3529 1150 3599 perfectus
1205 3539 1471 3598 mortuus,
1509 3532 1807 3602 usquedum

222 3634 330 3674 non
394 3621 569 3689 egerit
632 3621 1032 3693 paenitentiam.
1091 3623 1361 3679 Anxiatus
1418 3633 1504 3679 est
1561 3625 1806 3695 spiritus,

222 3710 349 3781 quia
378 3713 638 3782 scriptum
665 3722 779 3769 est:
811 3714 857 3768 si
889 3714 1064 3768 solum
1092 3716 1452 3784 suspiraveris
1474 3716 1540 3770 de
1571 3716 1808 3785 peccatis

223 3803 352 3869 tuis,
384 3803 568 3859 salvus
606 3804 735 3859 eris.
793 3803 1092 3859 Turbatum
1141 3814 1224 3859 est
1284 3819 1399 3870 cor,
1440 3805 1493 3860 id
1547 3813 1631 3860 est
1679 3820 1811 3860 con-

221 3896 449 3952 scientia
480 3913 623 3964 mea,
646 3898 771 3967 quia
800 3899 1040 3966 peccavi.
1064 3897 1105 3953 C
1131 3898 1245 3963 Vel,
1278 3899 1530 3953 anxiatus
1562 3899 1806 3969 spiritus,

224 3988 563 4044 vicinitatem
602 3989 830 4058 periculi
869 3989 1090 4045 indicat.
1132 3989 1198 4044 Et
1237 3991 1511 4044 turbatum
1548 4004 1662 4056 cor,
1710 3990 1809 4043 hu-

223 4093 445 4134 manam
500 4080 827 4150 sapientiam
882 4090 1113 4137 testatur
1161 4082 1479 4147 confusam,
1536 4090 1597 4136 ut
1658 4096 1807 4151 Spem

222 4182 375 4224 suam
407 4171 476 4226 de
533 4180 734 4226 caetero
788 4171 842 4226 in
885 4172 1114 4228 Domino
1146 4180 1395 4244 poneret,
1431 4187 1555 4227 cum
1611 4171 1807 4227 virium

222 4273 447 4314 suarum
472 4261 859 4316 conﬁdentiam
888 4278 995 4317 non
1023 4263 1268 4319 haberet.

222 4347 259 4406 5
329 4350 535 4407 Memor
570 4353 651 4423 fui
692 4354 895 4428 dierum
935 4355 1294 4425 antiquorum,
1353 4355 1640 4411 meditatus
1691 4370 1807 4409 sum

464 4444 514 4497 ἠ
552 4446 793 4499 omnibus
825 4447 1065 4515 aperibus
1090 4448 1193 4502 tuis
1225 4460 1244 4498 :

390 4534 460 4589 In
487 4536 644 4605 factis
668 4553 920 4590 manuum
949 4549 1162 4593 tuarum
1185 4541 1503 4595 meditabar.

290 4630 333 4686 (Ξ
362 4629 516 4686 Juste
535 4646 631 4686 cor
660 4632 778 4702 ejus
804 4631 981 4687 fuerat
1007 4632 1298 4701 turbatum,
1324 4634 1578 4703 quoniam
1601 4648 1808 4690 memor

222 4732 341 4776 erat
370 4722 673 4793 ingentium
700 4733 1048 4794 peccatorum
1090 4726 1351 4793 priorum.
1388 4726 1491 4797 Ipsi
1518 4726 1661 4780 enim
1691 4727 1806 4781 dics

226 4811 472 4880 antiqui,
535 4821 663 4869 sunt
721 4816 926 4869 veteris
984 4814 1127 4868 illius
1189 4816 1423 4870 hominis
1480 4816 1806 4885 antiquitate

223 4901 441 4958 fuscati.
482 4904 661 4969 Opera
699 4904 912 4959 Domini
943 4905 1097 4971 dicit,
1127 4907 1324 4976 quibus
1347 4906 1543 4962 etclam
1579 4916 1806 4962 terram-

226 5009 327 5062 que
352 4994 603 5050 fundavit
628 5012 643 5062 ;
669 4996 996 5066 patriarchis
1018 4998 1157 5051 bona
1185 4997 1331 5063 fecit,
1359 5007 1412 5052 et
1436 4998 1687 5067 pupulum
1711 5014 1806 5069 per

228 5100 367 5141 mare
390 5086 675 5142 transtulit
698 5086 1074 5143 Hebraeorum.
1099 5086 1230 5153 Qua:
1260 5102 1317 5143 se
1342 5088 1472 5143 dicit
1496 5088 1806 5159 frequenter

221 5177 448 5233 iterasse
482 5178 744 5232 memoria
771 5190 820 5235 et
850 5178 1112 5244 lectione,
1160 5185 1219 5231 ut
1259 5179 1574 5235 excluderet
1602 5183 1803 5237 amari-

238 5271 456 5292 ..l!..-_..
497 5271 682 5292 ....._.l!
724 5271 959 5292 -.---.!s--
1002 5271 1248 5292 Ιολιῖη-.ξ-
1300 5271 1405 5292 Ιὶμ,

1923 552 2141 593 crucem
2170 537 2550 608 Redemptoris
2578 537 2842 593 imitatur.
2891 536 3042 605 Quae,
3072 537 3203 594 licet
3226 553 3257 594 a
3278 540 3502 611 perfidis
3536 566 3543 579 υ

1919 625 2121 685 Iudaeis
2149 629 2275 683 data
2298 636 2384 684 est
2409 627 2627 684 Christo
2658 628 2727 683 ad
2754 642 2992 698 pinnam,
3027 637 3208 684 tamen
3239 645 3503 689 concessa

1921 728 2006 775 est
2043 717 2391 775 credentibus
2428 718 2496 773 ad
2533 718 2786 774 salutem.
2840 718 3101 789 Sequitur
3144 723 3499 791 comparatio,

1919 812 1973 867 in
2006 827 2114 883 qua
2146 811 2280 868 dicit
2314 829 2326 865 :
2366 810 2447 867 sic
2485 811 2722 866 animam
2760 825 2915 865 suam
2954 809 3267 867 desiderare
3295 812 3487 880 Deum,

1919 918 2081 973 quem
2127 902 2418 959 admodum
2449 902 2593 958 sicca
2643 910 2787 958 terra
2813 901 3061 974 copiosas
3080 902 3310 974 pluvias.
3359 903 3503 960 Dicit

1917 994 2062 1048 enim
2089 993 2202 1057 tibi,
2238 993 2449 1049 scilicet
2476 1009 2583 1050 non
2636 991 2813 1058 alteri,
2840 992 2962 1048 talis
3010 1000 3097 1048 est
3132 992 3310 1048 anima
3344 1008 3488 1061 mea,

1917 1083 1971 1138 id
1997 1093 2084 1140 est
2106 1084 2206 1141 soli
2237 1085 2347 1140 Deo
2367 1084 2556 1140 sitiens
2584 1082 2830 1139 inhaeret.

1917 1195 1949 1249 7
2032 1194 2293 1251 Velociter
2319 1196 2515 1250 exaudi
2542 1213 2644 1263 me,
2672 1195 2895 1251 Domine
2926 1212 2947 1251 :

2091 1285 2292 1355 Defecit
2319 1288 2538 1358 spiritus
2557 1304 2726 1344 meus.

1986 1396 2028 1455 C
2056 1400 2199 1455 Petit
2242 1398 2345 1454 sibi
2384 1399 2658 1470 paenitens
2688 1398 2793 1458 iste
2846 1402 3077 1459 imbrem
3116 1403 3500 1462 misericordia:

1916 1490 2201 1546 celerrime
2233 1490 2549 1558 subvenire,
2573 1500 2630 1547 et
2656 1501 2716 1547 ut
2746 1492 2987 1549 velocius
3015 1494 3282 1563 potuisset
3301 1496 3497 1563 audiri,

1915 1579 2183 1636 defecisse
2210 1581 2343 1636 dicit
2374 1582 2425 1636 in
2465 1597 2525 1637 se
2553 1582 2806 1652 spiritum
2837 1599 3018 1639 suum.
3051 1584 3207 1652 Quod
3253 1586 3339 1641 his
3365 1601 3503 1642 con-

1916 1674 2107 1742 tingit,
2164 1675 2257 1743 qui
2304 1675 2620 1759 passionum
2673 1675 3016 1764 diversarum
3071 1679 3326 1753 pondere,
3364 1694 3504 1751 prae-

1912 1775 2233 1836 gravantur.

1915 1880 1950 1937 8
2025 1880 2151 1936 Non
2176 1892 2381 1937 avertas
2408 1884 2597 1953 [aciem
2619 1894 2765 1939 tuam
2796 1902 2828 1939 a
2856 1901 2936 1939 me
2965 1903 2985 1940 :

2084 1971 2155 2027 Et
2180 1974 2370 2029 similis
2398 1990 2487 2029 ero
2512 1974 2943 2031 descendentibus
2968 1978 3022 2031 in
3049 1976 3246 2032 lacum.

1986 2083 2029 2140 C
2067 2083 2337 2141 Convenit
2378 2086 2523 2157 enim
2574 2086 2963 2144 misericordiae
2994 2087 3111 2155 Dei,
3168 2096 3229 2143 ut
3265 2088 3500 2147 humiles

1915 2177 2175 2246 respiciat
2212 2179 2305 2247 qui
2360 2179 2720 2249 superborum
2767 2178 2932 2236 corda
2977 2180 3299 2235 contemnit.
3324 2179 3502 2239 Lacus

1914 2273 2005 2327 hic
2065 2271 2335 2327 infernum
2393 2272 2684 2342 signiﬁcat.
2734 2271 2879 2327 Petit
2929 2287 3084 2343 ergo,
3133 2288 3203 2329 ne
3250 2273 3502 2345 superbis

1914 2362 2105 2418 similis
2136 2363 2252 2429 ﬁat,
2283 2363 2375 2433 qui
2412 2363 2502 2417 hic
2522 2372 2745 2433 peccata
2776 2378 2872 2419 sua
2916 2364 3189 2433 deplorat,
3218 2364 3498 2436 quoniam.

1913 2454 1957 2509 si
1983 2454 2088 2510 illis
2113 2453 2306 2510 similis
2334 2453 2450 2519 ﬁat,
2473 2452 2679 2523 pariter
2704 2468 2920 2524 quoque
2944 2468 3067 2509 cum
3090 2455 3171 2510 eis
3193 2455 3493 2510 descendet

1912 2546 1969 2600 in
1999 2545 2199 2601 lacum.

1914 2660 1949 2716 9
2023 2659 2275 2713 Auditum
2333 2658 2421 2728 {ac
2470 2658 2598 2713 mihi
2639 2674 2793 2712 mane
2859 2657 3275 2713 misericordiam
3306 2666 3496 2714 tuam:

2084 2746 2224 2813 Quia
2253 2748 2308 2801 in
2338 2755 2388 2801 te
2415 2747 2641 2818 speravi.

1985 2860 2027 2916 C
2056 2860 2309 2915 Auditam
2341 2857 2800 2923 misericordiam,
2838 2858 3182 2914 clementiam
3226 2857 3359 2913 dicit
3390 2857 3486 2914 Dei

1917 2962 2029 3009 toto
2076 2953 2211 3008 orbe
2257 2952 2618 3019 notissimam,
2657 2966 2764 3022 qua
2808 2951 3233 3022 supplicantibus
3276 2960 3500 3021 praestat

1913 3054 1968 3100 et
1994 3044 2231 3114 indulget
2258 3042 2493 3099 alllictis.
2519 3042 2701 3108 Mane,
2743 3050 2952 3112 tempus
3002 3041 3173 3097 venia:
3202 3041 3483 3109 designat;

1913 3149 2037 3187 nam
2077 3142 2202 3203 post
2232 3143 2442 3188 noctem
2476 3141 2822 3202 peccatorum
2851 3130 3048 3185 merito
3076 3144 3234 3186 mane
3267 3130 3489 3198 dicitur,

1912 3223 2131 3292 quando
2156 3222 2314 3291 culpa
2348 3222 2580 3276 laxatur.
2614 3221 2847 3277 Causam
2874 3234 3093 3290 quoque
3135 3219 3500 3276 exauditionis

1910 3314 2080 3378 addit,
2107 3315 2235 3384 quia
2262 3314 2316 3367 in
2348 3322 2418 3377 te,
2447 3315 2537 3383 qui
2561 3321 2872 3382 sperantem
2905 3312 3155 3381 decipere
3179 3326 3285 3365 non
3320 3320 3495 3381 potes.

1910 3404 2144 3473 speravi.
2193 3403 2306 3469 Vel,
2349 3418 2531 3469 mane,
2577 3412 2789 3473 tempus
2841 3401 3262 3458 resurrectionis
3295 3401 3500 3458 Christi

1908 3495 2167 3550 ostendit.

1910 3604 1976 3658 10
2048 3603 2243 3658 Natant
2274 3605 2359 3674 [ac
2382 3606 2510 3658 mihi
2534 3605 2670 3658 viam
2709 3604 2763 3657 in
2786 3621 2890 3675 qua
2911 3603 3172 3658 ambulem
3203 3619 3223 3657 .'

2082 3695 2221 3761 Quia
2247 3696 2315 3749 ad
2335 3706 2385 3748 te
2408 3695 2571 3749 levavi
2606 3695 2842 3749 animam
2873 3710 3065 3748 meam.
3120 3755 3124 3759 ,

1977 3806 2018 3862 C
2047 3805 2179 3861 Cum
2211 3822 2240 3860 a
2264 3806 2375 3862 Deo
2400 3805 2534 3876 petit
2558 3804 2660 3860 sibi
2686 3805 2828 3859 viam
2864 3813 3047 3860 notam
3090 3792 3232 3873 ﬁeri,
3259 3793 3499 3862 ostendit

1908 3898 2052 3968 quod
2091 3899 2205 3953 haec
2242 3897 2326 3951 via
2365 3896 2677 3952 hominibus
2734 3894 2964 3951 habetur
3011 3896 3309 3967 incognita.
3348 3896 3497 3951 lllius

1908 3989 2053 4043 enim
2097 3987 2318 4041 lucerna
2356 3994 2412 4041 et
2458 3986 2639 4041 lumen
2690 3986 2793 4040 hoc
2840 3986 3224 4049 iter—ostendit,
3257 3985 3348 4053 qui
3376 3985 3498 4039 illu-

1909 4079 2080 4131 minat
2104 4092 2319 4131 omnem
2349 4076 2646 4139 hominem,
2686 4075 2828 4129 sicut
2857 4074 3107 4144 superius
3140 4074 3297 4128 dixit.
3323 4073 3489 4128 Intel-

1910 4170 2111 4222 lectum
2151 4167 2250 4222 tibi
2290 4168 2452 4233 dabo,
2489 4175 2545 4221 et
2585 4167 2851 4221 instruant
2894 4175 2948 4221 te
2998 4167 3051 4220 in
3096 4167 3182 4221 via
3231 4167 3335 4222 hac
3385 4181 3492 4235 qua

1909 4256 2194 4327 gradieris.
2223 4255 2398 4328 Rogat
2441 4270 2571 4324 ergo
2620 4254 2918 4324 Propheta,
2944 4263 3002 4308 ιιι
3038 4255 3088 4309 ei
3122 4255 3265 4309 viam
3302 4255 3493 4310 salutis

1907 4347 2178 4412 ostendat,
2221 4355 2276 4402 et
2314 4346 2394 4401 sic
2433 4356 2618 4400 notam
2660 4360 2879 4415 semper
2918 4344 3141 4410 habeat,
3175 4359 3243 4399 ne
3272 4345 3339 4402 de
3375 4345 3494 4416 ejus

1908 4441 2073 4496 corde
2103 4437 2391 4509 aliquando
2410 4436 2670 4492 discedat.
2695 4436 2763 4490 Et
2784 4436 3031 4490 subditur
3060 4435 3317 4490 solemnis
3363 4450 3496 4489 con-

1835 4521 1885 4580 D
1914 4528 2101 4596 fessio,
2135 4528 2258 4599 quia
2310 4528 2377 4583 ad
2417 4536 2492 4593 te,
2541 4535 2649 4582 etc.
2696 4526 2827 4581 lllud
2863 4526 3006 4580 enim
3064 4539 3165 4579 nos
3220 4525 3491 4596 postulata

1913 4621 2044 4677 facit
2072 4620 2291 4685 mereri,
2321 4618 2366 4673 si
2397 4618 2635 4673 animam
2661 4626 2903 4672 nostram
2934 4631 3041 4670 non
3072 4615 3397 4671 inclinemus
3424 4614 3491 4669 ad

1912 4712 2189 4775 mundum,
2230 4711 2325 4767 sed
2355 4724 2571 4780 semper
2597 4708 2838 4763 levemus
2865 4706 2933 4761 ad
2962 4706 3152 4760 Deum.

1912 4829 2000 4882 il.
2078 4825 2239 4896 Eripe
2282 4840 2364 4899 me
2420 4823 2484 4877 de
2540 4819 2767 4874 inimicis
2823 4819 2972 4880 meis,
3038 4816 3262 4869 Domine
3318 4814 3387 4868 ad
3448 4823 3497 4865 te

2150 4915 2361 4985 confugi
2387 4930 2404 4968 :
2434 4913 2561 4966 doce
2585 4925 2663 4963 me
2697 4909 2870 4978 facere
2896 4906 3217 4962 voluntatem
3241 4914 3385 4959 tuam
3410 4919 3427 4955 :

2053 5009 2189 5076 Quia
2212 5009 2352 5062 Deus
2381 5022 2525 5060 meus
2557 5017 2619 5058 σξ-
2642 5019 2695 5056 es
2718 5011 2775 5054 tu
2808 5002 2825 5071 ζ
2860 5040 2875 5055 .

1979 5101 2250 5158 Clnimici
2288 5099 2456 5153 nostri
2502 5103 2630 5148 sunt
2687 5093 2958 5148 daamones
2983 5108 2996 5143 :
3020 5089 3113 5158 qui
3153 5087 3364 5157 iugiter
3403 5082 3508 5138 cir-

1910 5193 2175 5249 cumdant
2200 5189 2405 5254 ﬁdeles,
2433 5194 2492 5241 ut
2520 5184 2598 5238 eis
2624 5183 2835 5251 possint
2863 5194 3012 5251 spem
3065 5177 3377 5232 divinitatis
3413 5187 3510 5224 au-

3302 5261 3481 5292 01.-.!“

2996 5266 3241 5292 ατληιΙιὶὶἡ
