3994 5370
480 187 589 240 ﬁll

482 294 551 351 Η
623 292 854 365 Spiritus
883 306 1002 349 tuus
1031 296 1194 350 bonus
1215 295 1433 349 deauret
1460 312 1538 350 me
1562 299 1615 349 in
1643 306 1780 350 terra
1806 309 1944 351 recta
1973 312 1992 352 :

606 380 849 453 'Propter
872 402 1056 438 nomen
1078 396 1246 449 tuum,
1282 384 1524 451 Domine,
1560 387 1843 455 viviﬁcabis
1892 403 1970 440 me
2015 386 2070 440 in

695 477 935 546 (equitate
958 484 1069 529 tua.

558 570 599 624 II
622 563 663 624 C
684 567 920 639 Spiritus
953 568 1126 621 bonus
1154 585 1167 620 :
1196 566 1511 636 designatur
1538 583 1636 635 per
1685 568 1789 622 hoc
1847 582 2069 632 nomen,

482 662 650 717 Deum
682 676 800 713 esse
834 658 1093 727 Spiritum
1122 669 1402 721 sanctum;
1439 660 1697 727 scriptum
1745 668 1826 713 est
1874 658 2019 711 enim
2054 675 2067 711 :

482 751 653 806 N:-mo
694 751 886 813 bonus,
920 749 1020 802 nisi
1045 748 1191 803 solus
1220 750 1359 802 Dens
1382 746 1594 818 (Matth.
1625 749 1760 816 xxx).
1807 746 1974 818 Igitur
2024 746 2070 800 si

483 842 718 912 Spiritus
749 828 971 895 sanctus
1003 842 1174 893 bonus
1204 839 1403 892 dicitur
1435 838 1595 901 Deus,
1626 838 1935 891 necessario
1964 846 2069 893 est.

482 930 647 998 CQui
672 947 770 988 nos
804 931 1024 985 deducit
1077 931 1130 984 in
1187 939 1331 984 terra
1393 930 1821 999 recta:qnando
1875 944 2073 1000 corpus

484 1035 727 1079 nostrum
758 1022 871 1076 suis
904 1020 1105 1090 regulis
1130 1022 1330 1075 Subdit.
1364 1019 1458 1073 Vel
1494 1030 1637 1074 terra
1667 1029 1816 1073 recta
1866 1028 1951 1074 est
2018 1020 2073 1075 in

484 1116 668 1169 futuro
697 1113 913 1172 stecnlo.
953 1113 1045 1166 ubi
1084 1111 1219 1166 recti
1272 1111 1645 1165 ambulabunt.
1701 1109 1931 1180 Propter
1979 1125 2076 1164 no-

489 1220 612 1259 men
636 1213 811 1266 tuum,
830 1212 963 1269 ete.,
984 1218 1105 1256 nam
1138 1202 1404 1271 quamvis,
1432 1201 1609 1254 omnia
1634 1201 1803 1272 gratis
1828 1199 2077 1257 Christus

484 1296 652 1350 donet
687 1313 700 1349 :
725 1295 957 1363 iustitia:
987 1294 1154 1365 ipsius
1182 1303 1265 1349 est
1289 1294 1657 1365 supplicantes
1703 1291 2004 1361 justiticare
2024 1300 2079 1347 et

487 1388 786 1444 rivilicare.
840 1389 963 1443 Ideo
1012 1404 1119 1443 non
1176 1389 1305 1442 dicit
1361 1388 1414 1442 in
1466 1389 1722 1458 aequitate
1773 1402 1889 1440 mea
1921 1427 1935 1449 ,
1982 1385 2078 1440 sed

486 1490 580 1537 tua
601 1497 615 1533 :
636 1480 761 1549 quia
779 1495 881 1534 non
899 1480 1104 1535 meritis
1121 1479 1275 1543 meis,
1292 1479 1387 1533 sed
1403 1478 1637 1533 nominis
1649 1476 1851 1533 Christi
1876 1478 2076 1548 gratia.

486 1576 559 1630 13
631 1575 840 1630 Educes
862 1576 925 1629 de
945 1574 1286 1629 tribulatione
1306 1574 1539 1627 animum
1570 1588 1736 1626 meam
1759 1586 1779 1627 :

1414 186 1473 241 S.
1511 185 1861 243 BRUNONIS
1901 183 2446 241 IIERBIPOLENSIS
2474 184 2793 243 EPISCOPI

2091 301 2139 356 Α
2166 296 2503 365 Quandoque
2532 307 2698 352 etiam
2728 295 2879 362 digiti
2911 293 3236 351 Trinitatem
3264 295 3528 361 indicant,
3559 305 3620 352 ut
3638 298 3749 353 ibi-

2173 389 2272 456 Qui
2306 389 2565 457 appendit
2594 388 2767 443 tribus
2807 388 2992 459 digitis
3023 388 3218 443 molem
3253 399 3415 444 terra:
3461 388 3599 458 (lsa.
3625 390 3751 460 ιι),

2171 482 2495 553 quandoque
2519 480 2780 548 Spiritum
2806 490 3077 544 sanctum,
3110 488 3166 534 ut
3196 480 3268 533 ibi
3304 497 3317 533 :
3345 480 3573 549 Accepit
3609 479 3754 551 Moy-

2171 586 2259 625 ses
2299 571 2433 625 duas
2466 571 2674 625 lalmlas
2696 571 2928 641 scriptas
2957 572 3127 637 digito
3174 571 3270 625 Dei
3324 570 3526 639 (Exod.
3553 572 3757 643 xxxiv).

2170 658 2207 713 2
2281 657 2645 714 Misericordia
2677 676 2790 714 mea
2819 671 2865 715 et
2899 660 3157 730 refugium
3187 676 3360 714 meum
3384 674 3405 714 :

2314 748 2598 819 Susceptor
2625 766 2765 803 meus
2785 758 2831 802 et
2850 747 3098 802 liberator
3131 766 3295 804 meus.

2240 838 2283 896 C
2315 839 2740 895 Misericordiam
2758 838 2883 894 fecit
2901 840 3159 895 Dominus
3173 857 3291 894 cum
3305 840 3477 895 David
3500 858 3515 894 :
3548 841 3754 911 quando

2172 950 2297 990 eum
2321 936 2388 989 de
2417 935 2678 990 fratribus
2707 935 2819 991 suis
2867 935 3134 1001 ultimum,
3189 950 3289 1005 per
3342 935 3652 992 Samuelem
3697 937 3756 989 ad

2173 1024 2354 1096 regale
2382 1024 2591 1080 culmen
2616 1025 2776 1095 elegit
2801 1025 2848 1095 (I
2879 1024 3005 1095 Reg.
3036 1024 3171 1095 xw).
3196 1024 3480 1095 Refuginm
3508 1043 3523 1080 :
3550 1025 3758 1095 quando

2173 1116 2223 1170 ei
2254 1115 2539 1171 consilium
2572 1114 2741 1179 dedit,
2774 1123 2832 1168 ut
2857 1115 3067 1170 hostem
3097 1130 3252 1169 suum
3277 1127 3429 1185 petra
3464 1117 3749 1184 dejiceret.

2176 1220 2334 1274 quem
2359 1205 2540 1276 gladio
2562 1221 2669 1260 non
2702 1214 2935 1275 poterat,
2987 1205 3281 1277 Susceptor
3314 1221 3330 1261 :
3362 1206 3585 1275 quando
3642 1204 3763 1260 fecit

2175 1310 2300 1350 eum
2332 1310 2364 1348 a
2401 1293 2565 1351 SauIe
2588 1295 2794 1365 suscipi
2842 1295 2896 1349 in
2938 1310 3219 1365 generum.
3278 1296 3571 1353 Liberator
3606 1311 3762 1351 :cum

2176 1399 2299 1440 eum
2339 1398 2368 1439 a
2396 1384 2638 1455 periculo
2663 1386 2825 1455 regiae
2847 1385 3233 1457 imlignationis
3260 1387 3482 1458 eripuit.

2175 1480 2212 1536 5
2320 1478 2598 1541 Protector
2625 1496 2769 1533 meus
2794 1490 2840 1533 et
2861 1480 2914 1534 in
2943 1480 3058 1549 ipso
3081 1481 3284 1549 speravi
3305 1496 3325 1535 :

2324 1568 2430 1635 Qui
2457 1570 2638 1623 subdis
2662 1569 2914 1640 populum
2946 1587 3119 1625 meum
3140 1572 3235 1625 sub
3255 1587 3360 1626 me.

635 1665 700 1719 Et
723 1668 776 1720 in
806 1664 1166 1720 misericordia
1196 1675 1286 1718 tua
1328 1663 1592 1730 disperdes
1629 1663 1869 1717 inimicos
1916 1678 2079 1716 meos.
2252 1660 2295 1717 C
2325 1661 2611 1717 Protector
2638 1637 2905 1729 :vquando
2945 1661 2998 1714 in
3031 1661 3288 1731 spelunca
3320 1661 3515 1727 latens,
3545 1661 3604 1717 in
3631 1660 3768 1717 Sau-

561 1755 603 1811 C
631 1755 946 1810 Educuntur
974 1755 1041 1810 de
1083 1753 1431 1809 tribulatione
1464 1761 1718 1822 tanquam
1749 1750 1817 1807 de
1838 1750 2080 1807 carceri-

488 1848 592 1903 bus
625 1856 828 1902 sancta:
851 1847 1047 1900 animae
1075 1864 1089 1900 :
1115 1848 1334 1915 quando
1367 1859 1625 1900 concessa
1654 1844 1814 1900 venia
1852 1842 1920 1901 de
1976 1842 2083 1897 isto

490 1937 690 1993 saeculo
727 1938 817 1992 ubi
846 1937 1192 2000 tribulantur,
1224 1936 1613 2006 praecipiuntur
1638 1936 1809 1990 exire.
1870 1935 1925 1989 In
1978 1934 2084 1989 mi-

493 2028 787 2082 sericordia
817 2036 996 2083 autem
1047 2028 1434 2097 disperdnntur
1463 2027 1668 2081 inimici
1692 2044 1707 2081 :
1731 2026 1944 2095 quando
1971 2035 2086 2081 stu-

495 2117 583 2170 dio
597 2117 1030 2188 compnnctionis
1046 2120 1111 2173 de
1127 2117 1409 2173 sceleratis
1421 2117 1844 2189 cogitationibus
1869 2116 2085 2171 abstra-

492 2205 739 2271 huntur;
793 2209 932 2276 quod
963 2209 1029 2262 ad
1060 2208 1179 2263 illos
1205 2209 1438 2279 pertinet
1469 2249 1483 2275 ,
1536 2210 1628 2280 qui
1659 2224 1848 2279 poenas
1877 2207 2087 2264 debitas

495 2299 735 2353 remedio
756 2298 1162 2370 supplicationis
1189 2301 1444 2355 evadunt.
2062 2288 2072 2297 ’

495 2384 565 2442 ﬂ
640 2386 707 2441 Et
735 2388 917 2455 perdes
943 2406 1121 2444 omnes
1148 2391 1239 2460 qui
1282 2389 1537 2445 tribulam
1590 2390 1823 2445 animam
1871 2405 2038 2444 meam
2067 2402 2087 2442 :

641 2477 903 2543 Quoniam
926 2495 1019 2549 ego
1046 2496 1223 2533 servus
1245 2490 1365 2534 tuus
1390 2497 1527 2534 sum.

562 2569 602 2624 C
624 2569 723 2626 Hic
752 2570 881 2625 dicit
903 2587 1024 2625 esse
1053 2573 1357 2641 perdendos
1384 2571 1657 2626 diabolum
1686 2579 1741 2626 et
1767 2586 1958 2626 omnes
1987 2570 2090 2625 im-

499 2660 620 2729 pios
652 2661 704 2713 in
742 2660 1168 2726 fntnrojndicio.
1201 2663 1291 2731 qui
1324 2663 1375 2716 in
1410 2678 1505 2715 sua
1561 2662 1928 2717 obstinatione
1981 2677 2093 2716 mo-

503 2747 739 2802 riuntur.
766 2748 840 2800 Illi
868 2748 1198 2803 tribulabant
1224 2751 1375 2818 prius
1396 2749 1575 2818 justos
1606 2752 1777 2814 viros,
1810 2752 1936 2820 quia
1980 2767 2092 2807 eos

504 2837 738 2891 famulus
766 2838 856 2891 Dei
881 2852 1001 2892 esse
1031 2840 1321 2894 noscebant
1349 2858 1361 2893 :
1394 2849 1448 2895 et
1488 2855 1710 2896 necesse
1761 2850 1844 2895 est
1875 2840 1992 2895 illos
2039 2841 2092 2895 in

2181 1752 2285 1809 lem
2330 1766 2515 1824 regem
2549 1751 2641 1820 jus
2671 1751 2892 1807 ultionis
2923 1752 3154 1823 accepit.
3186 1753 3251 1808 Et
3281 1754 3335 1809 in
3367 1754 3488 1825 ipso
3514 1756 3769 1825 speravi:

2184 1859 2215 1898 a
2258 1842 2350 1898 tali
2400 1858 2497 1915 spe
2542 1843 2648 1898 scit
2692 1842 2779 1897 vir
2821 1853 3046 1898 sanctus
3101 1857 3210 1899 non
3258 1858 3391 1900 esse.
3427 1846 3772 1901 cessandum.

2185 1933 2385 1991 Subdis
2436 1933 2701 2007 populos:
2753 1933 2880 2003 quia
2910 1932 3097 1991 multis
3142 1933 3357 2006 populis
3409 1935 3774 2007 imperaturus

2186 2032 2328 2079 erat.

2183 2112 2221 2168 4
2293 2111 2535 2180 Domine,
2559 2114 2687 2185 quid
2708 2122 2785 2169 est
2805 2114 2962 2169 homo
2986 2113 3110 2185 quia
3141 2115 3418 2171 innotuisti
3445 2117 3497 2172 ei
3511 2130 3539 2170 :.

2332 2219 2394 2261 -ι-
2432 2204 2538 2259 Αιιι
2570 2206 2593 2275 ζ
2621 2205 2766 2273 ﬁlius
2791 2204 3016 2260 hominis
3044 2206 3169 2276 quia
3190 2215 3399 2277 reputas
3425 2224 3544 2262 eum
3562 2208 3591 2262 .’

2260 2297 2302 2354 C
2331 2296 2445 2352 Sub
2470 2296 2899 2368 interrogatione
2946 2306 3005 2353 et
3029 2297 3283 2368 despectu
3319 2298 3781 2369 pronuntiandum

2189 2396 2294 2453 est,
2324 2387 2453 2458 quid
2490 2396 2574 2443 est
2598 2388 2804 2442 homo?
2832 2386 2989 2457 quasi
3030 2387 3236 2457 pulvis:
3269 2390 3361 2456 qui
3415 2397 3579 2443 vento
3615 2387 3779 2443 ﬂante

2190 2477 2393 2551 nullam
2424 2477 2589 2533 habet
2620 2462 2954 2532 ﬁrmitatem.
3007 2476 3143 2545 Quia
3175 2477 3455 2533 innotuisti
3474 2479 3552 2541 ei,
3610 2478 3664 2533 id
3696 2485 3776 2532 est

2193 2567 2572 2624 inaestimabile
2595 2568 2817 2641 deitatis
2845 2583 3131 2633 arcanum,
3163 2582 3261 2637 per
3288 2579 3629 2640 assumptam
3662 2584 3776 2624 car-

2192 2675 2316 2717 nem
2351 2660 2514 2716 rectis
2544 2659 2650 2716 fide
2684 2660 2990 2717 ostendisti.
3040 2658 3217 2715 Simili
3252 2661 3413 2715 modo
3440 2660 3774 2731 interrogan-

2194 2752 2321 2807 dum
2360 2759 2445 2806 est
2473 2769 2497 2823 :_
2520 2760 2615 2807 aut
2641 2751 2788 2806 lilius
2814 2751 3093 2806 hominis?
3137 2759 3191 2806 et
3223 2752 3351 2805 item
3388 2750 3779 2822 respondeatur

2194 2843 2451 2914 quoniam
2478 2854 2697 2913 reputas
2720 2859 2883 2909 eum;
2910 2844 3098 2915 utique
3119 2844 3175 2898 in
3201 2843 3395 2900 ovibus
3425 2845 3557 2912 tuis,
3600 2845 3654 2899 in
3683 2860 3780 2898 nu-

501 2934 707 3004 judicio
739 2933 937 3002 perire,
970 2935 1059 3003 qni
1094 2934 1408 2989 innocentes
1436 2934 1581 2989 viros
1611 2935 1731 2991 ideo
1760 2948 2093 3005 persequun-
2118 2976 2166 3039 ϐ
2199 2948 2352 2988 mero
2375 2934 2880 3003 przedestinatorum

508 3035 620 3092 tur,
655 3027 779 3095 quia
804 3026 896 3081 Dei
937 3042 1059 3082 esse
1087 3026 1313 3081 famulos
1345 3034 1701 3097 cognoscunt.

960 3156 1160 3195 οιιιιτιο
1202 3155 1268 3194 EX
1301 3157 1447 3195 PSAL.
1489 3158 1653 3196 CXLII.

582 3256 724 3310 Deus
746 3256 835 3324 qui
865 3257 1185 3310 malutinam
1214 3272 1381 3311 sacra:
1413 3256 1828 3312 resurrectionis
1869 3265 1974 3311 tum
2002 3271 2100 3310 att-

513 3344 681 3397 ditam
715 3342 887 3398 fecisti
912 3343 1333 3410 iucunditatem,
1359 3361 1482 3400 cum
1512 3362 1578 3401 ex
1609 3344 1821 3401 inferno
1853 3346 2092 3411 rediens,

513 3434 725 3503 replesti
754 3445 951 3488 terram
984 3436 1213 3503 gaudiis,
1246 3452 1405 3502 quam
1440 3437 1738 3506 reliqueras
1788 3437 1839 3490 in
1895 3438 2097 3491 obscu-

515 3525 590 3577 ris
616 3542 629 3578 :
658 3541 911 3595 rogamus
937 3527 1189 3594 polentia:
1221 3535 1325 3580 ture
1374 3526 1705 3580 inelI'abilem
1737 3525 2098 3591 maiestatem,

516 3626 571 3669 nt
597 3617 641 3670 si
682 3628 738 3671 ιιι
770 3628 897 3672 tunc
927 3631 1201 3673 catervam
1252 3619 1606 3687 apostolicam
1653 3619 1887 3685 gaudere
1944 3635 2098 3674 sacra

512 3705 689 3761 fecisti
721 3708 772 3761 in
801 3711 1062 3772 anastasi,
1101 3711 1171 3763 ita
1201 3713 1340 3764 hanc
1388 3712 1703 3772 Erclosiam,
1745 3721 1891 3765 tuam
1961 3713 2103 3768 nise—

514 3800 804 3851 ricordiam
834 3800 1090 3867 expansis
1117 3803 1365 3855 manilius
1401 3801 1755 3868 ﬂagitantem,
1814 3803 2101 3873 splendore

517 3886 755 3940 rmlestis
776 3885 991 3955 jnbaris
1015 3888 1286 3944 illustrare
1317 3890 1573 3961 digneris.
1628 3891 1729 3958 Qui
1771 3907 1893 3947 cum
1940 3890 2103 3946 Patre

516 3985 570 4030 et
599 3975 755 4042 Filio,
785 3987 892 4033 etc.

1023 4068 1148 4125 PSA
1158 4070 1245 4123 LM
1256 4070 1340 4126 US
1369 4070 1575 4126 CXLIII
1658 4087 1677 4107 ο

928 4174 1064 4215 Αιιϐιι
1096 4176 1288 4215 ,εκτυιι
1318 4175 1465 4215 ΡεΑι..
1502 4176 1673 4217 CXLII.

587 4269 629 4323 C
658 4270 861 4323 Bellum
904 4272 1046 4323 lSltltI
1090 4271 1424 4333 Davidicum,
1448 4272 1513 4324 ad
1545 4271 1933 4354 designandum
1980 4288 2102 4328 cer-

521 4450 623 4505 iste
645 4448 853 4505 Goliam
883 4451 1027 4504 saxei
1062 4451 1149 4503 teli
1179 4451 1524 4505 dimicatione
1554 4455 1879 4521 prostravit;
1912 4456 1984 4510 ita
2009 4472 2109 4526 per

521 4549 733 4610 petram
778 4542 919 4610 (qua:
949 4548 1034 4596 est
1061 4540 1330 4607 Christus)
1375 4540 1635 4597 fortitudo
1680 4544 1946 4601 diabolica
1992 4547 2110 4601 vin-

523 4638 759 4683 CEI‘CIUI‘.

911 4720 1020 4775 TT.
1045 4719 1214 4777 David
1238 4737 1297 4779 -ε-
1322 4722 1392 4777 ad
1414 4722 1619 4779 Goliam
1650 4725 1668 4795 ζ
1703 4763 1719 4779 .

528 4828 556 4885 1
637 4827 950 4885 Benedictus
986 4831 1123 4887 Deus
1158 4850 1302 4886 meus
1325 4833 1415 4904 qui
1468 4832 1613 4887 docet
1638 4850 1827 4889 manus
1857 4852 1997 4890 meas
2041 4837 2112 4891 ad

738 4922 978 4991 prtelium
1007 4942 1026 4977 :

597 5026 659 5066 σε·
685 5012 746 5065 Et
784 5066 801 5082 ,
830 5013 1018 5083 digitos
1040 5030 1177 5067 meos
1207 5015 1275 5068 ad
1304 5014 1511 5071 bellum.

597 5101 641 5155 H
666 5102 706 5156 C
737 5101 940 5157 Bellum
968 5105 1154 5174 utique
1184 5104 1312 5159 dicit
1335 5105 1578 5175 spiritale
1607 5122 1711 5161 non
1739 5105 1975 5174 carnale,
2004 5121 2111 5178 quo

529 5196 707 5249 anima
728 5195 859 5263 justi
892 5199 1148 5255 adversus
1180 5199 1451 5253 dmmones
1475 5208 1531 5254 et
1558 5200 1837 5271 passiones
1858 5200 2111 5255 carnales

528 5287 870 5345 invisibiliter
914 5293 1154 5348 dimicat.
1198 5293 1238 5347 C
1266 5291 1455 5347 Manus
1504 5292 1872 5362 Operationem
1908 5289 2113 5362 signifi-

2196 3025 2230 3081 5
2302 3024 2475 3079 Homo
2502 3027 2720 3080 vanitati
2746 3025 2933 3080 similis
2959 3027 3132 3096 factus
3168 3037 3287 3083 est:

2338 3117 2462 3171 Dies
2488 3118 2603 3187 ejus
2632 3118 2765 3171 sicut
2791 3118 2975 3172 umbra
3019 3129 3353 3188 pra‘lereunt.

2267 3207 2308 3263 C
2344 3207 2576 3277 Exponit
2604 3207 2843 3262 breviter
2877 3208 3020 3279 quod
3057 3210 3308 3278 superius
3351 3208 3509 3275 dixit,
3541 3209 3676 3279 quid
3702 3216 3784 3264 est

2200 3297 2405 3357 homo?
2434 3298 2606 3351 Adam
2653 3298 2796 3352 enim
2850 3299 3070 3369 quando
3120 3309 3340 3355 creatus
3383 3309 3486 3364 est,
3529 3300 3780 3370 simplex,

2203 3404 2373 3458 purus
2407 3397 2465 3443 et.
2511 3404 2678 3443 verax
2716 3398 2771 3445 et
2809 3390 3130 3444 immortalis
3172 3389 3309 3444 fuit:
3352 3390 3445 3446 sed
3495 3401 3783 3461 postquam

2198 3478 2468 3549 peccavit,
2520 3477 2696 3534 factus
2731 3487 2815 3532 est
2858 3479 3086 3533 vanitati
3142 3479 3372 3535 similis:
3430 3480 3689 3549 quoniam
3730 3489 3785 3533 et

2190 3568 2477 3634 mutabilis
2505 3578 2562 3623 et
2587 3569 2831 3623 mortalis
2857 3566 3081 3624 eﬂectus
3120 3577 3222 3633 est,
3254 3584 3448 3624 vanum
3475 3569 3621 3623 enim
3657 3567 3786 3622 illud

2203 3662 2452 3723 dicimus,
2497 3661 2639 3730 quod
2665 3661 2731 3714 de
2778 3675 2873 3715 sua
2910 3659 3211 3714 substantia
3265 3660 3481 3724 cadens,
3538 3661 3591 3713 in
3624 3674 3785 3714 auras

2195 3762 2392 3829 _tennes
2416 3753 2721 3808 evanescit:
2757 3761 2815 3807 ut
2842 3753 3029 3807 umbra
3049 3793 3065 3816 ,
3096 3760 3154 3806 ut
3202 3753 3415 3817 fumus;
3464 3753 3609 3806 umle
3633 3751 3785 3806 addi-

2203 3842 2315 3896 dit:
2348 3842 2471 3897 Dies
2494 3842 2611 3913 ejus
2647 3844 2788 3899 sicut
2822 3843 3010 3897 umbra
3026 3852 3393 3912 praetereunt;
3422 3844 3564 3898 sicut
3588 3844 3783 3897 umbra

2202 3938 2466 4006 prseterit,
2493 3937 2572 3991 sic
2599 3939 2873 3992 hominum
2906 3938 3014 3991 vita
3039 3945 3157 4007 post
3174 3945 3452 4007 peccatum
3481 3936 3636 4002 Adae,
3683 3933 3784 3990 nisi

2196 4018 2368 4095 (fuerit
2415 4026 2755 4081 confessione
2784 4041 3055 4097 reparata.

2205 4113 2240 4169 6
2316 4115 2560 4180 Domine,
2584 4116 2781 4170 inclina
2816 4116 2971 4171 caelos
2994 4126 3110 4171 tuos
3131 4125 3178 4170 et
3206 4116 3458 4171 descende
3482 4133 3501 4169 :

2351 4204 2526 4276 Tange
2547 4217 2746 4261 montes
2775 4216 2821 4259 et
2850 4206 3202 4275 fumigabnnt.

870 4292 1046 4376 ,ιξιηὲ
1081 4292 1424 4376 ,υέιξίυξοιηηο
1448 4292 1513 4324 ³η
1545 4292 1933 4374 ειεξιιςηειιιαωη
1980 4292 2102 4376 ςεν-
2132 4316 2184 4376 D
2278 4292 2320 4348 C
2349 4293 2636 4349 Inclinatio
2677 4295 2938 4349 caelorum
2968 4293 3099 4349 fuit:
3149 4295 3367 4364 quando
3405 4293 3472 4349 ad
3510 4294 3784 4349 hominem

522 4368 703 4412 tamen
731 4361 942 4414 Domini
1004 4359 1300 4415 Salvatoris
1342 4373 1423 4413 est
1451 4363 1785 4431 prmmiswm
1818 4378 1832 4417 :
1863 4377 1919 4418 ut
1966 4367 2108 4422 sicut
2137 4359 2161 4407 ‘-

2207 4387 2379 4440 virtns
2407 4395 2459 4440 et
2504 4386 2678 4463 honor
2706 4400 3059 4455 supernorum
3101 4385 3396 4450 descendit,
3455 4384 3665 4439 scilicet
3694 4383 3785 4437 Dei

2208 4477 2399 4533 Filius.
2454 4475 2664 4530 Montes
2723 4477 2813 4531 hic
2858 4476 3119 4547 superbos
3161 4476 3322 4531 dicit:
3351 4490 3487 4543 quos
3529 4474 3788 4529 Dominus

2211 4568 2405 4637 tetigit,
2431 4567 2657 4635 quando
2690 4567 2771 4621 eis
2800 4565 3269 4635 compunctionem
3297 4564 3501 4618 trihuit.
3536 4562 3792 4631 It'mniga-

2212 4657 2347 4712 bunt
2385 4674 2398 4709 :
2427 4671 2547 4710 cum
2576 4655 2785 4710 crebris
2814 4654 3062 4725 snspiriis
3100 4668 3194 4708 sua
3235 4660 3451 4723 peccata
3480 4651 3788 4720 plorabant,

2212 4760 2434 4803 crassus
2469 4747 2614 4798 enim
2660 4744 2841 4797 fumus
2869 4760 2963 4798 ore
2993 4742 3247 4802 vomitnr.
3276 4757 3399 4796 cum
3438 4754 3497 4795 se
3533 4740 3586 4792 in
3636 4738 3790 4808 plan.

2213 4844 2358 4889 ctum
2388 4835 2549 4888 homo
2581 4833 2956 4889 commoverit.

2213 4926 2245 4980 7
2320 4924 2560 4995 Fulgura
2587 4926 2998 4979 coruscationem
3019 4934 3064 4978 et
3094 4923 3370 4992 dissipabis
3392 4937 3476 4975 eos
3498 4935 3519 4974 :

2357 5018 2550 5071 Emitte
2576 5018 2792 5087 sagittas
2812 5028 2929 5071 tuos
2956 5027 3004 5071 et
3038 5017 3367 5071 contnrbabis
3394 5031 3500 5070 eos.

2285 5109 2327 5163 C
2352 5108 2590 5179 Fulgura
2638 5109 3032 5165 curuscatiouis
3077 5111 3263 5163 dedit:
3297 5106 3509 5179 quando
3541 5104 3798 5160 tenebro-

2212 5201 2291 5257 sis
2317 5201 2714 5272 peccatoribus,
2758 5202 3143 5270 prophetarum
3183 5198 3560 5269 praedicatione
3611 5195 3797 5249 lumen

2216 5307 2327 5346 suae
2390 5292 2635 5346 veritatis
2689 5288 2901 5344 infudit.
2960 5290 3247 5360 Dissipavit
3296 5300 3497 5352 autem,
3537 5286 3801 5355 dispersit
