3994 5370
207 319 314 374 513

1459 321 1821 380 EXPOSlTlO
1858 323 2306 381 PSALMORUM.

3376 335 3482 390 5H

202 432 386 502 jacula
418 430 674 502 pennata)
715 431 993 487 hominum
1020 440 1235 501 pectora
1287 434 1708 490 transfoderunt.
1736 438 1801 490 Et
1834 445 1874 497 Λ
1908 449 2184 491 rettcornm
2213 458 2314 494 non
2344 450 2420 493 est
2451 451 2608 506 retiis,
2637 443 2728 496 sed
2751 443 2970 498 amella.
3010 444 3130 499 Non
3150 456 3225 499 est
3250 464 3387 502 enim
3417 452 3483 507 de

205 525 592 585 contnrbahis,
652 525 858 577 scilicet
888 523 1023 577 bona
1057 525 1402 579 cotitritionis
1454 528 1792 582 turbatione:

210 617 336 683 quia
371 616 446 667 sic
472 616 622 680 prius
650 615 870 675 turbati,
905 626 1087 682 postea
1117 615 1220 667 laeti
1252 629 1431 669 erunt.
1456 616 1564 671 Eos
1594 629 1794 681 autem,

208 706 277 756 ad
307 717 525 756 montes
559 703 900 770 referendum
934 715 1034 758 est.

204 794 240 848 8
318 795 517 847 Emitte
560 812 771 848 manum
810 806 954 848 tuam
993 797 1056 849 de
1078 797 1222 854 alto:
1259 801 1400 868 eripe
1439 816 1517 854 me
1536 810 1582 854 et
1633 799 1795 854 libera

427 904 506 938 me
535 886 598 938 de
619 888 768 954 aquis
793 889 966 939 amitis
987 901 1005 938 :

355 976 422 1029 Et
450 981 513 1029 de
540 994 700 1028 manu
726 977 962 1044 ﬁliorum
983 978 1297 1033 alienorum.

279 1067 320 1121 C
357 1068 456 1121 llic
489 1071 556 1120 ad
583 1067 800 1120 Patrem
855 1075 1014 1122 verba
1070 1071 1359 1132 convertit,
1413 1085 1628 1124 manum
1665 1070 1795 1124 dicit

209 1159 497 1210 Dominum
530 1156 902 1221 Salvatorem,
939 1175 1098 1227 quem
1155 1162 1332 1213 venire
1363 1164 1702 1229 deprecatur,
1739 1172 1793 1215 ιιι

204 1250 468 1301 liberaret
527 1231 782 1300 mundum
833 1249 899 1302 de
969 1251 1100 1306 alto.
1149 1251 1200 1302 id
1251 1262 1331 1303 est
1381 1252 1446 1304 tle
1511 1253 1793 1317 potestatis

203 1341 446 1400 exi-elso,
478 1341 563 1391 ubi
586 1356 707 1392 CUI"
763 1339 920 1392 Patre
948 1353 1128 1409 regnat
1188 1343 1458 1410 parilitate
1493 1345 1708 1396 virtutis
1738 1354 1794 1395 et

204 1433 417 1481 unitate
471 1430 804 1482 substanthe.
864 1430 1121 1499 Deaquis
1149 1441 1350 1493 autem,
1413 1431 1464 1484 id
1498 1442 1578 1484 est
1604 1435 1668 1484 de
1701 1448 1792 1499 po-

203 1522 347 1588 pulis
377 1524 622 1583 undosis,
653 1531 706 1573 et
731 1523 882 1590 quasi
910 1523 1146 1589 procella
1166 1525 1459 1575 s:e\issima
1483 1525 1787 1578 concitatis.

203 1612 278 1666 De
327 1630 488 1665 tuatui
541 1614 814 1666 ﬁliorum:
866 1615 932 1667 de
992 1616 1075 1668 his
1126 1618 1216 1682 qtti
1277 1615 1521 1667 li.elibus
1569 1631 1790 1681 part-ere

202 1707 473 1764 nesciunt,
507 1708 631 1772 quia
677 1707 744 1757 de
767 1704 984 1756 diabolo
1034 1715 1362 1774 generantur
1405 1708 1494 1772 qui
1540 1704 1666 1757 iiliis
1697 1705 1785 1756 Dei

201 1799 582 1846 adversantur.
611 1795 775 1848 list-te
807 1796 971 1862 igitur
1001 1797 1199 1849 diaboli
1226 1797 1316 1847 lilii
1343 1797 1502 1848 ..lit-ui
1539 1798 1789 1848 ..icuutur
1826 1805 1864 1860 η

201 1896 232 1932 a
265 1883 390 1934 liliis
427 1884 562 1936 Dei:
616 1885 744 1952 quia
796 1885 1166 1938 hmreditatent
1223 1902 1343 1938 cum
1388 1887 1518 1953 tpsis
1549 1887 1599 1937 iu
1652 1889 1789 1939 ctelo

202 1972 400 2023 nullam
438 1976 661 2026 habent.

201 2063 235 2115 9
308 2062 549 2126 Quorum
579 2081 636 2115 os
671 2066 900 2116 locutum
925 2075 997 2117 est
1035 2081 1134 2118 vnn
1159 2077 1317 2118 latent
1339 2079 1358 2116 :

347 2154 411 2204 Et
435 2156 653 2206 dextera
683 2172 858 2206 eorum
884 2157 1099 2208 dextera
1126 2158 1444 2225 iniquitatis.

271 2242 313 2296 C
337 2243 410 2298 Os
438 2260 628 2297 eorum
665 2260 798 2297 vana
827 2245 1096 2313 loquitur:
1142 2250 1396 2314 quoniam
1425 2263 1454 2300 a
1488 2249 1684 2302 divinis
1709 2263 1791 2302 re-

197 2334 338 2403 gulis
368 2335 680 2404 discrepare
722 2345 1077 2403 praesumunt,
1131 2353 1326 2390 vanum
1354 2349 1437 2390 est
1464 2342 1606 2392 enim
1629 2353 1789 2393 omne

197 2425 460 2492 quidquid
491 2427 702 2479 veritati
739 2426 1072 2479 contrarium
1109 2436 1210 2479 est.
1260 2427 1492 2480 Dextera
1528 2431 1788 2497 reprobo-

197 2530 352 2569 rum:
391 2518 726 2585 prosperitas
768 2517 1027 2584 ipsorum,
1071 2518 1211 2570 unde
1256 2519 1452 2571 elevati
1509 2517 1787 2573 licentiam

195 2606 300 2660 sibi
327 2609 582 2676 peccandi
613 2617 920 2681 assumunt.

199 2696 268 2748 10
345 2696 487 2751 Deus
517 2700 782 2751 canticum
808 2715 996 2752 novum
1035 2701 1258 2754 cantabo
1279 2701 1373 2754 tibi
1396 2717 1415 2756 :

343 2787 412 2840 In
434 2790 682 2857 psalterio
705 2791 1030 2845 decacltordo
1053 2793 1279 2860 psallam
1304 2795 1420 2847 tibi.

267 2874 542 2930 CNovum
593 2881 789 2932 merito
835 2881 1034 2934 dicitur
1080 2881 1283 2936 Christi
1338 2885 1630 2950 canticmn,
1659 2887 1784 2956 quia

194 2966 326 3019 dum
367 2981 400 3019 a
448 2964 649 3021 Judaeis
684 2985 790 3020 non
824 2969 891 3023 sit
941 2980 1191 3040 receptus
1236 2973 1454 3042 (quibus
1503 2974 1681 3029 fuerat
1726 2986 1785 3030 ut

196 3055 413 3109 veniret
440 3057 786 3125 promissus),
817 3060 1069 3113 transivit
1105 3062 1172 3115 ad
1199 3075 1407 3132 gentes.
1457 3065 1662 3119 Novum
1700 3075 1780 3120 est

191 3145 386 3209 etiam,
432 3147 575 3214 quod
597 3162 697 3201 nos
723 3163 953 3217 corpore
984 3159 1041 3204 et
1083 3153 1344 3220 sanguine
1384 3169 1482 3207 suo
1531 3155 1782 3224 saginare
1809 3145 1860 3204 Cv

197 3236 472 3305 dignatur.
509 3238 702 3292 Decem
748 3239 1075 3295 chordarum
1115 3242 1452 3309 psalterium,
1495 3247 1784 3316 decalogus

193 3337 282 3379 est
304 3330 464 3381 datus
495 3329 740 3383 tribubus
779 3329 1144 3384 llcbrzeorum.

197 3415 259 3470 11
339 3416 446 3482 Qui
495 3421 591 3471 das
634 3418 856 3472 salutem
905 3422 1144 3490 regibus:
1187 3424 1278 3492 qui
1321 3424 1583 3478 redemisti
1615 3426 1784 3480 David

405 3527 614 3564 εεηιιιηι
649 3521 798 3563 tuum
820 3525 841 3563 .'

335 3597 415 3650 De
433 3599 612 3667 gladio
637 3602 867 3670 maligno
909 3603 1048 3670 eripe
1081 3619 1182 3657 me.

263 3686 306 3742 (Ξ
331 3687 530 3759 Reges,
565 3691 813 3745 homines
833 3692 1010 3758 jnstos
1043 3694 1314 3763 significat
1335 3704 1390 3749 et
1418 3711 1660 3761 veraces,
1689 3699 1782 3767 qui

194 3787 389 3845 regunt
417 3794 644 3848 corpora
673 3796 791 3833 sua.
826 3780 945 3836 Istis
985 3783 1079 3836 dat
1105 3783 1352 3846 salutem,
1382 3801 1503 3840 cum
1532 3803 1624 3841 eos
1648 3789 1780 3842 libe-

195 3883 336 3921 rosa
396 3870 545 3924 vitiis
602 3870 750 3924 facit.
797 3871 1066 3933 Redemit,
1096 3875 1162 3926 de
1208 3889 1387 3942 pugna
1453 3875 1620 3930 Golia:
1652 3896 1663 3929 :
1701 3878 1781 3931 vel

195 3957 574 4024 spiritualiter,
602 3961 667 4014 de
699 3961 864 4014 vitiis.
899 3960 974 4014 De
996 3961 1174 4030 gladio
1211 3965 1481 4032 maligno:
1520 3966 1644 4034 quia
1667 3966 1782 4036 gla-

195 4046 316 4100 dius
343 4048 541 4102 diaboli
574 4050 840 4117 malignus
866 4061 968 4116 est,
1005 4053 1260 4121 quoniam
1289 4055 1476 4107 dividit
1513 4071 1542 4107 a
1576 4057 1730 4110 bouis
1763 4074 1778 4110 :

195 4138 460 4208 benignus
483 4150 667 4194 autem
719 4142 942 4204 Christi,
993 4145 1249 4211 quoniam
1298 4154 1568 4212 separata
1598 4147 1776 4202 malis.

195 4228 263 4281 12
333 4227 402 4282 Et
431 4247 555 4283 erue
583 4247 663 4282 me
691 4231 756 4282 de
782 4247 938 4284 manu
963 4233 1194 4300 ﬁliarum
1222 4233 1514 4287 alienorum
1536 4250 1555 4288 :

336 4317 572 4382 Quorum
599 4336 656 4372 os
677 4321 908 4372 locatum
933 4329 1005 4372 est
1033 4324 1312 4374 vanitatem
1339 4336 1359 4376 :

335 4409 404 4462 Et
430 4411 645 4464 dextera
675 4427 856 4464 eorum
879 4415 1090 4465 dextera
1119 4412 1428 4482 iniquitatis.

1903 531 2056 581 reteri
2079 531 2207 595 lege,
2235 548 2337 585 non
2369 533 2434 586 de
2465 537 2769 603 prapltetis,
2803 551 2907 592 non
2943 540 3008 592 de
3044 541 3301 608 apostolis
3321 583 3336 606 ,
3385 545 3480 600 sed

1901 619 1967 670 de
1999 620 2152 672 novis
2183 623 2456 690 ntagiStris
2483 628 2729 679 subortu.

1902 729 1969 782 14
2046 728 2202 783 Filitt'
2229 748 2405 784 eorum
2439 736 2736 802 composita?
2766 754 2786 792 :

2040 820 2248 874 Circum
2279 841 2478 876 ornum:
2506 835 2556 876 ut
2580 827 2868 879 similitudo
2891 831 3087 898 templi.

1972 911 2016 965 ll
2049 913 2199 967 Filiae
2228 931 2415 968 eorum
2442 917 2568 980 (hoc
2597 928 2680 969 est
2716 920 2872 973 V.'t‘h;t
2906 921 3301 989 luereticurunt)
3333 941 3480 981 Cont-

1899 1004 2087 1071 positae
2113 1006 2315 1074 (idest,
2343 1017 2532 1059 ornata
2561 1023 2589 1059 a
2616 1010 2877 1076 sapientia
2909 1013 3198 1078 saeculari),
3233 1019 3324 1069 sed
3354 1019 3479 1087 quia

1900 1093 2022 1147 lilia:
2049 1107 2174 1148 sunt
2205 1113 2307 1148 non
2359 1098 2448 1150 lilii
2474 1139 2486 1159 ,
2541 1101 2682 1152 vires
2730 1118 2835 1153 non
2890 1103 2972 1155 ha‘
2998 1117 3110 1158 ent.
3144 1108 3360 1162 Circum
3389 1126 3478 1162 or-

1899 1195 2038 1238 nata!
2071 1198 2125 1238 ιιι
2163 1188 2385 1241 sitnilittt
2413 1192 2460 1241 Tu
2498 1191 2677 1258 templi
2722 1210 2731 1240 τ
2769 1204 2820 1243 et
2858 1195 3081 1261 pulchre
3114 1199 3242 1250 i‘ixi'
3289 1201 3482 1252 simili-

1899 1279 2026 1327 tti:'fo
2055 1279 2233 1344 templi
2268 1295 2280 1328 :
2321 1296 2422 1331 noti
2456 1281 2598 1332 enim
2627 1282 2829 1334 habent
2860 1297 3038 1334 νιιΐςιιιι
3067 1285 3360 1340 Em-lmiam
3390 1299 3482 1341 aut

1897 1373 1982 1415 te»
2009 1366 2186 1432 plum.
2220 1369 2313 1420 5rd
2345 1368 2752 1422 similitudinem
2784 1371 2871 1422 Eri
2894 1372 3056 1423 Iesiau
3095 1375 3134 1427 (3
3167 1376 3210 1440 Ο
3234 1379 3370 1443 λίμρυ
3408 1380 3473 1429 si-

1897 1455 2142 1508 militudo
2177 1474 2279 1510 non
2309 1460 2412 1512 hab
2451 1463 2772 1514 tveritatem
2807 1481 2818 1515 :
2858 1467 2948 1516 sed
2987 1467 3214 1532 alicujus
3246 1472 3319 1521 rei
3356 1473 3454 1522 sub

1895 1547 2138 1602 sistcntis
2169 1560 2348 1616 portat
2381 1551 2693 1619 imaginem.

1897 1657 1964 1710 15
2039 1659 2408 1727 Prompmaria
2435 1680 2614 1715 eornnt
2645 1663 2796 1730 plena
2825 1677 2844 1715 :

2040 1749 2346 1802 Eruciutm
2373 1768 2436 1803 ex
2465 1757 2558 1803 hoc
2587 1767 2640 1807 αἰ·-
2673 1757 2723 1806 ia
2813 1755 2960 1808 .llntl.

1963 1838 2003 1891 (Ζ
2034 1840 2409 1907 Promptuaria
2450 1855 2573 1895 stitit
2611 1863 2621 1895 :
2657 1862 2775 1912 qua:
2821 1847 3039 1899 cellaria
3073 1848 3263 1917 vulgus
3295 1851 3479 1921 appel-

1894 1928 1987 1982 lat.
2015 1939 2067 1982 et
2105 1931 2308 1982 lian'etit
2329 1948 2482 1984 ornnt
2511 1939 2670 1986 corda
2697 1937 2964 2002 signium-it
2992 1951 3007 1990 :
3035 1939 3121 1990 tibi
3186 1955 3481 1994 tvcisarum

1893 2033 2070 2070 rerum
2122 2021 2374 2087 species,
2449 2023 2528 2074 vel
2588 2027 2954 2077 doctrinarum
3013 2027 3183 2093 epulw
3234 2043 3491 2097 t't‘pOs‘tta3_

1893 2118 2017 2160 sunt
2047 2126 2058 2159 :
2093 2120 2147 2161 et
2177 2111 2298 2162 inde
2331 2113 2585 2165 emittunt
2614 2115 2858 2168 diversas
2899 2127 3267 2171 eructatiunes
3311 2123 3485 2188 pessi—

1891 2214 2024 2250 mas.
2054 2201 2200 2263 Quos
2230 2201 2272 2251 si
2310 2205 2637 2253 auctoritate
2678 2205 2969 2256 convincas
2997 2245 3009 2266 ,
3055 2211 3120 2256 ad
3159 2219 3480 2275 inte;preta-

1891 2290 2094 2340 tionqu
2147 2293 2418 2358 nequitias
2459 2294 2911 2345 trausleruntur:
2951 2312 3072 2347 cum
3107 2297 3228 2350 inde
3269 2315 3483 2367 quoque

1889 2375 2086 2429 fuerint
2115 2377 2342 2428 Domino
2366 2376 2592 2443 juvante
2625 2383 2902 2448 superati,
2929 2383 2992 2433 ad
3016 2385 3380 2451 sophistarum
3424 2404 3483 2440 se

1888 2472 2153 2522 Versutias
2184 2469 2588 2538 calumniasth
2636 2483 3007 2526 convertunt:
3043 2483 3097 2527 et
3144 2477 3214 2527 ita
3263 2492 3330 2530 ex
3374 2494 3479 2531 una

1888 2571 2040 2629 parte
2071 2572 2286 2614 vertunt
2317 2563 2450 2615 sein
2475 2562 2661 2627 aliam,
2689 2580 2903 2634 semper
2930 2568 3046 2636 vagi
3075 2576 3128 2621 et
3155 2568 3437 2625 instabiles
3463 2590 3477 2625 :

1887 2651 2013 2720 quia
2047 2651 2284 2705 radicem
2321 2663 2597 2720 nequeunt
2626 2653 2828 2707 habere
2864 2655 3128 2709 veritatis.

1891 2740 1956 2795 16
2031 2741 2162 2795 Oves
2216 2759 2398 2795 eorum
2451 2743 2632 2811 fetosa:
2686 2745 3014 2800 abundantes
3074 2747 3128 2800 in
3186 2750 3480 2820 egressibus

2028 2834 2186 2907 suis;

2025 2921 2190 2976 Boves
2215 2939 2394 2976 eorum
2420 2923 2608 2977 crassi.

1957 3014 1998 3070 C
2026 3013 2333 3070 Secundum
2377 3015 2611 3070 litteram
2657 3016 2713 3070 lii
2758 3015 2928 3072 fetosa
2967 3017 3226 3074 dicuntur
3276 3022 3478 3080 habere

1887 3121 2081 3176 pecora
2111 3124 2124 3158 :
2150 3106 2275 3161 dum
2319 3106 2421 3176 ipsi
2456 3105 2561 3162 ﬁde
2582 3107 2794 3163 steriles
2815 3123 2936 3163 esse
2958 3109 3274 3166 doceantur.
3299 3115 3483 3168 Abun-

1887 3197 2024 3252 dans
2050 3198 2251 3267 quippe
2278 3198 2454 3251 dit-tus
2480 3206 2601 3262 est,
2648 3199 2717 3253 ab
2745 3201 2916 3257 unda.
2961 3203 3116 3271 quasi
3147 3203 3478 3260 redundans.

1886 3286 2000 3355 lpsa
2037 3287 2515 3356 quoque‘pecora,
2565 3303 2686 3357 qua:
2739 3288 2940 3344 habere
2985 3301 3320 3358 cernuntur,
3368 3310 3476 3348 non

1884 3378 2023 3432 dixit
2048 3393 2144 3432 eos
2174 3381 2227 3431 in
2259 3379 2610 3446 ingressibus,
2634 3379 2725 3433 sed
2751 3380 2802 3433 in
2828 3383 3135 3452 egressibus
3159 3384 3475 3451 possidere:

1884 3468 2011 3537 quia
2053 3477 2223 3521 totum
2263 3466 2332 3521 ab
2370 3469 2449 3521 eis
2481 3471 2760 3538 egreditur
2785 3511 2798 3533 ,
2851 3474 3069 3539 quando
3113 3473 3212 3542 ipsi
3265 3491 3480 3543 quoque

1883 3559 2109 3627 perituri
2158 3572 2279 3612 esse
2328 3568 2722 3612 monstrantur.
2758 3559 2801 3612 il
2832 3560 3063 3616 Pulchre
3091 3579 3306 3634 quoque
3341 3567 3478 3620 dixit

1884 3649 2050 3703 boves
2093 3665 2280 3703 eorum
2329 3649 2542 3702 crassi:
2575 3665 2804 3717 quorum
2855 3649 2996 3705 Deus
3033 3662 3222 3706 venter
3270 3664 3372 3721 est,
3421 3665 3478 3710 et

1883 3738 2052 3809 gloria
2079 3754 2268 3793 eorum
2303 3741 2355 3794 in
2387 3738 2705 3794 conlusiOne
2728 3738 2953 3810 (Philip.
2985 3741 3092 3813 ιιι).

1885 3856 1950 3910 17
2027 3854 2150 3908 Non
2185 3866 2258 3908 est
2292 3855 2444 3908 ruina
2476 3855 2719 3908 maceria:
2740 3866 2760 3904 .·
2789 3871 2952 3924 neque
2975 3857 3232 3910 transitus

2028 3945 2210 4016 Neque
2234 3945 2431 3999 clamor
2455 3946 2508 3997 in
2531 3944 2717 4010 plateis
2748 3961 2948 3998 eorum.

1954 4037 1998 4091 ll
2028 4036 2142 4090 Non
2165 4044 2249 4089 est
2279 4035 2429 4087 ruina
2459 4052 2473 4086 :
2498 4032 2711 4086 dillicile
2735 4035 2878 4086 enim
2912 4033 3222 4088 hmreticum
3258 4035 3473 4110 invenis

1881 4125 2209 4196 imperitum.
2237 4121 2435 4176 Omnes
2463 4123 2607 4175 enim
2646 4124 2884 4191 magistri
2923 4133 3083 4188 sunt,
3135 4133 3187 4177 et
3239 4127 3468 4182 scientia

1881 4216 2124 4272 smeulari
2150 4213 2418 4267 instructi.
2439 4223 2492 4265 et
2507 4211 2772 4264 immuniti
2795 4213 3058 4267 doctrinis
3078 4216 3466 4282 apostolorum.

1883 4307 1938 4363 Si
1964 4283 2136 4361 tecum
2163 4305 2436 4372 disputant
2461 4317 2474 4352 :
2505 4303 2666 4355 verba
2695 4317 2881 4356 eorum
2904 4303 3083 4356 brevia
3116 4314 3260 4370 sunt,
3287 4307 3366 4360 sic
3390 4323 3473 4359 ηιι.

1883 4398 2113 4454 tilicioso
2141 4408 2392 4449 sermone
2431 4392 2683 4446 conclusa
2712 4433 2726 4457 ,
2756 4401 2813 4446 ιιι
2838 4393 3068 4448 evadere
3097 4394 3220 4448 inde
3254 4395 3471 4450 difﬁcile

264 4501 308 4559 ε
333 4501 485 4558 nunc
512 4518 731 4558 versum
757 4502 866 4570 iam
900 4503 1137 4556 diximus
1165 4517 1180 4555 ε
1209 4520 1369 4572 quem
1410 4505 1533 4559 ideo
1564 4507 1775 4574 repel“,
1806 4483 1856 4540 D
1882 4490 1974 4544 sit.
2004 4487 2138 4542 Cum
2169 4485 2315 4539 enim
2344 4493 2394 4536 te
2422 4482 2707 4552 ligaverint
2731 4491 2798 4574 et
2824 4483 3118 4537 clauseriut
3147 4484 3472 4554 syllogismis

194 4602 254 4647 ut
278 4593 718 4649 detestabilior-es
742 4595 957 4663 iniquos
989 4596 1234 4655 homines
1258 4596 1445 4650 reddat
1472 4597 1585 4667 ipsa
1610 4599 1781 4666 gemi-

195 4685 344 4741 natio
372 4703 387 4740 ε
419 4696 476 4741 et
502 4687 743 4740 maxime
774 4703 918 4741 nunc
965 4687 1032 4742 de
1074 4687 1347 4742 lnereticis
1379 4690 1540 4743 verba
1578 4691 1778 4745 intelli-

193 4779 366 4847 genda
417 4787 573 4844 sunt,
629 4779 760 4833 licet
810 4780 955 4833 enim
1003 4781 1283 4847 sequentia
1317 4781 1458 4835 sicut
1488 4790 1544 4836 et
1576 4797 1781 4850 prame-

194 4870 370 4924 dentia
400 4871 465 4922 ad
493 4869 732 4923 litteram
760 4885 885 4924 vera
920 4870 1033 4924 sint
1079 4871 1347 4925 intellecta
1382 4891 1392 4925 :
1422 4873 1546 4943 quia
1597 4882 1776 4928 tamen

195 4961 440 5016 litteralis
467 4977 662 5017 sensus
689 4973 911 5031 apertus
930 4971 1035 5026 est,
1063 4964 1288 5032 mystice
1306 4964 1779 5037 aliqtta‘Carpenda

196 5061 338 5105 sunt.

196 5143 262 5196 15
335 5143 570 5210 Quorum
596 5144 696 5213 filii
721 5145 850 5201 sicut
874 5142 1096 5200 novellae
1116 5143 1468 5213 plantationes
1492 5163 1510 5202 :

347 5237 368 5260 Δ
407 5235 488 5260 2-.--
502 5246 668 5260 -..ι-.ι..
695 5253 748 5260 μ..
763 5255 784 5260 μ

1885 4581 2016 4639 suis,
2053 4586 2110 4631 et
2136 4575 2292 4647 quasi
2338 4589 2465 4627 mae
2493 4575 2628 4626 riam
2659 4573 3034 4642 syllogismum
3082 4575 3358 4628 texerint:
3393 4584 3472 4628 te-

1886 4673 2033 4727 neris
2060 4671 2299 4724 inclusus
2334 4684 2347 4719 :
2378 4681 2486 4719 non
2520 4675 2672 4734 potes
2699 4681 2849 4719 imre
2881 4682 2893 4717 :
2930 4680 3034 4718 nou
3076 4673 3160 4718 est
3197 4669 3348 4719 ruina
3381 4682 3471 4721 ne-

1883 4778 1989 4832 quc
2018 4761 2297 4816 transitus.
2329 4755 2462 4812 Cum
2489 4758 2569 4810 eis
2597 4755 2963 4822 conscnseris,
2992 4765 3046 4809 et
3075 4755 3144 4808 ibi
3182 4757 3470 4810 conclusas

1886 4854 2056 4908 fueris
2081 4871 2094 4906 :
2119 4852 2229 4905 eris
2261 4850 2314 4902 in
2341 4847 2536 4916 plateis
2565 4861 2778 4905 eorum.
2805 4852 2861 4899 et
2887 4845 2942 4897 in
2970 4845 3082 4897 lata
3109 4845 3191 4897 via
3210 4885 3224 4904 ,
3251 4861 3369 4912 qua:
3402 4847 3469 4898 ad

1883 4945 2154 5000 iulernum
2183 4943 2367 4997 ducit:
2395 4950 2446 4994 et
2472 4955 2577 4993 non
2609 4938 2660 4990 in
2686 4946 2913 5006 angusta
2947 4936 3051 4996 via,
3086 4952 3206 4995 qua:
3235 4937 3382 4990 ducit
3403 4939 3470 4991 ad

1883 5037 2046 5090 vitam
2082 5033 2297 5104 (Matth.
2351 5031 2468 5100 vn),
2517 5043 2636 5096 quae
2686 5038 2770 5080 est
2821 5024 3079 5078 transitus
3132 5033 3469 5079 sanctorum.

1883 5125 2069 5195 Neque
2091 5125 2297 5176 clamor
2322 5119 2446 5174 Jesu
2476 5119 2586 5185 (qui
2616 5117 2682 5168 ad
2708 5132 2765 5169 se
2787 5127 2978 5166 omnes
3002 5116 3179 5176 vocat)
3207 5111 3256 5162 in
3279 5110 3476 5177 plateis

1883 5215 2258 5260 hau-micorum
2291 5217 2370 5260 est
2407 5225 2419 5258 :
2453 5205 2545 5258 sed
2577 5204 2628 5253 in
2656 5212 2886 5260 angusta
2921 5199 3000 5250 \ia
3026 5207 3129 5250 est.
