  <div class='ocr_page' id='page_1' title='image "/cluster/home/n/w/nwhite01/storage/ocr_20150623/142/hvd.32044015471808/263.png"; bbox 0 0 3994 5370; ppageno 0'>
   <div class='ocr_carea' id='block_1_1' title="bbox 528 181 638 239">
    <p class='ocr_par' dir='ltr' id='par_1_1' title="bbox 528 181 638 239">
     <span class='ocr_line' id='line_1_1' title="bbox 528 181 638 239; baseline 0.009 -1"><span class='ocrx_word' id='word_1_1' title='bbox 528 181 638 239; x_wconf 53' lang='grc' dir='ltr'><strong>5ηιὸ</strong></span> 
     </span>
    </p>
   </div>
   <div class='ocr_carea' id='block_1_2' title="bbox 1462 185 2837 251">
    <p class='ocr_par' dir='ltr' id='par_1_2' title="bbox 1462 185 2837 251">
     <span class='ocr_line' id='line_1_2' title="bbox 1462 185 2837 251; baseline 0.005 -10"><span class='ocrx_word' id='word_1_2' title='bbox 1462 185 1519 241; x_wconf 90' lang='lat' dir='ltr'><strong>S.</strong></span> <span class='ocrx_word' id='word_1_3' title='bbox 1565 185 1912 245; x_wconf 80' lang='lat' dir='ltr'><strong>BRUNONIS</strong></span> <span class='ocrx_word' id='word_1_4' title='bbox 1950 188 2490 248; x_wconf 80' lang='lat' dir='ltr'><strong>HERBIPOLENSIS</strong></span> <span class='ocrx_word' id='word_1_5' title='bbox 2526 191 2837 251; x_wconf 82' lang='lat' dir='ltr'><strong>EPISCOPI</strong></span> 
     </span>
    </p>
   </div>
   <div class='ocr_carea' id='block_1_3' title="bbox 3681 196 3792 252">
    <p class='ocr_par' dir='ltr' id='par_1_3' title="bbox 3681 196 3792 252">
     <span class='ocr_line' id='line_1_3' title="bbox 3681 196 3792 252; baseline -0.009 0"><span class='ocrx_word' id='word_1_6' title='bbox 3681 196 3792 252; x_wconf 81' lang='lat' dir='ltr'><strong>5l6</strong></span> 
     </span>
    </p>
   </div>
   <div class='ocr_carea' id='block_1_4' title="bbox 527 293 3798 382">
    <p class='ocr_par' dir='ltr' id='par_1_4' title="bbox 527 293 3798 382">
     <span class='ocr_line' id='line_1_4' title="bbox 527 293 3798 382; baseline 0.006 -33"><span class='ocrx_word' id='word_1_7' title='bbox 527 295 616 350; x_wconf 84' lang='lat' dir='ltr'><strong>itte</strong></span> <span class='ocrx_word' id='word_1_8' title='bbox 642 303 726 350; x_wconf 89' lang='lat' dir='ltr'><strong>est</strong></span> <span class='ocrx_word' id='word_1_9' title='bbox 746 294 958 361; x_wconf 86' lang='lat' dir='ltr'><strong>beatus,</strong></span> <span class='ocrx_word' id='word_1_10' title='bbox 988 293 1078 365; x_wconf 88' lang='lat' dir='ltr'><strong>qui</strong></span> <span class='ocrx_word' id='word_1_11' title='bbox 1109 309 1206 365; x_wconf 88' lang='lat' dir='ltr'><strong>pro</strong></span> <span class='ocrx_word' id='word_1_12' title='bbox 1234 295 1487 352; x_wconf 86' lang='lat' dir='ltr'><strong>omnibus</strong></span> <span class='ocrx_word' id='word_1_13' title='bbox 1516 300 1720 354; x_wconf 81' lang='lat' dir='ltr'><strong>omnis</strong></span> <span class='ocrx_word' id='word_1_14' title='bbox 1759 300 1924 356; x_wconf 98' lang='lat' dir='ltr'><strong>habet</strong></span> <span class='ocrx_word' id='word_1_15' title='bbox 1959 299 2117 356; x_wconf 81' lang='lat' dir='ltr'><strong>Chri-</strong></span> <span class='ocrx_word' id='word_1_16' title='bbox 2140 304 2190 363; x_wconf 76' lang='grc' dir='ltr'><strong>Α</strong></span> <span class='ocrx_word' id='word_1_17' title='bbox 2220 318 2345 358; x_wconf 82' lang='lat' dir='ltr'><strong>vere</strong></span> <span class='ocrx_word' id='word_1_18' title='bbox 2373 305 2623 376; x_wconf 88' lang='lat' dir='ltr'><strong>dignatus</strong></span> <span class='ocrx_word' id='word_1_19' title='bbox 2656 316 2754 361; x_wconf 87' lang='lat' dir='ltr'><strong>est.</strong></span> <span class='ocrx_word' id='word_1_20' title='bbox 2810 306 2878 362; x_wconf 86' lang='lat' dir='ltr'><strong>Et</strong></span> <span class='ocrx_word' id='word_1_21' title='bbox 2914 305 3124 377; x_wconf 84' lang='lat' dir='ltr'><strong>justitia</strong></span> <span class='ocrx_word' id='word_1_22' title='bbox 3168 305 3563 366; x_wconf 78' lang='lat' dir='ltr'><strong>exsultabant:</strong></span> <span class='ocrx_word' id='word_1_23' title='bbox 3598 326 3701 382; x_wconf 83' lang='lat' dir='ltr'><strong>qua</strong></span> <span class='ocrx_word' id='word_1_24' title='bbox 3738 326 3798 369; x_wconf 79' lang='lat' dir='ltr'><strong>tn</strong></span> 
     </span>
    </p>
   </div>
   <div class='ocr_carea' id='block_1_5' title="bbox 525 384 1669 455">
    <p class='ocr_par' dir='ltr' id='par_1_5' title="bbox 525 384 1669 455">
     <span class='ocr_line' id='line_1_5' title="bbox 525 384 1669 455; baseline 0.002 -16"><span class='ocrx_word' id='word_1_25' title='bbox 525 393 690 449; x_wconf 85' lang='lat' dir='ltr'><strong>stum,</strong></span> <span class='ocrx_word' id='word_1_26' title='bbox 721 394 776 440; x_wconf 90' lang='lat' dir='ltr'><strong>et</strong></span> <span class='ocrx_word' id='word_1_27' title='bbox 804 384 954 439; x_wconf 90' lang='lat' dir='ltr'><strong>illum</strong></span> <span class='ocrx_word' id='word_1_28' title='bbox 982 384 1175 455; x_wconf 89' lang='lat' dir='ltr'><strong>diligit,</strong></span> <span class='ocrx_word' id='word_1_29' title='bbox 1201 395 1247 439; x_wconf 92' lang='lat' dir='ltr'><strong>et</strong></span> <span class='ocrx_word' id='word_1_30' title='bbox 1270 385 1318 439; x_wconf 92' lang='lat' dir='ltr'><strong>ei</strong></span> <span class='ocrx_word' id='word_1_31' title='bbox 1341 385 1669 441; x_wconf 75' lang='lat' dir='ltr'><strong>dominatur.</strong></span> 
     </span>
    </p>
   </div>
   <div class='ocr_carea' id='block_1_6' title="bbox 956 490 1669 533">
    <p class='ocr_par' dir='ltr' id='par_1_6' title="bbox 956 490 1669 533">
     <span class='ocr_line' id='line_1_6' title="bbox 956 490 1669 533; baseline 0.004 -3"><span class='ocrx_word' id='word_1_32' title='bbox 956 490 1157 531; x_wconf 72' lang='lat' dir='ltr'><strong>ORATIO</strong></span> <span class='ocrx_word' id='word_1_33' title='bbox 1195 492 1265 530; x_wconf 72' lang='lat' dir='ltr'><strong>EX</strong></span> <span class='ocrx_word' id='word_1_34' title='bbox 1302 491 1450 532; x_wconf 73' lang='grc' dir='ltr'><strong>ΡεΑι..</strong></span> <span class='ocrx_word' id='word_1_35' title='bbox 1481 493 1669 533; x_wconf 67' lang='lat' dir='ltr'><strong>CXLIII.</strong></span> 
     </span>
    </p>
   </div>
   <div class='ocr_carea' id='block_1_7' title="bbox 590 566 2110 636">
    <p class='ocr_par' dir='ltr' id='par_1_7' title="bbox 590 566 2110 636">
     <span class='ocr_line' id='line_1_7' title="bbox 590 566 2110 636; baseline 0.004 -16"><span class='ocrx_word' id='word_1_36' title='bbox 590 566 735 621; x_wconf 87' lang='lat' dir='ltr'><strong>Doce</strong></span> <span class='ocrx_word' id='word_1_37' title='bbox 763 580 884 632; x_wconf 91' lang='lat' dir='ltr'><strong>nos,</strong></span> <span class='ocrx_word' id='word_1_38' title='bbox 910 566 1162 631; x_wconf 90' lang='lat' dir='ltr'><strong>Domine,</strong></span> <span class='ocrx_word' id='word_1_39' title='bbox 1195 566 1531 636; x_wconf 78' lang='lat' dir='ltr'><strong>spiritalibus</strong></span> <span class='ocrx_word' id='word_1_40' title='bbox 1561 568 1727 624; x_wconf 88' lang='lat' dir='ltr'><strong>armis</strong></span> <span class='ocrx_word' id='word_1_41' title='bbox 1749 608 1765 634; x_wconf 94' lang='lat'><strong>,</strong></span> <span class='ocrx_word' id='word_1_42' title='bbox 1805 570 2110 626; x_wconf 80' lang='lat' dir='ltr'><strong>noxialibus</strong></span> 
     </span>
    </p>
   </div>
   <div class='ocr_carea' id='block_1_8' title="bbox 519 658 2145 735">
    <p class='ocr_par' dir='ltr' id='par_1_8' title="bbox 519 658 2145 735">
     <span class='ocr_line' id='line_1_8' title="bbox 519 658 2145 735; baseline 0.002 -22"><span class='ocrx_word' id='word_1_43' title='bbox 519 658 690 729; x_wconf 85' lang='lat' dir='ltr'><strong>culpis</strong></span> <span class='ocrx_word' id='word_1_44' title='bbox 724 659 976 713; x_wconf 73' lang='lat' dir='ltr'><strong>resistere</strong></span> <span class='ocrx_word' id='word_1_45' title='bbox 1003 676 1017 712; x_wconf 87' lang='lat'><strong>:</strong></span> <span class='ocrx_word' id='word_1_46' title='bbox 1045 673 1112 713; x_wconf 90' lang='lat' dir='ltr'><strong>ne</strong></span> <span class='ocrx_word' id='word_1_47' title='bbox 1137 658 1362 713; x_wconf 89' lang='lat' dir='ltr'><strong>vanitati</strong></span> <span class='ocrx_word' id='word_1_48' title='bbox 1390 664 1678 714; x_wconf 70' lang='lat' dir='ltr'><strong>mundanae</strong></span> <span class='ocrx_word' id='word_1_49' title='bbox 1700 660 1949 729; x_wconf 72' lang='lat' dir='ltr'><strong>subjecti,</strong></span> <span class='ocrx_word' id='word_1_50' title='bbox 1975 678 2005 715; x_wconf 88' lang='lat' dir='ltr'><strong>a</strong></span> <span class='ocrx_word' id='word_1_51' title='bbox 2034 664 2108 716; x_wconf 92' lang='lat' dir='ltr'><strong>tui</strong></span> <span class='ocrx_word' id='word_1_52' title='bbox 2142 732 2145 735; x_wconf 14' lang='grc' dir='ltr'><em>Α</em></span> 
     </span>
    </p>
   </div>
   <div class='ocr_carea' id='block_1_9' title="bbox 510 749 2110 820">
    <p class='ocr_par' dir='ltr' id='par_1_9' title="bbox 510 749 2110 820">
     <span class='ocr_line' id='line_1_9' title="bbox 510 749 2110 820; baseline 0.001 -15"><span class='ocrx_word' id='word_1_53' title='bbox 510 750 651 820; x_wconf 92' lang='lat' dir='ltr'><strong>juris</strong></span> <span class='ocrx_word' id='word_1_54' title='bbox 681 749 1048 805; x_wconf 76' lang='lat' dir='ltr'><strong>dominatione</strong></span> <span class='ocrx_word' id='word_1_55' title='bbox 1071 749 1357 820; x_wconf 88' lang='lat' dir='ltr'><strong>pellamur.</strong></span> <span class='ocrx_word' id='word_1_56' title='bbox 1390 752 1496 806; x_wconf 90' lang='lat' dir='ltr'><strong>Per</strong></span> <span class='ocrx_word' id='word_1_57' title='bbox 1538 751 1826 807; x_wconf 90' lang='lat' dir='ltr'><strong>Dominum</strong></span> <span class='ocrx_word' id='word_1_58' title='bbox 1862 762 2110 809; x_wconf 90' lang='lat' dir='ltr'><strong>nostrum</strong></span> 
     </span>
    </p>
   </div>
   <div class='ocr_carea' id='block_1_10' title="bbox 515 837 1587 907">
    <p class='ocr_par' dir='ltr' id='par_1_10' title="bbox 515 837 1587 907">
     <span class='ocr_line' id='line_1_10' title="bbox 515 837 1587 907; baseline 0.005 -14"><span class='ocrx_word' id='word_1_59' title='bbox 515 837 700 903; x_wconf 77' lang='lat' dir='ltr'><strong>Jesum</strong></span> <span class='ocrx_word' id='word_1_60' title='bbox 730 839 1009 895; x_wconf 81' lang='lat' dir='ltr'><strong>Christum</strong></span> <span class='ocrx_word' id='word_1_61' title='bbox 1040 840 1236 894; x_wconf 87' lang='lat' dir='ltr'><strong>Filium</strong></span> <span class='ocrx_word' id='word_1_62' title='bbox 1268 849 1444 907; x_wconf 91' lang='lat' dir='ltr'><strong>tuum,</strong></span> <span class='ocrx_word' id='word_1_63' title='bbox 1475 848 1587 898; x_wconf 86' lang='lat' dir='ltr'><strong>etc.</strong></span> 
     </span>
    </p>
   </div>
   <div class='ocr_carea' id='block_1_11' title="bbox 1017 929 1609 987">
    <p class='ocr_par' dir='ltr' id='par_1_11' title="bbox 1017 929 1609 987">
     <span class='ocr_line' id='line_1_11' title="bbox 1017 929 1609 987; baseline 0 -3"><span class='ocrx_word' id='word_1_64' title='bbox 1017 929 1342 987; x_wconf 81' lang='lat' dir='ltr'><strong>PSALMUS</strong></span> <span class='ocrx_word' id='word_1_65' title='bbox 1381 930 1609 987; x_wconf 75' lang='lat' dir='ltr'><strong>CXLIV.</strong></span> 
     </span>
    </p>
   </div>
   <div class='ocr_carea' id='block_1_12' title="bbox 918 1037 1695 1079">
    <p class='ocr_par' dir='ltr' id='par_1_12' title="bbox 918 1037 1695 1079">
     <span class='ocr_line' id='line_1_12' title="bbox 918 1037 1695 1079; baseline 0.001 -2"><span class='ocrx_word' id='word_1_66' title='bbox 918 1037 1285 1079; x_wconf 71' lang='lat' dir='ltr'><strong>ARGUMENTUM</strong></span> <span class='ocrx_word' id='word_1_67' title='bbox 1325 1037 1477 1078; x_wconf 73' lang='grc' dir='ltr'><strong>ΡεΑι.</strong></span> <span class='ocrx_word' id='word_1_68' title='bbox 1517 1039 1695 1078; x_wconf 69' lang='lat' dir='ltr'><strong>CXLIV.</strong></span> 
     </span>
    </p>
   </div>
   <div class='ocr_carea' id='block_1_13' title="bbox 561 1113 2102 1186">
    <p class='ocr_par' dir='ltr' id='par_1_13' title="bbox 561 1113 2102 1186">
     <span class='ocr_line' id='line_1_13' title="bbox 561 1113 2102 1186; baseline 0.003 -18"><span class='ocrx_word' id='word_1_69' title='bbox 561 1113 624 1184; x_wconf 69' lang='lat'><strong>~(1</strong></span> <span class='ocrx_word' id='word_1_70' title='bbox 648 1114 1038 1171; x_wconf 76' lang='lat' dir='ltr'><strong>Laudationem</strong></span> <span class='ocrx_word' id='word_1_71' title='bbox 1065 1115 1279 1171; x_wconf 86' lang='lat' dir='ltr'><strong>Donuni</strong></span> <span class='ocrx_word' id='word_1_72' title='bbox 1302 1117 1563 1186; x_wconf 83' lang='lat' dir='ltr'><strong>propheta</strong></span> <span class='ocrx_word' id='word_1_73' title='bbox 1587 1117 1752 1172; x_wconf 86' lang='lat' dir='ltr'><strong>variis</strong></span> <span class='ocrx_word' id='word_1_74' title='bbox 1774 1116 2102 1173; x_wconf 88' lang='lat' dir='ltr'><strong>narrationi-</strong></span> 
     </span>
    </p>
   </div>
   <div class='ocr_carea' id='block_1_14' title="bbox 515 1210 908 1281">
    <p class='ocr_par' dir='ltr' id='par_1_14' title="bbox 515 1210 908 1281">
     <span class='ocr_line' id='line_1_14' title="bbox 515 1210 908 1281; baseline 0 -16"><span class='ocrx_word' id='word_1_75' title='bbox 515 1210 619 1265; x_wconf 89' lang='lat' dir='ltr'><strong>bus</strong></span> <span class='ocrx_word' id='word_1_76' title='bbox 650 1210 908 1281; x_wconf 84' lang='lat' dir='ltr'><strong>explicat.</strong></span> 
     </span>
    </p>
   </div>
   <div class='ocr_carea' id='block_1_15' title="bbox 1000 1298 1626 1356">
    <p class='ocr_par' dir='ltr' id='par_1_15' title="bbox 1000 1298 1626 1356">
     <span class='ocr_line' id='line_1_15' title="bbox 1000 1298 1626 1356; baseline 0.002 -3"><span class='ocrx_word' id='word_1_77' title='bbox 1000 1298 1110 1353; x_wconf 90' lang='lat' dir='ltr'><strong>TT.</strong></span> <span class='ocrx_word' id='word_1_78' title='bbox 1146 1298 1409 1355; x_wconf 88' lang='lat' dir='ltr'><strong>Laudatio</strong></span> <span class='ocrx_word' id='word_1_79' title='bbox 1435 1300 1626 1356; x_wconf 88' lang='lat' dir='ltr'><strong>David.</strong></span> 
     </span>
    </p>
   </div>
   <div class='ocr_carea' id='block_1_16' title="bbox 514 1389 1504 1455">
    <p class='ocr_par' dir='ltr' id='par_1_16' title="bbox 514 1389 1504 1455">
     <span class='ocr_line' id='line_1_16' title="bbox 514 1389 1504 1455; baseline 0 -11"><span class='ocrx_word' id='word_1_80' title='bbox 514 1390 541 1444; x_wconf 79' lang='grc'><strong>1</strong></span> <span class='ocrx_word' id='word_1_81' title='bbox 621 1389 882 1445; x_wconf 76' lang='lat' dir='ltr'><strong>Exaltabo</strong></span> <span class='ocrx_word' id='word_1_82' title='bbox 908 1402 975 1455; x_wconf 87' lang='lat' dir='ltr'><strong>te,</strong></span> <span class='ocrx_word' id='word_1_83' title='bbox 1007 1391 1164 1455; x_wconf 89' lang='lat' dir='ltr'><strong>Deus,</strong></span> <span class='ocrx_word' id='word_1_84' title='bbox 1191 1409 1335 1446; x_wconf 88' lang='lat' dir='ltr'><strong>meus</strong></span> <span class='ocrx_word' id='word_1_85' title='bbox 1368 1409 1460 1446; x_wconf 76' lang='lat' dir='ltr'><strong>rex</strong></span> <span class='ocrx_word' id='word_1_86' title='bbox 1485 1407 1504 1444; x_wconf 92' lang='lat'><strong><em>:</em></strong></span> 
     </span>
    </p>
   </div>
   <div class='ocr_carea' id='block_1_17' title="bbox 655 1480 1750 1538">
    <p class='ocr_par' dir='ltr' id='par_1_17' title="bbox 655 1480 1750 1538">
     <span class='ocr_line' id='line_1_17' title="bbox 655 1480 1750 1538; baseline 0.005 -5"><span class='ocrx_word' id='word_1_87' title='bbox 655 1480 725 1533; x_wconf 87' lang='lat' dir='ltr'><strong>Et</strong></span> <span class='ocrx_word' id='word_1_88' title='bbox 754 1480 1052 1534; x_wconf 86' lang='lat' dir='ltr'><strong>benedicam</strong></span> <span class='ocrx_word' id='word_1_89' title='bbox 1081 1482 1279 1535; x_wconf 82' lang='lat' dir='ltr'><strong>nomini</strong></span> <span class='ocrx_word' id='word_1_90' title='bbox 1307 1490 1396 1534; x_wconf 89' lang='lat' dir='ltr'><strong>tuo</strong></span> <span class='ocrx_word' id='word_1_91' title='bbox 1420 1481 1474 1535; x_wconf 89' lang='lat' dir='ltr'><strong>in</strong></span> <span class='ocrx_word' id='word_1_92' title='bbox 1499 1482 1750 1538; x_wconf 68' lang='lat' dir='ltr'><strong>sacculum</strong></span> 
     </span>
    </p>
   </div>
   <div class='ocr_carea' id='block_1_18' title="bbox 653 1568 1469 1643">
    <p class='ocr_par' dir='ltr' id='par_1_18' title="bbox 653 1568 1469 1643">
     <span class='ocr_line' id='line_1_18' title="bbox 653 1568 1469 1643; baseline 0.005 -20"><span class='ocrx_word' id='word_1_93' title='bbox 653 1568 722 1624; x_wconf 87' lang='lat' dir='ltr'><strong>Et</strong></span> <span class='ocrx_word' id='word_1_94' title='bbox 746 1570 799 1623; x_wconf 90' lang='lat' dir='ltr'><strong>in</strong></span> <span class='ocrx_word' id='word_1_95' title='bbox 824 1570 1074 1624; x_wconf 77' lang='lat' dir='ltr'><strong>sceculum</strong></span> <span class='ocrx_word' id='word_1_96' title='bbox 1099 1585 1162 1627; x_wconf 65' lang='grc' dir='ltr'><strong>-ἕρ</strong></span> <span class='ocrx_word' id='word_1_97' title='bbox 1187 1572 1368 1626; x_wconf 64' lang='lat' dir='ltr'><strong>seculi</strong></span> <span class='ocrx_word' id='word_1_98' title='bbox 1401 1573 1417 1643; x_wconf 70' lang='grc' dir='ltr'>ζ</span> <span class='ocrx_word' id='word_1_99' title='bbox 1452 1611 1469 1627; x_wconf 91' lang='grc'><strong>.</strong></span> 
     </span>
    </p>
   </div>
   <div class='ocr_carea' id='block_1_19' title="bbox 2215 394 2738 465">
    <p class='ocr_par' dir='ltr' id='par_1_19' title="bbox 2215 394 2738 465">
     <span class='ocr_line' id='line_1_19' title="bbox 2215 394 2738 465; baseline 0.008 -18"><span class='ocrx_word' id='word_1_100' title='bbox 2215 394 2397 465; x_wconf 88' lang='lat' dir='ltr'><strong>impiis</strong></span> <span class='ocrx_word' id='word_1_101' title='bbox 2424 395 2738 452; x_wconf 84' lang='lat' dir='ltr'><strong>ulciscetur.</strong></span> 
     </span>
    </p>
   </div>
   <div class='ocr_carea' id='block_1_20' title="bbox 2215 481 3329 544">
    <p class='ocr_par' dir='ltr' id='par_1_20' title="bbox 2215 481 3329 544">
     <span class='ocr_line' id='line_1_20' title="bbox 2215 481 3329 544; baseline 0.004 -7"><span class='ocrx_word' id='word_1_102' title='bbox 2215 481 2248 537; x_wconf 91' lang='lat'><strong>8</strong></span> <span class='ocrx_word' id='word_1_103' title='bbox 2320 482 2602 539; x_wconf 76' lang='lat' dir='ltr'><strong>Miserator</strong></span> <span class='ocrx_word' id='word_1_104' title='bbox 2628 495 2677 541; x_wconf 90' lang='lat' dir='ltr'><strong>et</strong></span> <span class='ocrx_word' id='word_1_105' title='bbox 2702 488 2998 543; x_wconf 88' lang='lat' dir='ltr'><strong>misericors</strong></span> <span class='ocrx_word' id='word_1_106' title='bbox 3027 488 3282 544; x_wconf 78' lang='lat' dir='ltr'><strong>Dominus</strong></span> <span class='ocrx_word' id='word_1_107' title='bbox 3307 503 3329 542; x_wconf 88' lang='lat'><strong><em>:</em></strong></span> 
     </span>
    </p>
   </div>
   <div class='ocr_carea' id='block_1_21' title="bbox 2357 572 3245 635">
    <p class='ocr_par' dir='ltr' id='par_1_21' title="bbox 2357 572 3245 635">
     <span class='ocr_line' id='line_1_21' title="bbox 2357 572 3245 635; baseline 0.01 -9"><span class='ocrx_word' id='word_1_108' title='bbox 2357 572 2575 632; x_wconf 88' lang='lat' dir='ltr'><strong>Patiens</strong></span> <span class='ocrx_word' id='word_1_109' title='bbox 2600 588 2647 632; x_wconf 91' lang='lat' dir='ltr'><strong>et</strong></span> <span class='ocrx_word' id='word_1_110' title='bbox 2673 578 2895 633; x_wconf 84' lang='lat' dir='ltr'><strong>multum</strong></span> <span class='ocrx_word' id='word_1_111' title='bbox 2926 580 3245 635; x_wconf 74' lang='lat' dir='ltr'><strong>misericors.</strong></span> 
     </span>
    </p>
   </div>
   <div class='ocr_carea' id='block_1_22' title="bbox 2283 662 3797 738">
    <p class='ocr_par' dir='ltr' id='par_1_22' title="bbox 2283 662 3797 738">
     <span class='ocr_line' id='line_1_22' title="bbox 2283 662 3797 738; baseline 0.007 -20"><span class='ocrx_word' id='word_1_112' title='bbox 2283 663 2325 718; x_wconf 92' lang='lat' dir='ltr'><strong>C</strong></span> <span class='ocrx_word' id='word_1_113' title='bbox 2352 662 2504 730; x_wconf 86' lang='lat' dir='ltr'><strong>Quod</strong></span> <span class='ocrx_word' id='word_1_114' title='bbox 2529 667 2841 722; x_wconf 83' lang='lat' dir='ltr'><strong>misericors</strong></span> <span class='ocrx_word' id='word_1_115' title='bbox 2857 667 3072 732; x_wconf 89' lang='lat' dir='ltr'><strong>dicitur,</strong></span> <span class='ocrx_word' id='word_1_116' title='bbox 3089 677 3298 723; x_wconf 68' lang='lat' dir='ltr'><strong>naturae</strong></span> <span class='ocrx_word' id='word_1_117' title='bbox 3313 668 3482 738; x_wconf 88' lang='lat' dir='ltr'><strong>ipsius</strong></span> <span class='ocrx_word' id='word_1_118' title='bbox 3496 669 3665 726; x_wconf 87' lang='lat' dir='ltr'><strong>virtus</strong></span> <span class='ocrx_word' id='word_1_119' title='bbox 3684 681 3797 728; x_wconf 79' lang='lat' dir='ltr'><strong>est:</strong></span> 
     </span>
    </p>
   </div>
   <div class='ocr_carea' id='block_1_23' title="bbox 2213 752 3797 830">
    <p class='ocr_par' dir='ltr' id='par_1_23' title="bbox 2213 752 3797 830">
     <span class='ocr_line' id='line_1_23' title="bbox 2213 752 3797 830; baseline 0.006 -24"><span class='ocrx_word' id='word_1_120' title='bbox 2213 752 2356 823; x_wconf 91' lang='lat' dir='ltr'><strong>quod</strong></span> <span class='ocrx_word' id='word_1_121' title='bbox 2390 754 2710 821; x_wconf 88' lang='lat' dir='ltr'><strong>miserator,</strong></span> <span class='ocrx_word' id='word_1_122' title='bbox 2754 771 2919 811; x_wconf 87' lang='lat' dir='ltr'><strong>causa</strong></span> <span class='ocrx_word' id='word_1_123' title='bbox 2944 756 3134 812; x_wconf 89' lang='lat' dir='ltr'><strong>salutis</strong></span> <span class='ocrx_word' id='word_1_124' title='bbox 3162 766 3245 811; x_wconf 85' lang='lat' dir='ltr'><strong>est</strong></span> <span class='ocrx_word' id='word_1_125' title='bbox 3272 766 3472 813; x_wconf 77' lang='lat' dir='ltr'><strong>nostra:</strong></span> <span class='ocrx_word' id='word_1_126' title='bbox 3499 757 3797 830; x_wconf 80' lang='lat' dir='ltr'><strong>fragilitati.</strong></span> 
     </span>
    </p>
   </div>
   <div class='ocr_carea' id='block_1_24' title="bbox 2212 841 3804 922">
    <p class='ocr_par' dir='ltr' id='par_1_24' title="bbox 2212 841 3804 922">
     <span class='ocr_line' id='line_1_24' title="bbox 2212 841 3804 922; baseline 0.009 -27"><span class='ocrx_word' id='word_1_127' title='bbox 2212 841 2431 899; x_wconf 89' lang='lat' dir='ltr'><strong>Patiens</strong></span> <span class='ocrx_word' id='word_1_128' title='bbox 2455 859 2471 899; x_wconf 89' lang='lat'><strong>:</strong></span> <span class='ocrx_word' id='word_1_129' title='bbox 2500 861 2623 901; x_wconf 91' lang='lat' dir='ltr'><strong>cum</strong></span> <span class='ocrx_word' id='word_1_130' title='bbox 2672 862 2926 904; x_wconf 78' lang='lat' dir='ltr'><strong>excessus</strong></span> <span class='ocrx_word' id='word_1_131' title='bbox 2961 849 3231 905; x_wconf 88' lang='lat' dir='ltr'><strong>humanos</strong></span> <span class='ocrx_word' id='word_1_132' title='bbox 3259 852 3510 920; x_wconf 85' lang='lat' dir='ltr'><strong>(pr0pter</strong></span> <span class='ocrx_word' id='word_1_133' title='bbox 3539 864 3679 922; x_wconf 86' lang='lat' dir='ltr'><strong>quos</strong></span> <span class='ocrx_word' id='word_1_134' title='bbox 3706 854 3804 909; x_wconf 82' lang='lat' dir='ltr'><strong>de-</strong></span> 
     </span>
    </p>
   </div>
   <div class='ocr_carea' id='block_1_25' title="bbox 2209 933 3799 1011">
    <p class='ocr_par' dir='ltr' id='par_1_25' title="bbox 2209 933 3799 1011">
     <span class='ocr_line' id='line_1_25' title="bbox 2209 933 3799 1011; baseline 0.008 -23"><span class='ocrx_word' id='word_1_135' title='bbox 2209 933 2426 990; x_wconf 87' lang='lat' dir='ltr'><strong>buimus</strong></span> <span class='ocrx_word' id='word_1_136' title='bbox 2451 939 2654 1009; x_wconf 90' lang='lat' dir='ltr'><strong>puniri)</strong></span> <span class='ocrx_word' id='word_1_137' title='bbox 2678 955 2776 1010; x_wconf 88' lang='lat' dir='ltr'><strong>per</strong></span> <span class='ocrx_word' id='word_1_138' title='bbox 2804 942 3123 1011; x_wconf 84' lang='lat' dir='ltr'><strong>patientiam</strong></span> <span class='ocrx_word' id='word_1_139' title='bbox 3150 943 3400 999; x_wconf 88' lang='lat' dir='ltr'><strong>sustinet.</strong></span> <span class='ocrx_word' id='word_1_140' title='bbox 3440 942 3667 1000; x_wconf 72' lang='lat' dir='ltr'><strong>Multum</strong></span> <span class='ocrx_word' id='word_1_141' title='bbox 3695 946 3799 1001; x_wconf 87' lang='lat' dir='ltr'><strong>mi-</strong></span> 
     </span>
    </p>
   </div>
   <div class='ocr_carea' id='block_1_26' title="bbox 2209 1024 3656 1103">
    <p class='ocr_par' dir='ltr' id='par_1_26' title="bbox 2209 1024 3656 1103">
     <span class='ocr_line' id='line_1_26' title="bbox 2209 1024 3656 1103; baseline 0.008 -24"><span class='ocrx_word' id='word_1_142' title='bbox 2209 1024 2446 1081; x_wconf 89' lang='lat' dir='ltr'><strong>sericors</strong></span> <span class='ocrx_word' id='word_1_143' title='bbox 2473 1044 2486 1080; x_wconf 91' lang='lat'><strong>:</strong></span> <span class='ocrx_word' id='word_1_144' title='bbox 2523 1036 2581 1081; x_wconf 91' lang='lat' dir='ltr'><strong>ut</strong></span> <span class='ocrx_word' id='word_1_145' title='bbox 2607 1028 2721 1098; x_wconf 89' lang='lat' dir='ltr'><strong>ipse</strong></span> <span class='ocrx_word' id='word_1_146' title='bbox 2747 1030 2824 1084; x_wconf 91' lang='lat' dir='ltr'><strong>ait</strong></span> <span class='ocrx_word' id='word_1_147' title='bbox 2853 1048 2866 1083; x_wconf 90' lang='lat'>:</span> <span class='ocrx_word' id='word_1_148' title='bbox 2909 1030 3045 1086; x_wconf 85' lang='lat' dir='ltr'><strong>Nolo</strong></span> <span class='ocrx_word' id='word_1_149' title='bbox 3076 1042 3306 1087; x_wconf 88' lang='lat' dir='ltr'><strong>mortem</strong></span> <span class='ocrx_word' id='word_1_150' title='bbox 3331 1036 3656 1103; x_wconf 84' lang='lat' dir='ltr'><strong>peccatoris.</strong></span> 
     </span>
    </p>
   </div>
   <div class='ocr_carea' id='block_1_27' title="bbox 2210 1114 3114 1177">
    <p class='ocr_par' dir='ltr' id='par_1_27' title="bbox 2210 1114 3114 1177">
     <span class='ocr_line' id='line_1_27' title="bbox 2210 1114 3114 1177; baseline 0.007 -7"><span class='ocrx_word' id='word_1_151' title='bbox 2210 1115 2245 1171; x_wconf 87' lang='lat'><strong><em>9</em></strong></span> <span class='ocrx_word' id='word_1_152' title='bbox 2318 1114 2504 1172; x_wconf 85' lang='lat' dir='ltr'><strong>Suaris</strong></span> <span class='ocrx_word' id='word_1_153' title='bbox 2534 1118 2790 1175; x_wconf 73' lang='lat' dir='ltr'><strong>Dominus</strong></span> <span class='ocrx_word' id='word_1_154' title='bbox 2820 1122 3074 1177; x_wconf 85' lang='lat' dir='ltr'><strong>universis</strong></span> <span class='ocrx_word' id='word_1_155' title='bbox 3101 1141 3114 1176; x_wconf 91' lang='lat'><strong>:</strong></span> 
     </span>
    </p>
   </div>
   <div class='ocr_carea' id='block_1_28' title="bbox 2353 1205 3675 1285">
    <p class='ocr_par' dir='ltr' id='par_1_28' title="bbox 2353 1205 3675 1285">
     <span class='ocr_line' id='line_1_28' title="bbox 2353 1205 3675 1285; baseline 0.008 -26"><span class='ocrx_word' id='word_1_156' title='bbox 2353 1205 2422 1262; x_wconf 77' lang='lat' dir='ltr'><strong>Et</strong></span> <span class='ocrx_word' id='word_1_157' title='bbox 2451 1209 2809 1266; x_wconf 87' lang='lat' dir='ltr'><strong>miserationes</strong></span> <span class='ocrx_word' id='word_1_158' title='bbox 2832 1212 2945 1281; x_wconf 86' lang='lat' dir='ltr'><strong>ejus</strong></span> <span class='ocrx_word' id='word_1_159' title='bbox 2967 1229 3124 1283; x_wconf 80' lang='lat' dir='ltr'><strong>super</strong></span> <span class='ocrx_word' id='word_1_160' title='bbox 3149 1214 3327 1269; x_wconf 85' lang='lat' dir='ltr'><strong>omnia</strong></span> <span class='ocrx_word' id='word_1_161' title='bbox 3355 1230 3515 1285; x_wconf 86' lang='lat' dir='ltr'><strong>opera</strong></span> <span class='ocrx_word' id='word_1_162' title='bbox 3540 1232 3675 1285; x_wconf 63' lang='lat' dir='ltr'><strong>ejus.</strong></span> 
     </span>
    </p>
   </div>
   <div class='ocr_carea' id='block_1_29' title="bbox 2281 1295 3801 1373">
    <p class='ocr_par' dir='ltr' id='par_1_29' title="bbox 2281 1295 3801 1373">
     <span class='ocr_line' id='line_1_29' title="bbox 2281 1295 3801 1373; baseline 0.007 -22"><span class='ocrx_word' id='word_1_163' title='bbox 2281 1295 2323 1352; x_wconf 86' lang='lat' dir='ltr'><strong>C</strong></span> <span class='ocrx_word' id='word_1_164' title='bbox 2357 1296 2495 1364; x_wconf 87' lang='lat' dir='ltr'><strong>Quid</strong></span> <span class='ocrx_word' id='word_1_165' title='bbox 2527 1300 2674 1354; x_wconf 92' lang='lat' dir='ltr'><strong>enim</strong></span> <span class='ocrx_word' id='word_1_166' title='bbox 2699 1301 3164 1371; x_wconf 81' lang='lat' dir='ltr'><strong>magniﬁcentius,</strong></span> <span class='ocrx_word' id='word_1_167' title='bbox 3210 1318 3373 1373; x_wconf 88' lang='lat' dir='ltr'><strong>quam</strong></span> <span class='ocrx_word' id='word_1_168' title='bbox 3416 1319 3640 1361; x_wconf 83' lang='lat' dir='ltr'><strong>suavem</strong></span> <span class='ocrx_word' id='word_1_169' title='bbox 3681 1321 3801 1362; x_wconf 85' lang='lat' dir='ltr'><strong>esse</strong></span> 
     </span>
    </p>
   </div>
   <div class='ocr_carea' id='block_1_30' title="bbox 2212 1387 3800 1467">
    <p class='ocr_par' dir='ltr' id='par_1_30' title="bbox 2212 1387 3800 1467">
     <span class='ocr_line' id='line_1_30' title="bbox 2212 1387 3800 1467; baseline 0.006 -26"><span class='ocrx_word' id='word_1_170' title='bbox 2212 1387 2506 1453; x_wconf 86' lang='lat' dir='ltr'><strong>universis,</strong></span> <span class='ocrx_word' id='word_1_171' title='bbox 2523 1390 2615 1459; x_wconf 90' lang='lat' dir='ltr'><strong>qui</strong></span> <span class='ocrx_word' id='word_1_172' title='bbox 2640 1400 2819 1446; x_wconf 89' lang='lat' dir='ltr'><strong>tamen</strong></span> <span class='ocrx_word' id='word_1_173' title='bbox 2844 1393 3055 1450; x_wconf 78' lang='lat' dir='ltr'><strong>devotis</strong></span> <span class='ocrx_word' id='word_1_174' title='bbox 3084 1394 3355 1450; x_wconf 88' lang='lat' dir='ltr'><strong>mentibus</strong></span> <span class='ocrx_word' id='word_1_175' title='bbox 3376 1411 3606 1451; x_wconf 87' lang='lat' dir='ltr'><strong>munera</strong></span> <span class='ocrx_word' id='word_1_176' title='bbox 3634 1396 3800 1467; x_wconf 83' lang='lat' dir='ltr'><strong>ipsius</strong></span> 
     </span>
    </p>
   </div>
   <div class='ocr_carea' id='block_1_31' title="bbox 2216 1476 3797 1553">
    <p class='ocr_par' dir='ltr' id='par_1_31' title="bbox 2216 1476 3797 1553">
     <span class='ocr_line' id='line_1_31' title="bbox 2216 1476 3797 1553; baseline 0.006 -24"><span class='ocrx_word' id='word_1_177' title='bbox 2216 1484 2594 1546; x_wconf 87' lang='lat' dir='ltr'><strong>gustaverunt.</strong></span> <span class='ocrx_word' id='word_1_178' title='bbox 2626 1476 2733 1533; x_wconf 91' lang='lat' dir='ltr'><strong>Sed</strong></span> <span class='ocrx_word' id='word_1_179' title='bbox 2764 1479 2901 1535; x_wconf 90' lang='lat' dir='ltr'><strong>dicis</strong></span> <span class='ocrx_word' id='word_1_180' title='bbox 2930 1496 3029 1535; x_wconf 88' lang='lat' dir='ltr'><strong>cur</strong></span> <span class='ocrx_word' id='word_1_181' title='bbox 3054 1497 3186 1551; x_wconf 88' lang='lat' dir='ltr'><strong>ergo</strong></span> <span class='ocrx_word' id='word_1_182' title='bbox 3214 1492 3530 1553; x_wconf 86' lang='lat' dir='ltr'><strong>peccatores</strong></span> <span class='ocrx_word' id='word_1_183' title='bbox 3560 1486 3797 1550; x_wconf 89' lang='lat' dir='ltr'><strong>damnat,</strong></span> 
     </span>
    </p>
   </div>
   <div class='ocr_carea' id='block_1_32' title="bbox 2213 1566 3799 1636">
    <p class='ocr_par' dir='ltr' id='par_1_32' title="bbox 2213 1566 3799 1636">
     <span class='ocr_line' id='line_1_32' title="bbox 2213 1566 3799 1636; baseline 0.008 -18"><span class='ocrx_word' id='word_1_184' title='bbox 2213 1566 2304 1634; x_wconf 89' lang='lat' dir='ltr'><strong>qui</strong></span> <span class='ocrx_word' id='word_1_185' title='bbox 2328 1581 2491 1636; x_wconf 82' lang='lat' dir='ltr'><strong>Opera</strong></span> <span class='ocrx_word' id='word_1_186' title='bbox 2517 1582 2610 1623; x_wconf 86' lang='lat' dir='ltr'><strong>sua</strong></span> <span class='ocrx_word' id='word_1_187' title='bbox 2639 1584 2745 1623; x_wconf 93' lang='lat' dir='ltr'><strong>non</strong></span> <span class='ocrx_word' id='word_1_188' title='bbox 2789 1569 3079 1627; x_wconf 81' lang='lat' dir='ltr'><strong>fecerunt?</strong></span> <span class='ocrx_word' id='word_1_189' title='bbox 3108 1572 3483 1630; x_wconf 84' lang='lat' dir='ltr'><strong>Misericordia</strong></span> <span class='ocrx_word' id='word_1_190' title='bbox 3513 1576 3659 1630; x_wconf 90' lang='lat' dir='ltr'><strong>enim</strong></span> <span class='ocrx_word' id='word_1_191' title='bbox 3703 1592 3799 1630; x_wconf 90' lang='lat' dir='ltr'><strong>sua</strong></span> 
     </span>
    </p>
   </div>
   <div class='ocr_carea' id='block_1_33' title="bbox 583 1650 3795 1735">
    <p class='ocr_par' dir='ltr' id='par_1_33' title="bbox 583 1650 3795 1735">
     <span class='ocr_line' id='line_1_33' title="bbox 583 1650 3795 1735; baseline 0.003 -16"><span class='ocrx_word' id='word_1_192' title='bbox 583 1662 624 1719; x_wconf 90' lang='lat' dir='ltr'><strong>C</strong></span> <span class='ocrx_word' id='word_1_193' title='bbox 660 1662 925 1719; x_wconf 75' lang='lat' dir='ltr'><strong>Exaltabo</strong></span> <span class='ocrx_word' id='word_1_194' title='bbox 959 1671 1009 1718; x_wconf 93' lang='lat' dir='ltr'><strong>te</strong></span> <span class='ocrx_word' id='word_1_195' title='bbox 1044 1663 1249 1718; x_wconf 89' lang='lat' dir='ltr'><strong>dictum</strong></span> <span class='ocrx_word' id='word_1_196' title='bbox 1280 1673 1364 1719; x_wconf 90' lang='lat' dir='ltr'><strong>est</strong></span> <span class='ocrx_word' id='word_1_197' title='bbox 1392 1684 1405 1718; x_wconf 90' lang='lat'><strong>:</strong></span> <span class='ocrx_word' id='word_1_198' title='bbox 1432 1673 1621 1720; x_wconf 90' lang='lat' dir='ltr'><strong>notum</strong></span> <span class='ocrx_word' id='word_1_199' title='bbox 1651 1665 1846 1721; x_wconf 79' lang='lat' dir='ltr'><strong>faciam</strong></span> <span class='ocrx_word' id='word_1_200' title='bbox 1873 1675 1947 1731; x_wconf 91' lang='lat' dir='ltr'><strong>te,</strong></span> <span class='ocrx_word' id='word_1_201' title='bbox 1970 1682 2104 1735; x_wconf 69' lang='lat' dir='ltr'><strong>prm-</strong></span> <span class='ocrx_word' id='word_1_202' title='bbox 2139 1650 2180 1709; x_wconf 82' lang='grc' dir='ltr'><strong>Β</strong></span> <span class='ocrx_word' id='word_1_203' title='bbox 2209 1653 2410 1709; x_wconf 65' lang='grc' dir='ltr'><strong>(Ποίων</strong></span> <span class='ocrx_word' id='word_1_204' title='bbox 2439 1671 2561 1712; x_wconf 72' lang='lat' dir='ltr'><strong>esse</strong></span> <span class='ocrx_word' id='word_1_205' title='bbox 2589 1671 2753 1727; x_wconf 67' lang='lat' dir='ltr'><strong>super</strong></span> <span class='ocrx_word' id='word_1_206' title='bbox 2778 1660 2959 1713; x_wconf 64' lang='lat' dir='ltr'><strong>omnia</strong></span> <span class='ocrx_word' id='word_1_207' title='bbox 3006 1674 3170 1730; x_wconf 75' lang='lat' dir='ltr'><strong>opera</strong></span> <span class='ocrx_word' id='word_1_208' title='bbox 3220 1661 3371 1729; x_wconf 61' lang='lat' dir='ltr'><strong>eius»</strong></span> <span class='ocrx_word' id='word_1_209' title='bbox 3420 1662 3632 1718; x_wconf 64' lang='grc' dir='ltr'><strong>δείῖῖοθι</strong></span> <span class='ocrx_word' id='word_1_210' title='bbox 3680 1664 3795 1718; x_wconf 68' lang='grc' dir='ltr'><strong>θεῖ·</strong></span> 
     </span>
    </p>
   </div>
   <div class='ocr_carea' id='block_1_34' title="bbox 513 1754 2102 1830">
    <p class='ocr_par' dir='ltr' id='par_1_34' title="bbox 513 1754 2102 1830">
     <span class='ocr_line' id='line_1_34' title="bbox 513 1754 2102 1830; baseline 0 -19"><span class='ocrx_word' id='word_1_211' title='bbox 513 1755 742 1811; x_wconf 91' lang='lat' dir='ltr'><strong>dicando</strong></span> <span class='ocrx_word' id='word_1_212' title='bbox 765 1755 908 1825; x_wconf 88' lang='lat' dir='ltr'><strong>quod</strong></span> <span class='ocrx_word' id='word_1_213' title='bbox 935 1771 1015 1811; x_wconf 92' lang='lat' dir='ltr'><strong>es.</strong></span> <span class='ocrx_word' id='word_1_214' title='bbox 1041 1754 1177 1811; x_wconf 85' lang='lat' dir='ltr'><strong>Nam</strong></span> <span class='ocrx_word' id='word_1_215' title='bbox 1205 1757 1658 1825; x_wconf 80' lang='lat' dir='ltr'><strong>quemadmodum</strong></span> <span class='ocrx_word' id='word_1_216' title='bbox 1680 1767 1898 1830; x_wconf 91' lang='lat' dir='ltr'><strong>putetur</strong></span> <span class='ocrx_word' id='word_1_217' title='bbox 1925 1758 2102 1828; x_wconf 80' lang='lat' dir='ltr'><strong>aliqua</strong></span> 
     </span>
    </p>
   </div>
   <div class='ocr_carea' id='block_1_35' title="bbox 512 1848 2104 1920">
    <p class='ocr_par' dir='ltr' id='par_1_35' title="bbox 512 1848 2104 1920">
     <span class='ocr_line' id='line_1_35' title="bbox 512 1848 2104 1920; baseline 0.003 -19"><span class='ocrx_word' id='word_1_218' title='bbox 512 1849 670 1904; x_wconf 86' lang='lat' dir='ltr'><strong>laude</strong></span> <span class='ocrx_word' id='word_1_219' title='bbox 711 1850 853 1903; x_wconf 88' lang='lat' dir='ltr'><strong>Deus</strong></span> <span class='ocrx_word' id='word_1_220' title='bbox 896 1849 1054 1904; x_wconf 89' lang='lat' dir='ltr'><strong>altior</strong></span> <span class='ocrx_word' id='word_1_221' title='bbox 1109 1848 1247 1916; x_wconf 89' lang='lat' dir='ltr'><strong>fieri,</strong></span> <span class='ocrx_word' id='word_1_222' title='bbox 1299 1865 1421 1904; x_wconf 92' lang='lat' dir='ltr'><strong>cum</strong></span> <span class='ocrx_word' id='word_1_223' title='bbox 1474 1851 1655 1904; x_wconf 88' lang='lat' dir='ltr'><strong>divina</strong></span> <span class='ocrx_word' id='word_1_224' title='bbox 1692 1849 1956 1920; x_wconf 82' lang='lat' dir='ltr'><strong>perfectio</strong></span> <span class='ocrx_word' id='word_1_225' title='bbox 2001 1868 2104 1905; x_wconf 92' lang='lat' dir='ltr'><strong>non</strong></span> 
     </span>
    </p>
   </div>
   <div class='ocr_carea' id='block_1_36' title="bbox 509 1940 2106 2011">
    <p class='ocr_par' dir='ltr' id='par_1_36' title="bbox 509 1940 2106 2011">
     <span class='ocr_line' id='line_1_36' title="bbox 509 1940 2106 2011; baseline 0.001 -16"><span class='ocrx_word' id='word_1_226' title='bbox 509 1941 685 2011; x_wconf 88' lang='lat' dir='ltr'><strong>possit</strong></span> <span class='ocrx_word' id='word_1_227' title='bbox 720 1941 949 2010; x_wconf 81' lang='lat' dir='ltr'><strong>augeri?</strong></span> <span class='ocrx_word' id='word_1_228' title='bbox 978 1940 1023 1994; x_wconf 84' lang='lat' dir='ltr'><strong>Il</strong></span> <span class='ocrx_word' id='word_1_229' title='bbox 1048 1940 1157 1994; x_wconf 86' lang='lat' dir='ltr'><strong>Sed</strong></span> <span class='ocrx_word' id='word_1_230' title='bbox 1182 1941 1441 2010; x_wconf 83' lang='lat' dir='ltr'><strong>aequalem</strong></span> <span class='ocrx_word' id='word_1_231' title='bbox 1466 1940 1612 1996; x_wconf 83' lang='lat' dir='ltr'><strong>Patri</strong></span> <span class='ocrx_word' id='word_1_232' title='bbox 1642 1942 1806 1997; x_wconf 91' lang='lat' dir='ltr'><strong>credo</strong></span> <span class='ocrx_word' id='word_1_233' title='bbox 1835 1950 1906 1997; x_wconf 88' lang='lat' dir='ltr'><strong>te.</strong></span> <span class='ocrx_word' id='word_1_234' title='bbox 1931 1943 1969 1998; x_wconf 89' lang='lat' dir='ltr'><strong>C</strong></span> <span class='ocrx_word' id='word_1_235' title='bbox 1991 1943 2051 1997; x_wconf 73' lang='lat' dir='ltr'><strong>R:</strong></span> <span class='ocrx_word' id='word_1_236' title='bbox 2074 1960 2106 1997; x_wconf 71' lang='grc' dir='ltr'><strong>ι</strong></span> 
     </span>
    </p>
   </div>
   <div class='ocr_carea' id='block_1_37' title="bbox 512 2028 2108 2101">
    <p class='ocr_par' dir='ltr' id='par_1_37' title="bbox 512 2028 2108 2101">
     <span class='ocr_line' id='line_1_37' title="bbox 512 2028 2108 2101; baseline 0.004 -19"><span class='ocrx_word' id='word_1_237' title='bbox 512 2044 667 2101; x_wconf 87' lang='lat' dir='ltr'><strong>meus</strong></span> <span class='ocrx_word' id='word_1_238' title='bbox 693 2044 707 2082; x_wconf 92' lang='lat'><strong>:</strong></span> <span class='ocrx_word' id='word_1_239' title='bbox 736 2029 1004 2098; x_wconf 82' lang='lat' dir='ltr'><strong>professio</strong></span> <span class='ocrx_word' id='word_1_240' title='bbox 1033 2028 1153 2085; x_wconf 83' lang='lat' dir='ltr'><strong>fidei</strong></span> <span class='ocrx_word' id='word_1_241' title='bbox 1182 2039 1268 2084; x_wconf 92' lang='lat' dir='ltr'><strong>est</strong></span> <span class='ocrx_word' id='word_1_242' title='bbox 1295 2046 1309 2094; x_wconf 91' lang='lat'><strong>;</strong></span> <span class='ocrx_word' id='word_1_243' title='bbox 1344 2030 1599 2101; x_wconf 91' lang='lat' dir='ltr'><strong>quoniam</strong></span> <span class='ocrx_word' id='word_1_244' title='bbox 1632 2031 1700 2085; x_wconf 89' lang='lat' dir='ltr'><strong>ab</strong></span> <span class='ocrx_word' id='word_1_245' title='bbox 1728 2031 1846 2099; x_wconf 86' lang='lat' dir='ltr'><strong>ipso</strong></span> <span class='ocrx_word' id='word_1_246' title='bbox 1878 2048 1936 2087; x_wconf 89' lang='lat' dir='ltr'><strong>se</strong></span> <span class='ocrx_word' id='word_1_247' title='bbox 1962 2033 2108 2088; x_wconf 86' lang='lat' dir='ltr'><strong>dice-</strong></span> 
     </span>
    </p>
   </div>
   <div class='ocr_carea' id='block_1_38' title="bbox 515 2119 2109 2191">
    <p class='ocr_par' dir='ltr' id='par_1_38' title="bbox 515 2119 2109 2191">
     <span class='ocr_line' id='line_1_38' title="bbox 515 2119 2109 2191; baseline 0.003 -16"><span class='ocrx_word' id='word_1_248' title='bbox 515 2120 611 2176; x_wconf 89' lang='lat' dir='ltr'><strong>bat</strong></span> <span class='ocrx_word' id='word_1_249' title='bbox 642 2120 783 2191; x_wconf 88' lang='lat' dir='ltr'><strong>regi,</strong></span> <span class='ocrx_word' id='word_1_250' title='bbox 812 2121 898 2175; x_wconf 92' lang='lat' dir='ltr'><strong>cui</strong></span> <span class='ocrx_word' id='word_1_251' title='bbox 926 2135 985 2175; x_wconf 88' lang='lat' dir='ltr'><strong>se</strong></span> <span class='ocrx_word' id='word_1_252' title='bbox 1008 2130 1235 2176; x_wconf 83' lang='lat' dir='ltr'><strong>noverat</strong></span> <span class='ocrx_word' id='word_1_253' title='bbox 1265 2136 1401 2191; x_wconf 91' lang='lat' dir='ltr'><strong>pura</strong></span> <span class='ocrx_word' id='word_1_254' title='bbox 1427 2129 1608 2175; x_wconf 88' lang='lat' dir='ltr'><strong>mente</strong></span> <span class='ocrx_word' id='word_1_255' title='bbox 1632 2119 1905 2178; x_wconf 84' lang='lat' dir='ltr'><strong>famulari.</strong></span> <span class='ocrx_word' id='word_1_256' title='bbox 1935 2122 2109 2179; x_wconf 85' lang='lat' dir='ltr'><strong>Bene-</strong></span> 
     </span>
    </p>
   </div>
   <div class='ocr_carea' id='block_1_39' title="bbox 513 2210 2106 2282">
    <p class='ocr_par' dir='ltr' id='par_1_39' title="bbox 513 2210 2106 2282">
     <span class='ocr_line' id='line_1_39' title="bbox 513 2210 2106 2282; baseline -0.001 -16"><span class='ocrx_word' id='word_1_257' title='bbox 513 2210 697 2267; x_wconf 83' lang='lat' dir='ltr'><strong>dicere</strong></span> <span class='ocrx_word' id='word_1_258' title='bbox 719 2227 846 2267; x_wconf 90' lang='lat' dir='ltr'><strong>vero</strong></span> <span class='ocrx_word' id='word_1_259' title='bbox 871 2211 1124 2267; x_wconf 78' lang='lat' dir='ltr'><strong>nominis</strong></span> <span class='ocrx_word' id='word_1_260' title='bbox 1151 2220 1237 2266; x_wconf 89' lang='lat' dir='ltr'><strong>est</strong></span> <span class='ocrx_word' id='word_1_261' title='bbox 1266 2227 1364 2280; x_wconf 88' lang='lat' dir='ltr'><strong>per</strong></span> <span class='ocrx_word' id='word_1_262' title='bbox 1395 2211 1706 2282; x_wconf 67' lang='lat' dir='ltr'><strong>psalmodiaa</strong></span> <span class='ocrx_word' id='word_1_263' title='bbox 1727 2213 1954 2282; x_wconf 79' lang='lat' dir='ltr'><strong>gratiam</strong></span> <span class='ocrx_word' id='word_1_264' title='bbox 1980 2228 2106 2282; x_wconf 87' lang='lat' dir='ltr'><strong>snp-</strong></span> 
     </span>
    </p>
   </div>
   <div class='ocr_carea' id='block_1_40' title="bbox 510 2299 2107 2370">
    <p class='ocr_par' dir='ltr' id='par_1_40' title="bbox 510 2299 2107 2370">
     <span class='ocr_line' id='line_1_40' title="bbox 510 2299 2107 2370; baseline 0.002 -19"><span class='ocrx_word' id='word_1_265' title='bbox 510 2299 714 2369; x_wconf 87' lang='lat' dir='ltr'><strong>plicare</strong></span> <span class='ocrx_word' id='word_1_266' title='bbox 748 2318 760 2353; x_wconf 91' lang='lat'><strong>:</strong></span> <span class='ocrx_word' id='word_1_267' title='bbox 793 2300 936 2370; x_wconf 87' lang='lat' dir='ltr'><strong>quod</strong></span> <span class='ocrx_word' id='word_1_268' title='bbox 965 2300 1057 2369; x_wconf 86' lang='lat' dir='ltr'><strong>qui</strong></span> <span class='ocrx_word' id='word_1_269' title='bbox 1090 2300 1302 2365; x_wconf 87' lang='lat' dir='ltr'><strong>fecerit,</strong></span> <span class='ocrx_word' id='word_1_270' title='bbox 1337 2309 1394 2355; x_wconf 89' lang='lat' dir='ltr'><strong>et</strong></span> <span class='ocrx_word' id='word_1_271' title='bbox 1422 2301 1475 2355; x_wconf 93' lang='lat' dir='ltr'><strong>in</strong></span> <span class='ocrx_word' id='word_1_272' title='bbox 1511 2301 1815 2354; x_wconf 67' lang='lat' dir='ltr'><strong>aeternitate</strong></span> <span class='ocrx_word' id='word_1_273' title='bbox 1841 2316 1963 2354; x_wconf 89' lang='lat' dir='ltr'><strong>eum</strong></span> <span class='ocrx_word' id='word_1_274' title='bbox 1992 2299 2107 2354; x_wconf 86' lang='lat' dir='ltr'><strong>lau-</strong></span> 
     </span>
    </p>
   </div>
   <div class='ocr_carea' id='block_1_41' title="bbox 509 2388 2107 2457">
    <p class='ocr_par' dir='ltr' id='par_1_41' title="bbox 509 2388 2107 2457">
     <span class='ocr_line' id='line_1_41' title="bbox 509 2388 2107 2457; baseline -0.001 -14"><span class='ocrx_word' id='word_1_275' title='bbox 509 2389 641 2446; x_wconf 89' lang='lat' dir='ltr'><strong>dare</strong></span> <span class='ocrx_word' id='word_1_276' title='bbox 684 2392 983 2448; x_wconf 87' lang='lat' dir='ltr'><strong>merebitur</strong></span> <span class='ocrx_word' id='word_1_277' title='bbox 1015 2408 1030 2457; x_wconf 89' lang='lat'><strong>;</strong></span> <span class='ocrx_word' id='word_1_278' title='bbox 1081 2392 1201 2447; x_wconf 91' lang='lat' dir='ltr'><strong>ideo</strong></span> <span class='ocrx_word' id='word_1_279' title='bbox 1230 2389 1482 2446; x_wconf 90' lang='lat' dir='ltr'><strong>subditur</strong></span> <span class='ocrx_word' id='word_1_280' title='bbox 1515 2391 1652 2445; x_wconf 92' lang='lat' dir='ltr'><strong>etin</strong></span> <span class='ocrx_word' id='word_1_281' title='bbox 1699 2388 1959 2444; x_wconf 80' lang='lat' dir='ltr'><strong>saeculum</strong></span> <span class='ocrx_word' id='word_1_282' title='bbox 2006 2402 2107 2443; x_wconf 57' lang='lat' dir='ltr'><strong>ste-</strong></span> 
     </span>
    </p>
   </div>
   <div class='ocr_carea' id='block_1_42' title="bbox 509 2479 1267 2545">
    <p class='ocr_par' dir='ltr' id='par_1_42' title="bbox 509 2479 1267 2545">
     <span class='ocr_line' id='line_1_42' title="bbox 509 2479 1267 2545; baseline 0 -12"><span class='ocrx_word' id='word_1_283' title='bbox 509 2479 640 2545; x_wconf 88' lang='lat' dir='ltr'><strong>culi,</strong></span> <span class='ocrx_word' id='word_1_284' title='bbox 670 2482 761 2536; x_wconf 90' lang='lat' dir='ltr'><strong>ubi</strong></span> <span class='ocrx_word' id='word_1_285' title='bbox 791 2482 970 2537; x_wconf 90' lang='lat' dir='ltr'><strong>nullus</strong></span> <span class='ocrx_word' id='word_1_286' title='bbox 1005 2491 1091 2537; x_wconf 89' lang='lat' dir='ltr'><strong>est</strong></span> <span class='ocrx_word' id='word_1_287' title='bbox 1124 2481 1267 2537; x_wconf 88' lang='lat' dir='ltr'><strong>finis.</strong></span> 
     </span>
    </p>
   </div>
   <div class='ocr_carea' id='block_1_43' title="bbox 506 2569 1616 2643">
    <p class='ocr_par' dir='ltr' id='par_1_43' title="bbox 506 2569 1616 2643">
     <span class='ocr_line' id='line_1_43' title="bbox 506 2569 1616 2643; baseline 0.002 -19"><span class='ocrx_word' id='word_1_288' title='bbox 506 2569 543 2624; x_wconf 67' lang='grc'><strong>2</strong></span> <span class='ocrx_word' id='word_1_289' title='bbox 618 2569 723 2626; x_wconf 83' lang='lat' dir='ltr'><strong>Per</strong></span> <span class='ocrx_word' id='word_1_290' title='bbox 749 2572 985 2643; x_wconf 87' lang='lat' dir='ltr'><strong>singulos</strong></span> <span class='ocrx_word' id='word_1_291' title='bbox 1013 2573 1123 2627; x_wconf 87' lang='lat' dir='ltr'><strong>dies</strong></span> <span class='ocrx_word' id='word_1_292' title='bbox 1147 2571 1450 2627; x_wconf 89' lang='lat' dir='ltr'><strong>benedicam</strong></span> <span class='ocrx_word' id='word_1_293' title='bbox 1482 2571 1575 2625; x_wconf 82' lang='lat' dir='ltr'><strong>tibi</strong></span> <span class='ocrx_word' id='word_1_294' title='bbox 1598 2587 1616 2626; x_wconf 89' lang='lat'><strong><em>:</em></strong></span> 
     </span>
    </p>
   </div>
   <div class='ocr_carea' id='block_1_44' title="bbox 650 2662 2109 2718">
    <p class='ocr_par' dir='ltr' id='par_1_44' title="bbox 650 2662 2109 2718">
     <span class='ocr_line' id='line_1_44' title="bbox 650 2662 2109 2718; baseline 0.001 -3"><span class='ocrx_word' id='word_1_295' title='bbox 650 2663 719 2715; x_wconf 81' lang='lat' dir='ltr'><strong>Et</strong></span> <span class='ocrx_word' id='word_1_296' title='bbox 750 2664 980 2717; x_wconf 91' lang='lat' dir='ltr'><strong>laudabo</strong></span> <span class='ocrx_word' id='word_1_297' title='bbox 1010 2680 1196 2718; x_wconf 87' lang='lat' dir='ltr'><strong>nomen</strong></span> <span class='ocrx_word' id='word_1_298' title='bbox 1225 2672 1374 2716; x_wconf 88' lang='lat' dir='ltr'><strong>tuum</strong></span> <span class='ocrx_word' id='word_1_299' title='bbox 1399 2662 1452 2716; x_wconf 90' lang='lat' dir='ltr'><strong>in</strong></span> <span class='ocrx_word' id='word_1_300' title='bbox 1477 2662 1731 2717; x_wconf 78' lang='lat' dir='ltr'><strong>sazculum</strong></span> <span class='ocrx_word' id='word_1_301' title='bbox 1765 2673 1811 2716; x_wconf 90' lang='lat' dir='ltr'><strong>et</strong></span> <span class='ocrx_word' id='word_1_302' title='bbox 1855 2665 1910 2716; x_wconf 93' lang='lat' dir='ltr'><strong>in</strong></span> <span class='ocrx_word' id='word_1_303' title='bbox 1944 2678 2109 2717; x_wconf 71' lang='grc' dir='ltr'><strong>δαναι-</strong></span> 
     </span>
    </p>
   </div>
   <div class='ocr_carea' id='block_1_45' title="bbox 720 2741 1861 2824">
    <p class='ocr_par' dir='ltr' id='par_1_45' title="bbox 720 2741 1861 2824">
     <span class='ocr_line' id='line_1_45' title="bbox 720 2741 1861 2824; baseline 0.007 -21"><span class='ocrx_word' id='word_1_304' title='bbox 720 2752 830 2806; x_wconf 91' lang='lat' dir='ltr'><strong>lum</strong></span> <span class='ocrx_word' id='word_1_305' title='bbox 854 2767 915 2808; x_wconf 83' lang='lat' dir='ltr'><strong>-t-</strong></span> <span class='ocrx_word' id='word_1_306' title='bbox 937 2752 1121 2807; x_wconf 72' lang='lat' dir='ltr'><strong>sweuli</strong></span> <span class='ocrx_word' id='word_1_307' title='bbox 1153 2754 1170 2824; x_wconf 70' lang='grc' dir='ltr'>ζ</span> <span class='ocrx_word' id='word_1_308' title='bbox 1204 2789 1224 2810; x_wconf 79' lang='lat'><strong>.</strong></span> <span class='ocrx_word' id='word_1_309' title='bbox 1834 2741 1861 2765; x_wconf 77' lang='grc'><em>’</em></span> 
     </span>
    </p>
   </div>
   <div class='ocr_carea' id='block_1_46' title="bbox 578 2842 2105 2915">
    <p class='ocr_par' dir='ltr' id='par_1_46' title="bbox 578 2842 2105 2915">
     <span class='ocr_line' id='line_1_46' title="bbox 578 2842 2105 2915; baseline -0.001 -15"><span class='ocrx_word' id='word_1_310' title='bbox 578 2842 620 2900; x_wconf 89' lang='lat' dir='ltr'><strong>C</strong></span> <span class='ocrx_word' id='word_1_311' title='bbox 651 2843 755 2911; x_wconf 89' lang='lat' dir='ltr'><strong>Qui</strong></span> <span class='ocrx_word' id='word_1_312' title='bbox 796 2844 885 2901; x_wconf 82' lang='lat' dir='ltr'><strong>hic</strong></span> <span class='ocrx_word' id='word_1_313' title='bbox 921 2860 1020 2915; x_wconf 82' lang='lat' dir='ltr'><strong>per</strong></span> <span class='ocrx_word' id='word_1_314' title='bbox 1052 2843 1443 2915; x_wconf 43' lang='lat' dir='ltr'><strong>singulos‘dies</strong></span> <span class='ocrx_word' id='word_1_315' title='bbox 1472 2844 1747 2899; x_wconf 89' lang='lat' dir='ltr'><strong>benedicit</strong></span> <span class='ocrx_word' id='word_1_316' title='bbox 1782 2844 1952 2900; x_wconf 92' lang='lat' dir='ltr'><strong>Deum</strong></span> <span class='ocrx_word' id='word_1_317' title='bbox 1986 2863 1999 2897; x_wconf 89' lang='lat'><strong>:</strong></span> <span class='ocrx_word' id='word_1_318' title='bbox 2031 2844 2105 2899; x_wconf 75' lang='lat' dir='ltr'><strong>ibi</strong></span> 
     </span>
    </p>
   </div>
   <div class='ocr_carea' id='block_1_47' title="bbox 507 2936 2104 3009">
    <p class='ocr_par' dir='ltr' id='par_1_47' title="bbox 507 2936 2104 3009">
     <span class='ocr_line' id='line_1_47' title="bbox 507 2936 2104 3009; baseline 0.001 -19"><span class='ocrx_word' id='word_1_319' title='bbox 507 2937 564 2992; x_wconf 89' lang='lat' dir='ltr'><strong>in</strong></span> <span class='ocrx_word' id='word_1_320' title='bbox 591 2936 683 2991; x_wconf 91' lang='lat' dir='ltr'><strong>illo</strong></span> <span class='ocrx_word' id='word_1_321' title='bbox 708 2946 913 2992; x_wconf 71' lang='lat' dir='ltr'><strong>atterno</strong></span> <span class='ocrx_word' id='word_1_322' title='bbox 943 2953 1050 2992; x_wconf 93' lang='lat' dir='ltr'><strong>uno</strong></span> <span class='ocrx_word' id='word_1_323' title='bbox 1079 2938 1167 2993; x_wconf 92' lang='lat' dir='ltr'><strong>die</strong></span> <span class='ocrx_word' id='word_1_324' title='bbox 1203 2937 1319 3009; x_wconf 91' lang='lat' dir='ltr'><strong>(qui</strong></span> <span class='ocrx_word' id='word_1_325' title='bbox 1347 2945 1612 2992; x_wconf 89' lang='lat' dir='ltr'><strong>venturus</strong></span> <span class='ocrx_word' id='word_1_326' title='bbox 1642 2936 1745 3009; x_wconf 90' lang='lat' dir='ltr'><strong>est)</strong></span> <span class='ocrx_word' id='word_1_327' title='bbox 1777 2952 1902 2992; x_wconf 90' lang='lat' dir='ltr'><strong>cum</strong></span> <span class='ocrx_word' id='word_1_328' title='bbox 1926 2937 2104 2993; x_wconf 79' lang='lat' dir='ltr'><strong>beatis</strong></span> 
     </span>
    </p>
   </div>
   <div class='ocr_carea' id='block_1_48' title="bbox 509 3028 1454 3085">
    <p class='ocr_par' dir='ltr' id='par_1_48' title="bbox 509 3028 1454 3085">
     <span class='ocr_line' id='line_1_48' title="bbox 509 3028 1454 3085; baseline 0.002 -3"><span class='ocrx_word' id='word_1_329' title='bbox 509 3028 773 3083; x_wconf 88' lang='lat' dir='ltr'><strong>continua</strong></span> <span class='ocrx_word' id='word_1_330' title='bbox 799 3028 1164 3085; x_wconf 83' lang='lat' dir='ltr'><strong>exsultatione</strong></span> <span class='ocrx_word' id='word_1_331' title='bbox 1191 3029 1454 3084; x_wconf 89' lang='lat' dir='ltr'><strong>laudabit.</strong></span> 
     </span>
    </p>
   </div>
   <div class='ocr_carea' id='block_1_49' title="bbox 507 3117 1734 3189">
    <p class='ocr_par' dir='ltr' id='par_1_49' title="bbox 507 3117 1734 3189">
     <span class='ocr_line' id='line_1_49' title="bbox 507 3117 1734 3189; baseline 0.002 -17"><span class='ocrx_word' id='word_1_332' title='bbox 507 3118 542 3172; x_wconf 76' lang='grc' dir='ltr'>ό</span> <span class='ocrx_word' id='word_1_333' title='bbox 613 3117 841 3189; x_wconf 75' lang='lat' dir='ltr'><strong>Magnus</strong></span> <span class='ocrx_word' id='word_1_334' title='bbox 870 3118 1127 3174; x_wconf 88' lang='lat' dir='ltr'><strong>Dominus</strong></span> <span class='ocrx_word' id='word_1_335' title='bbox 1153 3130 1200 3174; x_wconf 89' lang='lat' dir='ltr'><strong>et</strong></span> <span class='ocrx_word' id='word_1_336' title='bbox 1228 3120 1511 3174; x_wconf 84' lang='lat' dir='ltr'><strong>laudabilis</strong></span> <span class='ocrx_word' id='word_1_337' title='bbox 1539 3120 1692 3175; x_wconf 85' lang='lat' dir='ltr'><strong>nimis</strong></span> <span class='ocrx_word' id='word_1_338' title='bbox 1715 3137 1734 3175; x_wconf 90' lang='lat'><em>:</em></span> 
     </span>
    </p>
   </div>
   <div class='ocr_carea' id='block_1_50' title="bbox 653 3208 2037 3278">
    <p class='ocr_par' dir='ltr' id='par_1_50' title="bbox 653 3208 2037 3278">
     <span class='ocr_line' id='line_1_50' title="bbox 653 3208 2037 3278; baseline 0.005 -18"><span class='ocrx_word' id='word_1_339' title='bbox 653 3208 718 3261; x_wconf 86' lang='lat' dir='ltr'><strong>Et</strong></span> <span class='ocrx_word' id='word_1_340' title='bbox 751 3209 1129 3278; x_wconf 82' lang='lat' dir='ltr'><strong>magnitudinis</strong></span> <span class='ocrx_word' id='word_1_341' title='bbox 1160 3209 1273 3278; x_wconf 83' lang='lat' dir='ltr'><strong>ejus</strong></span> <span class='ocrx_word' id='word_1_342' title='bbox 1301 3226 1402 3262; x_wconf 92' lang='lat' dir='ltr'><strong>non</strong></span> <span class='ocrx_word' id='word_1_343' title='bbox 1426 3219 1501 3263; x_wconf 90' lang='lat' dir='ltr'><strong>est</strong></span> <span class='ocrx_word' id='word_1_344' title='bbox 1528 3210 1673 3277; x_wconf 90' lang='lat' dir='ltr'><strong>ﬁnis.</strong></span> <span class='ocrx_word' id='word_1_345' title='bbox 2036 3264 2037 3267; x_wconf 44' lang='grc' dir='ltr'><strong>η</strong></span> 
     </span>
    </p>
   </div>
   <div class='ocr_carea' id='block_1_51' title="bbox 528 3282 2104 3369">
    <p class='ocr_par' dir='ltr' id='par_1_51' title="bbox 528 3282 2104 3369">
     <span class='ocr_line' id='line_1_51' title="bbox 528 3282 2104 3369; baseline 0.002 -18"><span class='ocrx_word' id='word_1_346' title='bbox 528 3282 531 3283; x_wconf 15' lang='grc' dir='ltr'><em>ν</em></span> <span class='ocrx_word' id='word_1_347' title='bbox 577 3295 626 3351; x_wconf 85' lang='grc' dir='ltr'><strong>Η</strong></span> <span class='ocrx_word' id='word_1_348' title='bbox 658 3295 879 3366; x_wconf 81' lang='lat' dir='ltr'><strong>Magnus</strong></span> <span class='ocrx_word' id='word_1_349' title='bbox 901 3296 1161 3352; x_wconf 89' lang='lat' dir='ltr'><strong>Dominus</strong></span> <span class='ocrx_word' id='word_1_350' title='bbox 1196 3315 1209 3350; x_wconf 88' lang='lat'>:</span> <span class='ocrx_word' id='word_1_351' title='bbox 1241 3298 1368 3367; x_wconf 87' lang='lat' dir='ltr'><strong>quia</strong></span> <span class='ocrx_word' id='word_1_352' title='bbox 1405 3298 1522 3353; x_wconf 90' lang='lat' dir='ltr'><strong>sine</strong></span> <span class='ocrx_word' id='word_1_353' title='bbox 1556 3297 1661 3352; x_wconf 87' lang='lat' dir='ltr'><strong>line</strong></span> <span class='ocrx_word' id='word_1_354' title='bbox 1691 3314 1951 3369; x_wconf 89' lang='lat' dir='ltr'><strong>magnus,</strong></span> <span class='ocrx_word' id='word_1_355' title='bbox 1986 3299 2104 3355; x_wconf 90' lang='lat' dir='ltr'><strong>sine</strong></span> 
     </span>
    </p>
   </div>
   <div class='ocr_carea' id='block_1_52' title="bbox 509 3387 2106 3459">
    <p class='ocr_par' dir='ltr' id='par_1_52' title="bbox 509 3387 2106 3459">
     <span class='ocr_line' id='line_1_52' title="bbox 509 3387 2106 3459; baseline 0.003 -16"><span class='ocrx_word' id='word_1_356' title='bbox 509 3387 617 3443; x_wconf 83' lang='lat' dir='ltr'><strong>fine</strong></span> <span class='ocrx_word' id='word_1_357' title='bbox 641 3388 948 3443; x_wconf 89' lang='lat' dir='ltr'><strong>laudabilis.</strong></span> <span class='ocrx_word' id='word_1_358' title='bbox 981 3388 1211 3459; x_wconf 86' lang='lat' dir='ltr'><strong>CCujus</strong></span> <span class='ocrx_word' id='word_1_359' title='bbox 1260 3389 1435 3444; x_wconf 87' lang='lat' dir='ltr'><strong>virtus</strong></span> <span class='ocrx_word' id='word_1_360' title='bbox 1478 3390 1898 3459; x_wconf 80' lang='lat' dir='ltr'><strong>inexplicabilis,</strong></span> <span class='ocrx_word' id='word_1_361' title='bbox 1950 3391 2106 3459; x_wconf 89' lang='lat' dir='ltr'><strong>cujus</strong></span> 
     </span>
    </p>
   </div>
   <div class='ocr_carea' id='block_1_53' title="bbox 506 3477 2104 3550">
    <p class='ocr_par' dir='ltr' id='par_1_53' title="bbox 506 3477 2104 3550">
     <span class='ocr_line' id='line_1_53' title="bbox 506 3477 2104 3550; baseline 0.004 -19"><span class='ocrx_word' id='word_1_362' title='bbox 506 3477 683 3546; x_wconf 88' lang='lat' dir='ltr'><strong>pietas</strong></span> <span class='ocrx_word' id='word_1_363' title='bbox 725 3479 1310 3550; x_wconf 84' lang='lat' dir='ltr'><strong>incomprehensibilis,</strong></span> <span class='ocrx_word' id='word_1_364' title='bbox 1347 3479 1501 3549; x_wconf 90' lang='lat' dir='ltr'><strong>cujus</strong></span> <span class='ocrx_word' id='word_1_365' title='bbox 1548 3480 1815 3550; x_wconf 88' lang='lat' dir='ltr'><strong>sapientia</strong></span> <span class='ocrx_word' id='word_1_366' title='bbox 1857 3482 2104 3537; x_wconf 77' lang='lat' dir='ltr'><strong>ineffabi-</strong></span> 
     </span>
    </p>
   </div>
   <div class='ocr_carea' id='block_1_54' title="bbox 508 3569 2106 3642">
    <p class='ocr_par' dir='ltr' id='par_1_54' title="bbox 508 3569 2106 3642">
     <span class='ocr_line' id='line_1_54' title="bbox 508 3569 2106 3642; baseline 0.004 -20"><span class='ocrx_word' id='word_1_367' title='bbox 508 3569 594 3637; x_wconf 87' lang='lat' dir='ltr'><strong>lis,</strong></span> <span class='ocrx_word' id='word_1_368' title='bbox 626 3570 780 3639; x_wconf 87' lang='lat' dir='ltr'><strong>cujus</strong></span> <span class='ocrx_word' id='word_1_369' title='bbox 807 3585 934 3626; x_wconf 89' lang='lat' dir='ltr'><strong>vera</strong></span> <span class='ocrx_word' id='word_1_370' title='bbox 957 3572 1196 3642; x_wconf 72' lang='lat' dir='ltr'><strong>diﬁinitio</strong></span> <span class='ocrx_word' id='word_1_371' title='bbox 1219 3580 1337 3637; x_wconf 90' lang='lat' dir='ltr'><strong>est,</strong></span> <span class='ocrx_word' id='word_1_372' title='bbox 1366 3572 1527 3627; x_wconf 89' lang='lat' dir='ltr'><strong>linem</strong></span> <span class='ocrx_word' id='word_1_373' title='bbox 1548 3572 1604 3626; x_wconf 92' lang='lat' dir='ltr'><strong>in</strong></span> <span class='ocrx_word' id='word_1_374' title='bbox 1628 3573 1833 3627; x_wconf 88' lang='lat' dir='ltr'><strong>sanctis</strong></span> <span class='ocrx_word' id='word_1_375' title='bbox 1856 3572 2106 3629; x_wconf 86' lang='lat' dir='ltr'><strong>laudibus</strong></span> 
     </span>
    </p>
   </div>
   <div class='ocr_carea' id='block_1_55' title="bbox 507 3664 876 3717">
    <p class='ocr_par' dir='ltr' id='par_1_55' title="bbox 507 3664 876 3717">
     <span class='ocr_line' id='line_1_55' title="bbox 507 3664 876 3717; baseline 0.003 -2"><span class='ocrx_word' id='word_1_376' title='bbox 507 3674 618 3716; x_wconf 92' lang='lat' dir='ltr'><strong>non</strong></span> <span class='ocrx_word' id='word_1_377' title='bbox 654 3664 876 3717; x_wconf 86' lang='lat' dir='ltr'><strong>habere.</strong></span> 
     </span>
    </p>
   </div>
   <div class='ocr_carea' id='block_1_56' title="bbox 507 3750 1857 3824">
    <p class='ocr_par' dir='ltr' id='par_1_56' title="bbox 507 3750 1857 3824">
     <span class='ocr_line' id='line_1_56' title="bbox 507 3750 1857 3824; baseline 0.001 -18"><span class='ocrx_word' id='word_1_378' title='bbox 507 3752 543 3806; x_wconf 75' lang='grc'><strong>4</strong></span> <span class='ocrx_word' id='word_1_379' title='bbox 615 3750 893 3807; x_wconf 87' lang='lat' dir='ltr'><strong>Generatio</strong></span> <span class='ocrx_word' id='word_1_380' title='bbox 921 3761 969 3805; x_wconf 87' lang='lat' dir='ltr'><strong>et</strong></span> <span class='ocrx_word' id='word_1_381' title='bbox 995 3752 1258 3824; x_wconf 85' lang='lat' dir='ltr'><strong>generatio</strong></span> <span class='ocrx_word' id='word_1_382' title='bbox 1282 3752 1517 3806; x_wconf 83' lang='lat' dir='ltr'><strong>laudabit</strong></span> <span class='ocrx_word' id='word_1_383' title='bbox 1541 3769 1697 3822; x_wconf 83' lang='lat' dir='ltr'><strong>opera</strong></span> <span class='ocrx_word' id='word_1_384' title='bbox 1724 3763 1813 3807; x_wconf 88' lang='lat' dir='ltr'><strong>tua</strong></span> <span class='ocrx_word' id='word_1_385' title='bbox 1838 3770 1857 3807; x_wconf 89' lang='lat'><strong><em>:</em></strong></span> 
     </span>
    </p>
   </div>
   <div class='ocr_carea' id='block_1_57' title="bbox 653 3839 1678 3912">
    <p class='ocr_par' dir='ltr' id='par_1_57' title="bbox 653 3839 1678 3912">
     <span class='ocr_line' id='line_1_57' title="bbox 653 3839 1678 3912; baseline 0 -18"><span class='ocrx_word' id='word_1_386' title='bbox 653 3839 725 3895; x_wconf 90' lang='lat' dir='ltr'><strong>Et</strong></span> <span class='ocrx_word' id='word_1_387' title='bbox 751 3843 1039 3912; x_wconf 80' lang='lat' dir='ltr'><strong>potentiam</strong></span> <span class='ocrx_word' id='word_1_388' title='bbox 1067 3851 1214 3895; x_wconf 90' lang='lat' dir='ltr'><strong>tuam</strong></span> <span class='ocrx_word' id='word_1_389' title='bbox 1242 3840 1678 3911; x_wconf 85' lang='lat' dir='ltr'><strong>pronuntiabunt.</strong></span> 
     </span>
    </p>
   </div>
   <div class='ocr_carea' id='block_1_58' title="bbox 579 3931 2105 4004">
    <p class='ocr_par' dir='ltr' id='par_1_58' title="bbox 579 3931 2105 4004">
     <span class='ocr_line' id='line_1_58' title="bbox 579 3931 2105 4004; baseline -0.001 -14"><span class='ocrx_word' id='word_1_390' title='bbox 579 3932 622 3990; x_wconf 69' lang='grc' dir='ltr'><strong>(ἒ</strong></span> <span class='ocrx_word' id='word_1_391' title='bbox 649 3931 946 3989; x_wconf 89' lang='lat' dir='ltr'><strong>Generatio</strong></span> <span class='ocrx_word' id='word_1_392' title='bbox 975 3944 1029 3988; x_wconf 89' lang='lat' dir='ltr'><strong>et</strong></span> <span class='ocrx_word' id='word_1_393' title='bbox 1059 3934 1340 4004; x_wconf 81' lang='lat' dir='ltr'><strong>generatio</strong></span> <span class='ocrx_word' id='word_1_394' title='bbox 1370 3950 1383 3986; x_wconf 89' lang='lat'><strong>:</strong></span> <span class='ocrx_word' id='word_1_395' title='bbox 1416 3933 1483 3987; x_wconf 92' lang='lat' dir='ltr'><strong>ad</strong></span> <span class='ocrx_word' id='word_1_396' title='bbox 1514 3932 1648 3989; x_wconf 91' lang='lat' dir='ltr'><strong>duos</strong></span> <span class='ocrx_word' id='word_1_397' title='bbox 1676 3931 1903 4004; x_wconf 89' lang='lat' dir='ltr'><strong>populos</strong></span> <span class='ocrx_word' id='word_1_398' title='bbox 1946 3932 2105 3989; x_wconf 86' lang='lat' dir='ltr'><strong>debet</strong></span> 
     </span>
    </p>
   </div>
   <div class='ocr_carea' id='block_1_59' title="bbox 507 4023 2098 4095">
    <p class='ocr_par' dir='ltr' id='par_1_59' title="bbox 507 4023 2098 4095">
     <span class='ocr_line' id='line_1_59' title="bbox 507 4023 2098 4095; baseline 0 -18"><span class='ocrx_word' id='word_1_399' title='bbox 507 4023 794 4093; x_wconf 88' lang='lat' dir='ltr'><strong>applicari,</strong></span> <span class='ocrx_word' id='word_1_400' title='bbox 826 4040 967 4078; x_wconf 87' lang='lat' dir='ltr'><strong>unus</strong></span> <span class='ocrx_word' id='word_1_401' title='bbox 998 4023 1346 4079; x_wconf 65' lang='lat' dir='ltr'><strong>Hebraeorum</strong></span> <span class='ocrx_word' id='word_1_402' title='bbox 1379 4032 1496 4090; x_wconf 90' lang='lat' dir='ltr'><strong>est,</strong></span> <span class='ocrx_word' id='word_1_403' title='bbox 1547 4023 1687 4078; x_wconf 90' lang='lat' dir='ltr'><strong>alter</strong></span> <span class='ocrx_word' id='word_1_404' title='bbox 1727 4040 1794 4079; x_wconf 76' lang='lat' dir='ltr'><strong>ex</strong></span> <span class='ocrx_word' id='word_1_405' title='bbox 1832 4024 2098 4095; x_wconf 84' lang='lat' dir='ltr'><strong>gentibus.</strong></span> 
     </span>
    </p>
   </div>
   <div class='ocr_carea' id='block_1_60' title="bbox 505 4110 2101 4185">
    <p class='ocr_par' dir='ltr' id='par_1_60' title="bbox 505 4110 2101 4185">
     <span class='ocr_line' id='line_1_60' title="bbox 505 4110 2101 4185; baseline 0.001 -17"><span class='ocrx_word' id='word_1_406' title='bbox 505 4114 612 4183; x_wconf 84' lang='lat' dir='ltr'><strong>Ipsi</strong></span> <span class='ocrx_word' id='word_1_407' title='bbox 651 4124 777 4168; x_wconf 89' lang='lat' dir='ltr'><strong>sunt</strong></span> <span class='ocrx_word' id='word_1_408' title='bbox 805 4110 990 4179; x_wconf 60' lang='lat' dir='ltr'><strong>enim,’</strong></span> <span class='ocrx_word' id='word_1_409' title='bbox 1018 4116 1110 4184; x_wconf 89' lang='lat' dir='ltr'><strong>qui</strong></span> <span class='ocrx_word' id='word_1_410' title='bbox 1157 4113 1370 4169; x_wconf 91' lang='lat' dir='ltr'><strong>Domini</strong></span> <span class='ocrx_word' id='word_1_411' title='bbox 1416 4113 1678 4169; x_wconf 83' lang='lat' dir='ltr'><strong>beneficia</strong></span> <span class='ocrx_word' id='word_1_412' title='bbox 1726 4121 2101 4185; x_wconf 87' lang='lat' dir='ltr'><strong>susceperunt,</strong></span> 
     </span>
    </p>
   </div>
   <div class='ocr_carea' id='block_1_61' title="bbox 506 4206 1964 4278">
    <p class='ocr_par' dir='ltr' id='par_1_61' title="bbox 506 4206 1964 4278">
     <span class='ocr_line' id='line_1_61' title="bbox 506 4206 1964 4278; baseline -0.001 -17"><span class='ocrx_word' id='word_1_413' title='bbox 506 4217 562 4261; x_wconf 90' lang='lat' dir='ltr'><strong>et</strong></span> <span class='ocrx_word' id='word_1_414' title='bbox 593 4208 787 4263; x_wconf 89' lang='lat' dir='ltr'><strong>merito</strong></span> <span class='ocrx_word' id='word_1_415' title='bbox 813 4206 929 4275; x_wconf 88' lang='lat' dir='ltr'><strong>cjus</strong></span> <span class='ocrx_word' id='word_1_416' title='bbox 955 4208 1252 4278; x_wconf 86' lang='lat' dir='ltr'><strong>potentiam</strong></span> <span class='ocrx_word' id='word_1_417' title='bbox 1283 4207 1554 4262; x_wconf 89' lang='lat' dir='ltr'><strong>laudando</strong></span> <span class='ocrx_word' id='word_1_418' title='bbox 1583 4207 1964 4277; x_wconf 90' lang='lat' dir='ltr'><strong>pronuntiant.</strong></span> 
     </span>
    </p>
   </div>
   <div class='ocr_carea' id='block_1_62' title="bbox 2206 1743 3797 1824">
    <p class='ocr_par' dir='ltr' id='par_1_62' title="bbox 2206 1743 3797 1824">
     <span class='ocr_line' id='line_1_62' title="bbox 2206 1743 3797 1824; baseline 0.008 -26"><span class='ocrx_word' id='word_1_419' title='bbox 2206 1743 2341 1800; x_wconf 90' lang='lat' dir='ltr'><strong>Illud</strong></span> <span class='ocrx_word' id='word_1_420' title='bbox 2366 1748 2508 1802; x_wconf 90' lang='lat' dir='ltr'><strong>enim</strong></span> <span class='ocrx_word' id='word_1_421' title='bbox 2539 1763 2636 1818; x_wconf 91' lang='lat' dir='ltr'><strong>per</strong></span> <span class='ocrx_word' id='word_1_422' title='bbox 2660 1749 3091 1806; x_wconf 76' lang='lat' dir='ltr'><strong>misericordiam</strong></span> <span class='ocrx_word' id='word_1_423' title='bbox 3112 1762 3358 1821; x_wconf 89' lang='lat' dir='ltr'><strong>coronat,</strong></span> <span class='ocrx_word' id='word_1_424' title='bbox 3388 1756 3534 1824; x_wconf 88' lang='lat' dir='ltr'><strong>quod</strong></span> <span class='ocrx_word' id='word_1_425' title='bbox 3558 1755 3614 1810; x_wconf 93' lang='lat' dir='ltr'><strong>in</strong></span> <span class='ocrx_word' id='word_1_426' title='bbox 3631 1756 3797 1815; x_wconf 84' lang='lat' dir='ltr'><strong>nobis</strong></span> 
     </span>
    </p>
   </div>
   <div class='ocr_carea' id='block_1_63' title="bbox 2209 1837 3800 1913">
    <p class='ocr_par' dir='ltr' id='par_1_63' title="bbox 2209 1837 3800 1913">
     <span class='ocr_line' id='line_1_63' title="bbox 2209 1837 3800 1913; baseline 0.006 -24"><span class='ocrx_word' id='word_1_427' title='bbox 2209 1837 2387 1906; x_wconf 89' lang='lat' dir='ltr'><strong>gratia</strong></span> <span class='ocrx_word' id='word_1_428' title='bbox 2438 1853 2536 1892; x_wconf 90' lang='lat' dir='ltr'><strong>sua</strong></span> <span class='ocrx_word' id='word_1_429' title='bbox 2588 1848 2868 1908; x_wconf 87' lang='lat' dir='ltr'><strong>operatur.</strong></span> <span class='ocrx_word' id='word_1_430' title='bbox 2896 1839 3031 1895; x_wconf 86' lang='lat' dir='ltr'><strong>Illud</strong></span> <span class='ocrx_word' id='word_1_431' title='bbox 3058 1857 3187 1896; x_wconf 89' lang='lat' dir='ltr'><strong>vero</strong></span> <span class='ocrx_word' id='word_1_432' title='bbox 3212 1842 3437 1898; x_wconf 88' lang='lat' dir='ltr'><strong>damnat</strong></span> <span class='ocrx_word' id='word_1_433' title='bbox 3457 1881 3474 1912; x_wconf 90' lang='lat'><strong>,</strong></span> <span class='ocrx_word' id='word_1_434' title='bbox 3505 1844 3653 1913; x_wconf 88' lang='lat' dir='ltr'><strong>quod</strong></span> <span class='ocrx_word' id='word_1_435' title='bbox 3676 1844 3800 1899; x_wconf 79' lang='lat' dir='ltr'><strong>dia-</strong></span> 
     </span>
    </p>
   </div>
   <div class='ocr_carea' id='block_1_64' title="bbox 2207 1927 3791 2004">
    <p class='ocr_par' dir='ltr' id='par_1_64' title="bbox 2207 1927 3791 2004">
     <span class='ocr_line' id='line_1_64' title="bbox 2207 1927 3791 2004; baseline 0.007 -23"><span class='ocrx_word' id='word_1_436' title='bbox 2207 1927 2331 1982; x_wconf 86' lang='lat' dir='ltr'><strong>bolo</strong></span> <span class='ocrx_word' id='word_1_437' title='bbox 2360 1929 2708 1986; x_wconf 79' lang='lat' dir='ltr'><strong>macliiuante</strong></span> <span class='ocrx_word' id='word_1_438' title='bbox 2752 1934 3109 1987; x_wconf 86' lang='lat' dir='ltr'><strong>construitur.</strong></span> <span class='ocrx_word' id='word_1_439' title='bbox 3161 1932 3312 1990; x_wconf 84' lang='lat' dir='ltr'><strong>Unde</strong></span> <span class='ocrx_word' id='word_1_440' title='bbox 3365 1950 3532 2004; x_wconf 89' lang='lat' dir='ltr'><strong>opera</strong></span> <span class='ocrx_word' id='word_1_441' title='bbox 3579 1935 3791 1992; x_wconf 89' lang='lat' dir='ltr'><strong>Domini</strong></span> 
     </span>
    </p>
   </div>
   <div class='ocr_carea' id='block_1_65' title="bbox 2207 2020 3799 2092">
    <p class='ocr_par' dir='ltr' id='par_1_65' title="bbox 2207 2020 3799 2092">
     <span class='ocr_line' id='line_1_65' title="bbox 2207 2020 3799 2092; baseline 0.005 -18"><span class='ocrx_word' id='word_1_442' title='bbox 2207 2032 2422 2089; x_wconf 88' lang='lat' dir='ltr'><strong>semper</strong></span> <span class='ocrx_word' id='word_1_443' title='bbox 2452 2020 2729 2092; x_wconf 85' lang='lat' dir='ltr'><strong>eliguntur</strong></span> <span class='ocrx_word' id='word_1_444' title='bbox 2762 2038 2775 2074; x_wconf 88' lang='lat'><strong>:</strong></span> <span class='ocrx_word' id='word_1_445' title='bbox 2811 2031 2994 2078; x_wconf 89' lang='lat' dir='ltr'><strong>nostra</strong></span> <span class='ocrx_word' id='word_1_446' title='bbox 3023 2038 3155 2079; x_wconf 92' lang='lat' dir='ltr'><strong>vero</strong></span> <span class='ocrx_word' id='word_1_447' title='bbox 3184 2024 3271 2079; x_wconf 90' lang='lat' dir='ltr'><strong>vel</strong></span> <span class='ocrx_word' id='word_1_448' title='bbox 3301 2025 3529 2090; x_wconf 89' lang='lat' dir='ltr'><strong>diaboli,</strong></span> <span class='ocrx_word' id='word_1_449' title='bbox 3556 2025 3677 2081; x_wconf 86' lang='lat' dir='ltr'><strong>sine</strong></span> <span class='ocrx_word' id='word_1_450' title='bbox 3702 2026 3799 2082; x_wconf 86' lang='lat' dir='ltr'><strong>du-</strong></span> 
     </span>
    </p>
   </div>
   <div class='ocr_carea' id='block_1_66' title="bbox 2207 2108 2854 2167">
    <p class='ocr_par' dir='ltr' id='par_1_66' title="bbox 2207 2108 2854 2167">
     <span class='ocr_line' id='line_1_66' title="bbox 2207 2108 2854 2167; baseline 0.005 -3"><span class='ocrx_word' id='word_1_451' title='bbox 2207 2108 2474 2165; x_wconf 89' lang='lat' dir='ltr'><strong>bitatione</strong></span> <span class='ocrx_word' id='word_1_452' title='bbox 2503 2111 2854 2167; x_wconf 89' lang='lat' dir='ltr'><strong>damnantur.</strong></span> 
     </span>
    </p>
   </div>
   <div class='ocr_carea' id='block_1_67' title="bbox 2208 2200 3633 2277">
    <p class='ocr_par' dir='ltr' id='par_1_67' title="bbox 2208 2200 3633 2277">
     <span class='ocr_line' id='line_1_67' title="bbox 2208 2200 3633 2277; baseline 0.004 -21"><span class='ocrx_word' id='word_1_453' title='bbox 2208 2201 2276 2256; x_wconf 84' lang='grc'><strong>10</strong></span> <span class='ocrx_word' id='word_1_454' title='bbox 2342 2200 2705 2271; x_wconf 86' lang='lat' dir='ltr'><strong>Conﬁteantur</strong></span> <span class='ocrx_word' id='word_1_455' title='bbox 2730 2205 2841 2270; x_wconf 88' lang='lat' dir='ltr'><strong>tibi,</strong></span> <span class='ocrx_word' id='word_1_456' title='bbox 2875 2204 3113 2271; x_wconf 86' lang='lat' dir='ltr'><strong>Domine,</strong></span> <span class='ocrx_word' id='word_1_457' title='bbox 3143 2208 3321 2262; x_wconf 83' lang='lat' dir='ltr'><strong>omnia</strong></span> <span class='ocrx_word' id='word_1_458' title='bbox 3351 2224 3513 2277; x_wconf 85' lang='lat' dir='ltr'><strong>opera</strong></span> <span class='ocrx_word' id='word_1_459' title='bbox 3538 2218 3633 2262; x_wconf 87' lang='lat' dir='ltr'><strong>tua</strong></span> 
     </span>
    </p>
   </div>
   <div class='ocr_carea' id='block_1_68' title="bbox 2265 2297 3189 2356">
    <p class='ocr_par' dir='ltr' id='par_1_68' title="bbox 2265 2297 3189 2356">
     <span class='ocr_line' id='line_1_68' title="bbox 2265 2297 3189 2356; baseline 0.003 -3"><span class='ocrx_word' id='word_1_460' title='bbox 2265 2334 2283 2353; x_wconf 68' lang='lat'><strong>.~</strong></span> <span class='ocrx_word' id='word_1_461' title='bbox 2351 2297 2416 2350; x_wconf 78' lang='lat' dir='ltr'><strong>Et</strong></span> <span class='ocrx_word' id='word_1_462' title='bbox 2445 2299 2612 2352; x_wconf 87' lang='lat' dir='ltr'><strong>sancti</strong></span> <span class='ocrx_word' id='word_1_463' title='bbox 2636 2300 2712 2353; x_wconf 88' lang='lat' dir='ltr'><strong>tui</strong></span> <span class='ocrx_word' id='word_1_464' title='bbox 2740 2299 3047 2354; x_wconf 86' lang='lat' dir='ltr'><strong>benedicant</strong></span> <span class='ocrx_word' id='word_1_465' title='bbox 3074 2302 3189 2356; x_wconf 87' lang='lat' dir='ltr'><strong>tibi.</strong></span> 
     </span>
    </p>
   </div>
   <div class='ocr_carea' id='block_1_69' title="bbox 2278 2386 3797 2464">
    <p class='ocr_par' dir='ltr' id='par_1_69' title="bbox 2278 2386 3797 2464">
     <span class='ocr_line' id='line_1_69' title="bbox 2278 2386 3797 2464; baseline 0.007 -24"><span class='ocrx_word' id='word_1_466' title='bbox 2278 2386 2324 2440; x_wconf 81' lang='lat' dir='ltr'><strong>ll</strong></span> <span class='ocrx_word' id='word_1_467' title='bbox 2354 2387 2727 2443; x_wconf 87' lang='lat' dir='ltr'><strong>Confiteautur</strong></span> <span class='ocrx_word' id='word_1_468' title='bbox 2776 2391 2893 2455; x_wconf 89' lang='lat' dir='ltr'><strong>tibi,</strong></span> <span class='ocrx_word' id='word_1_469' title='bbox 2946 2392 3193 2459; x_wconf 91' lang='lat' dir='ltr'><strong>Domine,</strong></span> <span class='ocrx_word' id='word_1_470' title='bbox 3225 2393 3434 2449; x_wconf 74' lang='lat' dir='ltr'><strong>scilicet</strong></span> <span class='ocrx_word' id='word_1_471' title='bbox 3464 2404 3524 2449; x_wconf 88' lang='lat' dir='ltr'><strong>ut</strong></span> <span class='ocrx_word' id='word_1_472' title='bbox 3550 2410 3650 2464; x_wconf 89' lang='lat' dir='ltr'><strong>per</strong></span> <span class='ocrx_word' id='word_1_473' title='bbox 3676 2410 3797 2450; x_wconf 55' lang='lat' dir='ltr'><strong>sano</strong></span> 
     </span>
    </p>
   </div>
   <div class='ocr_carea' id='block_1_70' title="bbox 2208 2477 3798 2554">
    <p class='ocr_par' dir='ltr' id='par_1_70' title="bbox 2208 2477 3798 2554">
     <span class='ocr_line' id='line_1_70' title="bbox 2208 2477 3798 2554; baseline 0.005 -23"><span class='ocrx_word' id='word_1_474' title='bbox 2208 2484 2347 2542; x_wconf 89' lang='lat' dir='ltr'><strong>ctos,</strong></span> <span class='ocrx_word' id='word_1_475' title='bbox 2377 2478 2469 2546; x_wconf 90' lang='lat' dir='ltr'><strong>qui</strong></span> <span class='ocrx_word' id='word_1_476' title='bbox 2495 2487 2546 2533; x_wconf 92' lang='lat' dir='ltr'><strong>te</strong></span> <span class='ocrx_word' id='word_1_477' title='bbox 2565 2477 2769 2550; x_wconf 90' lang='lat' dir='ltr'><strong>jugiter</strong></span> <span class='ocrx_word' id='word_1_478' title='bbox 2790 2481 3120 2538; x_wconf 87' lang='lat' dir='ltr'><strong>benedicunt</strong></span> <span class='ocrx_word' id='word_1_479' title='bbox 3139 2493 3194 2538; x_wconf 90' lang='lat' dir='ltr'><strong>et</strong></span> <span class='ocrx_word' id='word_1_480' title='bbox 3216 2483 3455 2549; x_wconf 83' lang='lat' dir='ltr'><strong>laudant,</strong></span> <span class='ocrx_word' id='word_1_481' title='bbox 3482 2483 3798 2554; x_wconf 72' lang='lat' dir='ltr'><strong>inteliigaris</strong></span> 
     </span>
    </p>
   </div>
   <div class='ocr_carea' id='block_1_71' title="bbox 2207 2568 3795 2632">
    <p class='ocr_par' dir='ltr' id='par_1_71' title="bbox 2207 2568 3795 2632">
     <span class='ocr_line' id='line_1_71' title="bbox 2207 2568 3795 2632; baseline 0.007 -12"><span class='ocrx_word' id='word_1_482' title='bbox 2207 2568 2447 2621; x_wconf 89' lang='lat' dir='ltr'><strong>omnium</strong></span> <span class='ocrx_word' id='word_1_483' title='bbox 2475 2583 2595 2624; x_wconf 89' lang='lat' dir='ltr'><strong>esse</strong></span> <span class='ocrx_word' id='word_1_484' title='bbox 2620 2585 2799 2625; x_wconf 89' lang='lat' dir='ltr'><strong>rerum</strong></span> <span class='ocrx_word' id='word_1_485' title='bbox 2821 2572 3070 2627; x_wconf 89' lang='lat' dir='ltr'><strong>conditor</strong></span> <span class='ocrx_word' id='word_1_486' title='bbox 3093 2580 3149 2628; x_wconf 84' lang='lat' dir='ltr'><strong>ct</strong></span> <span class='ocrx_word' id='word_1_487' title='bbox 3176 2583 3411 2629; x_wconf 67' lang='lat' dir='ltr'><strong>creator.</strong></span> <span class='ocrx_word' id='word_1_488' title='bbox 3435 2574 3479 2630; x_wconf 87' lang='lat' dir='ltr'><strong>C</strong></span> <span class='ocrx_word' id='word_1_489' title='bbox 3503 2575 3600 2632; x_wconf 89' lang='lat' dir='ltr'><strong>Vel</strong></span> <span class='ocrx_word' id='word_1_490' title='bbox 3618 2577 3795 2631; x_wconf 85' lang='lat' dir='ltr'><strong>omnia</strong></span> 
     </span>
    </p>
   </div>
   <div class='ocr_carea' id='block_1_72' title="bbox 2206 2658 3795 2732">
    <p class='ocr_par' dir='ltr' id='par_1_72' title="bbox 2206 2658 3795 2732">
     <span class='ocr_line' id='line_1_72' title="bbox 2206 2658 3795 2732; baseline 0.004 -20"><span class='ocrx_word' id='word_1_491' title='bbox 2206 2672 2371 2726; x_wconf 88' lang='lat' dir='ltr'><strong>opera</strong></span> <span class='ocrx_word' id='word_1_492' title='bbox 2405 2658 2590 2729; x_wconf 90' lang='lat' dir='ltr'><strong>(etiam</strong></span> <span class='ocrx_word' id='word_1_493' title='bbox 2628 2659 2836 2730; x_wconf 90' lang='lat' dir='ltr'><strong>lapides</strong></span> <span class='ocrx_word' id='word_1_494' title='bbox 2881 2668 2940 2716; x_wconf 90' lang='lat' dir='ltr'><strong>et</strong></span> <span class='ocrx_word' id='word_1_495' title='bbox 2988 2662 3283 2732; x_wconf 84' lang='lat' dir='ltr'><strong>insensata)</strong></span> <span class='ocrx_word' id='word_1_496' title='bbox 3337 2679 3438 2719; x_wconf 90' lang='lat' dir='ltr'><strong>sua</strong></span> <span class='ocrx_word' id='word_1_497' title='bbox 3492 2666 3795 2721; x_wconf 86' lang='lat' dir='ltr'><strong>admirabili</strong></span> 
     </span>
    </p>
   </div>
   <div class='ocr_carea' id='block_1_73' title="bbox 2208 2751 3612 2827">
    <p class='ocr_par' dir='ltr' id='par_1_73' title="bbox 2208 2751 3612 2827">
     <span class='ocr_line' id='line_1_73' title="bbox 2208 2751 3612 2827; baseline 0.004 -21"><span class='ocrx_word' id='word_1_498' title='bbox 2208 2751 2560 2820; x_wconf 87' lang='lat' dir='ltr'><strong>dispositione</strong></span> <span class='ocrx_word' id='word_1_499' title='bbox 2589 2754 2756 2808; x_wconf 90' lang='lat' dir='ltr'><strong>Deum</strong></span> <span class='ocrx_word' id='word_1_500' title='bbox 2783 2770 2971 2809; x_wconf 87' lang='lat' dir='ltr'><strong>eorum</strong></span> <span class='ocrx_word' id='word_1_501' title='bbox 3001 2754 3262 2811; x_wconf 88' lang='lat' dir='ltr'><strong>factorem</strong></span> <span class='ocrx_word' id='word_1_502' title='bbox 3287 2758 3612 2827; x_wconf 61' lang='lat' dir='ltr'><strong>pradicant.</strong></span> 
     </span>
    </p>
   </div>
   <div class='ocr_carea' id='block_1_74' title="bbox 2211 2839 3095 2914">
    <p class='ocr_par' dir='ltr' id='par_1_74' title="bbox 2211 2839 3095 2914">
     <span class='ocr_line' id='line_1_74' title="bbox 2211 2839 3095 2914; baseline 0.008 -21"><span class='ocrx_word' id='word_1_503' title='bbox 2211 2841 2267 2894; x_wconf 80' lang='lat' dir='ltr'><strong>ll</strong></span> <span class='ocrx_word' id='word_1_504' title='bbox 2346 2839 2579 2895; x_wconf 86' lang='lat' dir='ltr'><strong>Gloriam</strong></span> <span class='ocrx_word' id='word_1_505' title='bbox 2605 2845 2748 2914; x_wconf 87' lang='lat' dir='ltr'><strong>regni</strong></span> <span class='ocrx_word' id='word_1_506' title='bbox 2774 2846 2847 2898; x_wconf 83' lang='lat' dir='ltr'><strong>tui</strong></span> <span class='ocrx_word' id='word_1_507' title='bbox 2873 2845 3046 2900; x_wconf 83' lang='lat' dir='ltr'><strong>dicent</strong></span> <span class='ocrx_word' id='word_1_508' title='bbox 3075 2862 3095 2901; x_wconf 91' lang='lat'><strong><em>:</em></strong></span> 
     </span>
    </p>
   </div>
   <div class='ocr_carea' id='block_1_75' title="bbox 2350 2930 3226 3006">
    <p class='ocr_par' dir='ltr' id='par_1_75' title="bbox 2350 2930 3226 3006">
     <span class='ocr_line' id='line_1_75' title="bbox 2350 2930 3226 3006; baseline 0.009 -23"><span class='ocrx_word' id='word_1_509' title='bbox 2350 2930 2421 2985; x_wconf 88' lang='lat' dir='ltr'><strong>Et</strong></span> <span class='ocrx_word' id='word_1_510' title='bbox 2447 2936 2729 3002; x_wconf 66' lang='lat' dir='ltr'><strong>pozentiam</strong></span> <span class='ocrx_word' id='word_1_511' title='bbox 2758 2943 2905 2989; x_wconf 88' lang='lat' dir='ltr'><strong>tuam</strong></span> <span class='ocrx_word' id='word_1_512' title='bbox 2931 2934 3226 3006; x_wconf 88' lang='lat' dir='ltr'><strong>loquentur.</strong></span> 
     </span>
    </p>
   </div>
   <div class='ocr_carea' id='block_1_76' title="bbox 2130 3004 3796 3099">
    <p class='ocr_par' dir='ltr' id='par_1_76' title="bbox 2130 3004 3796 3099">
     <span class='ocr_line' id='line_1_76' title="bbox 2130 3004 3796 3099; baseline 0.005 -24"><span class='ocrx_word' id='word_1_513' title='bbox 2130 3004 2177 3066; x_wconf 73' lang='grc' dir='ltr'>Ο</span> <span class='ocrx_word' id='word_1_514' title='bbox 2280 3022 2325 3076; x_wconf 84' lang='grc' dir='ltr'><strong>Η</strong></span> <span class='ocrx_word' id='word_1_515' title='bbox 2360 3023 2602 3079; x_wconf 86' lang='lat' dir='ltr'><strong>Gloriam</strong></span> <span class='ocrx_word' id='word_1_516' title='bbox 2648 3026 2798 3096; x_wconf 88' lang='lat' dir='ltr'><strong>regni</strong></span> <span class='ocrx_word' id='word_1_517' title='bbox 2832 3026 2907 3080; x_wconf 91' lang='lat' dir='ltr'><strong>tui</strong></span> <span class='ocrx_word' id='word_1_518' title='bbox 2944 3004 3148 3093; x_wconf 83' lang='lat' dir='ltr'><strong>dicent,</strong></span> <span class='ocrx_word' id='word_1_519' title='bbox 3178 3027 3231 3083; x_wconf 90' lang='lat' dir='ltr'><strong>id</strong></span> <span class='ocrx_word' id='word_1_520' title='bbox 3265 3037 3350 3083; x_wconf 88' lang='lat' dir='ltr'><strong>est</strong></span> <span class='ocrx_word' id='word_1_521' title='bbox 3394 3029 3715 3099; x_wconf 65' lang='lat' dir='ltr'><strong>prmdicant,</strong></span> <span class='ocrx_word' id='word_1_522' title='bbox 3740 3039 3796 3084; x_wconf 88' lang='lat' dir='ltr'><strong>ut</strong></span> 
     </span>
    </p>
   </div>
   <div class='ocr_carea' id='block_1_77' title="bbox 2208 3114 3792 3189">
    <p class='ocr_par' dir='ltr' id='par_1_77' title="bbox 2208 3114 3792 3189">
     <span class='ocr_line' id='line_1_77' title="bbox 2208 3114 3792 3189; baseline 0.004 -20"><span class='ocrx_word' id='word_1_523' title='bbox 2208 3114 2277 3169; x_wconf 89' lang='lat' dir='ltr'><strong>ab</strong></span> <span class='ocrx_word' id='word_1_524' title='bbox 2300 3115 2551 3171; x_wconf 88' lang='lat' dir='ltr'><strong>omnibus</strong></span> <span class='ocrx_word' id='word_1_525' title='bbox 2579 3118 2779 3171; x_wconf 87' lang='lat' dir='ltr'><strong>ameris</strong></span> <span class='ocrx_word' id='word_1_526' title='bbox 2800 3126 2854 3171; x_wconf 91' lang='lat' dir='ltr'><strong>et</strong></span> <span class='ocrx_word' id='word_1_527' title='bbox 2877 3116 3218 3174; x_wconf 88' lang='lat' dir='ltr'><strong>clarificeris.</strong></span> <span class='ocrx_word' id='word_1_528' title='bbox 3243 3119 3306 3173; x_wconf 85' lang='lat' dir='ltr'><strong>Et</strong></span> <span class='ocrx_word' id='word_1_529' title='bbox 3327 3120 3626 3189; x_wconf 91' lang='lat' dir='ltr'><strong>potentiam</strong></span> <span class='ocrx_word' id='word_1_530' title='bbox 3653 3131 3792 3175; x_wconf 88' lang='lat' dir='ltr'><strong>tuam</strong></span> 
     </span>
    </p>
   </div>
   <div class='ocr_carea' id='block_1_78' title="bbox 2209 3208 3792 3277">
    <p class='ocr_par' dir='ltr' id='par_1_78' title="bbox 2209 3208 3792 3277">
     <span class='ocr_line' id='line_1_78' title="bbox 2209 3208 3792 3277; baseline 0.002 -17"><span class='ocrx_word' id='word_1_531' title='bbox 2209 3208 2538 3277; x_wconf 88' lang='lat' dir='ltr'><strong>loquentur,</strong></span> <span class='ocrx_word' id='word_1_532' title='bbox 2586 3218 2645 3263; x_wconf 90' lang='lat' dir='ltr'><strong>ut</strong></span> <span class='ocrx_word' id='word_1_533' title='bbox 2686 3211 2753 3264; x_wconf 90' lang='lat' dir='ltr'><strong>ab</strong></span> <span class='ocrx_word' id='word_1_534' title='bbox 2799 3211 3054 3265; x_wconf 90' lang='lat' dir='ltr'><strong>omnibus</strong></span> <span class='ocrx_word' id='word_1_535' title='bbox 3109 3211 3373 3266; x_wconf 85' lang='lat' dir='ltr'><strong>timearis.</strong></span> <span class='ocrx_word' id='word_1_536' title='bbox 3422 3212 3463 3266; x_wconf 73' lang='grc' dir='ltr'><strong>ΙΙ</strong></span> <span class='ocrx_word' id='word_1_537' title='bbox 3515 3212 3557 3267; x_wconf 88' lang='lat' dir='ltr'><strong>C</strong></span> <span class='ocrx_word' id='word_1_538' title='bbox 3603 3210 3792 3267; x_wconf 89' lang='lat' dir='ltr'><strong>Omnia</strong></span> 
     </span>
    </p>
   </div>
   <div class='ocr_carea' id='block_1_79' title="bbox 2209 3298 3788 3371">
    <p class='ocr_par' dir='ltr' id='par_1_79' title="bbox 2209 3298 3788 3371">
     <span class='ocr_line' id='line_1_79' title="bbox 2209 3298 3788 3371; baseline 0.001 -20"><span class='ocrx_word' id='word_1_539' title='bbox 2209 3298 2371 3369; x_wconf 80' lang='lat' dir='ltr'><strong>igitur</strong></span> <span class='ocrx_word' id='word_1_540' title='bbox 2398 3307 2582 3352; x_wconf 88' lang='lat' dir='ltr'><strong>creata</strong></span> <span class='ocrx_word' id='word_1_541' title='bbox 2610 3299 2849 3353; x_wconf 83' lang='lat' dir='ltr'><strong>indicant</strong></span> <span class='ocrx_word' id='word_1_542' title='bbox 2873 3309 3075 3369; x_wconf 86' lang='lat' dir='ltr'><strong>quanta</strong></span> <span class='ocrx_word' id='word_1_543' title='bbox 3100 3300 3270 3371; x_wconf 84' lang='lat' dir='ltr'><strong>gloria</strong></span> <span class='ocrx_word' id='word_1_544' title='bbox 3299 3301 3349 3355; x_wconf 90' lang='lat' dir='ltr'><strong>ei</strong></span> <span class='ocrx_word' id='word_1_545' title='bbox 3384 3301 3667 3360; x_wconf 84' lang='lat' dir='ltr'><strong>debeatur,</strong></span> <span class='ocrx_word' id='word_1_546' title='bbox 3700 3301 3788 3368; x_wconf 87' lang='lat' dir='ltr'><strong>qui</strong></span> 
     </span>
    </p>
   </div>
   <div class='ocr_carea' id='block_1_80' title="bbox 2208 3388 3793 3461">
    <p class='ocr_par' dir='ltr' id='par_1_80' title="bbox 2208 3388 3793 3461">
     <span class='ocr_line' id='line_1_80' title="bbox 2208 3388 3793 3461; baseline 0.001 -19"><span class='ocrx_word' id='word_1_547' title='bbox 2208 3388 2542 3458; x_wconf 86' lang='lat' dir='ltr'><strong>incogitabili</strong></span> <span class='ocrx_word' id='word_1_548' title='bbox 2575 3401 2630 3443; x_wconf 91' lang='lat' dir='ltr'><strong>et</strong></span> <span class='ocrx_word' id='word_1_549' title='bbox 2660 3389 3195 3459; x_wconf 88' lang='lat' dir='ltr'><strong>iucomprehensibili</strong></span> <span class='ocrx_word' id='word_1_550' title='bbox 3237 3392 3503 3461; x_wconf 86' lang='lat' dir='ltr'><strong>sapientia</strong></span> <span class='ocrx_word' id='word_1_551' title='bbox 3550 3406 3615 3445; x_wconf 88' lang='lat' dir='ltr'><strong>ea</strong></span> <span class='ocrx_word' id='word_1_552' title='bbox 3644 3406 3793 3446; x_wconf 84' lang='lat' dir='ltr'><strong>crea-</strong></span> 
     </span>
    </p>
   </div>
   <div class='ocr_carea' id='block_1_81' title="bbox 2207 3476 3476 3546">
    <p class='ocr_par' dir='ltr' id='par_1_81' title="bbox 2207 3476 3476 3546">
     <span class='ocr_line' id='line_1_81' title="bbox 2207 3476 3476 3546; baseline 0.002 -18"><span class='ocrx_word' id='word_1_553' title='bbox 2207 3476 2304 3541; x_wconf 85' lang='lat' dir='ltr'><strong>vit,</strong></span> <span class='ocrx_word' id='word_1_554' title='bbox 2329 3484 2385 3530; x_wconf 88' lang='lat' dir='ltr'><strong>et</strong></span> <span class='ocrx_word' id='word_1_555' title='bbox 2414 3477 2706 3545; x_wconf 88' lang='lat' dir='ltr'><strong>potentiam</strong></span> <span class='ocrx_word' id='word_1_556' title='bbox 2733 3477 2849 3546; x_wconf 91' lang='lat' dir='ltr'><strong>ejus</strong></span> <span class='ocrx_word' id='word_1_557' title='bbox 2874 3476 3137 3530; x_wconf 87' lang='lat' dir='ltr'><strong>infinitam</strong></span> <span class='ocrx_word' id='word_1_558' title='bbox 3159 3478 3476 3532; x_wconf 88' lang='lat' dir='ltr'><strong>ostendunt.</strong></span> 
     </span>
    </p>
   </div>
   <div class='ocr_carea' id='block_1_82' title="bbox 2213 3562 3791 3635">
    <p class='ocr_par' dir='ltr' id='par_1_82' title="bbox 2213 3562 3791 3635">
     <span class='ocr_line' id='line_1_82' title="bbox 2213 3562 3791 3635; baseline -0.001 -16"><span class='ocrx_word' id='word_1_559' title='bbox 2213 3564 2277 3619; x_wconf 72' lang='lat' dir='ltr'><strong>l2</strong></span> <span class='ocrx_word' id='word_1_560' title='bbox 2349 3562 2419 3618; x_wconf 77' lang='lat' dir='ltr'><strong>Ut</strong></span> <span class='ocrx_word' id='word_1_561' title='bbox 2473 3573 2649 3619; x_wconf 90' lang='lat' dir='ltr'><strong>notam</strong></span> <span class='ocrx_word' id='word_1_562' title='bbox 2717 3565 2919 3634; x_wconf 78' lang='lat' dir='ltr'><strong>faciant</strong></span> <span class='ocrx_word' id='word_1_563' title='bbox 2978 3565 3108 3634; x_wconf 88' lang='lat' dir='ltr'><strong>ﬁliis</strong></span> <span class='ocrx_word' id='word_1_564' title='bbox 3174 3564 3449 3619; x_wconf 77' lang='lat' dir='ltr'><strong>hominum</strong></span> <span class='ocrx_word' id='word_1_565' title='bbox 3503 3566 3791 3635; x_wconf 83' lang='lat' dir='ltr'><strong>potentiam</strong></span> 
     </span>
    </p>
   </div>
   <div class='ocr_carea' id='block_1_83' title="bbox 2419 3666 2611 3712">
    <p class='ocr_par' dir='ltr' id='par_1_83' title="bbox 2419 3666 2611 3712">
     <span class='ocr_line' id='line_1_83' title="bbox 2419 3666 2611 3712; baseline 0.016 -3"><span class='ocrx_word' id='word_1_566' title='bbox 2419 3666 2563 3709; x_wconf 90' lang='lat' dir='ltr'><strong>tuam</strong></span> <span class='ocrx_word' id='word_1_567' title='bbox 2592 3676 2611 3712; x_wconf 69' lang='grc' dir='ltr'><strong><em>ἐ</em></strong></span> 
     </span>
    </p>
   </div>
   <div class='ocr_carea' id='block_1_84' title="bbox 2351 3746 3396 3817">
    <p class='ocr_par' dir='ltr' id='par_1_84' title="bbox 2351 3746 3396 3817">
     <span class='ocr_line' id='line_1_84' title="bbox 2351 3746 3396 3817; baseline 0.001 -18"><span class='ocrx_word' id='word_1_568' title='bbox 2351 3747 2420 3800; x_wconf 81' lang='lat' dir='ltr'><strong>Et</strong></span> <span class='ocrx_word' id='word_1_569' title='bbox 2444 3748 2669 3817; x_wconf 86' lang='lat' dir='ltr'><strong>gloriam</strong></span> <span class='ocrx_word' id='word_1_570' title='bbox 2698 3746 3101 3816; x_wconf 77' lang='lat' dir='ltr'><strong>magniﬁcentia:</strong></span> <span class='ocrx_word' id='word_1_571' title='bbox 3126 3748 3271 3817; x_wconf 83' lang='lat' dir='ltr'><strong>regni</strong></span> <span class='ocrx_word' id='word_1_572' title='bbox 3293 3747 3396 3801; x_wconf 88' lang='lat' dir='ltr'><strong>tui.</strong></span> 
     </span>
    </p>
   </div>
   <div class='ocr_carea' id='block_1_85' title="bbox 2277 3836 3795 3908">
    <p class='ocr_par' dir='ltr' id='par_1_85' title="bbox 2277 3836 3795 3908">
     <span class='ocr_line' id='line_1_85' title="bbox 2277 3836 3795 3908; baseline 0.001 -15"><span class='ocrx_word' id='word_1_573' title='bbox 2277 3838 2318 3893; x_wconf 88' lang='lat' dir='ltr'><strong>C</strong></span> <span class='ocrx_word' id='word_1_574' title='bbox 2345 3836 2565 3895; x_wconf 89' lang='lat' dir='ltr'><strong>Sanctis</strong></span> <span class='ocrx_word' id='word_1_575' title='bbox 2595 3839 2738 3893; x_wconf 89' lang='lat' dir='ltr'><strong>enim</strong></span> <span class='ocrx_word' id='word_1_576' title='bbox 2761 3838 3239 3907; x_wconf 59' lang='lat' dir='ltr'><strong>praedicationibus</strong></span> <span class='ocrx_word' id='word_1_577' title='bbox 3266 3847 3395 3893; x_wconf 90' lang='lat' dir='ltr'><strong>nota</strong></span> <span class='ocrx_word' id='word_1_578' title='bbox 3418 3847 3504 3893; x_wconf 90' lang='lat' dir='ltr'><strong>est</strong></span> <span class='ocrx_word' id='word_1_579' title='bbox 3532 3838 3679 3895; x_wconf 85' lang='lat' dir='ltr'><strong>facta</strong></span> <span class='ocrx_word' id='word_1_580' title='bbox 3710 3854 3795 3908; x_wconf 81' lang='lat' dir='ltr'><strong>po-</strong></span> 
     </span>
    </p>
   </div>
   <div class='ocr_carea' id='block_1_86' title="bbox 2207 3930 3792 4002">
    <p class='ocr_par' dir='ltr' id='par_1_86' title="bbox 2207 3930 3792 4002">
     <span class='ocr_line' id='line_1_86' title="bbox 2207 3930 3792 4002; baseline 0 -16"><span class='ocrx_word' id='word_1_581' title='bbox 2207 3931 2375 3986; x_wconf 89' lang='lat' dir='ltr'><strong>tentia</strong></span> <span class='ocrx_word' id='word_1_582' title='bbox 2422 3931 2518 3985; x_wconf 87' lang='lat' dir='ltr'><strong>Dei</strong></span> <span class='ocrx_word' id='word_1_583' title='bbox 2548 3942 2603 3985; x_wconf 91' lang='lat' dir='ltr'><strong>et</strong></span> <span class='ocrx_word' id='word_1_584' title='bbox 2630 3930 2800 4001; x_wconf 89' lang='lat' dir='ltr'><strong>gloria</strong></span> <span class='ocrx_word' id='word_1_585' title='bbox 2831 3931 2983 4002; x_wconf 83' lang='lat' dir='ltr'><strong>regni</strong></span> <span class='ocrx_word' id='word_1_586' title='bbox 3013 3930 3147 3999; x_wconf 88' lang='lat' dir='ltr'><strong>ejus,</strong></span> <span class='ocrx_word' id='word_1_587' title='bbox 3191 3946 3259 3985; x_wconf 92' lang='lat' dir='ltr'><strong>ne</strong></span> <span class='ocrx_word' id='word_1_588' title='bbox 3290 3931 3574 4002; x_wconf 88' lang='lat' dir='ltr'><strong>ignoratus</strong></span> <span class='ocrx_word' id='word_1_589' title='bbox 3618 3932 3792 3986; x_wconf 86' lang='lat' dir='ltr'><strong>minus</strong></span> 
     </span>
    </p>
   </div>
   <div class='ocr_carea' id='block_1_87' title="bbox 2206 4022 3791 4094">
    <p class='ocr_par' dir='ltr' id='par_1_87' title="bbox 2206 4022 3791 4094">
     <span class='ocr_line' id='line_1_87' title="bbox 2206 4022 3791 4094; baseline 0.002 -19"><span class='ocrx_word' id='word_1_590' title='bbox 2206 4024 2437 4078; x_wconf 88' lang='lat' dir='ltr'><strong>forsitan</strong></span> <span class='ocrx_word' id='word_1_591' title='bbox 2473 4032 2834 4092; x_wconf 66' lang='lat' dir='ltr'><strong>qumreretur.</strong></span> <span class='ocrx_word' id='word_1_592' title='bbox 2866 4022 3002 4079; x_wconf 88' lang='lat' dir='ltr'><strong>Nota</strong></span> <span class='ocrx_word' id='word_1_593' title='bbox 3033 4023 3175 4079; x_wconf 85' lang='lat' dir='ltr'><strong>facta</strong></span> <span class='ocrx_word' id='word_1_594' title='bbox 3221 4033 3304 4078; x_wconf 91' lang='lat' dir='ltr'><strong>est</strong></span> <span class='ocrx_word' id='word_1_595' title='bbox 3349 4024 3634 4094; x_wconf 88' lang='lat' dir='ltr'><strong>potentia,</strong></span> <span class='ocrx_word' id='word_1_596' title='bbox 3666 4026 3791 4079; x_wconf 86' lang='lat' dir='ltr'><strong>dum</strong></span> 
     </span>
    </p>
   </div>
   <div class='ocr_carea' id='block_1_88' title="bbox 2205 4112 3788 4188">
    <p class='ocr_par' dir='ltr' id='par_1_88' title="bbox 2205 4112 3788 4188">
     <span class='ocr_line' id='line_1_88' title="bbox 2205 4112 3788 4188; baseline 0.001 -21"><span class='ocrx_word' id='word_1_597' title='bbox 2205 4113 2459 4168; x_wconf 88' lang='lat' dir='ltr'><strong>diversas</strong></span> <span class='ocrx_word' id='word_1_598' title='bbox 2477 4114 2708 4169; x_wconf 91' lang='lat' dir='ltr'><strong>virtutes</strong></span> <span class='ocrx_word' id='word_1_599' title='bbox 2730 4114 2964 4184; x_wconf 88' lang='lat' dir='ltr'><strong>apostoli</strong></span> <span class='ocrx_word' id='word_1_600' title='bbox 2990 4115 3241 4170; x_wconf 86' lang='lat' dir='ltr'><strong>invocato</strong></span> <span class='ocrx_word' id='word_1_601' title='bbox 3266 4112 3383 4182; x_wconf 88' lang='lat' dir='ltr'><strong>ejus</strong></span> <span class='ocrx_word' id='word_1_602' title='bbox 3411 4117 3637 4172; x_wconf 90' lang='lat' dir='ltr'><strong>nomine</strong></span> <span class='ocrx_word' id='word_1_603' title='bbox 3666 4131 3788 4188; x_wconf 83' lang='lat' dir='ltr'><strong>per-</strong></span> 
     </span>
    </p>
   </div>
   <div class='ocr_carea' id='block_1_89' title="bbox 2208 4202 2478 4260">
    <p class='ocr_par' dir='ltr' id='par_1_89' title="bbox 2208 4202 2478 4260">
     <span class='ocr_line' id='line_1_89' title="bbox 2208 4202 2478 4260; baseline 0.011 -3"><span class='ocrx_word' id='word_1_604' title='bbox 2208 4202 2478 4260; x_wconf 88' lang='lat' dir='ltr'><strong>fecerunt.</strong></span> 
     </span>
    </p>
   </div>
   <div class='ocr_carea' id='block_1_90' title="bbox 506 4297 3691 4392">
    <p class='ocr_par' dir='ltr' id='par_1_90' title="bbox 506 4297 3691 4392">
     <span class='ocr_line' id='line_1_90' title="bbox 506 4297 3691 4392; baseline 0.001 -42"><span class='ocrx_word' id='word_1_605' title='bbox 506 4298 540 4351; x_wconf 80' lang='lat'><strong>5</strong></span> <span class='ocrx_word' id='word_1_606' title='bbox 610 4297 1060 4368; x_wconf 80' lang='lat' dir='ltr'><strong>Magniﬁcentiam</strong></span> <span class='ocrx_word' id='word_1_607' title='bbox 1103 4299 1285 4370; x_wconf 76' lang='lat' dir='ltr'><strong>gloria:</strong></span> <span class='ocrx_word' id='word_1_608' title='bbox 1314 4300 1611 4354; x_wconf 86' lang='lat' dir='ltr'><strong>sanctitatis</strong></span> <span class='ocrx_word' id='word_1_609' title='bbox 1649 4310 1756 4353; x_wconf 78' lang='lat' dir='ltr'><strong>tua:</strong></span> <span class='ocrx_word' id='word_1_610' title='bbox 1782 4298 2099 4368; x_wconf 84' lang='lat' dir='ltr'><strong>loquentur:</strong></span> <span class='ocrx_word' id='word_1_611' title='bbox 2126 4334 2180 4392; x_wconf 69' lang='grc' dir='ltr'><strong><em>Β</em></strong></span> <span class='ocrx_word' id='word_1_612' title='bbox 2211 4298 2278 4352; x_wconf 80' lang='lat' dir='ltr'><strong>l3</strong></span> <span class='ocrx_word' id='word_1_613' title='bbox 2361 4297 2592 4368; x_wconf 84' lang='lat' dir='ltr'><strong>Regnum</strong></span> <span class='ocrx_word' id='word_1_614' title='bbox 2616 4307 2783 4363; x_wconf 86' lang='lat' dir='ltr'><strong>tuum,</strong></span> <span class='ocrx_word' id='word_1_615' title='bbox 2827 4315 3040 4369; x_wconf 85' lang='lat' dir='ltr'><strong>regnum</strong></span> <span class='ocrx_word' id='word_1_616' title='bbox 3069 4301 3299 4354; x_wconf 89' lang='lat' dir='ltr'><strong>omnium</strong></span> <span class='ocrx_word' id='word_1_617' title='bbox 3329 4300 3649 4354; x_wconf 60' lang='lat' dir='ltr'><strong>seculorum</strong></span> <span class='ocrx_word' id='word_1_618' title='bbox 3672 4315 3691 4352; x_wconf 94' lang='lat'><em>:</em></span> 
     </span>
    </p>
   </div>
   <div class='ocr_carea' id='block_1_91' title="bbox 654 4387 1474 4443">
    <p class='ocr_par' dir='ltr' id='par_1_91' title="bbox 654 4387 1474 4443">
     <span class='ocr_line' id='line_1_91' title="bbox 654 4387 1474 4443; baseline 0 -1"><span class='ocrx_word' id='word_1_619' title='bbox 654 4387 723 4442; x_wconf 86' lang='lat' dir='ltr'><strong>Et</strong></span> <span class='ocrx_word' id='word_1_620' title='bbox 752 4388 1015 4442; x_wconf 88' lang='lat' dir='ltr'><strong>mirabilia</strong></span> <span class='ocrx_word' id='word_1_621' title='bbox 1039 4398 1131 4443; x_wconf 88' lang='lat' dir='ltr'><strong>tua</strong></span> <span class='ocrx_word' id='word_1_622' title='bbox 1164 4389 1474 4443; x_wconf 82' lang='lat' dir='ltr'><strong>narrabant.</strong></span> 
     </span>
    </p>
   </div>
   <div class='ocr_carea' id='block_1_92' title="bbox 577 4477 2099 4551">
    <p class='ocr_par' dir='ltr' id='par_1_92' title="bbox 577 4477 2099 4551">
     <span class='ocr_line' id='line_1_92' title="bbox 577 4477 2099 4551; baseline 0.003 -19"><span class='ocrx_word' id='word_1_623' title='bbox 577 4477 921 4548; x_wconf 84' lang='lat' dir='ltr'><strong>Hlpsienim</strong></span> <span class='ocrx_word' id='word_1_624' title='bbox 965 4480 1071 4535; x_wconf 92' lang='lat' dir='ltr'><strong>duo</strong></span> <span class='ocrx_word' id='word_1_625' title='bbox 1109 4480 1314 4551; x_wconf 90' lang='lat' dir='ltr'><strong>populi,</strong></span> <span class='ocrx_word' id='word_1_626' title='bbox 1366 4481 1482 4549; x_wconf 90' lang='lat' dir='ltr'><strong>ejus</strong></span> <span class='ocrx_word' id='word_1_627' title='bbox 1528 4480 1983 4550; x_wconf 83' lang='lat' dir='ltr'><strong>magnificentiam</strong></span> <span class='ocrx_word' id='word_1_628' title='bbox 2034 4498 2099 4536; x_wconf 86' lang='lat' dir='ltr'><strong>ac</strong></span> 
     </span>
    </p>
   </div>
   <div class='ocr_carea' id='block_1_93' title="bbox 507 4571 2095 4644">
    <p class='ocr_par' dir='ltr' id='par_1_93' title="bbox 507 4571 2095 4644">
     <span class='ocr_line' id='line_1_93' title="bbox 507 4571 2095 4644; baseline 0.001 -18"><span class='ocrx_word' id='word_1_629' title='bbox 507 4571 798 4638; x_wconf 88' lang='lat' dir='ltr'><strong>mirabilia,</strong></span> <span class='ocrx_word' id='word_1_630' title='bbox 843 4587 963 4641; x_wconf 70' lang='lat' dir='ltr'><strong>quae</strong></span> <span class='ocrx_word' id='word_1_631' title='bbox 990 4572 1233 4642; x_wconf 88' lang='lat' dir='ltr'><strong>quotidie</strong></span> <span class='ocrx_word' id='word_1_632' title='bbox 1257 4571 1508 4627; x_wconf 87' lang='lat' dir='ltr'><strong>Christus</strong></span> <span class='ocrx_word' id='word_1_633' title='bbox 1534 4571 1587 4626; x_wconf 91' lang='lat' dir='ltr'><strong>in</strong></span> <span class='ocrx_word' id='word_1_634' title='bbox 1618 4572 1859 4628; x_wconf 85' lang='lat' dir='ltr'><strong>Ecclesia</strong></span> <span class='ocrx_word' id='word_1_635' title='bbox 1901 4590 2095 4644; x_wconf 85' lang='lat' dir='ltr'><strong>opera-</strong></span> 
     </span>
    </p>
   </div>
   <div class='ocr_carea' id='block_1_94' title="bbox 509 4663 1614 4735">
    <p class='ocr_par' dir='ltr' id='par_1_94' title="bbox 509 4663 1614 4735">
     <span class='ocr_line' id='line_1_94' title="bbox 509 4663 1614 4735; baseline 0 -17"><span class='ocrx_word' id='word_1_636' title='bbox 509 4674 616 4728; x_wconf 90' lang='lat' dir='ltr'><strong>tur,</strong></span> <span class='ocrx_word' id='word_1_637' title='bbox 646 4663 737 4735; x_wconf 92' lang='lat' dir='ltr'><strong>pio</strong></span> <span class='ocrx_word' id='word_1_638' title='bbox 763 4679 859 4719; x_wconf 90' lang='lat' dir='ltr'><strong>ore</strong></span> <span class='ocrx_word' id='word_1_639' title='bbox 886 4664 1267 4734; x_wconf 88' lang='lat' dir='ltr'><strong>pronuntiant.</strong></span> <span class='ocrx_word' id='word_1_640' title='bbox 1611 4667 1614 4670; x_wconf 81' lang='grc'><strong>’</strong></span> 
     </span>
    </p>
   </div>
   <div class='ocr_carea' id='block_1_95' title="bbox 504 4754 1758 4834">
    <p class='ocr_par' dir='ltr' id='par_1_95' title="bbox 504 4754 1758 4834">
     <span class='ocr_line' id='line_1_95' title="bbox 504 4754 1758 4834; baseline -0.001 -23"><span class='ocrx_word' id='word_1_641' title='bbox 504 4756 538 4811; x_wconf 84' lang='grc'>6</span> <span class='ocrx_word' id='word_1_642' title='bbox 617 4754 681 4834; x_wconf 66' lang='lat' dir='ltr'><strong>Et</strong></span> <span class='ocrx_word' id='word_1_643' title='bbox 707 4765 943 4811; x_wconf 80' lang='lat' dir='ltr'><strong>virtutem</strong></span> <span class='ocrx_word' id='word_1_644' title='bbox 970 4756 1282 4810; x_wconf 86' lang='lat' dir='ltr'><strong>terribilium</strong></span> <span class='ocrx_word' id='word_1_645' title='bbox 1310 4767 1519 4810; x_wconf 82' lang='lat' dir='ltr'><strong>tuorum</strong></span> <span class='ocrx_word' id='word_1_646' title='bbox 1543 4757 1713 4810; x_wconf 76' lang='lat' dir='ltr'><strong>dicent</strong></span> <span class='ocrx_word' id='word_1_647' title='bbox 1740 4772 1758 4810; x_wconf 91' lang='lat'><em>:</em></span> 
     </span>
    </p>
   </div>
   <div class='ocr_carea' id='block_1_96' title="bbox 646 4846 1674 4917">
    <p class='ocr_par' dir='ltr' id='par_1_96' title="bbox 646 4846 1674 4917">
     <span class='ocr_line' id='line_1_96' title="bbox 646 4846 1674 4917; baseline -0.001 -15"><span class='ocrx_word' id='word_1_648' title='bbox 646 4846 717 4902; x_wconf 87' lang='lat' dir='ltr'><strong>Et</strong></span> <span class='ocrx_word' id='word_1_649' title='bbox 742 4848 1154 4917; x_wconf 85' lang='lat' dir='ltr'><strong>magnitudinem</strong></span> <span class='ocrx_word' id='word_1_650' title='bbox 1185 4858 1329 4901; x_wconf 89' lang='lat' dir='ltr'><strong>tuam</strong></span> <span class='ocrx_word' id='word_1_651' title='bbox 1361 4848 1674 4901; x_wconf 82' lang='lat' dir='ltr'><strong>narrabant.</strong></span> 
     </span>
    </p>
   </div>
   <div class='ocr_carea' id='block_1_97' title="bbox 572 4932 2093 5006">
    <p class='ocr_par' dir='ltr' id='par_1_97' title="bbox 572 4932 2093 5006">
     <span class='ocr_line' id='line_1_97' title="bbox 572 4932 2093 5006; baseline 0 -18"><span class='ocrx_word' id='word_1_652' title='bbox 572 4932 614 4988; x_wconf 85' lang='lat' dir='ltr'><strong>H</strong></span> <span class='ocrx_word' id='word_1_653' title='bbox 648 4936 837 4994; x_wconf 87' lang='lat' dir='ltr'><strong>Virtus</strong></span> <span class='ocrx_word' id='word_1_654' title='bbox 864 4936 1067 4993; x_wconf 88' lang='lat' dir='ltr'><strong>Christi</strong></span> <span class='ocrx_word' id='word_1_655' title='bbox 1093 4947 1178 4993; x_wconf 90' lang='lat' dir='ltr'><strong>est</strong></span> <span class='ocrx_word' id='word_1_656' title='bbox 1203 4937 1481 5002; x_wconf 89' lang='lat' dir='ltr'><strong>terribilis,</strong></span> <span class='ocrx_word' id='word_1_657' title='bbox 1526 4953 1650 4992; x_wconf 92' lang='lat' dir='ltr'><strong>cum</strong></span> <span class='ocrx_word' id='word_1_658' title='bbox 1694 4938 1747 4990; x_wconf 93' lang='lat' dir='ltr'><strong>in</strong></span> <span class='ocrx_word' id='word_1_659' title='bbox 1797 4936 1971 5006; x_wconf 84' lang='lat' dir='ltr'><strong>impiis</strong></span> <span class='ocrx_word' id='word_1_660' title='bbox 2011 4937 2093 4989; x_wconf 91' lang='lat' dir='ltr'><strong>ul-</strong></span> 
     </span>
    </p>
   </div>
   <div class='ocr_carea' id='block_1_98' title="bbox 503 5025 2095 5099">
    <p class='ocr_par' dir='ltr' id='par_1_98' title="bbox 503 5025 2095 5099">
     <span class='ocr_line' id='line_1_98' title="bbox 503 5025 2095 5099; baseline -0.003 -14"><span class='ocrx_word' id='word_1_661' title='bbox 503 5031 756 5095; x_wconf 80' lang='lat' dir='ltr'><strong>ciscetur,</strong></span> <span class='ocrx_word' id='word_1_662' title='bbox 782 5039 840 5083; x_wconf 93' lang='lat' dir='ltr'><strong>ut</strong></span> <span class='ocrx_word' id='word_1_663' title='bbox 866 5030 919 5084; x_wconf 92' lang='lat' dir='ltr'><strong>in</strong></span> <span class='ocrx_word' id='word_1_664' title='bbox 950 5029 1255 5085; x_wconf 88' lang='lat' dir='ltr'><strong>Pharaone.</strong></span> <span class='ocrx_word' id='word_1_665' title='bbox 1297 5028 1607 5099; x_wconf 85' lang='lat' dir='ltr'><strong>Magnitudo</strong></span> <span class='ocrx_word' id='word_1_666' title='bbox 1650 5037 1765 5088; x_wconf 86' lang='lat' dir='ltr'><strong>est,</strong></span> <span class='ocrx_word' id='word_1_667' title='bbox 1811 5042 1932 5080; x_wconf 91' lang='lat' dir='ltr'><strong>cum</strong></span> <span class='ocrx_word' id='word_1_668' title='bbox 1961 5025 2095 5095; x_wconf 85' lang='lat' dir='ltr'><strong>justi</strong></span> 
     </span>
    </p>
   </div>
   <div class='ocr_carea' id='block_1_99' title="bbox 502 5117 2095 5191">
    <p class='ocr_par' dir='ltr' id='par_1_99' title="bbox 502 5117 2095 5191">
     <span class='ocr_line' id='line_1_99' title="bbox 502 5117 2095 5191; baseline -0.001 -19"><span class='ocrx_word' id='word_1_669' title='bbox 502 5129 792 5188; x_wconf 86' lang='lat' dir='ltr'><strong>eruuntur,</strong></span> <span class='ocrx_word' id='word_1_670' title='bbox 823 5130 884 5176; x_wconf 90' lang='lat' dir='ltr'><strong>ut</strong></span> <span class='ocrx_word' id='word_1_671' title='bbox 916 5120 1228 5191; x_wconf 86' lang='lat' dir='ltr'><strong>frequenter</strong></span> <span class='ocrx_word' id='word_1_672' title='bbox 1257 5120 1422 5175; x_wconf 89' lang='lat' dir='ltr'><strong>Israel</strong></span> <span class='ocrx_word' id='word_1_673' title='bbox 1448 5120 1516 5176; x_wconf 91' lang='lat' dir='ltr'><strong>ab</strong></span> <span class='ocrx_word' id='word_1_674' title='bbox 1542 5117 1870 5173; x_wconf 85' lang='lat' dir='ltr'><strong>adversariis</strong></span> <span class='ocrx_word' id='word_1_675' title='bbox 1906 5125 2095 5171; x_wconf 87' lang='lat' dir='ltr'><strong>erutus</strong></span> 
     </span>
    </p>
   </div>
   <div class='ocr_carea' id='block_1_100' title="bbox 503 5219 608 5264">
    <p class='ocr_par' dir='ltr' id='par_1_100' title="bbox 503 5219 608 5264">
     <span class='ocr_line' id='line_1_100' title="bbox 503 5219 608 5264; baseline 0.01 -2"><span class='ocrx_word' id='word_1_676' title='bbox 503 5219 608 5264; x_wconf 88' lang='lat' dir='ltr'><strong>est.</strong></span> 
     </span>
    </p>
   </div>
   <div class='ocr_carea' id='block_1_101' title="bbox 506 5298 2082 5358">
    <p class='ocr_par' dir='ltr' id='par_1_101' title="bbox 506 5298 2082 5358">
     <span class='ocr_line' id='line_1_101' title="bbox 506 5298 2082 5358; baseline -0.002 -6"><span class='ocrx_word' id='word_1_677' title='bbox 506 5298 538 5353; x_wconf 83' lang='lat'><strong>7</strong></span> <span class='ocrx_word' id='word_1_678' title='bbox 611 5300 927 5358; x_wconf 77' lang='lat' dir='ltr'><strong>Memoriam</strong></span> <span class='ocrx_word' id='word_1_679' title='bbox 985 5303 1324 5358; x_wconf 75' lang='lat' dir='ltr'><strong>abundantia:</strong></span> <span class='ocrx_word' id='word_1_680' title='bbox 1391 5306 1670 5354; x_wconf 76' lang='lat' dir='ltr'><strong>suavitatis</strong></span> <span class='ocrx_word' id='word_1_681' title='bbox 1719 5309 1822 5351; x_wconf 76' lang='lat' dir='ltr'><strong>tua:</strong></span> <span class='ocrx_word' id='word_1_682' title='bbox 1883 5306 2082 5350; x_wconf 87' lang='lat' dir='ltr'><strong>eructa-</strong></span> 
     </span>
    </p>
   </div>
   <div class='ocr_carea' id='block_1_102' title="bbox 2346 4387 3792 4461">
    <p class='ocr_par' dir='ltr' id='par_1_102' title="bbox 2346 4387 3792 4461">
     <span class='ocr_line' id='line_1_102' title="bbox 2346 4387 3792 4461; baseline 0.002 -20"><span class='ocrx_word' id='word_1_683' title='bbox 2346 4387 2414 4442; x_wconf 87' lang='lat' dir='ltr'><strong>Et</strong></span> <span class='ocrx_word' id='word_1_684' title='bbox 2444 4389 2733 4443; x_wconf 87' lang='lat' dir='ltr'><strong>dominatio</strong></span> <span class='ocrx_word' id='word_1_685' title='bbox 2771 4400 2862 4444; x_wconf 89' lang='lat' dir='ltr'><strong>tua</strong></span> <span class='ocrx_word' id='word_1_686' title='bbox 2889 4391 2942 4443; x_wconf 89' lang='lat' dir='ltr'><strong>in</strong></span> <span class='ocrx_word' id='word_1_687' title='bbox 2974 4394 3116 4444; x_wconf 86' lang='lat' dir='ltr'><strong>omni</strong></span> <span class='ocrx_word' id='word_1_688' title='bbox 3141 4392 3475 4461; x_wconf 82' lang='lat' dir='ltr'><strong>generatione</strong></span> <span class='ocrx_word' id='word_1_689' title='bbox 3497 4401 3546 4445; x_wconf 87' lang='lat' dir='ltr'><strong>et</strong></span> <span class='ocrx_word' id='word_1_690' title='bbox 3576 4406 3792 4461; x_wconf 63' lang='lat' dir='ltr'><strong>genera--</strong></span> 
     </span>
    </p>
   </div>
   <div class='ocr_carea' id='block_1_103' title="bbox 2416 4487 2573 4534">
    <p class='ocr_par' dir='ltr' id='par_1_103' title="bbox 2416 4487 2573 4534">
     <span class='ocr_line' id='line_1_103' title="bbox 2416 4487 2573 4534; baseline 0.013 -2"><span class='ocrx_word' id='word_1_691' title='bbox 2416 4487 2573 4534; x_wconf 81' lang='lat' dir='ltr'><strong>Itone.</strong></span> 
     </span>
    </p>
   </div>
   <div class='ocr_carea' id='block_1_104' title="bbox 2233 4571 3787 4643">
    <p class='ocr_par' dir='ltr' id='par_1_104' title="bbox 2233 4571 3787 4643">
     <span class='ocr_line' id='line_1_104' title="bbox 2233 4571 3787 4643; baseline -0.003 -16"><span class='ocrx_word' id='word_1_692' title='bbox 2233 4583 2237 4586; x_wconf 78' lang='lat'><em>‘</em></span> <span class='ocrx_word' id='word_1_693' title='bbox 2276 4573 2321 4627; x_wconf 82' lang='lat' dir='ltr'><strong>ﬂ</strong></span> <span class='ocrx_word' id='word_1_694' title='bbox 2355 4572 2597 4642; x_wconf 80' lang='lat' dir='ltr'><strong>Regnum</strong></span> <span class='ocrx_word' id='word_1_695' title='bbox 2641 4580 2790 4626; x_wconf 91' lang='lat' dir='ltr'><strong>tuum</strong></span> <span class='ocrx_word' id='word_1_696' title='bbox 2834 4588 3060 4643; x_wconf 89' lang='lat' dir='ltr'><strong>regnum</strong></span> <span class='ocrx_word' id='word_1_697' title='bbox 3090 4573 3369 4635; x_wconf 87' lang='lat' dir='ltr'><strong>omnium,</strong></span> <span class='ocrx_word' id='word_1_698' title='bbox 3413 4571 3602 4625; x_wconf 91' lang='lat' dir='ltr'><strong>omnia</strong></span> <span class='ocrx_word' id='word_1_699' title='bbox 3646 4571 3787 4624; x_wconf 89' lang='lat' dir='ltr'><strong>enim</strong></span> 
     </span>
    </p>
   </div>
   <div class='ocr_carea' id='block_1_105' title="bbox 2205 4659 3785 4733">
    <p class='ocr_par' dir='ltr' id='par_1_105' title="bbox 2205 4659 3785 4733">
     <span class='ocr_line' id='line_1_105' title="bbox 2205 4659 3785 4733; baseline -0.006 -12"><span class='ocrx_word' id='word_1_700' title='bbox 2205 4663 2402 4721; x_wconf 69' lang='lat' dir='ltr'><strong>smcula</strong></span> <span class='ocrx_word' id='word_1_701' title='bbox 2431 4664 2802 4719; x_wconf 90' lang='lat' dir='ltr'><strong>dominatione</strong></span> <span class='ocrx_word' id='word_1_702' title='bbox 2836 4664 2909 4718; x_wconf 90' lang='lat' dir='ltr'><strong>tui</strong></span> <span class='ocrx_word' id='word_1_703' title='bbox 2940 4664 3089 4733; x_wconf 86' lang='lat' dir='ltr'><strong>regni</strong></span> <span class='ocrx_word' id='word_1_704' title='bbox 3126 4664 3433 4719; x_wconf 89' lang='lat' dir='ltr'><strong>volvuntur.</strong></span> <span class='ocrx_word' id='word_1_705' title='bbox 3458 4660 3500 4716; x_wconf 89' lang='lat' dir='ltr'><strong>C</strong></span> <span class='ocrx_word' id='word_1_706' title='bbox 3526 4659 3657 4726; x_wconf 85' lang='lat' dir='ltr'><strong>Vel,</strong></span> <span class='ocrx_word' id='word_1_707' title='bbox 3684 4676 3785 4714; x_wconf 87' lang='lat' dir='ltr'><strong>nnr</strong></span> 
     </span>
    </p>
   </div>
   <div class='ocr_carea' id='block_1_106' title="bbox 2205 4749 3786 4824">
    <p class='ocr_par' dir='ltr' id='par_1_106' title="bbox 2205 4749 3786 4824">
     <span class='ocr_line' id='line_1_106' title="bbox 2205 4749 3786 4824; baseline -0.006 -13"><span class='ocrx_word' id='word_1_708' title='bbox 2205 4757 2346 4812; x_wconf 89' lang='lat' dir='ltr'><strong>sicut</strong></span> <span class='ocrx_word' id='word_1_709' title='bbox 2381 4755 2485 4809; x_wconf 90' lang='lat' dir='ltr'><strong>alia</strong></span> <span class='ocrx_word' id='word_1_710' title='bbox 2531 4754 2714 4807; x_wconf 89' lang='lat' dir='ltr'><strong>mundi</strong></span> <span class='ocrx_word' id='word_1_711' title='bbox 2751 4768 2915 4824; x_wconf 87' lang='lat' dir='ltr'><strong>regna</strong></span> <span class='ocrx_word' id='word_1_712' title='bbox 2949 4752 3134 4823; x_wconf 86' lang='lat' dir='ltr'><strong>aliquo</strong></span> <span class='ocrx_word' id='word_1_713' title='bbox 3182 4765 3423 4822; x_wconf 88' lang='lat' dir='ltr'><strong>tempore</strong></span> <span class='ocrx_word' id='word_1_714' title='bbox 3452 4751 3649 4816; x_wconf 91' lang='lat' dir='ltr'><strong>durat,</strong></span> <span class='ocrx_word' id='word_1_715' title='bbox 3695 4749 3786 4803; x_wconf 79' lang='lat' dir='ltr'><strong>sed</strong></span> 
     </span>
    </p>
   </div>
   <div class='ocr_carea' id='block_1_107' title="bbox 2205 4841 3783 4912">
    <p class='ocr_par' dir='ltr' id='par_1_107' title="bbox 2205 4841 3783 4912">
     <span class='ocr_line' id='line_1_107' title="bbox 2205 4841 3783 4912; baseline -0.006 -12"><span class='ocrx_word' id='word_1_716' title='bbox 2205 4854 2317 4900; x_wconf 88' lang='lat' dir='ltr'><strong>toto</strong></span> <span class='ocrx_word' id='word_1_717' title='bbox 2348 4844 2534 4899; x_wconf 92' lang='lat' dir='ltr'><strong>mundi</strong></span> <span class='ocrx_word' id='word_1_718' title='bbox 2584 4852 2841 4912; x_wconf 89' lang='lat' dir='ltr'><strong>tempore.</strong></span> <span class='ocrx_word' id='word_1_719' title='bbox 2890 4842 2958 4895; x_wconf 87' lang='lat' dir='ltr'><strong>Et</strong></span> <span class='ocrx_word' id='word_1_720' title='bbox 2999 4857 3105 4896; x_wconf 91' lang='lat' dir='ltr'><strong>non</strong></span> <span class='ocrx_word' id='word_1_721' title='bbox 3148 4841 3322 4896; x_wconf 91' lang='lat' dir='ltr'><strong>solum</strong></span> <span class='ocrx_word' id='word_1_722' title='bbox 3358 4849 3473 4895; x_wconf 91' lang='lat' dir='ltr'><strong>toto</strong></span> <span class='ocrx_word' id='word_1_723' title='bbox 3508 4850 3783 4909; x_wconf 82' lang='lat' dir='ltr'><strong>tempore.</strong></span> 
     </span>
    </p>
   </div>
   <div class='ocr_carea' id='block_1_108' title="bbox 2202 4926 3785 5003">
    <p class='ocr_par' dir='ltr' id='par_1_108' title="bbox 2202 4926 3785 5003">
     <span class='ocr_line' id='line_1_108' title="bbox 2202 4926 3785 5003; baseline -0.008 -12"><span class='ocrx_word' id='word_1_724' title='bbox 2202 4951 2392 4991; x_wconf 88' lang='lat' dir='ltr'><strong>verum</strong></span> <span class='ocrx_word' id='word_1_725' title='bbox 2423 4935 2584 4989; x_wconf 88' lang='lat' dir='ltr'><strong>etiam</strong></span> <span class='ocrx_word' id='word_1_726' title='bbox 2615 4940 2775 5003; x_wconf 88' lang='lat' dir='ltr'><strong>post,</strong></span> <span class='ocrx_word' id='word_1_727' title='bbox 2815 4930 3183 4996; x_wconf 85' lang='lat' dir='ltr'><strong>aeternaliter;</strong></span> <span class='ocrx_word' id='word_1_728' title='bbox 3220 4930 3364 4984; x_wconf 88' lang='lat' dir='ltr'><strong>unde</strong></span> <span class='ocrx_word' id='word_1_729' title='bbox 3410 4938 3468 4982; x_wconf 89' lang='lat' dir='ltr'><strong>et</strong></span> <span class='ocrx_word' id='word_1_730' title='bbox 3494 4928 3640 4982; x_wconf 89' lang='lat' dir='ltr'><strong>idem</strong></span> <span class='ocrx_word' id='word_1_731' title='bbox 3678 4926 3785 4981; x_wconf 82' lang='lat' dir='ltr'><strong>cla-</strong></span> 
     </span>
    </p>
   </div>
   <div class='ocr_carea' id='block_1_109' title="bbox 2204 5018 3785 5095">
    <p class='ocr_par' dir='ltr' id='par_1_109' title="bbox 2204 5018 3785 5095">
     <span class='ocr_line' id='line_1_109' title="bbox 2204 5018 3785 5095; baseline -0.007 -14"><span class='ocrx_word' id='word_1_732' title='bbox 2204 5028 2317 5081; x_wconf 90' lang='lat' dir='ltr'><strong>rius</strong></span> <span class='ocrx_word' id='word_1_733' title='bbox 2348 5027 2648 5095; x_wconf 90' lang='lat' dir='ltr'><strong>repetitur:</strong></span> <span class='ocrx_word' id='word_1_734' title='bbox 2674 5032 2730 5079; x_wconf 92' lang='lat' dir='ltr'><strong>et</strong></span> <span class='ocrx_word' id='word_1_735' title='bbox 2753 5023 3051 5078; x_wconf 89' lang='lat' dir='ltr'><strong>dominatio</strong></span> <span class='ocrx_word' id='word_1_736' title='bbox 3083 5032 3196 5087; x_wconf 90' lang='lat' dir='ltr'><strong>tua,</strong></span> <span class='ocrx_word' id='word_1_737' title='bbox 3230 5021 3280 5075; x_wconf 92' lang='lat' dir='ltr'><strong>id</strong></span> <span class='ocrx_word' id='word_1_738' title='bbox 3310 5027 3413 5083; x_wconf 86' lang='lat' dir='ltr'><strong>est,</strong></span> <span class='ocrx_word' id='word_1_739' title='bbox 3448 5018 3785 5090; x_wconf 83' lang='lat' dir='ltr'><strong>perpetuitas</strong></span> 
     </span>
    </p>
   </div>
   <div class='ocr_carea' id='block_1_110' title="bbox 2201 5110 3785 5185">
    <p class='ocr_par' dir='ltr' id='par_1_110' title="bbox 2201 5110 3785 5185">
     <span class='ocr_line' id='line_1_110' title="bbox 2201 5110 3785 5185; baseline -0.008 -11"><span class='ocrx_word' id='word_1_740' title='bbox 2201 5126 2425 5180; x_wconf 68' lang='lat' dir='ltr'><strong>aeterna,</strong></span> <span class='ocrx_word' id='word_1_741' title='bbox 2454 5131 2574 5185; x_wconf 70' lang='lat' dir='ltr'><strong>qua:</strong></span> <span class='ocrx_word' id='word_1_742' title='bbox 2600 5122 2884 5184; x_wconf 87' lang='lat' dir='ltr'><strong>permanet</strong></span> <span class='ocrx_word' id='word_1_743' title='bbox 2912 5113 2963 5168; x_wconf 93' lang='lat' dir='ltr'><strong>in</strong></span> <span class='ocrx_word' id='word_1_744' title='bbox 2990 5111 3137 5168; x_wconf 91' lang='lat' dir='ltr'><strong>omni</strong></span> <span class='ocrx_word' id='word_1_745' title='bbox 3159 5110 3512 5183; x_wconf 87' lang='lat' dir='ltr'><strong>generatione</strong></span> <span class='ocrx_word' id='word_1_746' title='bbox 3542 5117 3601 5164; x_wconf 88' lang='lat' dir='ltr'><strong>et</strong></span> <span class='ocrx_word' id='word_1_747' title='bbox 3626 5121 3785 5178; x_wconf 84' lang='lat' dir='ltr'><strong>gene-</strong></span> 
     </span>
    </p>
   </div>
   <div class='ocr_carea' id='block_1_111' title="bbox 2200 5199 3783 5276">
    <p class='ocr_par' dir='ltr' id='par_1_111' title="bbox 2200 5199 3783 5276">
     <span class='ocr_line' id='line_1_111' title="bbox 2200 5199 3783 5276; baseline -0.007 -13"><span class='ocrx_word' id='word_1_748' title='bbox 2200 5210 2434 5264; x_wconf 89' lang='lat' dir='ltr'><strong>ratione.</strong></span> <span class='ocrx_word' id='word_1_749' title='bbox 2462 5208 2505 5261; x_wconf 83' lang='lat' dir='ltr'><strong>A</strong></span> <span class='ocrx_word' id='word_1_750' title='bbox 2533 5206 2649 5271; x_wconf 87' lang='lat' dir='ltr'><strong>Vel,</strong></span> <span class='ocrx_word' id='word_1_751' title='bbox 2695 5221 2922 5276; x_wconf 89' lang='lat' dir='ltr'><strong>regnum</strong></span> <span class='ocrx_word' id='word_1_752' title='bbox 2946 5204 3189 5262; x_wconf 90' lang='lat' dir='ltr'><strong>omnium</strong></span> <span class='ocrx_word' id='word_1_753' title='bbox 3231 5201 3560 5258; x_wconf 64' lang='lat' dir='ltr'><strong>saeculorum</strong></span> <span class='ocrx_word' id='word_1_754' title='bbox 3586 5240 3602 5266; x_wconf 93' lang='lat'><strong>,</strong></span> <span class='ocrx_word' id='word_1_755' title='bbox 3645 5208 3700 5255; x_wconf 93' lang='lat' dir='ltr'><strong>et</strong></span> <span class='ocrx_word' id='word_1_756' title='bbox 3728 5199 3783 5253; x_wconf 91' lang='lat' dir='ltr'><strong>in</strong></span> 
     </span>
    </p>
   </div>
   <div class='ocr_carea' id='block_1_112' title="bbox 2198 5295 3781 5370">
    <p class='ocr_par' dir='ltr' id='par_1_112' title="bbox 2198 5295 3781 5370">
     <span class='ocr_line' id='line_1_112' title="bbox 2198 5295 3781 5370; baseline -0.008 -13"><span class='ocrx_word' id='word_1_757' title='bbox 2198 5317 2346 5357; x_wconf 81' lang='lat' dir='ltr'><strong>omni</strong></span> <span class='ocrx_word' id='word_1_758' title='bbox 2375 5299 2725 5370; x_wconf 81' lang='lat' dir='ltr'><strong>generatione</strong></span> <span class='ocrx_word' id='word_1_759' title='bbox 2770 5307 2827 5353; x_wconf 92' lang='lat' dir='ltr'><strong>et</strong></span> <span class='ocrx_word' id='word_1_760' title='bbox 2859 5295 3245 5368; x_wconf 81' lang='lat' dir='ltr'><strong>generatione,</strong></span> <span class='ocrx_word' id='word_1_761' title='bbox 3279 5303 3361 5350; x_wconf 91' lang='lat' dir='ltr'><strong>est</strong></span> <span class='ocrx_word' id='word_1_762' title='bbox 3391 5308 3624 5362; x_wconf 72' lang='lat' dir='ltr'><strong>regnum</strong></span> <span class='ocrx_word' id='word_1_763' title='bbox 3668 5304 3781 5346; x_wconf 69' lang='lat' dir='ltr'><strong>cae-</strong></span> 
     </span>
    </p>
   </div>
  </div>
