3994 5370
191 290 292 346 517

192 408 259 461 ll
336 419 399 462 σε·
428 402 630 459 Fidelis
652 401 913 457 Dominus
937 401 993 456 in
1012 401 1250 456 omnibus
1298 402 1392 455 viis
1420 418 1530 457 suis
1563 405 1581 473 ζ
1614 416 1632 453 :

327 496 397 551 Et
425 507 643 551 sanctus
672 495 727 548 in
751 494 991 549 ontnibus
1016 493 1255 565 operibus
1282 492 1410 547 suis.

254 607 303 663 Η
332 608 534 663 Fidelis
579 606 839 662 Dominus
864 606 919 661 in
966 605 1218 661 omnibus
1260 606 1442 662 verbis
1468 605 1603 672 suis,
1646 621 1771 661 cum

183 700 369 755 omnia
424 714 546 769 qum
575 713 675 767 per
706 698 1003 769 prophetas
1046 695 1262 752 locutus
1308 704 1392 750 est
1433 695 1769 765 adimplevit.

184 793 464 856 Sanetus,
492 800 553 845 ut
596 793 743 847 sicut
779 790 871 846 ille
897 799 1121 846 sanctus
1164 800 1284 856 est,
1316 790 1390 845 ita
1421 799 1476 846 et
1514 806 1645 854 nos,
1676 790 1771 861 qui

182 897 352 952 opera
381 881 505 952 ejus
536 896 745 946 sumus,
770 881 945 937 sancti
975 878 1273 936 efﬁciamur
1298 881 1353 935 in
1383 882 1491 936 illo.

182 992 254 1046 15
320 992 531 1048 Allerat
552 993 811 1048 Dominus
830 1010 1010 1049 omnes
1040 996 1131 1065 qui
1154 1004 1446 1049 corruunt:

317 1081 394 1135 Et
414 1084 568 1153 erigit
592 1098 768 1137 omnes
796 1083 972 1137 elisos.

250 1198 293 1254 C
325 1198 447 1269 Ipse
487 1197 634 1254 enim
680 1197 881 1252 allevat
926 1207 1180 1264 ruentes,
1208 1197 1302 1269 qui
1343 1198 1518 1254 adhuc
1546 1196 1770 1253 minime

179 1298 529 1344 corruerunt.
562 1290 682 1361 Ipse
710 1291 872 1361 erigit
892 1290 1075 1357 elisos,
1099 1291 1190 1361 qui
1212 1289 1327 1359 jam
1359 1290 1571 1344 ruinam
1606 1290 1768 1344 susti-

176 1382 363 1437 nuisse
389 1391 709 1437 noscuntur.
740 1382 809 1437 Et
826 1384 1025 1438 merito
1046 1383 1160 1452 ipse
1188 1382 1304 1437 haec
1336 1382 1515 1435 facere
1545 1381 1765 1446 dicitur,

174 1474 435 1543 quoniam
470 1487 542 1528 ne
584 1474 864 1540 cadamus,
899 1474 1017 1544 ipso
1049 1472 1279 1529 custode
1312 1472 1673 1538 defendimur,
1706 1481 1765 1527 ut

174 1579 302 1618 vero
329 1566 591 1635 prostrati
623 1581 846 1635 surgere
874 1567 1170 1633 valeamus,
1194 1564 1395 1621 virtute
1426 1564 1595 1635 ipsius
1623 1566 1762 1621 nilni-

172 1655 409 1711 lominus
436 1655 809 1712 sublevamur.

172 1768 239 1821 16
314 1766 473 1822 Oculi
506 1768 740 1823 omnium
761 1769 817 1824 in
844 1777 894 1824 te
918 1777 1129 1840 sperant
1154 1782 1175 1821 :

308 1858 380 1913 Et
407 1867 465 1912 tu
494 1859 592 1914 das
619 1875 793 1914 escam
817 1859 1030 1914 illorum
1054 1861 1110 1914 in
1138 1868 1367 1928 tempore
1388 1867 1703 1929 opportuno.

238 1968 285 2022 ll
344 1967 500 2024 Oculi
557 1970 801 2026 omnium
830 2010 846 2035 ,
900 1971 954 2025 id
1002 1978 1087 2025 est
1151 1978 1463 2025 sanctorum
1530 1969 1761 2024 interior

94 2076 97 2077 '
171 2070 425 2129 aspectus
455 2060 511 2115 in
544 2060 637 2116 illo
672 2061 856 2116 futuro
892 2069 1133 2130 tempore
1163 2061 1550 2116 retributiones
1575 2101 1590 2125 ,
1622 2076 1760 2130 quas

168 2161 488 2220 exspectat,
528 2152 776 2221 suscipit.
823 2153 866 2209 C
906 2153 998 2208 Vel
1026 2154 1191 2207 etiam
1218 2154 1283 2208 de
1317 2152 1571 2208 omnibus
1596 2153 1760 2207 rebus

165 2241 339 2309 accipi
367 2241 680 2311 potest,‘sed
711 2252 836 2299 tunc
857 2258 1003 2311 esca,
1026 2244 1448 2315 uniuscujusque
1479 2245 1554 2299 rei
1583 2243 1759 2299 conti-

168 2332 353 2385 nentia
394 2333 553 2388 debet
599 2333 829 2406 intelligi
862 2353 875 2389 :
915 2335 1035 2390 Alia
1081 2335 1226 2393 enim
1262 2335 1606 2405 corporalia,
1650 2334 1758 2389 alia

165 2420 469 2489 spiritualia
501 2432 797 2492 expetunt,
844 2426 939 2481 sed
969 2426 1055 2480 his
1099 2425 1351 2481 omnibus
1375 2441 1478 2480 una
1501 2439 1624 2480 esca
1649 2432 1754 2491 est,

164 2512 391 2582 largitas
425 2512 761 2583 dispensata.

164 2619 230 2672 Π
304 2621 493 2691 Aperis
525 2638 588 2679 -ι-
618 2635 675 2678 ιιι
706 2625 726 2694 ζ
757 2642 971 2681 manuni
994 2637 1140 2681 tuam
1162 2642 1183 2682 :

306 2709 375 2764 Et
400 2713 586 2783 imples
614 2730 768 2769 omne
794 2716 994 2772 animal
1041 2717 1426 2772 benedictione.

234 2825 279 2879 Η
310 2827 501 2899 Aperit
525 2843 769 2894 manum,
801 2838 855 2889 et
900 2830 1086 2901 implet
1110 2846 1271 2887 omne
1304 2829 1503 2886 animal
1527 2870 1543 2895 .
1589 2830 1644 2885 id
1669 2839 1755 2885 est

162 2931 382 2972 omnem
434 2918 675 2973 animam
703 2960 720 2986 ,
774 2935 870 2975 sua
916 2920 1326 2987 benedictione,
1370 2937 1490 2992 qua:
1530 2922 1753 2976 maledi-

163 3009 371 3064 ctiones
396 3017 454 3065 et
484 3012 777 3082 opprobria
816 3014 999 3067 mundi
1031 3028 1129 3082 pro
1172 3013 1389 3069 nomine
1434 3011 1549 3081 ejus
1589 3014 1751 3068 susti-

1366 285 1729 345 EXPOSITIO
1767 288 2222 347 PSALMORUM.

1801 407 1851 464 Α
1878 400 1948 457 20
2029 401 2353 456 Voluntatem
2418 407 2708 462 timentium
2739 423 2794 463 se
2838 408 2996 478 faciet
3036 426 3054 462 :
3100 422 3150 465 et
3212 413 3453 483 depreca-

3355 303 3456 360 518

2089 495 2278 546 tionem
2303 510 2482 548 eorum
2504 500 2769 551 exaudiet.

2016 580 2084 635 Et
2106 583 2276 637 salvos
2313 583 2467 652 faciet
2492 603 2598 640 eos.

1946 668 1993 724 ll
2027 670 2366 727 Voluntatem
2396 674 2698 731 timentium
2744 694 2805 736 se
2844 680 2974 737 facit
3002 684 3283 754 Donnnus,
3325 690 3453 745 dum

1873 775 1968 817 eos
2016 762 2200 832 eripit,
2249 764 2333 818 vel
2386 765 2453 820 ab
2507 767 2855 838 instigatione
2906 774 3126 840 diaboli,
3180 778 3274 847 qui
3325 794 3451 835 eum

1872 866 2011 921 puro
2048 854 2211 908 corde
2236 855 2616 924 deprecantur,
2650 860 2733 913 vel
2761 862 2829 917 ab
2858 864 3052 918 ardore
3078 867 3308 934 peccati.

1872 941 1936 995 21
2016 941 2255 998 Custodit
2287 945 2547 1001 Dominus
2572 966 2749 1004 omnes
2771 954 3047 1023 diligentes
3067 973 3122 1014 se
3145 972 3166 1011 :

2018 1035 2083 1088 Et
2111 1052 2289 1092 omnes
2309 1049 2606 1107 peccatores
2629 1042 2910 1112 disperdat.

1941 1125 1987 1180 ll
2016 1126 2264 1184 Custodit
2296 1130 2552 1187 Dominus
2580 1147 2693 1198 eos,
2724 1136 2814 1204 qui
2843 1151 2967 1193 eum
3003 1140 3253 1212 diligunt.
3278 1155 3334 1201 et
3358 1148 3449 1216 qui

1869 1218 2213 1275 dilectionem
2262 1221 2380 1291 ejus
2427 1225 2717 1281 mundanis
2762 1228 3141 1288 dilectionibus
3190 1239 3448 1305 praetule-

1869 1316 2017 1361 runt.
2050 1308 2176 1365 lllos
2201 1325 2334 1366 vero
2372 1312 2668 1381 disperdet,
2710 1316 2802 1386 qui
2842 1317 2958 1386 ejus
2994 1323 3164 1377 autori
3209 1340 3448 1382 amorem

1866 1397 2048 1452 swculi
2078 1412 2507 1470 praeposuerunt.
2553 1403 2595 1457 C
2638 1405 2837 1463 Omnes
2869 1425 2995 1465 vero
3027 1412 3215 1469 dicens
3244 1417 3451 1487 disper-

1865 1490 2071 1545 deudos
2091 1499 2429 1560 peccatores,
2460 1510 2555 1551 eos
2583 1497 2714 1552 dicit
2741 1500 2832 1569 qui
2865 1500 2919 1555 iu
2951 1516 3051 1558 sua
3076 1504 3448 1565 obstinatione

1862 1581 2186 1649 persistunt.

1859 1690 1930 1743 2?.
2000 1690 2383 1749 Laudationem
2412 1696 2622 1751 Domini
2641 1698 2880 1771 loquetur
2909 1719 2966 1758 os
2990 1722 3159 1761 meum
3192 1721 3213 1760 :

2011 1784 2077 1839 Et
2119 1786 2386 1842 benedicat
2430 1792 2598 1844 omnis
2632 1809 2756 1847 caro
2799 1796 2999 1851 nomini
3036 1809 3219 1854 sancto
3249 1801 3364 1872 ejus
3390 1802 3448 1859 in

2077 1878 2331 1933 sarculum
2352 1890 2400 1934 et
2426 1882 2481 1934 in
2506 1883 2757 1938 sa’culum
2784 1889 3050 1943 +s¢eculi
3081 1890 3100 1958 ζ
3139 1930 3155 1944 .

1936 1967 1982 2021 ll
2011 1967 2289 2039 Loquetur
2314 1986 2378 2026 os
2409 1988 2587 2028 meum
2610 1975 2825 2032 laudem
2863 1979 3098 2048 Domini,
3130 2000 3274 2040 nunc
3306 1998 3359 2041 et
3389 1988 3441 2042 in

1864 2056 2049 2112 futuro
2098 2060 2469 2118 retributionis
2515 2073 2776 2136 tempore.
2806 2069 2888 2123 ‘Et
2933 2071 3222 2130 benedicat
3267 2078 3445 2133 omnis

1861 2165 2011 2214 caro,
2070 2152 2173 2207 hoc
2218 2163 2301 2209 est
2346 2170 2506 2211 omne
2555 2173 2753 2228 corpus
2805 2161 3081 2219 Ecclesiae.
3134 2165 3287 2234 Quod
3344 2184 3443 2226 nos

1862 2254 2071 2302 sumus,
2096 2242 2186 2309 qui
2216 2242 2505 2298 Dominum
2536 2245 2779 2314 laudare,
2812 2250 3150 2319 benedicere,
3182 2258 3442 2313 extollere

1859 2340 1914 2385 et
1943 2333 2240 2401 praedicare
2260 2334 2537 2390 debemus.
2573 2339 2713 2392 Dicit
2750 2348 2932 2394 autem
2974 2357 3036 2397 os
3056 2360 3235 2410 suum,
3262 2350 3442 2403 cordis

1860 2439 2138 2487 arcanum,
2164 2426 2309 2480 unde
2334 2442 2392 2481 se
2420 2428 2688 2499 Propheta
2720 2440 2948 2486 noverat
2982 2432 3214 2488 libenter
3240 2437 3434 2491 audiri.

1859 2514 2089 2572 Carnem
2119 2533 2335 2589 quoque
2368 2535 2466 2591 per
2494 2523 2871 2590 synecdochen
2900 2525 3038 2580 dixit
3066 2535 3243 2583 totum
3269 2530 3437 2585 homi-

1860 2622 2005 2663 nem.

2289 2719 2488 2760 οιιΑτιο
2523 2721 2593 2759 ΒΧ
2643 2722 2788 2762 Ρειιι..
2833 2724 3014 2765 CXLIV.

1928 2812 2202 2882 Regnator
2241 2815 2484 2870 omnium
2546 2828 2881 2885 sanctorum,
2914 2822 3163 2887 Domine,
3199 2825 3289 2894 qui
3327 2827 3437 2895 spi-

1857 2902 2069 2957 ritalem
2109 2905 2289 2959 cibum
2317 2908 2462 2960 omni
2493 2908 2689 2963 anima:
2723 2921 3031 2981 opportuno
3068 2914 3348 2970 ministras
3384 2918 3435 2970 in

1858 3000 2119 3061 tempore,
2159 2997 2397 3051 concede
2421 2998 2576 3052 nobis
2606 3008 2657 3053 te
2683 3003 3071 3071 pcrpetualiter
3094 3005 3432 3067 benedicere.

163 3101 297 3153 mm.
326 3099 368 3154 ε
408 3100 499 3156 γε.
521 3140 537 3166 ’
580 3101 709 3171 quia
738 3102 791 3159 in
822 3118 983 3158 manu
1012 3103 1129 3171 eius
1155 3112 1242 3158 est
1270 3103 1448 3158 omnis
1490 3118 1635 3168 esca,
1666 3104 1747 3156 ίη,
1775 3115 1817 3173 C
1853 3093 2112 3155 tuamque
2141 3088 2439 3156 potentiam
2479 3106 2602 3151 cum
2629 3092 2815 3147 electis
2847 3095 2953 3149 tuis
2985 3094 3309 3153 fiducialiter
3338 3114 3433 3154 ex-

158 3190 456 3261 telligitnus
484 3205 581 3260 per
606 3205 826 3273 manum
854 3192 996 3262 ejus,
1038 3201 1385 3263 potestatem,
1414 3193 1467 3246 in
1499 3208 1603 3261 qua
1629 3206 1747 3244 om-

158 3283 307 3337 nium
352 3291 730 3341 creaturarum
759 3283 868 3338 vita
897 3284 1193 3339 constituta
1232 3293 1316 3339 est
1355 3293 1409 3338 et
1452 3300 1591 3339 esse.
1637 3282 1747 3338 Sed

1850 3175 2042 3233 altare.
2074 3177 2179 3235 Per
2200 3181 2487 3236 Dominum
2520 3193 2763 3239 nostrum
2787 3185 2971 3242 Jcsum
3000 3188 3300 3255 Christum,
3324 3202 3431 3246 etc.

2359 3270 2679 3374 PSALMUg
2709 3319 2916 3375 CXLV.

158 3373 347 3429 melius
377 3383 463 3430 est
506 3382 566 3429 ut
589 3374 764 3430 solum
812 3374 1077 3430 rationale
1113 3374 1314 3428 animal
1346 3370 1744 3445 intelligamus,
1842 3400 1853 3412 ~

157 3465 299 3536 quod
325 3480 518 3521 revera
550 3474 769 3522 constat
796 3481 955 3536 posse
982 3466 1256 3521 benedici.

158 3601 223 3657 18
292 3601 327 3654 J
334 3610 486 3656 ustus
517 3600 776 3656 Dominus
796 3600 850 3654 in
868 3600 1108 3654 omnibus
1129 3600 1225 3654 viis
1244 3601 1353 3654 suis
1378 3612 1398 3651 :

295 3692 367 3745 Et
393 3701 610 3746 sanctus
640 3692 697 3746 in
723 3692 962 3746 omnibus
987 3691 1230 3762 operibus
1252 3693 1383 3746 suis.

223 3804 263 3860 C
290 3803 478 3859 Justus
505 3818 636 3859 vere
676 3802 936 3859 Dominus
965 3811 1071 3869 est,
1098 3804 1246 3873 quia,
1274 3819 1398 3859 cum
1431 3819 1529 3860 nos
1554 3806 1746 3861 verbe-

158 3904 261 3959 rat,
291 3895 608 3964 azquitatem
648 3893 781 3949 facit
807 3933 822 3958 ,
853 3894 979 3964 quia
1022 3894 1261 3963 peccatis
1293 3894 1456 3964 digna
1485 3896 1740 3950 restituit.

156 3984 268 4039 Vite
296 3984 577 4055 pertinent
602 3982 672 4038 ad
711 3983 1163 4053 dispositionem;
1204 3983 1449 4052 operatio
1495 3984 1564 4038 ad
1613 3983 1740 4044 elle-

154 4082 320 4142 ctum,
350 4075 495 4145 apud
520 4089 658 4139 nos;
689 4074 832 4143 apud
856 4073 1006 4128 illum
1030 4089 1180 4141 vero,
1204 4074 1305 4129 hoc
1331 4082 1415 4128 est
1441 4073 1575 4129 velle
1599 4076 1743 4143 quod

155 4168 359 4234 facere,
392 4167 500 4222 hoc
526 4166 817 4238 disponere
845 4164 988 4235 quod
1014 4164 1227 4233 jubere.
1261 4163 1493 4220 Sanctus
1512 4180 1663 4232 vero,
1687 4173 1744 4220 et

154 4263 297 4332 pium
328 4260 626 4332 significat,
657 4268 713 4315 et
754 4259 1047 4330 patientem
1067 4299 1079 4321 ,
1111 4267 1165 4313 et
1204 4259 1470 4312 bonorum
1500 4258 1740 4313 omnium

158 4354 491 4424 largitorem,
525 4351 783 4422 quoniam
812 4348 1075 4420 quidquid
1106 4349 1174 4403 ab
1211 4346 1305 4402 illo
1344 4345 1594 4414 efﬁcitur,
1626 4348 1740 4402 vir-

158 4430 328 4502 tutum
354 4446 514 4501 laude
541 4444 863 4515 completur.

157 4555 219 4610 19
289 4554 460 4623 Prope
483 4561 558 4607 est
594 4551 845 4606 Dominus
874 4550 1110 4604 omnibus
1133 4532 1499 4604 invocanlibus‘
1538 4568 1653 4603 eum
1685 4568 1698 4603 :

290 4645 633 4715 XOmnibus
655 4643 1011 4698 invocantibus
1030 4660 1143 4696 eum
1178 4639 1199 4714 ξ
1230 4644 1280 4693 in
1297 4644 1525 4697 veritate.

221 4759 268 4813 11
306 4758 484 4827 Prope
512 4765 596 4812 est
626 4754 884 4810 Dominus
922 4756 1031 4819 his,
1055 4755 1147 4824 qui
1188 4770 1311 4810 eum
1335 4755 1438 4811 fide
1469 4764 1524 4809 et
1548 4769 1742 4825 cpera-

160 4849 298 4904 tione
323 4848 603 4910 invocant,
636 4854 696 4898 ut
724 4842 839 4912 ipse
863 4842 939 4897 ait
962 4860 974 4894 :
1002 4841 1112 4913 Ego
1141 4856 1258 4896 sum
1278 4842 1424 4898 Deus
1452 4841 1518 4896 de
1547 4856 1736 4910 prope,

158 4949 208 4994 et
248 4953 353 4993 non
387 4938 532 4991 Deus
562 4936 629 4989 de
670 4934 843 5005 longe.
890 4932 930 4988 C
972 4932 1148 5001 Pr0pe
1189 4940 1368 4987 autem
1416 4931 1635 4996 dicitur,
1684 4932 1739 4986 id

160 5039 256 5094 est,
300 5028 586 5099 prosimus
610 5066 624 5091 ,
669 5026 883 5095 quando
903 5032 988 5080 est
1012 5022 1309 5093 propitius;
1347 5023 1521 5077 iratus
1568 5035 1736 5087 vero,

160 5122 507 5191 longinquus.
554 5117 686 5171 Nam
728 5115 1018 5187 praesentia
1048 5110 1165 5180 ejus
1193 5126 1408 5184 semper
1442 5120 1499 5166 et
1538 5109 1739 5181 ubique

160 5222 232 5246 non
287 5212 342 5246 εἰ
366 5212 513 5246 Anim
532 5207 821 5246 ocnonrlnrn
853 5210 903 5246 in
936 5204 1155 5246 nmium-
1319 5221 1378 5246 nc
1424 5212 1533 5246 alt“-
1561 5200 1718 5246 (pen,

2273 3441 2640 3483 ARGUMENTUM
2671 3444 2816 3485 ιδεμ..
2849 3447 3005 3490 CXLV.

1918 3538 1959 3594 C
1985 3538 2255 3609 Propheta
2296 3539 2426 3594 dicit
2466 3539 2518 3593 in
2551 3541 2862 3597 hominibus
2894 3545 3117 3599 minime
3155 3546 3432 3602 conﬁden-

1846 3628 1993 3694 dum,
2023 3631 2117 3705 sed
2150 3640 2315 3686 totam
2347 3647 2499 3701 spem
2524 3631 2576 3685 in
2608 3633 2838 3688 Domino
2856 3650 2977 3690 esse
3004 3639 3329 3705 ponendam,
3361 3655 3430 3695 ne

1846 3720 2047 3789 aliquid
2068 3721 2137 3775 ab
2162 3736 2226 3775 eo
2248 3730 2525 3790 peteretur
2554 3723 2753 3792 tepide,
2785 3725 2831 3780 si
2861 3734 2916 3780 et
2942 3726 3083 3783 alius
3106 3729 3428 3787 crederetur

1844 3826 2004 3881 posse
2039 3821 2319 3881 praestare.

2442 3904 2554 3959 TT.
2582 3906 2830 3962 Alleluia.

1845 3993 1870 4045 1
1950 3991 2137 4046 Lauda
2188 3995 2367 4048 anima
2415 4012 2532 4049 mea
2598 3996 2934 4053 Dominum:
2980 3999 3208 4055 laudabo
3241 4001 3425 4057 Domi-

2059 4099 2186 4137 num
2214 4086 2269 4138 in
2299 4086 2403 4139 vita
2434 4101 2549 4139 mea
2578 4103 2598 4142 :

1981 4171 2218 4234 Psallam
2242 4174 2353 4228 Deo
2380 4192 2492 4228 meo
2519 4178 2754 4246 quandiu
2801 4178 2973 4247 fuero.

1914 4265 1954 4319 Ο
1990 4264 2248 4320 Hortatur
2289 4266 2571 4322 Psalmista
2629 4270 2868 4325 suaviter
2912 4271 3147 4326 animam
3196 4274 3425 4331 laudare

1845 4356 2154 4419 Dominum,
2196 4365 2257 4410 ut
2296 4355 2532 4426 explosis
2579 4360 2998 4429 cogitationibus
3049 4365 3424 4432 supervacuis,

1773 4449 1901 4516 Din
1954 4448 2069 4518 ipso
2131 4457 2337 4503 tantum
2396 4450 2614 4517 negotio
2670 4453 2798 4507 totis
2852 4452 3057 4508 viribus
3105 4465 3422 4526 occupetur.

1846 4542 2123 4607 Laudabo,
2186 4542 2344 4608 dixit,
2397 4551 2455 4596 ut
2507 4542 2746 4598 futurmn
2814 4553 3026 4614 tempus
3091 4549 3423 4614 ostenderet,

1844 4632 2058 4700 quando
2102 4632 2308 4701 angelis
2336 4631 2610 4704 justisque
2646 4634 2957 4689 hominibus
2984 4651 3103 4690 sors
3145 4636 3245 4690 ista
3273 4653 3425 4692 com-

1844 4720 2025 4775 munis
2051 4730 2154 4776 est.
2184 4721 2423 4775 Psallam
2453 4723 2692 4791 quandiu
2738 4721 2916 4788 fuero,
2949 4724 3155 4780 scilicet
3187 4727 3238 4779 in
3279 4741 3429 4794 prte-

1842 4813 2002 4877 senti,
2034 4813 2177 4882 quod
2209 4814 2276 4867 ad
2301 4813 2441 4867 bona
2473 4829 2639 4883 opera
2680 4815 2937 4883 pertinet.
2980 4813 3023 4868 ll
3064 4816 3195 4869 Vide
3233 4818 3424 4882 etiam,

1841 4903 2058 4974 quando
2079 4903 2228 4972 justc
2270 4903 2478 4972 aliquid
2514 4903 2744 4974 agimus.
2792 4918 3009 4968 sumus;
3052 4905 3271 4973 quando
3304 4921 3433 4974 pec.

1840 5008 2051 5057 camus,
2079 5007 2200 5047 esse
2227 4992 2560 5046 desistimus.
2589 4990 2741 5045 Unde
2770 4993 2903 5046 dicit
2927 4990 3158 5045 laudabo
3185 4995 3429 5061 quandiu

1840 5102 1956 5150 ero.
1986 5089 2111 5158 quia
2141 5101 2248 5141 non
2279 5097 2364 5141 est
2394 5086 2512 5140 laus
2534 5085 2599 5152 ,in
2639 5101 2734 5139 ore
2762 5085 3064 5156 peccatoris
3092 5084 3282 5154 (Eccli.
3314 5085 3432 5157 xv).

1840 5203 1875 5246 9.
1955 5202 2126 5246 aniln
2153 5202 2413 5246 conﬁdere
2438 5203 2494 5246 in
2528 5201 2852 5246 nrinninibus
2876 5212 2895 5246 ἔ
