  <div class='ocr_page' id='page_1' title='image "/cluster/home/n/w/nwhite01/storage/ocr_20150623/142/hvd.32044015471808/265.png"; bbox 0 0 3994 5370; ppageno 0'>
   <div class='ocr_carea' id='block_1_1' title="bbox 499 329 602 383">
    <p class='ocr_par' dir='ltr' id='par_1_1' title="bbox 499 329 602 383">
     <span class='ocr_line' id='line_1_1' title="bbox 499 329 602 383; baseline 0.01 -1"><span class='ocrx_word' id='word_1_1' title='bbox 499 329 602 383; x_wconf 71' lang='grc'><strong>519</strong></span> 
     </span>
    </p>
   </div>
   <div class='ocr_carea' id='block_1_2' title="bbox 1414 321 2790 378">
    <p class='ocr_par' dir='ltr' id='par_1_2' title="bbox 1414 321 2790 378">
     <span class='ocr_line' id='line_1_2' title="bbox 1414 321 2790 378; baseline -0.001 0"><span class='ocrx_word' id='word_1_2' title='bbox 1414 323 1471 378; x_wconf 89' lang='lat' dir='ltr'><strong>S.</strong></span> <span class='ocrx_word' id='word_1_3' title='bbox 1514 321 1864 378; x_wconf 72' lang='lat' dir='ltr'><strong>BRUNONiS</strong></span> <span class='ocrx_word' id='word_1_4' title='bbox 1907 321 2450 378; x_wconf 72' lang='lat' dir='ltr'><strong>iiERBlPOLENSlS</strong></span> <span class='ocrx_word' id='word_1_5' title='bbox 2483 322 2790 378; x_wconf 82' lang='lat' dir='ltr'><strong>EPISCOPI</strong></span> 
     </span>
    </p>
   </div>
   <div class='ocr_carea' id='block_1_3' title="bbox 3660 326 3770 382">
    <p class='ocr_par' dir='ltr' id='par_1_3' title="bbox 3660 326 3770 382">
     <span class='ocr_line' id='line_1_3' title="bbox 3660 326 3770 382; baseline -0.009 0"><span class='ocrx_word' id='word_1_6' title='bbox 3660 326 3770 382; x_wconf 75' lang='lat'><strong>520</strong></span> 
     </span>
    </p>
   </div>
   <div class='ocr_carea' id='block_1_4' title="bbox 498 435 3767 509">
    <p class='ocr_par' dir='ltr' id='par_1_4' title="bbox 498 435 3767 509">
     <span class='ocr_line' id='line_1_4' title="bbox 498 435 3767 509; baseline -0 -13"><span class='ocrx_word' id='word_1_7' title='bbox 498 439 675 496; x_wconf 68' lang='lat' dir='ltr'><strong>saeculi</strong></span> <span class='ocrx_word' id='word_1_8' title='bbox 714 437 1106 509; x_wconf 76' lang='lat' dir='ltr'><strong>poti-statibus,</strong></span> <span class='ocrx_word' id='word_1_9' title='bbox 1161 436 1266 490; x_wconf 87' lang='lat' dir='ltr'><strong>noli</strong></span> <span class='ocrx_word' id='word_1_10' title='bbox 1320 435 1594 489; x_wconf 80' lang='lat' dir='ltr'><strong>conlidere</strong></span> <span class='ocrx_word' id='word_1_11' title='bbox 1643 453 1696 488; x_wconf 73' lang='grc' dir='ltr'><strong>νη</strong></span> <span class='ocrx_word' id='word_1_12' title='bbox 1737 437 2081 504; x_wconf 81' lang='lat' dir='ltr'><strong>imperatore,</strong></span> <span class='ocrx_word' id='word_1_13' title='bbox 2116 444 2157 500; x_wconf 75' lang='grc' dir='ltr'><strong>Α</strong></span> <span class='ocrx_word' id='word_1_14' title='bbox 2189 439 2329 492; x_wconf 81' lang='lat' dir='ltr'><strong>loma</strong></span> <span class='ocrx_word' id='word_1_15' title='bbox 2381 436 2596 508; x_wconf 87' lang='lat' dir='ltr'><strong>(diaboli</strong></span> <span class='ocrx_word' id='word_1_16' title='bbox 2649 437 2890 506; x_wconf 83' lang='lat' dir='ltr'><strong>eivitate)</strong></span> <span class='ocrx_word' id='word_1_17' title='bbox 2949 438 3015 492; x_wconf 88' lang='lat' dir='ltr'><strong>ad</strong></span> <span class='ocrx_word' id='word_1_18' title='bbox 3064 435 3420 492; x_wconf 78' lang='lat' dir='ltr'><strong>Hierusalem</strong></span> <span class='ocrx_word' id='word_1_19' title='bbox 3459 438 3767 509; x_wconf 70' lang='lat' dir='ltr'><strong>(civitatem</strong></span> 
     </span>
    </p>
   </div>
   <div class='ocr_carea' id='block_1_5' title="bbox 497 525 2080 597">
    <p class='ocr_par' dir='ltr' id='par_1_5' title="bbox 497 525 2080 597">
     <span class='ocr_line' id='line_1_5' title="bbox 497 525 2080 597; baseline -0.001 -13"><span class='ocrx_word' id='word_1_20' title='bbox 497 548 602 584; x_wconf 85' lang='lat' dir='ltr'><strong>non</strong></span> <span class='ocrx_word' id='word_1_21' title='bbox 635 530 685 582; x_wconf 94' lang='lat' dir='ltr'><strong>iu</strong></span> <span class='ocrx_word' id='word_1_22' title='bbox 717 528 1004 597; x_wconf 71' lang='lat' dir='ltr'><strong>prtefectis,</strong></span> <span class='ocrx_word' id='word_1_23' title='bbox 1048 541 1150 578; x_wconf 89' lang='lat' dir='ltr'><strong>nou</strong></span> <span class='ocrx_word' id='word_1_24' title='bbox 1197 526 1246 578; x_wconf 93' lang='lat' dir='ltr'><strong>iu</strong></span> <span class='ocrx_word' id='word_1_25' title='bbox 1274 525 1548 594; x_wconf 87' lang='lat' dir='ltr'><strong>judicibus</strong></span> <span class='ocrx_word' id='word_1_26' title='bbox 1574 525 1777 589; x_wconf 83' lang='lat' dir='ltr'><strong>s:rcu|i,</strong></span> <span class='ocrx_word' id='word_1_27' title='bbox 1814 527 1905 596; x_wconf 72' lang='lat' dir='ltr'><strong>qui</strong></span> <span class='ocrx_word' id='word_1_28' title='bbox 1953 537 2080 582; x_wconf 87' lang='lat' dir='ltr'><strong>sunt</strong></span> 
     </span>
    </p>
   </div>
   <div class='ocr_carea' id='block_1_6' title="bbox 498 616 1625 672">
    <p class='ocr_par' dir='ltr' id='par_1_6' title="bbox 498 616 1625 672">
     <span class='ocr_line' id='line_1_6' title="bbox 498 616 1625 672; baseline -0.003 0"><span class='ocrx_word' id='word_1_29' title='bbox 498 619 590 672; x_wconf 86' lang='lat' dir='ltr'><strong>filii</strong></span> <span class='ocrx_word' id='word_1_30' title='bbox 619 620 892 670; x_wconf 81' lang='lat' dir='ltr'><strong>hominum</strong></span> <span class='ocrx_word' id='word_1_31' title='bbox 925 627 978 670; x_wconf 94' lang='lat' dir='ltr'><strong>et</strong></span> <span class='ocrx_word' id='word_1_32' title='bbox 1011 618 1062 670; x_wconf 91' lang='lat' dir='ltr'><strong>in</strong></span> <span class='ocrx_word' id='word_1_33' title='bbox 1099 616 1177 670; x_wconf 90' lang='lat' dir='ltr'><strong>eis</strong></span> <span class='ocrx_word' id='word_1_34' title='bbox 1219 626 1430 669; x_wconf 73' lang='lat' dir='ltr'><strong>nonest</strong></span> <span class='ocrx_word' id='word_1_35' title='bbox 1461 616 1625 669; x_wconf 76' lang='lat' dir='ltr'><strong>Salus.</strong></span> 
     </span>
    </p>
   </div>
   <div class='ocr_carea' id='block_1_7' title="bbox 493 690 2073 776">
    <p class='ocr_par' dir='ltr' id='par_1_7' title="bbox 493 690 2073 776">
     <span class='ocr_line' id='line_1_7' title="bbox 493 690 2073 776; baseline -0.003 -14"><span class='ocrx_word' id='word_1_36' title='bbox 493 710 528 762; x_wconf 73' lang='grc' dir='ltr'>ὅ</span> <span class='ocrx_word' id='word_1_37' title='bbox 605 709 684 761; x_wconf 79' lang='lat' dir='ltr'><strong>Ex</strong></span> <span class='ocrx_word' id='word_1_38' title='bbox 707 709 777 760; x_wconf 80' lang='lat' dir='ltr'><strong>bit</strong></span> <span class='ocrx_word' id='word_1_39' title='bbox 820 709 1031 773; x_wconf 78' lang='lat' dir='ltr'><strong>spiritus</strong></span> <span class='ocrx_word' id='word_1_40' title='bbox 1059 707 1170 776; x_wconf 65' lang='lat' dir='ltr'><strong>ejus</strong></span> <span class='ocrx_word' id='word_1_41' title='bbox 1193 718 1238 758; x_wconf 86' lang='lat' dir='ltr'><strong>et</strong></span> <span class='ocrx_word' id='word_1_42' title='bbox 1261 717 1544 760; x_wconf 69' lang='lat' dir='ltr'><strong>revertetur</strong></span> <span class='ocrx_word' id='word_1_43' title='bbox 1567 705 1618 756; x_wconf 88' lang='lat' dir='ltr'><strong>in</strong></span> <span class='ocrx_word' id='word_1_44' title='bbox 1658 690 1850 758; x_wconf 69' lang='lat' dir='ltr'><strong>terrain</strong></span> <span class='ocrx_word' id='word_1_45' title='bbox 1877 724 2026 759; x_wconf 86' lang='lat' dir='ltr'><strong>suam</strong></span> <span class='ocrx_word' id='word_1_46' title='bbox 2055 721 2073 758; x_wconf 89' lang='lat'><strong>:</strong></span> 
     </span>
    </p>
   </div>
   <div class='ocr_carea' id='block_1_8' title="bbox 640 797 2071 864">
    <p class='ocr_par' dir='ltr' id='par_1_8' title="bbox 640 797 2071 864">
     <span class='ocr_line' id='line_1_8' title="bbox 640 797 2071 864; baseline 0 -13"><span class='ocrx_word' id='word_1_47' title='bbox 640 798 702 851; x_wconf 84' lang='lat' dir='ltr'><strong>In</strong></span> <span class='ocrx_word' id='word_1_48' title='bbox 738 800 828 849; x_wconf 82' lang='lat' dir='ltr'><strong>illa</strong></span> <span class='ocrx_word' id='word_1_49' title='bbox 857 799 941 849; x_wconf 86' lang='lat' dir='ltr'><strong>die</strong></span> <span class='ocrx_word' id='word_1_50' title='bbox 979 799 1214 864; x_wconf 66' lang='lat' dir='ltr'><strong>peribunt</strong></span> <span class='ocrx_word' id='word_1_51' title='bbox 1260 813 1433 849; x_wconf 83' lang='lat' dir='ltr'><strong>omnes</strong></span> <span class='ocrx_word' id='word_1_52' title='bbox 1471 797 1812 862; x_wconf 77' lang='lat' dir='ltr'><strong>cogitationes</strong></span> <span class='ocrx_word' id='word_1_53' title='bbox 1845 816 2022 851; x_wconf 82' lang='lat' dir='ltr'><strong>eorum</strong></span> <span class='ocrx_word' id='word_1_54' title='bbox 2054 814 2071 851; x_wconf 89' lang='lat'><strong>:</strong></span> 
     </span>
    </p>
   </div>
   <div class='ocr_carea' id='block_1_9' title="bbox 561 887 2073 956">
    <p class='ocr_par' dir='ltr' id='par_1_9' title="bbox 561 887 2073 956">
     <span class='ocr_line' id='line_1_9' title="bbox 561 887 2073 956; baseline -0.003 -13"><span class='ocrx_word' id='word_1_55' title='bbox 561 889 600 943; x_wconf 90' lang='lat' dir='ltr'><strong>C</strong></span> <span class='ocrx_word' id='word_1_56' title='bbox 633 890 859 942; x_wconf 85' lang='lat' dir='ltr'><strong>Causam</strong></span> <span class='ocrx_word' id='word_1_57' title='bbox 890 890 1036 956; x_wconf 85' lang='lat' dir='ltr'><strong>ponit</strong></span> <span class='ocrx_word' id='word_1_58' title='bbox 1067 903 1165 939; x_wconf 84' lang='lat' dir='ltr'><strong>cur</strong></span> <span class='ocrx_word' id='word_1_59' title='bbox 1203 889 1253 938; x_wconf 91' lang='lat' dir='ltr'><strong>in</strong></span> <span class='ocrx_word' id='word_1_60' title='bbox 1291 887 1411 939; x_wconf 57' lang='lat' dir='ltr'><strong>istis</strong></span> <span class='ocrx_word' id='word_1_61' title='bbox 1438 903 1540 938; x_wconf 88' lang='lat' dir='ltr'><strong>non</strong></span> <span class='ocrx_word' id='word_1_62' title='bbox 1576 888 1648 940; x_wconf 85' lang='lat' dir='ltr'><strong>sit</strong></span> <span class='ocrx_word' id='word_1_63' title='bbox 1679 887 1920 939; x_wconf 75' lang='lat' dir='ltr'><strong>toutidt-n</strong></span> <span class='ocrx_word' id='word_1_64' title='bbox 1945 905 2073 940; x_wconf 74' lang='lat' dir='ltr'><strong>&#39;um.</strong></span> 
     </span>
    </p>
   </div>
   <div class='ocr_carea' id='block_1_10' title="bbox 492 978 2076 1046">
    <p class='ocr_par' dir='ltr' id='par_1_10' title="bbox 492 978 2076 1046">
     <span class='ocr_line' id='line_1_10' title="bbox 492 978 2076 1046; baseline 0 -14"><span class='ocrx_word' id='word_1_65' title='bbox 492 979 591 1032; x_wconf 85' lang='lat' dir='ltr'><strong>llic</strong></span> <span class='ocrx_word' id='word_1_66' title='bbox 638 980 885 1045; x_wconf 72' lang='lat' dir='ltr'><strong>spiritum</strong></span> <span class='ocrx_word' id='word_1_67' title='bbox 932 979 1168 1030; x_wconf 84' lang='lat' dir='ltr'><strong>aninmm</strong></span> <span class='ocrx_word' id='word_1_68' title='bbox 1218 979 1476 1029; x_wconf 81' lang='lat' dir='ltr'><strong>debemus</strong></span> <span class='ocrx_word' id='word_1_69' title='bbox 1525 980 1789 1046; x_wconf 61' lang='lat' dir='ltr'><strong>accipere.</strong></span> <span class='ocrx_word' id='word_1_70' title='bbox 1849 978 2076 1046; x_wconf 77' lang='lat' dir='ltr'><strong>Egressa</strong></span> 
     </span>
    </p>
   </div>
   <div class='ocr_carea' id='block_1_11' title="bbox 493 1068 2072 1138">
    <p class='ocr_par' dir='ltr' id='par_1_11' title="bbox 493 1068 2072 1138">
     <span class='ocr_line' id='line_1_11' title="bbox 493 1068 2072 1138; baseline 0.001 -16"><span class='ocrx_word' id='word_1_71' title='bbox 493 1072 675 1138; x_wconf 81' lang='lat' dir='ltr'><strong>itaque</strong></span> <span class='ocrx_word' id='word_1_72' title='bbox 729 1070 814 1122; x_wconf 83' lang='lat' dir='ltr'><strong>illa</strong></span> <span class='ocrx_word' id='word_1_73' title='bbox 861 1072 924 1121; x_wconf 76' lang='lat' dir='ltr'><strong>ile</strong></span> <span class='ocrx_word' id='word_1_74' title='bbox 959 1069 1198 1122; x_wconf 83' lang='lat' dir='ltr'><strong>claustro</strong></span> <span class='ocrx_word' id='word_1_75' title='bbox 1228 1068 1494 1136; x_wconf 67' lang='lat' dir='ltr'><strong>corporis,</strong></span> <span class='ocrx_word' id='word_1_76' title='bbox 1528 1072 1819 1121; x_wconf 64' lang='lat' dir='ltr'><strong>revertitur</strong></span> <span class='ocrx_word' id='word_1_77' title='bbox 1849 1085 1976 1121; x_wconf 85' lang='lat' dir='ltr'><strong>caro</strong></span> <span class='ocrx_word' id='word_1_78' title='bbox 2020 1071 2072 1124; x_wconf 90' lang='lat' dir='ltr'><strong>iu</strong></span> 
     </span>
    </p>
   </div>
   <div class='ocr_carea' id='block_1_12' title="bbox 493 1159 2075 1224">
    <p class='ocr_par' dir='ltr' id='par_1_12' title="bbox 493 1159 2075 1224">
     <span class='ocr_line' id='line_1_12' title="bbox 493 1159 2075 1224; baseline 0.002 -14"><span class='ocrx_word' id='word_1_79' title='bbox 493 1171 715 1220; x_wconf 69' lang='lat' dir='ltr'><strong>terram,</strong></span> <span class='ocrx_word' id='word_1_80' title='bbox 750 1161 891 1211; x_wconf 60' lang='lat' dir='ltr'><strong>uule</strong></span> <span class='ocrx_word' id='word_1_81' title='bbox 935 1159 1161 1224; x_wconf 85' lang='lat' dir='ltr'><strong>sumpsit</strong></span> <span class='ocrx_word' id='word_1_82' title='bbox 1221 1159 1469 1220; x_wconf 86' lang='lat' dir='ltr'><strong>initium;</strong></span> <span class='ocrx_word' id='word_1_83' title='bbox 1525 1159 1642 1210; x_wconf 86' lang='lat' dir='ltr'><strong>ideo</strong></span> <span class='ocrx_word' id='word_1_84' title='bbox 1679 1160 1821 1210; x_wconf 80' lang='lat' dir='ltr'><strong>enim</strong></span> <span class='ocrx_word' id='word_1_85' title='bbox 1869 1159 2075 1213; x_wconf 76' lang='lat' dir='ltr'><strong>addidit</strong></span> 
     </span>
    </p>
   </div>
   <div class='ocr_carea' id='block_1_13' title="bbox 492 1245 2073 1315">
    <p class='ocr_par' dir='ltr' id='par_1_13' title="bbox 492 1245 2073 1315">
     <span class='ocr_line' id='line_1_13' title="bbox 492 1245 2073 1315; baseline 0 -15"><span class='ocrx_word' id='word_1_86' title='bbox 492 1264 666 1307; x_wconf 69' lang='lat' dir='ltr'><strong>suam,</strong></span> <span class='ocrx_word' id='word_1_87' title='bbox 703 1249 827 1315; x_wconf 79' lang='lat' dir='ltr'><strong>quia</strong></span> <span class='ocrx_word' id='word_1_88' title='bbox 878 1248 999 1297; x_wconf 80' lang='lat' dir='ltr'><strong>inde</strong></span> <span class='ocrx_word' id='word_1_89' title='bbox 1037 1245 1137 1297; x_wconf 92' lang='lat' dir='ltr'><strong>fuit</strong></span> <span class='ocrx_word' id='word_1_90' title='bbox 1183 1257 1486 1314; x_wconf 79' lang='lat' dir='ltr'><strong>procreata.</strong></span> <span class='ocrx_word' id='word_1_91' title='bbox 1538 1247 1632 1298; x_wconf 85' lang='lat' dir='ltr'><strong>Illo</strong></span> <span class='ocrx_word' id='word_1_92' title='bbox 1669 1249 1754 1299; x_wconf 82' lang='lat' dir='ltr'><strong>die</strong></span> <span class='ocrx_word' id='word_1_93' title='bbox 1801 1250 2073 1314; x_wconf 67' lang='lat' dir='ltr'><strong>peribunt,</strong></span> 
     </span>
    </p>
   </div>
   <div class='ocr_carea' id='block_1_14' title="bbox 495 1337 2075 1408">
    <p class='ocr_par' dir='ltr' id='par_1_14' title="bbox 495 1337 2075 1408">
     <span class='ocr_line' id='line_1_14' title="bbox 495 1337 2075 1408; baseline 0.003 -20"><span class='ocrx_word' id='word_1_94' title='bbox 495 1348 616 1400; x_wconf 57' lang='lat' dir='ltr'><strong>tem6</strong></span> <span class='ocrx_word' id='word_1_95' title='bbox 641 1354 704 1388; x_wconf 88' lang='lat' dir='ltr'><strong>ur</strong></span> <span class='ocrx_word' id='word_1_96' title='bbox 742 1379 754 1398; x_wconf 84' lang='lat'><strong>,</strong></span> <span class='ocrx_word' id='word_1_97' title='bbox 789 1337 997 1389; x_wconf 75' lang='lat' dir='ltr'><strong>scilicet</strong></span> <span class='ocrx_word' id='word_1_98' title='bbox 1029 1349 1236 1397; x_wconf 80' lang='lat' dir='ltr'><strong>mortis,</strong></span> <span class='ocrx_word' id='word_1_99' title='bbox 1271 1341 1518 1390; x_wconf 73' lang='lat' dir='ltr'><strong>humana:</strong></span> <span class='ocrx_word' id='word_1_100' title='bbox 1545 1340 1921 1406; x_wconf 65' lang='lat' dir='ltr'><strong>cogitationes,</strong></span> <span class='ocrx_word' id='word_1_101' title='bbox 1955 1357 2075 1408; x_wconf 67' lang='lat' dir='ltr'><strong>qua:</strong></span> 
     </span>
    </p>
   </div>
   <div class='ocr_carea' id='block_1_15' title="bbox 491 1429 2075 1494">
    <p class='ocr_par' dir='ltr' id='par_1_15' title="bbox 491 1429 2075 1494">
     <span class='ocr_line' id='line_1_15' title="bbox 491 1429 2075 1494; baseline 0.002 -13"><span class='ocrx_word' id='word_1_102' title='bbox 491 1445 548 1481; x_wconf 84' lang='lat' dir='ltr'><strong>se</strong></span> <span class='ocrx_word' id='word_1_103' title='bbox 584 1429 636 1480; x_wconf 90' lang='lat' dir='ltr'><strong>in</strong></span> <span class='ocrx_word' id='word_1_104' title='bbox 669 1429 916 1480; x_wconf 82' lang='lat' dir='ltr'><strong>diversos</strong></span> <span class='ocrx_word' id='word_1_105' title='bbox 954 1430 1186 1479; x_wconf 80' lang='lat' dir='ltr'><strong>ambitus</strong></span> <span class='ocrx_word' id='word_1_106' title='bbox 1230 1429 1376 1494; x_wconf 87' lang='lat' dir='ltr'><strong>prius</strong></span> <span class='ocrx_word' id='word_1_107' title='bbox 1419 1429 1805 1481; x_wconf 78' lang='lat' dir='ltr'><strong>t-xtemlebaut.</strong></span> <span class='ocrx_word' id='word_1_108' title='bbox 1839 1430 1877 1482; x_wconf 86' lang='lat' dir='ltr'><strong>ll</strong></span> <span class='ocrx_word' id='word_1_109' title='bbox 1925 1429 2075 1485; x_wconf 87' lang='lat' dir='ltr'><strong>Tunc</strong></span> 
     </span>
    </p>
   </div>
   <div class='ocr_carea' id='block_1_16' title="bbox 492 1518 2070 1584">
    <p class='ocr_par' dir='ltr' id='par_1_16' title="bbox 492 1518 2070 1584">
     <span class='ocr_line' id='line_1_16' title="bbox 492 1518 2070 1584; baseline 0.004 -17"><span class='ocrx_word' id='word_1_110' title='bbox 492 1531 706 1584; x_wconf 82' lang='lat' dir='ltr'><strong>quoque</strong></span> <span class='ocrx_word' id='word_1_111' title='bbox 739 1518 933 1583; x_wconf 80' lang='lat' dir='ltr'><strong>peribit</strong></span> <span class='ocrx_word' id='word_1_112' title='bbox 970 1533 1144 1568; x_wconf 74' lang='lat' dir='ltr'><strong>thlllllS</strong></span> <span class='ocrx_word' id='word_1_113' title='bbox 1186 1519 1487 1584; x_wconf 76' lang='lat' dir='ltr'><strong>principum</strong></span> <span class='ocrx_word' id='word_1_114' title='bbox 1532 1527 1586 1570; x_wconf 75' lang='lat' dir='ltr'><strong>et</strong></span> <span class='ocrx_word' id='word_1_115' title='bbox 1624 1518 1902 1572; x_wconf 84' lang='lat' dir='ltr'><strong>ltmninum</strong></span> <span class='ocrx_word' id='word_1_116' title='bbox 1937 1537 2070 1573; x_wconf 81' lang='lat' dir='ltr'><strong>cou-</strong></span> 
     </span>
    </p>
   </div>
   <div class='ocr_carea' id='block_1_17' title="bbox 493 1613 2073 1683">
    <p class='ocr_par' dir='ltr' id='par_1_17' title="bbox 493 1613 2073 1683">
     <span class='ocr_line' id='line_1_17' title="bbox 493 1613 2073 1683; baseline 0.001 -19"><span class='ocrx_word' id='word_1_117' title='bbox 493 1613 734 1675; x_wconf 85' lang='lat' dir='ltr'><strong>fidentia,</strong></span> <span class='ocrx_word' id='word_1_118' title='bbox 782 1624 834 1666; x_wconf 87' lang='lat' dir='ltr'><strong>et</strong></span> <span class='ocrx_word' id='word_1_119' title='bbox 877 1614 1231 1683; x_wconf 50' lang='lat' dir='ltr'><strong>cogitationes</strong></span> <span class='ocrx_word' id='word_1_120' title='bbox 1276 1614 1486 1664; x_wconf 87' lang='lat' dir='ltr'><strong>illormn</strong></span> <span class='ocrx_word' id='word_1_121' title='bbox 1531 1614 1619 1680; x_wconf 92' lang='lat' dir='ltr'><strong>qui</strong></span> <span class='ocrx_word' id='word_1_122' title='bbox 1666 1613 1716 1665; x_wconf 87' lang='lat' dir='ltr'><strong>in</strong></span> <span class='ocrx_word' id='word_1_123' title='bbox 1761 1613 1842 1666; x_wconf 85' lang='lat' dir='ltr'><strong>eis</strong></span> <span class='ocrx_word' id='word_1_124' title='bbox 1888 1630 2073 1682; x_wconf 87' lang='lat' dir='ltr'><strong>spera-</strong></span> 
     </span>
    </p>
   </div>
   <div class='ocr_carea' id='block_1_18' title="bbox 485 1703 640 1756">
    <p class='ocr_par' dir='ltr' id='par_1_18' title="bbox 485 1703 640 1756">
     <span class='ocr_line' id='line_1_18' title="bbox 485 1703 640 1756; baseline 0.006 -2"><span class='ocrx_word' id='word_1_125' title='bbox 485 1703 640 1756; x_wconf 86' lang='lat' dir='ltr'><strong>baut.</strong></span> 
     </span>
    </p>
   </div>
   <div class='ocr_carea' id='block_1_19' title="bbox 489 1793 1776 1864">
    <p class='ocr_par' dir='ltr' id='par_1_19' title="bbox 489 1793 1776 1864">
     <span class='ocr_line' id='line_1_19' title="bbox 489 1793 1776 1864; baseline 0.003 -17"><span class='ocrx_word' id='word_1_126' title='bbox 489 1794 524 1847; x_wconf 67' lang='grc'>4</span> <span class='ocrx_word' id='word_1_127' title='bbox 595 1794 790 1849; x_wconf 85' lang='lat' dir='ltr'><strong>Beatus</strong></span> <span class='ocrx_word' id='word_1_128' title='bbox 819 1795 970 1864; x_wconf 79' lang='lat' dir='ltr'><strong>cujus</strong></span> <span class='ocrx_word' id='word_1_129' title='bbox 1001 1795 1138 1848; x_wconf 79' lang='lat' dir='ltr'><strong>Deus</strong></span> <span class='ocrx_word' id='word_1_130' title='bbox 1165 1793 1332 1847; x_wconf 82' lang='lat' dir='ltr'><strong>Jacob</strong></span> <span class='ocrx_word' id='word_1_131' title='bbox 1365 1795 1582 1862; x_wconf 81' lang='lat' dir='ltr'><strong>adjutor</strong></span> <span class='ocrx_word' id='word_1_132' title='bbox 1603 1795 1717 1863; x_wconf 83' lang='lat' dir='ltr'><strong>ejus</strong></span> <span class='ocrx_word' id='word_1_133' title='bbox 1756 1811 1776 1851; x_wconf 86' lang='lat'><strong>.‘</strong></span> 
     </span>
    </p>
   </div>
   <div class='ocr_carea' id='block_1_20' title="bbox 635 1889 1588 1958">
    <p class='ocr_par' dir='ltr' id='par_1_20' title="bbox 635 1889 1588 1958">
     <span class='ocr_line' id='line_1_20' title="bbox 635 1889 1588 1958; baseline -0.001 -17"><span class='ocrx_word' id='word_1_134' title='bbox 635 1889 763 1955; x_wconf 78' lang='lat' dir='ltr'><strong>Spes</strong></span> <span class='ocrx_word' id='word_1_135' title='bbox 786 1890 898 1957; x_wconf 80' lang='lat' dir='ltr'><strong>ejus</strong></span> <span class='ocrx_word' id='word_1_136' title='bbox 926 1892 976 1941; x_wconf 87' lang='lat' dir='ltr'><strong>in</strong></span> <span class='ocrx_word' id='word_1_137' title='bbox 1007 1891 1218 1942; x_wconf 83' lang='lat' dir='ltr'><strong>domino</strong></span> <span class='ocrx_word' id='word_1_138' title='bbox 1251 1891 1354 1941; x_wconf 66' lang='lat' dir='ltr'><strong>lico</strong></span> <span class='ocrx_word' id='word_1_139' title='bbox 1378 1890 1537 1958; x_wconf 77' lang='lat' dir='ltr'><strong>ipsius</strong></span> <span class='ocrx_word' id='word_1_140' title='bbox 1568 1902 1588 1940; x_wconf 95' lang='lat'><strong>:</strong></span> 
     </span>
    </p>
   </div>
   <div class='ocr_carea' id='block_1_21' title="bbox 633 1979 2074 2052">
    <p class='ocr_par' dir='ltr' id='par_1_21' title="bbox 633 1979 2074 2052">
     <span class='ocr_line' id='line_1_21' title="bbox 633 1979 2074 2052; baseline 0.004 -22"><span class='ocrx_word' id='word_1_141' title='bbox 633 1979 734 2044; x_wconf 79' lang='lat' dir='ltr'><strong>Qui</strong></span> <span class='ocrx_word' id='word_1_142' title='bbox 767 1981 885 2045; x_wconf 79' lang='lat' dir='ltr'><strong>fecit</strong></span> <span class='ocrx_word' id='word_1_143' title='bbox 917 1981 1100 2036; x_wconf 71' lang='lat' dir='ltr'><strong>caelum</strong></span> <span class='ocrx_word' id='word_1_144' title='bbox 1126 1992 1172 2033; x_wconf 88' lang='lat' dir='ltr'><strong>et</strong></span> <span class='ocrx_word' id='word_1_145' title='bbox 1196 1991 1415 2044; x_wconf 81' lang='lat' dir='ltr'><strong>terrain,</strong></span> <span class='ocrx_word' id='word_1_146' title='bbox 1440 1997 1586 2033; x_wconf 87' lang='lat' dir='ltr'><strong>mare</strong></span> <span class='ocrx_word' id='word_1_147' title='bbox 1607 1988 1653 2033; x_wconf 88' lang='lat' dir='ltr'><strong>et</strong></span> <span class='ocrx_word' id='word_1_148' title='bbox 1681 1982 1856 2034; x_wconf 88' lang='lat' dir='ltr'><strong>omnia</strong></span> <span class='ocrx_word' id='word_1_149' title='bbox 1881 1998 1998 2052; x_wconf 72' lang='lat' dir='ltr'><strong>quis</strong></span> <span class='ocrx_word' id='word_1_150' title='bbox 2018 1982 2074 2037; x_wconf 86' lang='lat' dir='ltr'><strong>in</strong></span> 
     </span>
    </p>
   </div>
   <div class='ocr_carea' id='block_1_22' title="bbox 699 2070 938 2122">
    <p class='ocr_par' dir='ltr' id='par_1_22' title="bbox 699 2070 938 2122">
     <span class='ocr_line' id='line_1_22' title="bbox 699 2070 938 2122; baseline 0.004 -1"><span class='ocrx_word' id='word_1_151' title='bbox 699 2070 773 2121; x_wconf 87' lang='lat' dir='ltr'><strong>eis</strong></span> <span class='ocrx_word' id='word_1_152' title='bbox 795 2079 938 2122; x_wconf 88' lang='lat' dir='ltr'><strong>sunt.</strong></span> 
     </span>
    </p>
   </div>
   <div class='ocr_carea' id='block_1_23' title="bbox 560 2154 2076 2229">
    <p class='ocr_par' dir='ltr' id='par_1_23' title="bbox 560 2154 2076 2229">
     <span class='ocr_line' id='line_1_23' title="bbox 560 2154 2076 2229; baseline 0.005 -19"><span class='ocrx_word' id='word_1_153' title='bbox 560 2154 601 2210; x_wconf 84' lang='lat' dir='ltr'>C</span> <span class='ocrx_word' id='word_1_154' title='bbox 629 2155 817 2223; x_wconf 85' lang='lat' dir='ltr'><strong>lsracl,</strong></span> <span class='ocrx_word' id='word_1_155' title='bbox 854 2158 903 2210; x_wconf 87' lang='lat' dir='ltr'><strong>id</strong></span> <span class='ocrx_word' id='word_1_156' title='bbox 934 2166 1017 2211; x_wconf 88' lang='lat' dir='ltr'><strong>est</strong></span> <span class='ocrx_word' id='word_1_157' title='bbox 1048 2158 1132 2216; x_wconf 84' lang='lat' dir='ltr'><strong>vir</strong></span> <span class='ocrx_word' id='word_1_158' title='bbox 1167 2158 1352 2212; x_wconf 82' lang='lat' dir='ltr'><strong>videns</strong></span> <span class='ocrx_word' id='word_1_159' title='bbox 1394 2159 1558 2212; x_wconf 90' lang='lat' dir='ltr'><strong>Deum</strong></span> <span class='ocrx_word' id='word_1_160' title='bbox 1624 2159 1641 2229; x_wconf 86' lang='lat'>(</span> <span class='ocrx_word' id='word_1_161' title='bbox 1667 2162 1808 2228; x_wconf 89' lang='lat' dir='ltr'><strong>quod</strong></span> <span class='ocrx_word' id='word_1_162' title='bbox 1839 2164 2076 2217; x_wconf 71' lang='lat' dir='ltr'><strong>vocabu-</strong></span> 
     </span>
    </p>
   </div>
   <div class='ocr_carea' id='block_1_24' title="bbox 489 2243 2075 2322">
    <p class='ocr_par' dir='ltr' id='par_1_24' title="bbox 489 2243 2075 2322">
     <span class='ocr_line' id='line_1_24' title="bbox 489 2243 2075 2322; baseline 0.004 -23"><span class='ocrx_word' id='word_1_163' title='bbox 489 2243 599 2300; x_wconf 67' lang='lat' dir='ltr'><strong>lum</strong></span> <span class='ocrx_word' id='word_1_164' title='bbox 633 2248 700 2301; x_wconf 86' lang='lat' dir='ltr'><strong>ad</strong></span> <span class='ocrx_word' id='word_1_165' title='bbox 744 2263 932 2302; x_wconf 77' lang='lat' dir='ltr'><strong>clunes</strong></span> <span class='ocrx_word' id='word_1_166' title='bbox 973 2248 1174 2302; x_wconf 85' lang='lat' dir='ltr'><strong>electos</strong></span> <span class='ocrx_word' id='word_1_167' title='bbox 1200 2259 1573 2318; x_wconf 90' lang='lat' dir='ltr'><strong>competenter</strong></span> <span class='ocrx_word' id='word_1_168' title='bbox 1605 2253 1854 2322; x_wconf 86' lang='lat' dir='ltr'><strong>aptatur)</strong></span> <span class='ocrx_word' id='word_1_169' title='bbox 1925 2251 2075 2320; x_wconf 64' lang='lat' dir='ltr'><strong>adju-</strong></span> 
     </span>
    </p>
   </div>
   <div class='ocr_carea' id='block_1_25' title="bbox 490 2339 2070 2407">
    <p class='ocr_par' dir='ltr' id='par_1_25' title="bbox 490 2339 2070 2407">
     <span class='ocr_line' id='line_1_25' title="bbox 490 2339 2070 2407; baseline 0.003 -16"><span class='ocrx_word' id='word_1_170' title='bbox 490 2346 576 2391; x_wconf 83' lang='lat' dir='ltr'><strong>tor</strong></span> <span class='ocrx_word' id='word_1_171' title='bbox 623 2347 707 2392; x_wconf 89' lang='lat' dir='ltr'><strong>est</strong></span> <span class='ocrx_word' id='word_1_172' title='bbox 764 2339 886 2399; x_wconf 84' lang='lat' dir='ltr'><strong>illis,</strong></span> <span class='ocrx_word' id='word_1_173' title='bbox 941 2339 1031 2407; x_wconf 85' lang='lat' dir='ltr'><strong>qui</strong></span> <span class='ocrx_word' id='word_1_174' title='bbox 1087 2340 1202 2407; x_wconf 79' lang='lat' dir='ltr'><strong>ipso</strong></span> <span class='ocrx_word' id='word_1_175' title='bbox 1263 2340 1497 2392; x_wconf 90' lang='lat' dir='ltr'><strong>donante</strong></span> <span class='ocrx_word' id='word_1_176' title='bbox 1554 2341 1756 2406; x_wconf 79' lang='lat' dir='ltr'><strong>gradus</strong></span> <span class='ocrx_word' id='word_1_177' title='bbox 1803 2342 2070 2395; x_wconf 88' lang='lat' dir='ltr'><strong>virtutum</strong></span> 
     </span>
    </p>
   </div>
   <div class='ocr_carea' id='block_1_26' title="bbox 488 2429 2074 2501">
    <p class='ocr_par' dir='ltr' id='par_1_26' title="bbox 488 2429 2074 2501">
     <span class='ocr_line' id='line_1_26' title="bbox 488 2429 2074 2501; baseline 0.004 -20"><span class='ocrx_word' id='word_1_178' title='bbox 488 2429 782 2484; x_wconf 84' lang='lat' dir='ltr'><strong>ascendere</strong></span> <span class='ocrx_word' id='word_1_179' title='bbox 808 2431 1068 2483; x_wconf 88' lang='lat' dir='ltr'><strong>nituntur.</strong></span> <span class='ocrx_word' id='word_1_180' title='bbox 1102 2431 1204 2496; x_wconf 84' lang='lat' dir='ltr'><strong>Qui</strong></span> <span class='ocrx_word' id='word_1_181' title='bbox 1239 2429 1365 2484; x_wconf 87' lang='lat' dir='ltr'><strong>fecit</strong></span> <span class='ocrx_word' id='word_1_182' title='bbox 1390 2430 1588 2484; x_wconf 79' lang='lat' dir='ltr'><strong>coelum</strong></span> <span class='ocrx_word' id='word_1_183' title='bbox 1613 2441 1667 2485; x_wconf 87' lang='lat' dir='ltr'><strong>et</strong></span> <span class='ocrx_word' id='word_1_184' title='bbox 1691 2443 1918 2494; x_wconf 84' lang='lat' dir='ltr'><strong>terram,</strong></span> <span class='ocrx_word' id='word_1_185' title='bbox 1943 2433 2074 2501; x_wconf 84' lang='lat' dir='ltr'><strong>quid</strong></span> 
     </span>
    </p>
   </div>
   <div class='ocr_carea' id='block_1_27' title="bbox 488 2523 2072 2592">
    <p class='ocr_par' dir='ltr' id='par_1_27' title="bbox 488 2523 2072 2592">
     <span class='ocr_line' id='line_1_27' title="bbox 488 2523 2072 2592; baseline 0.003 -19"><span class='ocrx_word' id='word_1_186' title='bbox 488 2529 668 2588; x_wconf 81' lang='lat' dir='ltr'><strong>potest</strong></span> <span class='ocrx_word' id='word_1_187' title='bbox 696 2535 814 2575; x_wconf 84' lang='lat' dir='ltr'><strong>esse</strong></span> <span class='ocrx_word' id='word_1_188' title='bbox 847 2523 1283 2592; x_wconf 78' lang='lat' dir='ltr'><strong>magniﬁcentius</strong></span> <span class='ocrx_word' id='word_1_189' title='bbox 1325 2539 1483 2591; x_wconf 88' lang='lat' dir='ltr'><strong>quam</strong></span> <span class='ocrx_word' id='word_1_190' title='bbox 1530 2525 1725 2577; x_wconf 73' lang='lat' dir='ltr'><strong>emtum</strong></span> <span class='ocrx_word' id='word_1_191' title='bbox 1772 2533 1827 2576; x_wconf 80' lang='lat' dir='ltr'><strong>et</strong></span> <span class='ocrx_word' id='word_1_192' title='bbox 1867 2534 2072 2579; x_wconf 87' lang='lat' dir='ltr'><strong>terram</strong></span> 
     </span>
    </p>
   </div>
   <div class='ocr_carea' id='block_1_28' title="bbox 492 2610 2077 2684">
    <p class='ocr_par' dir='ltr' id='par_1_28' title="bbox 492 2610 2077 2684">
     <span class='ocr_line' id='line_1_28' title="bbox 492 2610 2077 2684; baseline 0.003 -22"><span class='ocrx_word' id='word_1_193' title='bbox 492 2610 690 2666; x_wconf 80' lang='lat' dir='ltr'><strong>fecisse</strong></span> <span class='ocrx_word' id='word_1_194' title='bbox 717 2621 773 2665; x_wconf 91' lang='lat' dir='ltr'><strong>et</strong></span> <span class='ocrx_word' id='word_1_195' title='bbox 800 2613 980 2665; x_wconf 80' lang='lat' dir='ltr'><strong>omnia</strong></span> <span class='ocrx_word' id='word_1_196' title='bbox 1009 2628 1128 2680; x_wconf 66' lang='lat' dir='ltr'><strong>quae</strong></span> <span class='ocrx_word' id='word_1_197' title='bbox 1159 2613 1211 2665; x_wconf 91' lang='lat' dir='ltr'><strong>in</strong></span> <span class='ocrx_word' id='word_1_198' title='bbox 1256 2613 1337 2666; x_wconf 91' lang='lat' dir='ltr'><strong>eis</strong></span> <span class='ocrx_word' id='word_1_199' title='bbox 1375 2616 1535 2666; x_wconf 84' lang='lat' dir='ltr'><strong>sunt?</strong></span> <span class='ocrx_word' id='word_1_200' title='bbox 1568 2613 1609 2665; x_wconf 91' lang='lat' dir='ltr'><strong>ll</strong></span> <span class='ocrx_word' id='word_1_201' title='bbox 1651 2615 1753 2679; x_wconf 73' lang='lat' dir='ltr'><strong>Qu:</strong></span> <span class='ocrx_word' id='word_1_202' title='bbox 1785 2629 1915 2684; x_wconf 74' lang='lat' dir='ltr'><strong>ergo</strong></span> <span class='ocrx_word' id='word_1_203' title='bbox 1949 2612 2077 2668; x_wconf 86' lang='lat' dir='ltr'><strong>fecit</strong></span> 
     </span>
    </p>
   </div>
   <div class='ocr_carea' id='block_1_29' title="bbox 487 2704 2075 2774">
    <p class='ocr_par' dir='ltr' id='par_1_29' title="bbox 487 2704 2075 2774">
     <span class='ocr_line' id='line_1_29' title="bbox 487 2704 2075 2774; baseline 0.003 -18"><span class='ocrx_word' id='word_1_204' title='bbox 487 2704 686 2756; x_wconf 61' lang='lat' dir='ltr'><strong>celum</strong></span> <span class='ocrx_word' id='word_1_205' title='bbox 727 2713 784 2757; x_wconf 89' lang='lat' dir='ltr'><strong>ct</strong></span> <span class='ocrx_word' id='word_1_206' title='bbox 825 2713 1024 2757; x_wconf 89' lang='lat' dir='ltr'><strong>terram</strong></span> <span class='ocrx_word' id='word_1_207' title='bbox 1059 2705 1133 2773; x_wconf 90' lang='lat' dir='ltr'><strong>(in</strong></span> <span class='ocrx_word' id='word_1_208' title='bbox 1184 2719 1411 2774; x_wconf 87' lang='lat' dir='ltr'><strong>quorum</strong></span> <span class='ocrx_word' id='word_1_209' title='bbox 1458 2705 1866 2772; x_wconf 89' lang='lat' dir='ltr'><strong>comparatione</strong></span> <span class='ocrx_word' id='word_1_210' title='bbox 1910 2707 2075 2761; x_wconf 88' lang='lat' dir='ltr'><strong>homo</strong></span> 
     </span>
    </p>
   </div>
   <div class='ocr_carea' id='block_1_30' title="bbox 486 2793 2078 2862">
    <p class='ocr_par' dir='ltr' id='par_1_30' title="bbox 486 2793 2078 2862">
     <span class='ocr_line' id='line_1_30' title="bbox 486 2793 2078 2862; baseline 0.002 -17"><span class='ocrx_word' id='word_1_211' title='bbox 486 2802 571 2845; x_wconf 88' lang='lat' dir='ltr'><strong>est</strong></span> <span class='ocrx_word' id='word_1_212' title='bbox 592 2794 884 2845; x_wconf 90' lang='lat' dir='ltr'><strong>secundum</strong></span> <span class='ocrx_word' id='word_1_213' title='bbox 912 2795 1273 2847; x_wconf 82' lang='lat' dir='ltr'><strong>conditionem</strong></span> <span class='ocrx_word' id='word_1_214' title='bbox 1304 2794 1484 2847; x_wconf 87' lang='lat' dir='ltr'><strong>carnis</strong></span> <span class='ocrx_word' id='word_1_215' title='bbox 1515 2794 1669 2862; x_wconf 88' lang='lat' dir='ltr'><strong>quasi</strong></span> <span class='ocrx_word' id='word_1_216' title='bbox 1700 2793 1949 2861; x_wconf 80' lang='lat' dir='ltr'><strong>formica)</strong></span> <span class='ocrx_word' id='word_1_217' title='bbox 1976 2796 2078 2848; x_wconf 83' lang='lat' dir='ltr'><strong>ho-</strong></span> 
     </span>
    </p>
   </div>
   <div class='ocr_carea' id='block_1_31' title="bbox 488 2881 2078 2954">
    <p class='ocr_par' dir='ltr' id='par_1_31' title="bbox 488 2881 2078 2954">
     <span class='ocr_line' id='line_1_31' title="bbox 488 2881 2078 2954; baseline 0.005 -22"><span class='ocrx_word' id='word_1_218' title='bbox 488 2882 691 2934; x_wconf 86' lang='lat' dir='ltr'><strong>minem</strong></span> <span class='ocrx_word' id='word_1_219' title='bbox 724 2891 902 2949; x_wconf 81' lang='lat' dir='ltr'><strong>potest</strong></span> <span class='ocrx_word' id='word_1_220' title='bbox 930 2881 1163 2937; x_wconf 88' lang='lat' dir='ltr'><strong>liberare</strong></span> <span class='ocrx_word' id='word_1_221' title='bbox 1211 2897 1370 2952; x_wconf 90' lang='lat' dir='ltr'><strong>quem</strong></span> <span class='ocrx_word' id='word_1_222' title='bbox 1420 2883 1567 2938; x_wconf 91' lang='lat' dir='ltr'><strong>fecit.</strong></span> <span class='ocrx_word' id='word_1_223' title='bbox 1609 2885 1733 2938; x_wconf 88' lang='lat' dir='ltr'><strong>Ideo</strong></span> <span class='ocrx_word' id='word_1_224' title='bbox 1775 2884 1914 2938; x_wconf 83' lang='lat' dir='ltr'><strong>bene</strong></span> <span class='ocrx_word' id='word_1_225' title='bbox 1953 2899 2078 2954; x_wconf 83' lang='lat' dir='ltr'><strong>spes</strong></span> 
     </span>
    </p>
   </div>
   <div class='ocr_carea' id='block_1_32' title="bbox 487 2961 891 3026">
    <p class='ocr_par' dir='ltr' id='par_1_32' title="bbox 487 2961 891 3026">
     <span class='ocr_line' id='line_1_32' title="bbox 487 2961 891 3026; baseline 0.002 -3"><span class='ocrx_word' id='word_1_226' title='bbox 487 2961 673 3024; x_wconf 85' lang='lat' dir='ltr'><strong>nostra</strong></span> <span class='ocrx_word' id='word_1_227' title='bbox 716 2972 770 3025; x_wconf 92' lang='lat' dir='ltr'><strong>in</strong></span> <span class='ocrx_word' id='word_1_228' title='bbox 805 2987 891 3026; x_wconf 89' lang='lat' dir='ltr'><strong>eo.</strong></span> 
     </span>
    </p>
   </div>
   <div class='ocr_carea' id='block_1_33' title="bbox 486 3059 2079 3134">
    <p class='ocr_par' dir='ltr' id='par_1_33' title="bbox 486 3059 2079 3134">
     <span class='ocr_line' id='line_1_33' title="bbox 486 3059 2079 3134; baseline 0.004 -22"><span class='ocrx_word' id='word_1_229' title='bbox 486 3059 520 3112; x_wconf 81' lang='grc'><strong>5</strong></span> <span class='ocrx_word' id='word_1_230' title='bbox 595 3059 699 3125; x_wconf 84' lang='lat' dir='ltr'><strong>Qui</strong></span> <span class='ocrx_word' id='word_1_231' title='bbox 744 3062 967 3115; x_wconf 72' lang='lat' dir='ltr'><strong>Custodit</strong></span> <span class='ocrx_word' id='word_1_232' title='bbox 1008 3063 1276 3116; x_wconf 75' lang='lat' dir='ltr'><strong>ceritatem</strong></span> <span class='ocrx_word' id='word_1_233' title='bbox 1333 3080 1387 3116; x_wconf 78' lang='lat' dir='ltr'><strong>in</strong></span> <span class='ocrx_word' id='word_1_234' title='bbox 1427 3069 1682 3118; x_wconf 71' lang='lat' dir='ltr'><strong>siccatum</strong></span> <span class='ocrx_word' id='word_1_235' title='bbox 1718 3081 1736 3118; x_wconf 90' lang='lat'><strong>:</strong></span> <span class='ocrx_word' id='word_1_236' title='bbox 1771 3064 1896 3134; x_wconf 79' lang='lat' dir='ltr'><strong>facit</strong></span> <span class='ocrx_word' id='word_1_237' title='bbox 1943 3064 2079 3130; x_wconf 81' lang='lat' dir='ltr'><strong>iudi-</strong></span> 
     </span>
    </p>
   </div>
   <div class='ocr_carea' id='block_1_34' title="bbox 698 3154 1462 3224">
    <p class='ocr_par' dir='ltr' id='par_1_34' title="bbox 698 3154 1462 3224">
     <span class='ocr_line' id='line_1_34' title="bbox 698 3154 1462 3224; baseline 0.004 -19"><span class='ocrx_word' id='word_1_238' title='bbox 698 3155 837 3206; x_wconf 87' lang='lat' dir='ltr'><strong>cium</strong></span> <span class='ocrx_word' id='word_1_239' title='bbox 869 3154 1120 3223; x_wconf 85' lang='lat' dir='ltr'><strong>injuriam</strong></span> <span class='ocrx_word' id='word_1_240' title='bbox 1143 3156 1462 3224; x_wconf 71' lang='lat' dir='ltr'><strong>patientibus</strong></span> 
     </span>
    </p>
   </div>
   <div class='ocr_carea' id='block_1_35' title="bbox 631 3240 1316 3304">
    <p class='ocr_par' dir='ltr' id='par_1_35' title="bbox 631 3240 1316 3304">
     <span class='ocr_line' id='line_1_35' title="bbox 631 3240 1316 3304; baseline 0.001 -11"><span class='ocrx_word' id='word_1_241' title='bbox 631 3240 735 3293; x_wconf 87' lang='lat' dir='ltr'><strong>Dat</strong></span> <span class='ocrx_word' id='word_1_242' title='bbox 756 3258 924 3293; x_wconf 81' lang='lat' dir='ltr'><strong>escam</strong></span> <span class='ocrx_word' id='word_1_243' title='bbox 950 3243 1316 3304; x_wconf 52' lang='lat' dir='ltr'><strong>esurientibus</strong></span> 
     </span>
    </p>
   </div>
   <div class='ocr_carea' id='block_1_36' title="bbox 555 3329 2069 3401">
    <p class='ocr_par' dir='ltr' id='par_1_36' title="bbox 555 3329 2069 3401">
     <span class='ocr_line' id='line_1_36' title="bbox 555 3329 2069 3401; baseline 0.002 -17"><span class='ocrx_word' id='word_1_244' title='bbox 555 3329 596 3384; x_wconf 87' lang='lat' dir='ltr'><strong>C</strong></span> <span class='ocrx_word' id='word_1_245' title='bbox 633 3329 732 3396; x_wconf 88' lang='lat' dir='ltr'><strong>Qui</strong></span> <span class='ocrx_word' id='word_1_246' title='bbox 766 3331 1002 3383; x_wconf 84' lang='lat' dir='ltr'><strong>custodit</strong></span> <span class='ocrx_word' id='word_1_247' title='bbox 1027 3342 1339 3386; x_wconf 66' lang='lat' dir='ltr'><strong>ventatem:</strong></span> <span class='ocrx_word' id='word_1_248' title='bbox 1376 3333 1489 3401; x_wconf 89' lang='lat' dir='ltr'><strong>ipse</strong></span> <span class='ocrx_word' id='word_1_249' title='bbox 1511 3341 1612 3397; x_wconf 84' lang='lat' dir='ltr'><strong>est,</strong></span> <span class='ocrx_word' id='word_1_250' title='bbox 1642 3332 1848 3387; x_wconf 87' lang='lat' dir='ltr'><strong>scilicet</strong></span> <span class='ocrx_word' id='word_1_251' title='bbox 1875 3332 2069 3387; x_wconf 89' lang='lat' dir='ltr'><strong>Domi-</strong></span> 
     </span>
    </p>
   </div>
   <div class='ocr_carea' id='block_1_37' title="bbox 488 3421 2074 3494">
    <p class='ocr_par' dir='ltr' id='par_1_37' title="bbox 488 3421 2074 3494">
     <span class='ocr_line' id='line_1_37' title="bbox 488 3421 2074 3494; baseline 0.002 -18"><span class='ocrx_word' id='word_1_252' title='bbox 488 3436 593 3476; x_wconf 87' lang='lat' dir='ltr'><strong>nus</strong></span> <span class='ocrx_word' id='word_1_253' title='bbox 617 3421 773 3476; x_wconf 82' lang='lat' dir='ltr'><strong>Jesus</strong></span> <span class='ocrx_word' id='word_1_254' title='bbox 809 3422 1092 3476; x_wconf 85' lang='lat' dir='ltr'><strong>Christus:</strong></span> <span class='ocrx_word' id='word_1_255' title='bbox 1127 3424 1216 3492; x_wconf 89' lang='lat' dir='ltr'><strong>qui</strong></span> <span class='ocrx_word' id='word_1_256' title='bbox 1241 3423 1670 3492; x_wconf 83' lang='lat' dir='ltr'><strong>l&#39;acitjudicium,</strong></span> <span class='ocrx_word' id='word_1_257' title='bbox 1699 3425 1954 3494; x_wconf 89' lang='lat' dir='ltr'><strong>quoniam</strong></span> <span class='ocrx_word' id='word_1_258' title='bbox 1983 3440 2074 3479; x_wconf 86' lang='lat' dir='ltr'><strong>vc-</strong></span> 
     </span>
    </p>
   </div>
   <div class='ocr_carea' id='block_1_38' title="bbox 486 3512 2075 3584">
    <p class='ocr_par' dir='ltr' id='par_1_38' title="bbox 486 3512 2075 3584">
     <span class='ocr_line' id='line_1_38' title="bbox 486 3512 2075 3584; baseline 0.001 -19"><span class='ocrx_word' id='word_1_259' title='bbox 486 3527 582 3566; x_wconf 88' lang='lat' dir='ltr'><strong>rus</strong></span> <span class='ocrx_word' id='word_1_260' title='bbox 613 3521 697 3566; x_wconf 91' lang='lat' dir='ltr'><strong>cst</strong></span> <span class='ocrx_word' id='word_1_261' title='bbox 741 3512 928 3582; x_wconf 81' lang='lat' dir='ltr'><strong>judex,</strong></span> <span class='ocrx_word' id='word_1_262' title='bbox 965 3522 1020 3567; x_wconf 92' lang='lat' dir='ltr'><strong>et</strong></span> <span class='ocrx_word' id='word_1_263' title='bbox 1064 3517 1394 3584; x_wconf 72' lang='lat' dir='ltr'><strong>gubernator</strong></span> <span class='ocrx_word' id='word_1_264' title='bbox 1427 3525 1686 3578; x_wconf 64' lang='lat' dir='ltr'><strong>aeternus,</strong></span> <span class='ocrx_word' id='word_1_265' title='bbox 1737 3525 1792 3570; x_wconf 90' lang='lat' dir='ltr'><strong>et</strong></span> <span class='ocrx_word' id='word_1_266' title='bbox 1836 3515 2075 3568; x_wconf 86' lang='lat' dir='ltr'><strong>vindicat</strong></span> 
     </span>
    </p>
   </div>
   <div class='ocr_carea' id='block_1_39' title="bbox 486 3600 2074 3671">
    <p class='ocr_par' dir='ltr' id='par_1_39' title="bbox 486 3600 2074 3671">
     <span class='ocr_line' id='line_1_39' title="bbox 486 3600 2074 3671; baseline 0.001 -17"><span class='ocrx_word' id='word_1_267' title='bbox 486 3600 745 3670; x_wconf 71' lang='lat' dir='ltr'><strong>injuriam</strong></span> <span class='ocrx_word' id='word_1_268' title='bbox 776 3603 1061 3671; x_wconf 86' lang='lat' dir='ltr'><strong>patientis:</strong></span> <span class='ocrx_word' id='word_1_269' title='bbox 1118 3612 1172 3658; x_wconf 89' lang='lat' dir='ltr'><strong>et</strong></span> <span class='ocrx_word' id='word_1_270' title='bbox 1222 3605 1313 3657; x_wconf 89' lang='lat' dir='ltr'><strong>dat</strong></span> <span class='ocrx_word' id='word_1_271' title='bbox 1344 3619 1523 3658; x_wconf 87' lang='lat' dir='ltr'><strong>escam</strong></span> <span class='ocrx_word' id='word_1_272' title='bbox 1577 3606 1964 3668; x_wconf 85' lang='lat' dir='ltr'><strong>esurientibus,</strong></span> <span class='ocrx_word' id='word_1_273' title='bbox 2021 3604 2074 3657; x_wconf 89' lang='lat' dir='ltr'><strong>id</strong></span> 
     </span>
    </p>
   </div>
   <div class='ocr_carea' id='block_1_40' title="bbox 488 3693 2076 3764">
    <p class='ocr_par' dir='ltr' id='par_1_40' title="bbox 488 3693 2076 3764">
     <span class='ocr_line' id='line_1_40' title="bbox 488 3693 2076 3764; baseline 0.003 -20"><span class='ocrx_word' id='word_1_274' title='bbox 488 3701 574 3745; x_wconf 86' lang='lat' dir='ltr'><strong>est</strong></span> <span class='ocrx_word' id='word_1_275' title='bbox 619 3693 710 3761; x_wconf 90' lang='lat' dir='ltr'><strong>qui</strong></span> <span class='ocrx_word' id='word_1_276' title='bbox 743 3695 992 3747; x_wconf 88' lang='lat' dir='ltr'><strong>esuriuut</strong></span> <span class='ocrx_word' id='word_1_277' title='bbox 1022 3694 1210 3748; x_wconf 89' lang='lat' dir='ltr'><strong>audire</strong></span> <span class='ocrx_word' id='word_1_278' title='bbox 1239 3695 1463 3748; x_wconf 71' lang='lat' dir='ltr'><strong>verbum</strong></span> <span class='ocrx_word' id='word_1_279' title='bbox 1498 3696 1613 3749; x_wconf 89' lang='lat' dir='ltr'><strong>Dei.</strong></span> <span class='ocrx_word' id='word_1_280' title='bbox 1647 3695 1690 3748; x_wconf 88' lang='lat' dir='ltr'><strong>H</strong></span> <span class='ocrx_word' id='word_1_281' title='bbox 1723 3695 1823 3748; x_wconf 91' lang='lat' dir='ltr'><strong>Dat</strong></span> <span class='ocrx_word' id='word_1_282' title='bbox 1859 3700 2076 3764; x_wconf 82' lang='lat' dir='ltr'><strong>quoque</strong></span> 
     </span>
    </p>
   </div>
   <div class='ocr_carea' id='block_1_41' title="bbox 499 3782 2076 3855">
    <p class='ocr_par' dir='ltr' id='par_1_41' title="bbox 499 3782 2076 3855">
     <span class='ocr_line' id='line_1_41' title="bbox 499 3782 2076 3855; baseline 0.002 -21"><span class='ocrx_word' id='word_1_283' title='bbox 499 3782 567 3852; x_wconf 89' lang='lat' dir='ltr'><strong>(si</strong></span> <span class='ocrx_word' id='word_1_284' title='bbox 596 3784 662 3834; x_wconf 92' lang='lat' dir='ltr'><strong>ad</strong></span> <span class='ocrx_word' id='word_1_285' title='bbox 693 3783 924 3836; x_wconf 86' lang='lat' dir='ltr'><strong>litteram</strong></span> <span class='ocrx_word' id='word_1_286' title='bbox 959 3785 1249 3854; x_wconf 82' lang='lat' dir='ltr'><strong>intelligas)</strong></span> <span class='ocrx_word' id='word_1_287' title='bbox 1302 3785 1482 3838; x_wconf 80' lang='lat' dir='ltr'><strong>cibum</strong></span> <span class='ocrx_word' id='word_1_288' title='bbox 1515 3801 1836 3855; x_wconf 88' lang='lat' dir='ltr'><strong>corporum:</strong></span> <span class='ocrx_word' id='word_1_289' title='bbox 1885 3785 1976 3837; x_wconf 85' lang='lat' dir='ltr'><strong>dat</strong></span> <span class='ocrx_word' id='word_1_290' title='bbox 2022 3793 2076 3837; x_wconf 88' lang='lat' dir='ltr'><strong>et</strong></span> 
     </span>
    </p>
   </div>
   <div class='ocr_carea' id='block_1_42' title="bbox 496 3874 2075 3944">
    <p class='ocr_par' dir='ltr' id='par_1_42' title="bbox 496 3874 2075 3944">
     <span class='ocr_line' id='line_1_42' title="bbox 496 3874 2075 3944; baseline 0.001 -18"><span class='ocrx_word' id='word_1_291' title='bbox 496 3874 702 3938; x_wconf 89' lang='lat' dir='ltr'><strong>cibum,</strong></span> <span class='ocrx_word' id='word_1_292' title='bbox 732 3889 931 3944; x_wconf 88' lang='lat' dir='ltr'><strong>corpus</strong></span> <span class='ocrx_word' id='word_1_293' title='bbox 953 3891 1107 3929; x_wconf 90' lang='lat' dir='ltr'><strong>sumn</strong></span> <span class='ocrx_word' id='word_1_294' title='bbox 1134 3878 1185 3928; x_wconf 91' lang='lat' dir='ltr'><strong>in</strong></span> <span class='ocrx_word' id='word_1_295' title='bbox 1216 3885 1558 3930; x_wconf 84' lang='lat' dir='ltr'><strong>sacramento</strong></span> <span class='ocrx_word' id='word_1_296' title='bbox 1582 3895 1595 3929; x_wconf 92' lang='lat'><strong>:</strong></span> <span class='ocrx_word' id='word_1_297' title='bbox 1630 3881 1724 3929; x_wconf 92' lang='lat' dir='ltr'><strong>dat</strong></span> <span class='ocrx_word' id='word_1_298' title='bbox 1746 3876 1974 3943; x_wconf 86' lang='lat' dir='ltr'><strong>denique</strong></span> <span class='ocrx_word' id='word_1_299' title='bbox 1998 3877 2075 3928; x_wconf 91' lang='lat' dir='ltr'><strong>ci-</strong></span> 
     </span>
    </p>
   </div>
   <div class='ocr_carea' id='block_1_43' title="bbox 485 3964 2070 4031">
    <p class='ocr_par' dir='ltr' id='par_1_43' title="bbox 485 3964 2070 4031">
     <span class='ocr_line' id='line_1_43' title="bbox 485 3964 2070 4031; baseline 0.003 -14"><span class='ocrx_word' id='word_1_300' title='bbox 485 3964 614 4018; x_wconf 86' lang='lat' dir='ltr'><strong>bum</strong></span> <span class='ocrx_word' id='word_1_301' title='bbox 647 3965 947 4019; x_wconf 83' lang='lat' dir='ltr'><strong>doctrinam</strong></span> <span class='ocrx_word' id='word_1_302' title='bbox 981 3968 1278 4031; x_wconf 73' lang='lat' dir='ltr'><strong>cmlestem,</strong></span> <span class='ocrx_word' id='word_1_303' title='bbox 1331 3969 1425 4022; x_wconf 88' lang='lat' dir='ltr'><strong>sed</strong></span> <span class='ocrx_word' id='word_1_304' title='bbox 1469 3968 1639 4022; x_wconf 90' lang='lat' dir='ltr'><strong>solum</strong></span> <span class='ocrx_word' id='word_1_305' title='bbox 1672 3968 2070 4023; x_wconf 85' lang='lat' dir='ltr'><strong>esurientibus:</strong></span> 
     </span>
    </p>
   </div>
   <div class='ocr_carea' id='block_1_44' title="bbox 489 4045 2093 4126">
    <p class='ocr_par' dir='ltr' id='par_1_44' title="bbox 489 4045 2093 4126">
     <span class='ocr_line' id='line_1_44' title="bbox 489 4045 2093 4126; baseline 0.007 -18"><span class='ocrx_word' id='word_1_306' title='bbox 489 4055 614 4108; x_wconf 89' lang='lat' dir='ltr'><strong>talis</strong></span> <span class='ocrx_word' id='word_1_307' title='bbox 641 4056 801 4109; x_wconf 89' lang='lat' dir='ltr'><strong>etiam</strong></span> <span class='ocrx_word' id='word_1_308' title='bbox 834 4057 993 4110; x_wconf 81' lang='lat' dir='ltr'><strong>solvit</strong></span> <span class='ocrx_word' id='word_1_309' title='bbox 1020 4059 1372 4126; x_wconf 86' lang='lat' dir='ltr'><strong>compeditos.</strong></span> <span class='ocrx_word' id='word_1_310' title='bbox 2089 4045 2093 4050; x_wconf 21' lang='lat' dir='ltr'><strong>i</strong></span> 
     </span>
    </p>
   </div>
   <div class='ocr_carea' id='block_1_45' title="bbox 485 4146 1398 4217">
    <p class='ocr_par' dir='ltr' id='par_1_45' title="bbox 485 4146 1398 4217">
     <span class='ocr_line' id='line_1_45' title="bbox 485 4146 1398 4217; baseline 0.003 -20"><span class='ocrx_word' id='word_1_311' title='bbox 485 4147 520 4198; x_wconf 82' lang='lat'><strong>6</strong></span> <span class='ocrx_word' id='word_1_312' title='bbox 594 4146 849 4200; x_wconf 88' lang='lat' dir='ltr'><strong>Dominus</strong></span> <span class='ocrx_word' id='word_1_313' title='bbox 876 4148 1026 4201; x_wconf 84' lang='lat' dir='ltr'><strong>solvit</strong></span> <span class='ocrx_word' id='word_1_314' title='bbox 1052 4151 1367 4217; x_wconf 75' lang='lat' dir='ltr'><strong>compeditos</strong></span> <span class='ocrx_word' id='word_1_315' title='bbox 1384 4186 1398 4200; x_wconf 95' lang='lat'><strong>.</strong></span> 
     </span>
    </p>
   </div>
   <div class='ocr_carea' id='block_1_46' title="bbox 627 4239 1392 4296">
    <p class='ocr_par' dir='ltr' id='par_1_46' title="bbox 627 4239 1392 4296">
     <span class='ocr_line' id='line_1_46' title="bbox 627 4239 1392 4296; baseline 0.005 -6"><span class='ocrx_word' id='word_1_316' title='bbox 627 4239 885 4292; x_wconf 75' lang='lat' dir='ltr'><strong>Dominus</strong></span> <span class='ocrx_word' id='word_1_317' title='bbox 907 4239 1172 4294; x_wconf 84' lang='lat' dir='ltr'><strong>illuminat</strong></span> <span class='ocrx_word' id='word_1_318' title='bbox 1205 4259 1392 4296; x_wconf 73' lang='lat' dir='ltr'><strong>ca&#39;cos.</strong></span> 
     </span>
    </p>
   </div>
   <div class='ocr_carea' id='block_1_47' title="bbox 555 4325 2078 4402">
    <p class='ocr_par' dir='ltr' id='par_1_47' title="bbox 555 4325 2078 4402">
     <span class='ocr_line' id='line_1_47' title="bbox 555 4325 2078 4402; baseline 0.005 -23"><span class='ocrx_word' id='word_1_319' title='bbox 555 4325 602 4378; x_wconf 82' lang='grc' dir='ltr'><strong><em>Η</em></strong></span> <span class='ocrx_word' id='word_1_320' title='bbox 639 4327 679 4380; x_wconf 85' lang='lat' dir='ltr'><strong>C</strong></span> <span class='ocrx_word' id='word_1_321' title='bbox 717 4329 974 4382; x_wconf 88' lang='lat' dir='ltr'><strong>Dominus</strong></span> <span class='ocrx_word' id='word_1_322' title='bbox 999 4331 1190 4384; x_wconf 87' lang='lat' dir='ltr'><strong>solvit:</strong></span> <span class='ocrx_word' id='word_1_323' title='bbox 1225 4348 1313 4399; x_wconf 90' lang='lat' dir='ltr'><strong>qm</strong></span> <span class='ocrx_word' id='word_1_324' title='bbox 1338 4331 1488 4400; x_wconf 90' lang='lat' dir='ltr'><strong>prius</strong></span> <span class='ocrx_word' id='word_1_325' title='bbox 1513 4330 1657 4402; x_wconf 77' lang='lat' dir='ltr'><strong>ligati</strong></span> <span class='ocrx_word' id='word_1_326' title='bbox 1686 4341 1843 4386; x_wconf 89' lang='lat' dir='ltr'><strong>erant</strong></span> <span class='ocrx_word' id='word_1_327' title='bbox 1872 4332 1925 4386; x_wconf 90' lang='lat' dir='ltr'><strong>in</strong></span> <span class='ocrx_word' id='word_1_328' title='bbox 1955 4347 2078 4402; x_wconf 88' lang='lat' dir='ltr'><strong>pce-</strong></span> 
     </span>
    </p>
   </div>
   <div class='ocr_carea' id='block_1_48' title="bbox 487 4417 2072 4491">
    <p class='ocr_par' dir='ltr' id='par_1_48' title="bbox 487 4417 2072 4491">
     <span class='ocr_line' id='line_1_48' title="bbox 487 4417 2072 4491; baseline 0.002 -21"><span class='ocrx_word' id='word_1_329' title='bbox 487 4417 624 4470; x_wconf 87' lang='lat' dir='ltr'><strong>catis</strong></span> <span class='ocrx_word' id='word_1_330' title='bbox 649 4417 781 4479; x_wconf 88' lang='lat' dir='ltr'><strong>suis,</strong></span> <span class='ocrx_word' id='word_1_331' title='bbox 817 4432 998 4487; x_wconf 78' lang='lat' dir='ltr'><strong>poStea</strong></span> <span class='ocrx_word' id='word_1_332' title='bbox 1049 4421 1115 4473; x_wconf 89' lang='lat' dir='ltr'><strong>ad</strong></span> <span class='ocrx_word' id='word_1_333' title='bbox 1141 4422 1416 4474; x_wconf 72' lang='lat' dir='ltr'><strong>Clu-istum</strong></span> <span class='ocrx_word' id='word_1_334' title='bbox 1463 4422 1708 4474; x_wconf 79' lang='lat' dir='ltr'><strong>conversi</strong></span> <span class='ocrx_word' id='word_1_335' title='bbox 1759 4436 1855 4489; x_wconf 87' lang='lat' dir='ltr'><strong>per</strong></span> <span class='ocrx_word' id='word_1_336' title='bbox 1900 4423 2072 4491; x_wconf 87' lang='lat' dir='ltr'><strong>ipsum</strong></span> 
     </span>
    </p>
   </div>
   <div class='ocr_carea' id='block_1_49' title="bbox 2180 525 3765 596">
    <p class='ocr_par' dir='ltr' id='par_1_49' title="bbox 2180 525 3765 596">
     <span class='ocr_line' id='line_1_49' title="bbox 2180 525 3765 596; baseline 0 -15"><span class='ocrx_word' id='word_1_337' title='bbox 2180 529 2295 592; x_wconf 85' lang='lat' dir='ltr'><strong>Dei)</strong></span> <span class='ocrx_word' id='word_1_338' title='bbox 2323 525 2682 594; x_wconf 72' lang='lat' dir='ltr'><strong>confugerint.</strong></span> <span class='ocrx_word' id='word_1_339' title='bbox 2721 526 2957 596; x_wconf 87' lang='lat' dir='ltr'><strong>Pupillos</strong></span> <span class='ocrx_word' id='word_1_340' title='bbox 2987 535 3040 581; x_wconf 87' lang='lat' dir='ltr'><strong>et</strong></span> <span class='ocrx_word' id='word_1_341' title='bbox 3073 526 3264 581; x_wconf 86' lang='lat' dir='ltr'><strong>viduas</strong></span> <span class='ocrx_word' id='word_1_342' title='bbox 3313 527 3478 580; x_wconf 87' lang='lat' dir='ltr'><strong>dicit:</strong></span> <span class='ocrx_word' id='word_1_343' title='bbox 3535 528 3629 596; x_wconf 88' lang='lat' dir='ltr'><strong>qui</strong></span> <span class='ocrx_word' id='word_1_344' title='bbox 3659 528 3765 581; x_wconf 77' lang='lat' dir='ltr'><strong>Do-</strong></span> 
     </span>
    </p>
   </div>
   <div class='ocr_carea' id='block_1_50' title="bbox 2183 619 3770 686">
    <p class='ocr_par' dir='ltr' id='par_1_50' title="bbox 2183 619 3770 686">
     <span class='ocr_line' id='line_1_50' title="bbox 2183 619 3770 686; baseline 0.003 -14"><span class='ocrx_word' id='word_1_345' title='bbox 2183 621 2388 672; x_wconf 86' lang='lat' dir='ltr'><strong>minum</strong></span> <span class='ocrx_word' id='word_1_346' title='bbox 2421 634 2550 686; x_wconf 82' lang='lat' dir='ltr'><strong>pura</strong></span> <span class='ocrx_word' id='word_1_347' title='bbox 2584 628 2763 671; x_wconf 83' lang='lat' dir='ltr'><strong>mente</strong></span> <span class='ocrx_word' id='word_1_348' title='bbox 2797 620 3109 686; x_wconf 78' lang='lat' dir='ltr'><strong>reSpiciunt,</strong></span> <span class='ocrx_word' id='word_1_349' title='bbox 3159 619 3410 672; x_wconf 89' lang='lat' dir='ltr'><strong>humanis</strong></span> <span class='ocrx_word' id='word_1_350' title='bbox 3437 620 3654 674; x_wconf 83' lang='lat' dir='ltr'><strong>solatiis</strong></span> <span class='ocrx_word' id='word_1_351' title='bbox 3675 621 3770 676; x_wconf 81' lang='lat' dir='ltr'><strong>de-</strong></span> 
     </span>
    </p>
   </div>
   <div class='ocr_carea' id='block_1_51' title="bbox 2177 707 3773 775">
    <p class='ocr_par' dir='ltr' id='par_1_51' title="bbox 2177 707 3773 775">
     <span class='ocr_line' id='line_1_51' title="bbox 2177 707 3773 775; baseline 0 -13"><span class='ocrx_word' id='word_1_352' title='bbox 2177 710 2374 762; x_wconf 88' lang='lat' dir='ltr'><strong>stituti.</strong></span> <span class='ocrx_word' id='word_1_353' title='bbox 2395 707 2698 775; x_wconf 79' lang='lat' dir='ltr'><strong>Hosreripit</strong></span> <span class='ocrx_word' id='word_1_354' title='bbox 2716 707 2964 767; x_wconf 78' lang='lat' dir='ltr'><strong>Christus</strong></span> <span class='ocrx_word' id='word_1_355' title='bbox 2977 709 3041 758; x_wconf 82' lang='lat' dir='ltr'><strong>ad</strong></span> <span class='ocrx_word' id='word_1_356' title='bbox 3059 707 3428 765; x_wconf 76' lang='lat' dir='ltr'><strong>vindicandos.</strong></span> <span class='ocrx_word' id='word_1_357' title='bbox 3446 718 3500 759; x_wconf 86' lang='lat' dir='ltr'><strong>et</strong></span> <span class='ocrx_word' id='word_1_358' title='bbox 3515 708 3773 762; x_wconf 63' lang='lat' dir='ltr'><strong>esti-nni-</strong></span> 
     </span>
    </p>
   </div>
   <div class='ocr_carea' id='block_1_52' title="bbox 2186 797 3771 866">
    <p class='ocr_par' dir='ltr' id='par_1_52' title="bbox 2186 797 3771 866">
     <span class='ocr_line' id='line_1_52' title="bbox 2186 797 3771 866; baseline -0.002 -13"><span class='ocrx_word' id='word_1_359' title='bbox 2186 801 2332 853; x_wconf 78' lang='lat' dir='ltr'><strong>nubit</strong></span> <span class='ocrx_word' id='word_1_360' title='bbox 2355 799 2623 854; x_wconf 57' lang='lat' dir='ltr'><strong>dabolttm</strong></span> <span class='ocrx_word' id='word_1_361' title='bbox 2651 798 2762 866; x_wconf 73' lang='lat' dir='ltr'><strong>tqni</strong></span> <span class='ocrx_word' id='word_1_362' title='bbox 2779 807 2858 850; x_wconf 82' lang='lat' dir='ltr'><strong>est</strong></span> <span class='ocrx_word' id='word_1_363' title='bbox 2878 797 2959 848; x_wconf 83' lang='lat' dir='ltr'><strong>via</strong></span> <span class='ocrx_word' id='word_1_364' title='bbox 2976 805 3343 866; x_wconf 74' lang='lat' dir='ltr'><strong>peccatorum,</strong></span> <span class='ocrx_word' id='word_1_365' title='bbox 3370 800 3502 852; x_wconf 72' lang='lat' dir='ltr'><strong>sicut</strong></span> <span class='ocrx_word' id='word_1_366' title='bbox 3521 797 3771 851; x_wconf 69' lang='lat' dir='ltr'><strong>Christus</strong></span> 
     </span>
    </p>
   </div>
   <div class='ocr_carea' id='block_1_53' title="bbox 2178 886 3768 951">
    <p class='ocr_par' dir='ltr' id='par_1_53' title="bbox 2178 886 3768 951">
     <span class='ocr_line' id='line_1_53' title="bbox 2178 886 3768 951; baseline 0 -10"><span class='ocrx_word' id='word_1_367' title='bbox 2178 898 2265 941; x_wconf 88' lang='lat' dir='ltr'><strong>est</strong></span> <span class='ocrx_word' id='word_1_368' title='bbox 2309 889 2390 939; x_wconf 80' lang='lat' dir='ltr'><strong>via</strong></span> <span class='ocrx_word' id='word_1_369' title='bbox 2424 888 2714 951; x_wconf 69' lang='lat' dir='ltr'><strong>iustorum)</strong></span> <span class='ocrx_word' id='word_1_370' title='bbox 2745 897 2798 939; x_wconf 91' lang='lat' dir='ltr'><strong>et</strong></span> <span class='ocrx_word' id='word_1_371' title='bbox 2823 901 3010 940; x_wconf 87' lang='lat' dir='ltr'><strong>omnes</strong></span> <span class='ocrx_word' id='word_1_372' title='bbox 3040 888 3090 939; x_wconf 91' lang='lat' dir='ltr'><strong>in</strong></span> <span class='ocrx_word' id='word_1_373' title='bbox 3118 903 3178 940; x_wconf 86' lang='lat' dir='ltr'><strong>ea</strong></span> <span class='ocrx_word' id='word_1_374' title='bbox 3208 887 3289 938; x_wconf 85' lang='lat' dir='ltr'><strong>via</strong></span> <span class='ocrx_word' id='word_1_375' title='bbox 3317 903 3438 939; x_wconf 85' lang='lat' dir='ltr'><strong>eun.</strong></span> <span class='ocrx_word' id='word_1_376' title='bbox 3470 886 3768 941; x_wconf 82' lang='lat' dir='ltr'><strong>imitantes.</strong></span> 
     </span>
    </p>
   </div>
   <div class='ocr_carea' id='block_1_54' title="bbox 2176 977 3729 1047">
    <p class='ocr_par' dir='ltr' id='par_1_54' title="bbox 2176 977 3729 1047">
     <span class='ocr_line' id='line_1_54' title="bbox 2176 977 3729 1047; baseline -0.002 -15"><span class='ocrx_word' id='word_1_377' title='bbox 2176 981 2208 1032; x_wconf 88' lang='lat'>9</span> <span class='ocrx_word' id='word_1_378' title='bbox 2284 979 2538 1047; x_wconf 73' lang='lat' dir='ltr'><strong>Regnabzt</strong></span> <span class='ocrx_word' id='word_1_379' title='bbox 2573 977 2830 1031; x_wconf 79' lang='lat' dir='ltr'><strong>Dominus</strong></span> <span class='ocrx_word' id='word_1_380' title='bbox 2879 979 2933 1031; x_wconf 86' lang='lat' dir='ltr'><strong>in</strong></span> <span class='ocrx_word' id='word_1_381' title='bbox 2978 978 3172 1031; x_wconf 68' lang='lat' dir='ltr'><strong>sa’cula</strong></span> <span class='ocrx_word' id='word_1_382' title='bbox 3207 977 3346 1032; x_wconf 85' lang='lat' dir='ltr'><strong>Deus</strong></span> <span class='ocrx_word' id='word_1_383' title='bbox 3388 989 3512 1032; x_wconf 85' lang='lat' dir='ltr'><strong>tuus</strong></span> <span class='ocrx_word' id='word_1_384' title='bbox 3565 979 3729 1032; x_wconf 81' lang='lat' dir='ltr'><strong>Sion:</strong></span> 
     </span>
    </p>
   </div>
   <div class='ocr_carea' id='block_1_55' title="bbox 2321 1069 3198 1139">
    <p class='ocr_par' dir='ltr' id='par_1_55' title="bbox 2321 1069 3198 1139">
     <span class='ocr_line' id='line_1_55' title="bbox 2321 1069 3198 1139; baseline 0.002 -18"><span class='ocrx_word' id='word_1_385' title='bbox 2321 1069 2387 1122; x_wconf 76' lang='lat' dir='ltr'><strong>In</strong></span> <span class='ocrx_word' id='word_1_386' title='bbox 2413 1072 2747 1138; x_wconf 77' lang='lat' dir='ltr'><strong>generatione</strong></span> <span class='ocrx_word' id='word_1_387' title='bbox 2770 1080 2816 1122; x_wconf 74' lang='grc' dir='ltr'><strong>ετ</strong></span> <span class='ocrx_word' id='word_1_388' title='bbox 2849 1070 3198 1139; x_wconf 65' lang='lat' dir='ltr'><strong>generatione.</strong></span> 
     </span>
    </p>
   </div>
   <div class='ocr_carea' id='block_1_56' title="bbox 2252 1159 3769 1230">
    <p class='ocr_par' dir='ltr' id='par_1_56' title="bbox 2252 1159 3769 1230">
     <span class='ocr_line' id='line_1_56' title="bbox 2252 1159 3769 1230; baseline 0.001 -18"><span class='ocrx_word' id='word_1_389' title='bbox 2252 1159 2293 1212; x_wconf 86' lang='lat' dir='ltr'>C</span> <span class='ocrx_word' id='word_1_390' title='bbox 2334 1159 2444 1212; x_wconf 86' lang='lat' dir='ltr'><strong>Erit</strong></span> <span class='ocrx_word' id='word_1_391' title='bbox 2467 1171 2592 1212; x_wconf 92' lang='lat' dir='ltr'><strong>tunc</strong></span> <span class='ocrx_word' id='word_1_392' title='bbox 2612 1169 2937 1227; x_wconf 79' lang='lat' dir='ltr'><strong>regnaturus</strong></span> <span class='ocrx_word' id='word_1_393' title='bbox 2964 1160 3198 1229; x_wconf 80' lang='lat' dir='ltr'><strong>perfecte</strong></span> <span class='ocrx_word' id='word_1_394' title='bbox 3220 1161 3271 1214; x_wconf 92' lang='lat' dir='ltr'><strong>in</strong></span> <span class='ocrx_word' id='word_1_395' title='bbox 3287 1162 3526 1214; x_wconf 81' lang='lat' dir='ltr'><strong>sanctis:</strong></span> <span class='ocrx_word' id='word_1_396' title='bbox 3558 1161 3769 1230; x_wconf 73' lang='lat' dir='ltr'><strong>quando</strong></span> 
     </span>
    </p>
   </div>
   <div class='ocr_carea' id='block_1_57' title="bbox 2184 1249 3765 1320">
    <p class='ocr_par' dir='ltr' id='par_1_57' title="bbox 2184 1249 3765 1320">
     <span class='ocr_line' id='line_1_57' title="bbox 2184 1249 3765 1320; baseline 0 -16"><span class='ocrx_word' id='word_1_397' title='bbox 2184 1251 2289 1304; x_wconf 89' lang='lat' dir='ltr'><strong>erit</strong></span> <span class='ocrx_word' id='word_1_398' title='bbox 2316 1251 2476 1320; x_wconf 66' lang='lat' dir='ltr'><strong>(sicut</strong></span> <span class='ocrx_word' id='word_1_399' title='bbox 2528 1251 2788 1316; x_wconf 81' lang='lat' dir='ltr'><strong>scriptum</strong></span> <span class='ocrx_word' id='word_1_400' title='bbox 2819 1252 2957 1319; x_wconf 88' lang='lat' dir='ltr'><strong>est):</strong></span> <span class='ocrx_word' id='word_1_401' title='bbox 3011 1249 3154 1303; x_wconf 85' lang='lat' dir='ltr'><strong>Deus</strong></span> <span class='ocrx_word' id='word_1_402' title='bbox 3196 1252 3376 1304; x_wconf 85' lang='lat' dir='ltr'><strong>omnia</strong></span> <span class='ocrx_word' id='word_1_403' title='bbox 3427 1251 3480 1304; x_wconf 92' lang='lat' dir='ltr'><strong>in</strong></span> <span class='ocrx_word' id='word_1_404' title='bbox 3513 1252 3765 1304; x_wconf 89' lang='lat' dir='ltr'><strong>omnibus</strong></span> 
     </span>
    </p>
   </div>
   <div class='ocr_carea' id='block_1_58' title="bbox 2178 1339 3765 1412">
    <p class='ocr_par' dir='ltr' id='par_1_58' title="bbox 2178 1339 3765 1412">
     <span class='ocr_line' id='line_1_58' title="bbox 2178 1339 3765 1412; baseline 0.001 -19"><span class='ocrx_word' id='word_1_405' title='bbox 2178 1339 2522 1409; x_wconf 74' lang='lat' dir='ltr'><strong>(Co:’oss.rtt.)</strong></span> <span class='ocrx_word' id='word_1_406' title='bbox 2558 1340 2653 1392; x_wconf 83' lang='lat' dir='ltr'><strong>llic</strong></span> <span class='ocrx_word' id='word_1_407' title='bbox 2683 1341 2768 1393; x_wconf 88' lang='lat' dir='ltr'><strong>cui</strong></span> <span class='ocrx_word' id='word_1_408' title='bbox 2798 1371 2819 1383; x_wconf 79' lang='grc' dir='ltr'>ιι</span> <span class='ocrx_word' id='word_1_409' title='bbox 2845 1342 3163 1408; x_wconf 84' lang='lat' dir='ltr'><strong>qu..mvisin</strong></span> <span class='ocrx_word' id='word_1_410' title='bbox 3179 1344 3380 1395; x_wconf 76' lang='lat' dir='ltr'><strong>sanctis</strong></span> <span class='ocrx_word' id='word_1_411' title='bbox 3405 1352 3628 1412; x_wconf 79' lang='lat' dir='ltr'><strong>regnet:</strong></span> <span class='ocrx_word' id='word_1_412' title='bbox 3664 1359 3765 1394; x_wconf 68' lang='lat' dir='ltr'><strong>non</strong></span> 
     </span>
    </p>
   </div>
   <div class='ocr_carea' id='block_1_59' title="bbox 2177 1429 3770 1498">
    <p class='ocr_par' dir='ltr' id='par_1_59' title="bbox 2177 1429 3770 1498">
     <span class='ocr_line' id='line_1_59' title="bbox 2177 1429 3770 1498; baseline 0.001 -16"><span class='ocrx_word' id='word_1_413' title='bbox 2177 1438 2357 1482; x_wconf 82' lang='lat' dir='ltr'><strong>tamen</strong></span> <span class='ocrx_word' id='word_1_414' title='bbox 2391 1429 2662 1498; x_wconf 65' lang='lat' dir='ltr'><strong>perferte:</strong></span> <span class='ocrx_word' id='word_1_415' title='bbox 2719 1430 2842 1496; x_wconf 73' lang='lat' dir='ltr'><strong>quia</strong></span> <span class='ocrx_word' id='word_1_416' title='bbox 2875 1430 3034 1483; x_wconf 89' lang='lat' dir='ltr'><strong>corda</strong></span> <span class='ocrx_word' id='word_1_417' title='bbox 3073 1446 3258 1484; x_wconf 89' lang='lat' dir='ltr'><strong>eorum</strong></span> <span class='ocrx_word' id='word_1_418' title='bbox 3290 1431 3562 1486; x_wconf 73' lang='lat' dir='ltr'><strong>interdum</strong></span> <span class='ocrx_word' id='word_1_419' title='bbox 3603 1435 3770 1487; x_wconf 74' lang='lat' dir='ltr'><strong>inani-</strong></span> 
     </span>
    </p>
   </div>
   <div class='ocr_carea' id='block_1_60' title="bbox 2180 1520 3770 1589">
    <p class='ocr_par' dir='ltr' id='par_1_60' title="bbox 2180 1520 3770 1589">
     <span class='ocr_line' id='line_1_60' title="bbox 2180 1520 3770 1589; baseline 0.003 -16"><span class='ocrx_word' id='word_1_420' title='bbox 2180 1521 2280 1573; x_wconf 84' lang='lat' dir='ltr'><strong>bus</strong></span> <span class='ocrx_word' id='word_1_421' title='bbox 2307 1520 2726 1589; x_wconf 80' lang='lat' dir='ltr'><strong>cogitationibus</strong></span> <span class='ocrx_word' id='word_1_422' title='bbox 2756 1535 2835 1572; x_wconf 74' lang='grc' dir='ltr'><strong>οε(</strong></span> <span class='ocrx_word' id='word_1_423' title='bbox 2858 1532 3108 1589; x_wconf 81' lang='lat' dir='ltr'><strong>ttpaulur.</strong></span> <span class='ocrx_word' id='word_1_424' title='bbox 3145 1521 3198 1573; x_wconf 90' lang='lat' dir='ltr'><strong>In</strong></span> <span class='ocrx_word' id='word_1_425' title='bbox 3218 1521 3372 1579; x_wconf 71' lang='lat' dir='ltr'><strong>Sion,</strong></span> <span class='ocrx_word' id='word_1_426' title='bbox 3407 1523 3456 1575; x_wconf 71' lang='lat' dir='ltr'><strong>il</strong></span> <span class='ocrx_word' id='word_1_427' title='bbox 3481 1534 3566 1576; x_wconf 86' lang='lat' dir='ltr'><strong>est</strong></span> <span class='ocrx_word' id='word_1_428' title='bbox 3591 1523 3770 1578; x_wconf 64' lang='grc' dir='ltr'><strong>[ἐτειρ-</strong></span> 
     </span>
    </p>
   </div>
   <div class='ocr_carea' id='block_1_61' title="bbox 2177 1587 3766 1680">
    <p class='ocr_par' dir='ltr' id='par_1_61' title="bbox 2177 1587 3766 1680">
     <span class='ocr_line' id='line_1_61' title="bbox 2177 1587 3766 1680; baseline 0.001 -18"><span class='ocrx_word' id='word_1_429' title='bbox 2177 1609 2254 1662; x_wconf 79' lang='lat' dir='ltr'><strong>sia</strong></span> <span class='ocrx_word' id='word_1_430' title='bbox 2290 1611 2339 1662; x_wconf 90' lang='lat' dir='ltr'><strong>in</strong></span> <span class='ocrx_word' id='word_1_431' title='bbox 2371 1587 2547 1661; x_wconf 74' lang='lat' dir='ltr'><strong>littora</strong></span> <span class='ocrx_word' id='word_1_432' title='bbox 2573 1587 2936 1662; x_wconf 74' lang='lat' dir='ltr'><strong>beatitudine:</strong></span> <span class='ocrx_word' id='word_1_433' title='bbox 2973 1611 3215 1678; x_wconf 78' lang='lat' dir='ltr'><strong>regnabit</strong></span> <span class='ocrx_word' id='word_1_434' title='bbox 3240 1614 3383 1664; x_wconf 86' lang='lat' dir='ltr'><strong>enim</strong></span> <span class='ocrx_word' id='word_1_435' title='bbox 3412 1611 3543 1680; x_wconf 88' lang='lat' dir='ltr'><strong>ipse.</strong></span> <span class='ocrx_word' id='word_1_436' title='bbox 3569 1621 3626 1667; x_wconf 89' lang='lat' dir='ltr'><strong>et</strong></span> <span class='ocrx_word' id='word_1_437' title='bbox 3646 1627 3766 1667; x_wconf 85' lang='lat' dir='ltr'><strong>cum</strong></span> 
     </span>
    </p>
   </div>
   <div class='ocr_carea' id='block_1_62' title="bbox 2175 1698 3769 1768">
    <p class='ocr_par' dir='ltr' id='par_1_62' title="bbox 2175 1698 3769 1768">
     <span class='ocr_line' id='line_1_62' title="bbox 2175 1698 3769 1768; baseline 0.004 -18"><span class='ocrx_word' id='word_1_438' title='bbox 2175 1714 2258 1755; x_wconf 86' lang='lat' dir='ltr'><strong>ea.</strong></span> <span class='ocrx_word' id='word_1_439' title='bbox 2290 1709 2344 1752; x_wconf 90' lang='lat' dir='ltr'><strong>et</strong></span> <span class='ocrx_word' id='word_1_440' title='bbox 2372 1699 2422 1752; x_wconf 91' lang='lat' dir='ltr'><strong>in</strong></span> <span class='ocrx_word' id='word_1_441' title='bbox 2453 1698 2661 1762; x_wconf 86' lang='lat' dir='ltr'><strong>eadem,</strong></span> <span class='ocrx_word' id='word_1_442' title='bbox 2694 1700 2784 1768; x_wconf 92' lang='lat' dir='ltr'><strong>qui</strong></span> <span class='ocrx_word' id='word_1_443' title='bbox 2813 1709 2896 1754; x_wconf 79' lang='lat' dir='ltr'><strong>est</strong></span> <span class='ocrx_word' id='word_1_444' title='bbox 2917 1701 3231 1754; x_wconf 78' lang='lat' dir='ltr'><strong>benedictus</strong></span> <span class='ocrx_word' id='word_1_445' title='bbox 3266 1701 3318 1754; x_wconf 93' lang='lat' dir='ltr'><strong>in</strong></span> <span class='ocrx_word' id='word_1_446' title='bbox 3346 1703 3568 1756; x_wconf 80' lang='lat' dir='ltr'><strong>s:rcula.</strong></span> <span class='ocrx_word' id='word_1_447' title='bbox 3605 1703 3645 1756; x_wconf 94' lang='lat' dir='ltr'><strong>ll</strong></span> <span class='ocrx_word' id='word_1_448' title='bbox 3679 1705 3769 1757; x_wconf 80' lang='lat' dir='ltr'><strong>\&#39;rl</strong></span> 
     </span>
    </p>
   </div>
   <div class='ocr_carea' id='block_1_63' title="bbox 2110 1787 3770 1862">
    <p class='ocr_par' dir='ltr' id='par_1_63' title="bbox 2110 1787 3770 1862">
     <span class='ocr_line' id='line_1_63' title="bbox 2110 1787 3770 1862; baseline 0.002 -20"><span class='ocrx_word' id='word_1_449' title='bbox 2110 1800 2153 1857; x_wconf 75' lang='grc' dir='ltr'>Β</span> <span class='ocrx_word' id='word_1_450' title='bbox 2186 1791 2466 1857; x_wconf 67' lang='lat' dir='ltr'><strong>regnabit:</strong></span> <span class='ocrx_word' id='word_1_451' title='bbox 2523 1791 2572 1841; x_wconf 90' lang='lat' dir='ltr'><strong>in</strong></span> <span class='ocrx_word' id='word_1_452' title='bbox 2607 1799 2956 1857; x_wconf 71' lang='lat' dir='ltr'><strong>generatione</strong></span> <span class='ocrx_word' id='word_1_453' title='bbox 2986 1787 3312 1855; x_wconf 74' lang='lat' dir='ltr'><strong>Jmiacorum,</strong></span> <span class='ocrx_word' id='word_1_454' title='bbox 3342 1802 3395 1845; x_wconf 89' lang='lat' dir='ltr'><strong>et</strong></span> <span class='ocrx_word' id='word_1_455' title='bbox 3418 1793 3770 1862; x_wconf 79' lang='lat' dir='ltr'><strong>generatione</strong></span> 
     </span>
    </p>
   </div>
   <div class='ocr_carea' id='block_1_64' title="bbox 2180 1880 3768 1950">
    <p class='ocr_par' dir='ltr' id='par_1_64' title="bbox 2180 1880 3768 1950">
     <span class='ocr_line' id='line_1_64' title="bbox 2180 1880 3768 1950; baseline 0.005 -19"><span class='ocrx_word' id='word_1_456' title='bbox 2180 1880 2647 1933; x_wconf 81' lang='lat' dir='ltr'><strong>Christianorum:</strong></span> <span class='ocrx_word' id='word_1_457' title='bbox 2691 1881 2774 1935; x_wconf 83' lang='lat' dir='ltr'><strong>vel</strong></span> <span class='ocrx_word' id='word_1_458' title='bbox 2821 1881 2871 1934; x_wconf 91' lang='lat' dir='ltr'><strong>in</strong></span> <span class='ocrx_word' id='word_1_459' title='bbox 2903 1883 3251 1950; x_wconf 65' lang='lat' dir='ltr'><strong>generatione</strong></span> <span class='ocrx_word' id='word_1_460' title='bbox 3280 1882 3382 1937; x_wconf 85' lang='lat' dir='ltr'><strong>ista</strong></span> <span class='ocrx_word' id='word_1_461' title='bbox 3413 1884 3690 1948; x_wconf 65' lang='lat' dir='ltr'><strong>Ecclesiaz,</strong></span> <span class='ocrx_word' id='word_1_462' title='bbox 3717 1893 3768 1939; x_wconf 85' lang='lat' dir='ltr'><strong>et</strong></span> 
     </span>
    </p>
   </div>
   <div class='ocr_carea' id='block_1_65' title="bbox 2177 1972 3050 2038">
    <p class='ocr_par' dir='ltr' id='par_1_65' title="bbox 2177 1972 3050 2038">
     <span class='ocr_line' id='line_1_65' title="bbox 2177 1972 3050 2038; baseline 0.003 -16"><span class='ocrx_word' id='word_1_463' title='bbox 2177 1972 2526 2038; x_wconf 60' lang='lat' dir='ltr'><strong>generatione</strong></span> <span class='ocrx_word' id='word_1_464' title='bbox 2554 1980 2777 2024; x_wconf 88' lang='lat' dir='ltr'><strong>ventura</strong></span> <span class='ocrx_word' id='word_1_465' title='bbox 2811 1972 2863 2024; x_wconf 89' lang='lat' dir='ltr'><strong>in</strong></span> <span class='ocrx_word' id='word_1_466' title='bbox 2891 1974 3050 2026; x_wconf 62' lang='lat' dir='ltr'><strong>curio.</strong></span> 
     </span>
    </p>
   </div>
   <div class='ocr_carea' id='block_1_66' title="bbox 2634 2098 3304 2139">
    <p class='ocr_par' dir='ltr' id='par_1_66' title="bbox 2634 2098 3304 2139">
     <span class='ocr_line' id='line_1_66' title="bbox 2634 2098 3304 2139; baseline 0.001 -2"><span class='ocrx_word' id='word_1_467' title='bbox 2634 2098 2836 2138; x_wconf 71' lang='lat' dir='ltr'><strong>ORATIO</strong></span> <span class='ocrx_word' id='word_1_468' title='bbox 2868 2099 2936 2137; x_wconf 66' lang='lat' dir='ltr'><strong>EX</strong></span> <span class='ocrx_word' id='word_1_469' title='bbox 2969 2099 3118 2139; x_wconf 73' lang='lat' dir='ltr'><strong>PSAL.</strong></span> <span class='ocrx_word' id='word_1_470' title='bbox 3147 2100 3304 2139; x_wconf 74' lang='lat' dir='ltr'><strong>CXLV.</strong></span> 
     </span>
    </p>
   </div>
   <div class='ocr_carea' id='block_1_67' title="bbox 2250 2195 3765 2266">
    <p class='ocr_par' dir='ltr' id='par_1_67' title="bbox 2250 2195 3765 2266">
     <span class='ocr_line' id='line_1_67' title="bbox 2250 2195 3765 2266; baseline 0.002 -16"><span class='ocrx_word' id='word_1_471' title='bbox 2250 2195 2515 2259; x_wconf 76' lang='lat' dir='ltr'><strong>Glorioso,</strong></span> <span class='ocrx_word' id='word_1_472' title='bbox 2542 2197 2887 2263; x_wconf 84' lang='lat' dir='ltr'><strong>omnipotens</strong></span> <span class='ocrx_word' id='word_1_473' title='bbox 2941 2196 3118 2250; x_wconf 88' lang='lat' dir='ltr'><strong>Dens:</strong></span> <span class='ocrx_word' id='word_1_474' title='bbox 3172 2197 3223 2250; x_wconf 91' lang='lat' dir='ltr'><strong>in</strong></span> <span class='ocrx_word' id='word_1_475' title='bbox 3274 2213 3437 2266; x_wconf 82' lang='lat' dir='ltr'><strong>quem</strong></span> <span class='ocrx_word' id='word_1_476' title='bbox 3486 2199 3765 2253; x_wconf 81' lang='lat' dir='ltr'><strong>beatorum</strong></span> 
     </span>
    </p>
   </div>
   <div class='ocr_carea' id='block_1_68' title="bbox 2180 2287 3768 2357">
    <p class='ocr_par' dir='ltr' id='par_1_68' title="bbox 2180 2287 3768 2357">
     <span class='ocr_line' id='line_1_68' title="bbox 2180 2287 3768 2357; baseline 0.003 -17"><span class='ocrx_word' id='word_1_477' title='bbox 2180 2287 2381 2341; x_wconf 70' lang='lat' dir='ltr'><strong>anima:</strong></span> <span class='ocrx_word' id='word_1_478' title='bbox 2439 2297 2602 2340; x_wconf 89' lang='lat' dir='ltr'><strong>totam</strong></span> <span class='ocrx_word' id='word_1_479' title='bbox 2652 2288 2764 2356; x_wconf 87' lang='lat' dir='ltr'><strong>spei</strong></span> <span class='ocrx_word' id='word_1_480' title='bbox 2819 2288 3201 2341; x_wconf 80' lang='lat' dir='ltr'><strong>confidentiam</strong></span> <span class='ocrx_word' id='word_1_481' title='bbox 3232 2297 3478 2357; x_wconf 87' lang='lat' dir='ltr'><strong>ponunt:</strong></span> <span class='ocrx_word' id='word_1_482' title='bbox 3540 2291 3768 2344; x_wconf 84' lang='lat' dir='ltr'><strong>concede</strong></span> 
     </span>
    </p>
   </div>
   <div class='ocr_carea' id='block_1_69' title="bbox 2176 2375 3766 2449">
    <p class='ocr_par' dir='ltr' id='par_1_69' title="bbox 2176 2375 3766 2449">
     <span class='ocr_line' id='line_1_69' title="bbox 2176 2375 3766 2449; baseline 0.002 -21"><span class='ocrx_word' id='word_1_483' title='bbox 2176 2378 2365 2438; x_wconf 88' lang='lat' dir='ltr'><strong>nobis,</strong></span> <span class='ocrx_word' id='word_1_484' title='bbox 2397 2386 2456 2429; x_wconf 89' lang='lat' dir='ltr'><strong>ut</strong></span> <span class='ocrx_word' id='word_1_485' title='bbox 2487 2375 2748 2444; x_wconf 86' lang='lat' dir='ltr'><strong>adjutorio</strong></span> <span class='ocrx_word' id='word_1_486' title='bbox 2782 2387 2872 2430; x_wconf 90' lang='lat' dir='ltr'><strong>tuo</strong></span> <span class='ocrx_word' id='word_1_487' title='bbox 2904 2377 3216 2441; x_wconf 85' lang='lat' dir='ltr'><strong>illuminati,</strong></span> <span class='ocrx_word' id='word_1_488' title='bbox 3242 2378 3522 2432; x_wconf 81' lang='lat' dir='ltr'><strong>valeamus</strong></span> <span class='ocrx_word' id='word_1_489' title='bbox 3553 2390 3603 2432; x_wconf 92' lang='lat' dir='ltr'><strong>te</strong></span> <span class='ocrx_word' id='word_1_490' title='bbox 3625 2380 3766 2449; x_wconf 79' lang='lat' dir='ltr'><strong>jngi-</strong></span> 
     </span>
    </p>
   </div>
   <div class='ocr_carea' id='block_1_70' title="bbox 2183 2469 3766 2541">
    <p class='ocr_par' dir='ltr' id='par_1_70' title="bbox 2183 2469 3766 2541">
     <span class='ocr_line' id='line_1_70' title="bbox 2183 2469 3766 2541; baseline 0.001 -19"><span class='ocrx_word' id='word_1_491' title='bbox 2183 2478 2264 2522; x_wconf 87' lang='lat' dir='ltr'><strong>ter</strong></span> <span class='ocrx_word' id='word_1_492' title='bbox 2297 2481 2480 2524; x_wconf 77' lang='lat' dir='ltr'><strong>mente</strong></span> <span class='ocrx_word' id='word_1_493' title='bbox 2508 2486 2640 2540; x_wconf 86' lang='lat' dir='ltr'><strong>pura</strong></span> <span class='ocrx_word' id='word_1_494' title='bbox 2673 2469 2919 2541; x_wconf 77' lang='lat' dir='ltr'><strong>diligere.</strong></span> <span class='ocrx_word' id='word_1_495' title='bbox 2951 2470 3054 2524; x_wconf 88' lang='lat' dir='ltr'><strong>Per</strong></span> <span class='ocrx_word' id='word_1_496' title='bbox 3086 2471 3370 2525; x_wconf 84' lang='lat' dir='ltr'><strong>Dominum</strong></span> <span class='ocrx_word' id='word_1_497' title='bbox 3409 2482 3658 2524; x_wconf 87' lang='lat' dir='ltr'><strong>nostrum</strong></span> <span class='ocrx_word' id='word_1_498' title='bbox 3685 2471 3766 2524; x_wconf 82' lang='lat' dir='ltr'><strong>Je-</strong></span> 
     </span>
    </p>
   </div>
   <div class='ocr_carea' id='block_1_71' title="bbox 2178 2572 2474 2628">
    <p class='ocr_par' dir='ltr' id='par_1_71' title="bbox 2178 2572 2474 2628">
     <span class='ocr_line' id='line_1_71' title="bbox 2178 2572 2474 2628; baseline -0.007 -12"><span class='ocrx_word' id='word_1_499' title='bbox 2178 2578 2322 2628; x_wconf 86' lang='lat' dir='ltr'><strong>sum,</strong></span> <span class='ocrx_word' id='word_1_500' title='bbox 2367 2572 2474 2616; x_wconf 77' lang='lat' dir='ltr'><strong>etc.</strong></span> 
     </span>
    </p>
   </div>
   <div class='ocr_carea' id='block_1_72' title="bbox 2677 2651 3268 2708">
    <p class='ocr_par' dir='ltr' id='par_1_72' title="bbox 2677 2651 3268 2708">
     <span class='ocr_line' id='line_1_72' title="bbox 2677 2651 3268 2708; baseline 0.007 -4"><span class='ocrx_word' id='word_1_501' title='bbox 2677 2652 2998 2707; x_wconf 78' lang='lat' dir='ltr'><strong>PSALMUS</strong></span> <span class='ocrx_word' id='word_1_502' title='bbox 3037 2651 3268 2708; x_wconf 74' lang='lat' dir='ltr'><strong>CXLVI.</strong></span> 
     </span>
    </p>
   </div>
   <div class='ocr_carea' id='block_1_73' title="bbox 2585 2777 3351 2819">
    <p class='ocr_par' dir='ltr' id='par_1_73' title="bbox 2585 2777 3351 2819">
     <span class='ocr_line' id='line_1_73' title="bbox 2585 2777 3351 2819; baseline 0.001 -2"><span class='ocrx_word' id='word_1_503' title='bbox 2585 2779 2949 2819; x_wconf 57' lang='lat' dir='ltr'><strong>ARGUMENTURI</strong></span> <span class='ocrx_word' id='word_1_504' title='bbox 2977 2777 3129 2819; x_wconf 71' lang='lat' dir='ltr'><strong>PSAL.</strong></span> <span class='ocrx_word' id='word_1_505' title='bbox 3171 2780 3351 2819; x_wconf 60' lang='lat' dir='ltr'><strong>CXLVI.</strong></span> 
     </span>
    </p>
   </div>
   <div class='ocr_carea' id='block_1_74' title="bbox 2250 2875 3767 2948">
    <p class='ocr_par' dir='ltr' id='par_1_74' title="bbox 2250 2875 3767 2948">
     <span class='ocr_line' id='line_1_74' title="bbox 2250 2875 3767 2948; baseline 0.001 -17"><span class='ocrx_word' id='word_1_506' title='bbox 2250 2875 2290 2931; x_wconf 87' lang='lat' dir='ltr'><strong><em>C</em></strong></span> <span class='ocrx_word' id='word_1_507' title='bbox 2333 2875 2593 2930; x_wconf 80' lang='lat' dir='ltr'><strong>Hortatur</strong></span> <span class='ocrx_word' id='word_1_508' title='bbox 2621 2875 2889 2946; x_wconf 80' lang='lat' dir='ltr'><strong>Propheta</strong></span> <span class='ocrx_word' id='word_1_509' title='bbox 2936 2879 3194 2948; x_wconf 76' lang='lat' dir='ltr'><strong>pupulum</strong></span> <span class='ocrx_word' id='word_1_510' title='bbox 3243 2879 3499 2934; x_wconf 75' lang='lat' dir='ltr'><strong>devotum</strong></span> <span class='ocrx_word' id='word_1_511' title='bbox 3553 2878 3767 2933; x_wconf 84' lang='lat' dir='ltr'><strong>laudare</strong></span> 
     </span>
    </p>
   </div>
   <div class='ocr_carea' id='block_1_75' title="bbox 2179 2965 3766 3036">
    <p class='ocr_par' dir='ltr' id='par_1_75' title="bbox 2179 2965 3766 3036">
     <span class='ocr_line' id='line_1_75' title="bbox 2179 2965 3766 3036; baseline 0.003 -18"><span class='ocrx_word' id='word_1_512' title='bbox 2179 2965 2492 3031; x_wconf 89' lang='lat' dir='ltr'><strong>Dominmn,</strong></span> <span class='ocrx_word' id='word_1_513' title='bbox 2544 2966 2635 3034; x_wconf 90' lang='lat' dir='ltr'><strong>qui</strong></span> <span class='ocrx_word' id='word_1_514' title='bbox 2693 2968 3122 3036; x_wconf 84' lang='lat' dir='ltr'><strong>supplicantibus</strong></span> <span class='ocrx_word' id='word_1_515' title='bbox 3167 2969 3432 3023; x_wconf 82' lang='lat' dir='ltr'><strong>beneficia</strong></span> <span class='ocrx_word' id='word_1_516' title='bbox 3491 2971 3766 3033; x_wconf 71' lang='lat' dir='ltr'><strong>profutura</strong></span> 
     </span>
    </p>
   </div>
   <div class='ocr_carea' id='block_1_76' title="bbox 2180 3055 3764 3126">
    <p class='ocr_par' dir='ltr' id='par_1_76' title="bbox 2180 3055 3764 3126">
     <span class='ocr_line' id='line_1_76' title="bbox 2180 3055 3764 3126; baseline 0.002 -18"><span class='ocrx_word' id='word_1_517' title='bbox 2180 3055 2462 3111; x_wconf 69' lang='lat' dir='ltr'><strong>concedit:</strong></span> <span class='ocrx_word' id='word_1_518' title='bbox 2497 3057 2754 3125; x_wconf 86' lang='lat' dir='ltr'><strong>quoniam</strong></span> <span class='ocrx_word' id='word_1_519' title='bbox 2787 3058 2878 3126; x_wconf 85' lang='lat' dir='ltr'><strong>qui</strong></span> <span class='ocrx_word' id='word_1_520' title='bbox 2911 3059 2978 3111; x_wconf 90' lang='lat' dir='ltr'><strong>de</strong></span> <span class='ocrx_word' id='word_1_521' title='bbox 3007 3058 3120 3112; x_wconf 90' lang='lat' dir='ltr'><strong>suis</strong></span> <span class='ocrx_word' id='word_1_522' title='bbox 3146 3058 3352 3113; x_wconf 88' lang='lat' dir='ltr'><strong>viribus</strong></span> <span class='ocrx_word' id='word_1_523' title='bbox 3383 3060 3687 3119; x_wconf 87' lang='lat' dir='ltr'><strong>conlidunt,</strong></span> <span class='ocrx_word' id='word_1_524' title='bbox 3717 3058 3764 3111; x_wconf 91' lang='lat' dir='ltr'><strong>ci</strong></span> 
     </span>
    </p>
   </div>
   <div class='ocr_carea' id='block_1_77' title="bbox 2101 3145 2800 3219">
    <p class='ocr_par' dir='ltr' id='par_1_77' title="bbox 2101 3145 2800 3219">
     <span class='ocr_line' id='line_1_77' title="bbox 2101 3145 2800 3219; baseline 0.001 -22"><span class='ocrx_word' id='word_1_525' title='bbox 2101 3157 2144 3219; x_wconf 71' lang='grc' dir='ltr'><strong>ρ</strong></span> <span class='ocrx_word' id='word_1_526' title='bbox 2177 3145 2391 3213; x_wconf 80' lang='lat' dir='ltr'><strong>placere</strong></span> <span class='ocrx_word' id='word_1_527' title='bbox 2421 3160 2527 3199; x_wconf 91' lang='lat' dir='ltr'><strong>non</strong></span> <span class='ocrx_word' id='word_1_528' title='bbox 2553 3156 2800 3217; x_wconf 85' lang='lat' dir='ltr'><strong>possunt.</strong></span> 
     </span>
    </p>
   </div>
   <div class='ocr_carea' id='block_1_78' title="bbox 2709 3237 3270 3310">
    <p class='ocr_par' dir='ltr' id='par_1_78' title="bbox 2709 3237 3270 3310">
     <span class='ocr_line' id='line_1_78' title="bbox 2709 3237 3270 3310; baseline 0.004 -20"><span class='ocrx_word' id='word_1_529' title='bbox 2709 3237 2815 3291; x_wconf 88' lang='lat' dir='ltr'><strong>TT.</strong></span> <span class='ocrx_word' id='word_1_530' title='bbox 2840 3251 2898 3292; x_wconf 82' lang='lat' dir='ltr'><strong>-t-</strong></span> <span class='ocrx_word' id='word_1_531' title='bbox 2938 3238 3168 3293; x_wconf 77' lang='lat' dir='ltr'><strong>Alleluia</strong></span> <span class='ocrx_word' id='word_1_532' title='bbox 3254 3275 3270 3292; x_wconf 96' lang='lat'><strong>.</strong></span> 
     </span>
    </p>
   </div>
   <div class='ocr_carea' id='block_1_79' title="bbox 2175 3323 3730 3396">
    <p class='ocr_par' dir='ltr' id='par_1_79' title="bbox 2175 3323 3730 3396">
     <span class='ocr_line' id='line_1_79' title="bbox 2175 3323 3730 3396; baseline 0.005 -20"><span class='ocrx_word' id='word_1_533' title='bbox 2175 3323 2200 3376; x_wconf 77' lang='grc'><strong>1</strong></span> <span class='ocrx_word' id='word_1_534' title='bbox 2277 3323 2828 3396; x_wconf 58' lang='grc' dir='ltr'><strong>ιαιιᾱαιελὶηηιὶηιωη</strong></span> <span class='ocrx_word' id='word_1_535' title='bbox 2867 3328 3119 3393; x_wconf 87' lang='lat' dir='ltr'><strong>quoniam</strong></span> <span class='ocrx_word' id='word_1_536' title='bbox 3153 3329 3317 3381; x_wconf 84' lang='lat' dir='ltr'><strong>bonus</strong></span> <span class='ocrx_word' id='word_1_537' title='bbox 3345 3336 3426 3380; x_wconf 83' lang='lat' dir='ltr'><strong>est</strong></span> <span class='ocrx_word' id='word_1_538' title='bbox 3451 3327 3730 3395; x_wconf 78' lang='lat' dir='ltr'><strong>psalmus:</strong></span> 
     </span>
    </p>
   </div>
   <div class='ocr_carea' id='block_1_80' title="bbox 2314 3413 3764 3488">
    <p class='ocr_par' dir='ltr' id='par_1_80' title="bbox 2314 3413 3764 3488">
     <span class='ocr_line' id='line_1_80' title="bbox 2314 3413 3764 3488; baseline 0.002 -21"><span class='ocrx_word' id='word_1_539' title='bbox 2314 3413 2423 3468; x_wconf 90' lang='lat' dir='ltr'><strong>Deo</strong></span> <span class='ocrx_word' id='word_1_540' title='bbox 2452 3427 2628 3468; x_wconf 80' lang='lat' dir='ltr'><strong>nostra</strong></span> <span class='ocrx_word' id='word_1_541' title='bbox 2656 3417 2721 3469; x_wconf 86' lang='lat' dir='ltr'><strong>sit</strong></span> <span class='ocrx_word' id='word_1_542' title='bbox 2759 3415 3000 3485; x_wconf 83' lang='lat' dir='ltr'><strong>jucunda</strong></span> <span class='ocrx_word' id='word_1_543' title='bbox 3033 3421 3100 3484; x_wconf 58' lang='grc' dir='ltr'><strong>χ(</strong></span> <span class='ocrx_word' id='word_1_544' title='bbox 3132 3419 3424 3488; x_wconf 79' lang='lat' dir='ltr'><strong>decoraque</strong></span> <span class='ocrx_word' id='word_1_545' title='bbox 3459 3421 3478 3488; x_wconf 68' lang='grc' dir='ltr'>ξ</span> <span class='ocrx_word' id='word_1_546' title='bbox 3510 3417 3764 3472; x_wconf 83' lang='lat' dir='ltr'><strong>laudatio.</strong></span> 
     </span>
    </p>
   </div>
   <div class='ocr_carea' id='block_1_81' title="bbox 2243 3501 3763 3578">
    <p class='ocr_par' dir='ltr' id='par_1_81' title="bbox 2243 3501 3763 3578">
     <span class='ocr_line' id='line_1_81' title="bbox 2243 3501 3763 3578; baseline 0.003 -22"><span class='ocrx_word' id='word_1_547' title='bbox 2243 3501 2287 3556; x_wconf 84' lang='grc' dir='ltr'><strong><em>Η</em></strong></span> <span class='ocrx_word' id='word_1_548' title='bbox 2330 3503 2573 3559; x_wconf 84' lang='lat' dir='ltr'><strong>Laudate</strong></span> <span class='ocrx_word' id='word_1_549' title='bbox 2607 3503 2925 3560; x_wconf 83' lang='lat' dir='ltr'><strong>Dominum:</strong></span> <span class='ocrx_word' id='word_1_550' title='bbox 2980 3523 3084 3560; x_wconf 91' lang='lat' dir='ltr'><strong>non</strong></span> <span class='ocrx_word' id='word_1_551' title='bbox 3117 3508 3254 3560; x_wconf 78' lang='lat' dir='ltr'><strong>dixit</strong></span> <span class='ocrx_word' id='word_1_552' title='bbox 3296 3507 3472 3562; x_wconf 89' lang='lat' dir='ltr'><strong>bonus</strong></span> <span class='ocrx_word' id='word_1_553' title='bbox 3506 3508 3763 3578; x_wconf 83' lang='lat' dir='ltr'><strong>psalmus.</strong></span> 
     </span>
    </p>
   </div>
   <div class='ocr_carea' id='block_1_82' title="bbox 2175 3595 3767 3667">
    <p class='ocr_par' dir='ltr' id='par_1_82' title="bbox 2175 3595 3767 3667">
     <span class='ocr_line' id='line_1_82' title="bbox 2175 3595 3767 3667; baseline 0.001 -20"><span class='ocrx_word' id='word_1_554' title='bbox 2175 3595 2270 3648; x_wconf 86' lang='lat' dir='ltr'><strong>sed</strong></span> <span class='ocrx_word' id='word_1_555' title='bbox 2319 3595 2564 3649; x_wconf 84' lang='lat' dir='ltr'><strong>absolute</strong></span> <span class='ocrx_word' id='word_1_556' title='bbox 2594 3595 2820 3663; x_wconf 79' lang='lat' dir='ltr'><strong>bonum,</strong></span> <span class='ocrx_word' id='word_1_557' title='bbox 2875 3597 2926 3650; x_wconf 80' lang='lat' dir='ltr'><strong>id</strong></span> <span class='ocrx_word' id='word_1_558' title='bbox 2958 3607 3043 3652; x_wconf 91' lang='lat' dir='ltr'><strong>est</strong></span> <span class='ocrx_word' id='word_1_559' title='bbox 3080 3598 3280 3652; x_wconf 90' lang='lat' dir='ltr'><strong>bonum</strong></span> <span class='ocrx_word' id='word_1_560' title='bbox 3335 3608 3418 3650; x_wconf 86' lang='lat' dir='ltr'><strong>cst</strong></span> <span class='ocrx_word' id='word_1_561' title='bbox 3450 3597 3685 3667; x_wconf 82' lang='lat' dir='ltr'><strong>psallere</strong></span> <span class='ocrx_word' id='word_1_562' title='bbox 3715 3607 3767 3650; x_wconf 89' lang='lat' dir='ltr'><strong>et</strong></span> 
     </span>
    </p>
   </div>
   <div class='ocr_carea' id='block_1_83' title="bbox 2177 3684 3764 3758">
    <p class='ocr_par' dir='ltr' id='par_1_83' title="bbox 2177 3684 3764 3758">
     <span class='ocr_line' id='line_1_83' title="bbox 2177 3684 3764 3758; baseline 0.003 -22"><span class='ocrx_word' id='word_1_563' title='bbox 2177 3684 2397 3739; x_wconf 88' lang='lat' dir='ltr'><strong>laudare</strong></span> <span class='ocrx_word' id='word_1_564' title='bbox 2421 3685 2730 3740; x_wconf 81' lang='lat' dir='ltr'><strong>Dominum.</strong></span> <span class='ocrx_word' id='word_1_565' title='bbox 2750 3685 2854 3741; x_wconf 89' lang='lat' dir='ltr'><strong>Sed</strong></span> <span class='ocrx_word' id='word_1_566' title='bbox 2885 3688 3100 3742; x_wconf 86' lang='lat' dir='ltr'><strong>noveris</strong></span> <span class='ocrx_word' id='word_1_567' title='bbox 3119 3689 3207 3742; x_wconf 88' lang='lat' dir='ltr'><strong>hic</strong></span> <span class='ocrx_word' id='word_1_568' title='bbox 3226 3688 3637 3758; x_wconf 81' lang='lat' dir='ltr'><strong>Hieronymum,</strong></span> <span class='ocrx_word' id='word_1_569' title='bbox 3665 3704 3764 3742; x_wconf 91' lang='lat' dir='ltr'><strong>non</strong></span> 
     </span>
    </p>
   </div>
   <div class='ocr_carea' id='block_1_84' title="bbox 2175 3777 3867 3848">
    <p class='ocr_par' dir='ltr' id='par_1_84' title="bbox 2175 3777 3867 3848">
     <span class='ocr_line' id='line_1_84' title="bbox 2175 3777 3867 3848; baseline 0.002 -19"><span class='ocrx_word' id='word_1_570' title='bbox 2175 3785 2415 3830; x_wconf 82' lang='lat' dir='ltr'><strong>nostram</strong></span> <span class='ocrx_word' id='word_1_571' title='bbox 2449 3777 2858 3831; x_wconf 86' lang='lat' dir='ltr'><strong>translationem</strong></span> <span class='ocrx_word' id='word_1_572' title='bbox 2889 3788 3155 3841; x_wconf 90' lang='lat' dir='ltr'><strong>secutum,</strong></span> <span class='ocrx_word' id='word_1_573' title='bbox 3188 3778 3280 3832; x_wconf 90' lang='lat' dir='ltr'><strong>sed</strong></span> <span class='ocrx_word' id='word_1_574' title='bbox 3297 3779 3623 3848; x_wconf 78' lang='lat' dir='ltr'><strong>gallicanam</strong></span> <span class='ocrx_word' id='word_1_575' title='bbox 3653 3794 3766 3846; x_wconf 71' lang='lat' dir='ltr'><strong>qua:</strong></span> <span class='ocrx_word' id='word_1_576' title='bbox 3854 3780 3867 3797; x_wconf 90' lang='lat'>&#39;</span> 
     </span>
    </p>
   </div>
   <div class='ocr_carea' id='block_1_85' title="bbox 2178 3867 3764 3940">
    <p class='ocr_par' dir='ltr' id='par_1_85' title="bbox 2178 3867 3764 3940">
     <span class='ocr_line' id='line_1_85' title="bbox 2178 3867 3764 3940; baseline 0.001 -18"><span class='ocrx_word' id='word_1_577' title='bbox 2178 3868 2333 3922; x_wconf 88' lang='lat' dir='ltr'><strong>habet</strong></span> <span class='ocrx_word' id='word_1_578' title='bbox 2365 3885 2378 3920; x_wconf 89' lang='lat'><strong>:</strong></span> <span class='ocrx_word' id='word_1_579' title='bbox 2412 3867 2677 3934; x_wconf 88' lang='lat' dir='ltr'><strong>Quoniam</strong></span> <span class='ocrx_word' id='word_1_580' title='bbox 2713 3870 2912 3923; x_wconf 89' lang='lat' dir='ltr'><strong>bonum</strong></span> <span class='ocrx_word' id='word_1_581' title='bbox 2943 3871 3210 3939; x_wconf 85' lang='lat' dir='ltr'><strong>psalmus:</strong></span> <span class='ocrx_word' id='word_1_582' title='bbox 3247 3870 3481 3940; x_wconf 88' lang='lat' dir='ltr'><strong>psallere</strong></span> <span class='ocrx_word' id='word_1_583' title='bbox 3513 3887 3642 3925; x_wconf 78' lang='lat' dir='ltr'><strong>vero</strong></span> <span class='ocrx_word' id='word_1_584' title='bbox 3663 3886 3764 3924; x_wconf 88' lang='lat' dir='ltr'><strong>non</strong></span> 
     </span>
    </p>
   </div>
   <div class='ocr_carea' id='block_1_86' title="bbox 2176 3961 3765 4027">
    <p class='ocr_par' dir='ltr' id='par_1_86' title="bbox 2176 3961 3765 4027">
     <span class='ocr_line' id='line_1_86' title="bbox 2176 3961 3765 4027; baseline 0.001 -14"><span class='ocrx_word' id='word_1_585' title='bbox 2176 3973 2333 4024; x_wconf 83' lang='lat' dir='ltr'><strong>voce,</strong></span> <span class='ocrx_word' id='word_1_586' title='bbox 2362 3961 2455 4014; x_wconf 87' lang='lat' dir='ltr'><strong>sed</strong></span> <span class='ocrx_word' id='word_1_587' title='bbox 2482 3962 2648 4014; x_wconf 90' lang='lat' dir='ltr'><strong>corde</strong></span> <span class='ocrx_word' id='word_1_588' title='bbox 2678 3961 2831 4014; x_wconf 91' lang='lat' dir='ltr'><strong>dicit.</strong></span> <span class='ocrx_word' id='word_1_589' title='bbox 2849 3961 3044 4027; x_wconf 83' lang='lat' dir='ltr'><strong>Quanti</strong></span> <span class='ocrx_word' id='word_1_590' title='bbox 3071 3961 3214 4016; x_wconf 89' lang='lat' dir='ltr'><strong>enim</strong></span> <span class='ocrx_word' id='word_1_591' title='bbox 3234 3963 3430 4016; x_wconf 84' lang='lat' dir='ltr'><strong>bonam</strong></span> <span class='ocrx_word' id='word_1_592' title='bbox 3458 3977 3651 4016; x_wconf 87' lang='lat' dir='ltr'><strong>vocem</strong></span> <span class='ocrx_word' id='word_1_593' title='bbox 3677 3964 3765 4015; x_wconf 79' lang='lat' dir='ltr'><strong>lia-</strong></span> 
     </span>
    </p>
   </div>
   <div class='ocr_carea' id='block_1_87' title="bbox 2178 4049 3762 4121">
    <p class='ocr_par' dir='ltr' id='par_1_87' title="bbox 2178 4049 3762 4121">
     <span class='ocr_line' id='line_1_87' title="bbox 2178 4049 3762 4121; baseline -0.001 -17"><span class='ocrx_word' id='word_1_594' title='bbox 2178 4049 2339 4104; x_wconf 90' lang='lat' dir='ltr'><strong>bent:</strong></span> <span class='ocrx_word' id='word_1_595' title='bbox 2395 4050 2488 4104; x_wconf 87' lang='lat' dir='ltr'><strong>sed</strong></span> <span class='ocrx_word' id='word_1_596' title='bbox 2519 4051 2776 4118; x_wconf 89' lang='lat' dir='ltr'><strong>quoniam</strong></span> <span class='ocrx_word' id='word_1_597' title='bbox 2809 4064 3125 4120; x_wconf 87' lang='lat' dir='ltr'><strong>peccatores</strong></span> <span class='ocrx_word' id='word_1_598' title='bbox 3165 4060 3292 4105; x_wconf 89' lang='lat' dir='ltr'><strong>sunt</strong></span> <span class='ocrx_word' id='word_1_599' title='bbox 3337 4051 3481 4104; x_wconf 86' lang='lat' dir='ltr'><strong>male</strong></span> <span class='ocrx_word' id='word_1_600' title='bbox 3507 4052 3762 4121; x_wconf 81' lang='lat' dir='ltr'><strong>psallunt.</strong></span> 
     </span>
    </p>
   </div>
   <div class='ocr_carea' id='block_1_88' title="bbox 2178 4138 3766 4210">
    <p class='ocr_par' dir='ltr' id='par_1_88' title="bbox 2178 4138 3766 4210">
     <span class='ocr_line' id='line_1_88' title="bbox 2178 4138 3766 4210; baseline 0 -16"><span class='ocrx_word' id='word_1_601' title='bbox 2178 4138 2218 4194; x_wconf 70' lang='grc' dir='ltr'><strong>(Ζ</strong></span> <span class='ocrx_word' id='word_1_602' title='bbox 2243 4139 2394 4193; x_wconf 90' lang='lat' dir='ltr'><strong>Tunc</strong></span> <span class='ocrx_word' id='word_1_603' title='bbox 2422 4148 2504 4193; x_wconf 88' lang='lat' dir='ltr'><strong>est</strong></span> <span class='ocrx_word' id='word_1_604' title='bbox 2530 4140 2674 4194; x_wconf 89' lang='lat' dir='ltr'><strong>enim</strong></span> <span class='ocrx_word' id='word_1_605' title='bbox 2705 4140 2933 4194; x_wconf 88' lang='lat' dir='ltr'><strong>Dommo</strong></span> <span class='ocrx_word' id='word_1_606' title='bbox 2954 4141 3190 4208; x_wconf 74' lang='lat' dir='ltr'><strong>jucunda</strong></span> <span class='ocrx_word' id='word_1_607' title='bbox 3220 4139 3490 4194; x_wconf 74' lang='lat' dir='ltr'><strong>laudatio:</strong></span> <span class='ocrx_word' id='word_1_608' title='bbox 3550 4141 3766 4210; x_wconf 81' lang='lat' dir='ltr'><strong>quando</strong></span> 
     </span>
    </p>
   </div>
   <div class='ocr_carea' id='block_1_89' title="bbox 2180 4219 3762 4285">
    <p class='ocr_par' dir='ltr' id='par_1_89' title="bbox 2180 4219 3762 4285">
     <span class='ocr_line' id='line_1_89' title="bbox 2180 4219 3762 4285; baseline 0 -3"><span class='ocrx_word' id='word_1_609' title='bbox 2180 4229 2233 4282; x_wconf 89' lang='lat' dir='ltr'><strong>in</strong></span> <span class='ocrx_word' id='word_1_610' title='bbox 2268 4246 2428 4283; x_wconf 88' lang='lat' dir='ltr'><strong>unam</strong></span> <span class='ocrx_word' id='word_1_611' title='bbox 2460 4231 2778 4284; x_wconf 87' lang='lat' dir='ltr'><strong>societatem</strong></span> <span class='ocrx_word' id='word_1_612' title='bbox 2809 4219 2912 4284; x_wconf 62' lang='lat' dir='ltr'><strong>vos</strong></span> <span class='ocrx_word' id='word_1_613' title='bbox 2961 4240 3014 4284; x_wconf 91' lang='lat' dir='ltr'><strong>et</strong></span> <span class='ocrx_word' id='word_1_614' title='bbox 3048 4231 3154 4285; x_wconf 85' lang='lat' dir='ltr'><strong>vita</strong></span> <span class='ocrx_word' id='word_1_615' title='bbox 3205 4231 3580 4285; x_wconf 81' lang='lat' dir='ltr'><strong>convenerint.</strong></span> <span class='ocrx_word' id='word_1_616' title='bbox 3634 4229 3762 4283; x_wconf 70' lang='lat' dir='ltr'><strong>Nam</strong></span> 
     </span>
    </p>
   </div>
   <div class='ocr_carea' id='block_1_90' title="bbox 2179 4321 3764 4392">
    <p class='ocr_par' dir='ltr' id='par_1_90' title="bbox 2179 4321 3764 4392">
     <span class='ocr_line' id='line_1_90' title="bbox 2179 4321 3764 4392; baseline 0.002 -21"><span class='ocrx_word' id='word_1_617' title='bbox 2179 4321 2340 4389; x_wconf 84' lang='lat' dir='ltr'><strong>quale</strong></span> <span class='ocrx_word' id='word_1_618' title='bbox 2380 4330 2481 4381; x_wconf 89' lang='lat' dir='ltr'><strong>est,</strong></span> <span class='ocrx_word' id='word_1_619' title='bbox 2516 4330 2574 4375; x_wconf 88' lang='lat' dir='ltr'><strong>ut</strong></span> <span class='ocrx_word' id='word_1_620' title='bbox 2599 4321 2840 4392; x_wconf 76' lang='lat' dir='ltr'><strong>psalmus</strong></span> <span class='ocrx_word' id='word_1_621' title='bbox 2870 4321 3176 4376; x_wconf 83' lang='lat' dir='ltr'><strong>castitatem</strong></span> <span class='ocrx_word' id='word_1_622' title='bbox 3211 4321 3373 4384; x_wconf 87' lang='lat' dir='ltr'><strong>dicat,</strong></span> <span class='ocrx_word' id='word_1_623' title='bbox 3405 4332 3460 4376; x_wconf 88' lang='lat' dir='ltr'><strong>et</strong></span> <span class='ocrx_word' id='word_1_624' title='bbox 3490 4331 3686 4376; x_wconf 86' lang='lat' dir='ltr'><strong>cantor</strong></span> <span class='ocrx_word' id='word_1_625' title='bbox 3709 4336 3764 4374; x_wconf 84' lang='lat' dir='ltr'><strong>se</strong></span> 
     </span>
    </p>
   </div>
   <div class='ocr_carea' id='block_1_91' title="bbox 2184 4415 3765 4484">
    <p class='ocr_par' dir='ltr' id='par_1_91' title="bbox 2184 4415 3765 4484">
     <span class='ocr_line' id='line_1_91' title="bbox 2184 4415 3765 4484; baseline -0.004 -15"><span class='ocrx_word' id='word_1_626' title='bbox 2184 4416 2250 4469; x_wconf 87' lang='lat' dir='ltr'><strong>ab</strong></span> <span class='ocrx_word' id='word_1_627' title='bbox 2281 4416 2618 4470; x_wconf 88' lang='lat' dir='ltr'><strong>obscenitate</strong></span> <span class='ocrx_word' id='word_1_628' title='bbox 2647 4431 2751 4469; x_wconf 89' lang='lat' dir='ltr'><strong>non</strong></span> <span class='ocrx_word' id='word_1_629' title='bbox 2783 4415 3064 4470; x_wconf 85' lang='lat' dir='ltr'><strong>retrahat?</strong></span> <span class='ocrx_word' id='word_1_630' title='bbox 3085 4415 3221 4468; x_wconf 89' lang='lat' dir='ltr'><strong>unde</strong></span> <span class='ocrx_word' id='word_1_631' title='bbox 3253 4431 3360 4469; x_wconf 88' lang='lat' dir='ltr'><strong>non</strong></span> <span class='ocrx_word' id='word_1_632' title='bbox 3393 4424 3574 4484; x_wconf 84' lang='lat' dir='ltr'><strong>potest</strong></span> <span class='ocrx_word' id='word_1_633' title='bbox 3607 4432 3634 4466; x_wconf 88' lang='lat' dir='ltr'><strong>a</strong></span> <span class='ocrx_word' id='word_1_634' title='bbox 3669 4415 3765 4468; x_wconf 82' lang='lat' dir='ltr'><strong>De—</strong></span> 
     </span>
    </p>
   </div>
   <div class='ocr_carea' id='block_1_92' title="bbox 488 4494 3764 4577">
    <p class='ocr_par' dir='ltr' id='par_1_92' title="bbox 488 4494 3764 4577">
     <span class='ocr_line' id='line_1_92' title="bbox 488 4494 3764 4577; baseline 0 -21"><span class='ocrx_word' id='word_1_635' title='bbox 488 4507 647 4557; x_wconf 88' lang='lat' dir='ltr'><strong>soluti</strong></span> <span class='ocrx_word' id='word_1_636' title='bbox 667 4518 810 4560; x_wconf 89' lang='lat' dir='ltr'><strong>sunt.</strong></span> <span class='ocrx_word' id='word_1_637' title='bbox 843 4509 1100 4563; x_wconf 88' lang='lat' dir='ltr'><strong>Dominus</strong></span> <span class='ocrx_word' id='word_1_638' title='bbox 1133 4511 1397 4563; x_wconf 83' lang='lat' dir='ltr'><strong>illuminat</strong></span> <span class='ocrx_word' id='word_1_639' title='bbox 1423 4527 1624 4564; x_wconf 69' lang='lat' dir='ltr'><strong>caecos:</strong></span> <span class='ocrx_word' id='word_1_640' title='bbox 1651 4512 1690 4565; x_wconf 71' lang='grc' dir='ltr'>Ο</span> <span class='ocrx_word' id='word_1_641' title='bbox 1717 4510 1903 4564; x_wconf 72' lang='lat' dir='ltr'><strong>Vitiosi</strong></span> <span class='ocrx_word' id='word_1_642' title='bbox 1930 4512 2071 4564; x_wconf 86' lang='lat' dir='ltr'><strong>enim</strong></span> <span class='ocrx_word' id='word_1_643' title='bbox 2104 4494 2152 4551; x_wconf 83' lang='lat' dir='ltr'><strong>D</strong></span> <span class='ocrx_word' id='word_1_644' title='bbox 2182 4507 2328 4562; x_wconf 88' lang='lat' dir='ltr'><strong>mino</strong></span> <span class='ocrx_word' id='word_1_645' title='bbox 2359 4509 2495 4564; x_wconf 90' lang='lat' dir='ltr'><strong>bene</strong></span> <span class='ocrx_word' id='word_1_646' title='bbox 2533 4508 2767 4577; x_wconf 88' lang='lat' dir='ltr'><strong>percipi:</strong></span> <span class='ocrx_word' id='word_1_647' title='bbox 2800 4509 2942 4576; x_wconf 91' lang='lat' dir='ltr'><strong>quod</strong></span> <span class='ocrx_word' id='word_1_648' title='bbox 2973 4508 3245 4560; x_wconf 87' lang='lat' dir='ltr'><strong>contraria</strong></span> <span class='ocrx_word' id='word_1_649' title='bbox 3273 4508 3414 4560; x_wconf 88' lang='lat' dir='ltr'><strong>inter</strong></span> <span class='ocrx_word' id='word_1_650' title='bbox 3435 4522 3494 4560; x_wconf 88' lang='lat' dir='ltr'><strong>se</strong></span> <span class='ocrx_word' id='word_1_651' title='bbox 3523 4509 3764 4560; x_wconf 88' lang='lat' dir='ltr'><strong>noscitur</strong></span> 
     </span>
    </p>
   </div>
   <div class='ocr_carea' id='block_1_93' title="bbox 487 4599 2076 4668">
    <p class='ocr_par' dir='ltr' id='par_1_93' title="bbox 487 4599 2076 4668">
     <span class='ocr_line' id='line_1_93' title="bbox 487 4599 2076 4668; baseline 0.006 -22"><span class='ocrx_word' id='word_1_652' title='bbox 487 4610 678 4649; x_wconf 86' lang='lat' dir='ltr'><strong>omnes</strong></span> <span class='ocrx_word' id='word_1_653' title='bbox 710 4599 836 4649; x_wconf 60' lang='grc' dir='ltr'><strong>(ζωαί</strong></span> <span class='ocrx_word' id='word_1_654' title='bbox 889 4609 1014 4651; x_wconf 89' lang='lat' dir='ltr'><strong>sunt</strong></span> <span class='ocrx_word' id='word_1_655' title='bbox 1064 4602 1209 4668; x_wconf 77' lang='lat' dir='ltr'><strong>(quia</strong></span> <span class='ocrx_word' id='word_1_656' title='bbox 1260 4612 1605 4668; x_wconf 86' lang='lat' dir='ltr'><strong>peccatorum</strong></span> <span class='ocrx_word' id='word_1_657' title='bbox 1653 4601 2076 4655; x_wconf 72' lang='lat' dir='ltr'><strong>obscuritatilms</strong></span> 
     </span>
    </p>
   </div>
   <div class='ocr_carea' id='block_1_94' title="bbox 489 4685 2074 4760">
    <p class='ocr_par' dir='ltr' id='par_1_94' title="bbox 489 4685 2074 4760">
     <span class='ocr_line' id='line_1_94' title="bbox 489 4685 2074 4760; baseline 0.004 -22"><span class='ocrx_word' id='word_1_658' title='bbox 489 4685 878 4756; x_wconf 85' lang='lat' dir='ltr'><strong>implicantur),</strong></span> <span class='ocrx_word' id='word_1_659' title='bbox 918 4688 1015 4741; x_wconf 81' lang='lat' dir='ltr'><strong>hos</strong></span> <span class='ocrx_word' id='word_1_660' title='bbox 1059 4689 1328 4742; x_wconf 82' lang='lat' dir='ltr'><strong>illuminat</strong></span> <span class='ocrx_word' id='word_1_661' title='bbox 1371 4689 1460 4743; x_wconf 86' lang='lat' dir='ltr'><strong>ille</strong></span> <span class='ocrx_word' id='word_1_662' title='bbox 1490 4691 1658 4755; x_wconf 86' lang='lat' dir='ltr'><strong>solus,</strong></span> <span class='ocrx_word' id='word_1_663' title='bbox 1683 4693 1774 4760; x_wconf 84' lang='lat' dir='ltr'><strong>qui</strong></span> <span class='ocrx_word' id='word_1_664' title='bbox 1807 4693 2074 4746; x_wconf 82' lang='lat' dir='ltr'><strong>illuminat</strong></span> 
     </span>
    </p>
   </div>
   <div class='ocr_carea' id='block_1_95' title="bbox 487 4777 1038 4829">
    <p class='ocr_par' dir='ltr' id='par_1_95' title="bbox 487 4777 1038 4829">
     <span class='ocr_line' id='line_1_95' title="bbox 487 4777 1038 4829; baseline 0.009 -5"><span class='ocrx_word' id='word_1_665' title='bbox 487 4789 703 4827; x_wconf 75' lang='lat' dir='ltr'><strong>onlnem</strong></span> <span class='ocrx_word' id='word_1_666' title='bbox 742 4777 1038 4829; x_wconf 86' lang='lat' dir='ltr'><strong>hominem.</strong></span> 
     </span>
    </p>
   </div>
   <div class='ocr_carea' id='block_1_96' title="bbox 488 4863 1233 4938">
    <p class='ocr_par' dir='ltr' id='par_1_96' title="bbox 488 4863 1233 4938">
     <span class='ocr_line' id='line_1_96' title="bbox 488 4863 1233 4938; baseline 0.013 -23"><span class='ocrx_word' id='word_1_667' title='bbox 488 4863 520 4915; x_wconf 86' lang='lat'><strong>7</strong></span> <span class='ocrx_word' id='word_1_668' title='bbox 595 4865 849 4920; x_wconf 81' lang='lat' dir='ltr'><strong>Dominus</strong></span> <span class='ocrx_word' id='word_1_669' title='bbox 871 4869 1018 4938; x_wconf 85' lang='lat' dir='ltr'><strong>erigit</strong></span> <span class='ocrx_word' id='word_1_670' title='bbox 1042 4869 1233 4925; x_wconf 86' lang='lat' dir='ltr'><strong>elisos:</strong></span> 
     </span>
    </p>
   </div>
   <div class='ocr_carea' id='block_1_97' title="bbox 636 4957 1299 5032">
    <p class='ocr_par' dir='ltr' id='par_1_97' title="bbox 636 4957 1299 5032">
     <span class='ocr_line' id='line_1_97' title="bbox 636 4957 1299 5032; baseline 0.014 -25"><span class='ocrx_word' id='word_1_671' title='bbox 636 4957 889 5013; x_wconf 84' lang='lat' dir='ltr'><strong>Dominus</strong></span> <span class='ocrx_word' id='word_1_672' title='bbox 915 4963 1083 5032; x_wconf 84' lang='lat' dir='ltr'><strong>ailigit</strong></span> <span class='ocrx_word' id='word_1_673' title='bbox 1105 4963 1299 5032; x_wconf 83' lang='lat' dir='ltr'><strong>justas.</strong></span> 
     </span>
    </p>
   </div>
   <div class='ocr_carea' id='block_1_98' title="bbox 564 5046 2068 5124">
    <p class='ocr_par' dir='ltr' id='par_1_98' title="bbox 564 5046 2068 5124">
     <span class='ocr_line' id='line_1_98' title="bbox 564 5046 2068 5124; baseline 0.007 -24"><span class='ocrx_word' id='word_1_674' title='bbox 564 5046 606 5100; x_wconf 88' lang='lat' dir='ltr'><strong>C</strong></span> <span class='ocrx_word' id='word_1_675' title='bbox 642 5047 901 5103; x_wconf 81' lang='lat' dir='ltr'><strong>Dominus</strong></span> <span class='ocrx_word' id='word_1_676' title='bbox 933 5053 1122 5122; x_wconf 82' lang='lat' dir='ltr'><strong>erigit:</strong></span> <span class='ocrx_word' id='word_1_677' title='bbox 1183 5069 1281 5108; x_wconf 85' lang='lat' dir='ltr'><strong>nec</strong></span> <span class='ocrx_word' id='word_1_678' title='bbox 1312 5054 1412 5109; x_wconf 91' lang='lat' dir='ltr'><strong>hoc</strong></span> <span class='ocrx_word' id='word_1_679' title='bbox 1449 5069 1666 5124; x_wconf 90' lang='lat' dir='ltr'><strong>quoque</strong></span> <span class='ocrx_word' id='word_1_680' title='bbox 1713 5056 1932 5118; x_wconf 81' lang='lat' dir='ltr'><strong>dubium</strong></span> <span class='ocrx_word' id='word_1_681' title='bbox 1965 5067 2068 5123; x_wconf 86' lang='lat' dir='ltr'><strong>est,</strong></span> 
     </span>
    </p>
   </div>
   <div class='ocr_carea' id='block_1_99' title="bbox 485 5138 2065 5182">
    <p class='ocr_par' dir='ltr' id='par_1_99' title="bbox 485 5138 2065 5182">
     <span class='ocr_line' id='line_1_99' title="bbox 485 5138 2065 5182; baseline 0 0"><span class='ocrx_word' id='word_1_682' title='bbox 485 5138 608 5182; x_wconf 68' lang='lat' dir='ltr'><strong>ﬂuit]</strong></span> <span class='ocrx_word' id='word_1_683' title='bbox 639 5139 802 5182; x_wconf 52' lang='lat' dir='ltr'><strong>aliene</strong></span> <span class='ocrx_word' id='word_1_684' title='bbox 829 5141 1074 5182; x_wconf 57' lang='lat' dir='ltr'><strong>“in-iul&quot;:</strong></span> <span class='ocrx_word' id='word_1_685' title='bbox 1096 5145 1249 5182; x_wconf 74' lang='lat' dir='ltr'><strong>nriuil</strong></span> <span class='ocrx_word' id='word_1_686' title='bbox 1313 5145 1440 5182; x_wconf 75' lang='lat' dir='ltr'><strong>N-nn</strong></span> <span class='ocrx_word' id='word_1_687' title='bbox 1465 5138 1850 5182; x_wconf 25' lang='lat' dir='ltr'><strong>Dlllllilliﬂ&#39;llllllc</strong></span> <span class='ocrx_word' id='word_1_688' title='bbox 1873 5146 2065 5182; x_wconf 73' lang='grc' dir='ltr'><strong>ο1;.1.;ι.</strong></span> 
     </span>
    </p>
   </div>
   <div class='ocr_carea' id='block_1_100' title="bbox 2181 4598 3764 4670">
    <p class='ocr_par' dir='ltr' id='par_1_100' title="bbox 2181 4598 3764 4670">
     <span class='ocr_line' id='line_1_100' title="bbox 2181 4598 3764 4670; baseline 0.001 -20"><span class='ocrx_word' id='word_1_689' title='bbox 2181 4600 2513 4653; x_wconf 73' lang='lat' dir='ltr'><strong>adversitate</strong></span> <span class='ocrx_word' id='word_1_690' title='bbox 2535 4599 2751 4654; x_wconf 86' lang='lat' dir='ltr'><strong>luctari.</strong></span> <span class='ocrx_word' id='word_1_691' title='bbox 2807 4599 2847 4652; x_wconf 87' lang='lat' dir='ltr'><strong>ll</strong></span> <span class='ocrx_word' id='word_1_692' title='bbox 2879 4598 3024 4653; x_wconf 88' lang='lat' dir='ltr'><strong>Bene</strong></span> <span class='ocrx_word' id='word_1_693' title='bbox 3054 4615 3183 4670; x_wconf 81' lang='lat' dir='ltr'><strong>ergo</strong></span> <span class='ocrx_word' id='word_1_694' title='bbox 3213 4598 3412 4667; x_wconf 83' lang='lat' dir='ltr'><strong>psallit.</strong></span> <span class='ocrx_word' id='word_1_695' title='bbox 3448 4599 3541 4667; x_wconf 90' lang='lat' dir='ltr'><strong>qui</strong></span> <span class='ocrx_word' id='word_1_696' title='bbox 3584 4607 3764 4654; x_wconf 81' lang='lat' dir='ltr'><strong>cantat</strong></span> 
     </span>
    </p>
   </div>
   <div class='ocr_carea' id='block_1_101' title="bbox 2180 4690 3760 4760">
    <p class='ocr_par' dir='ltr' id='par_1_101' title="bbox 2180 4690 3760 4760">
     <span class='ocr_line' id='line_1_101' title="bbox 2180 4690 3760 4760; baseline 0.001 -18"><span class='ocrx_word' id='word_1_697' title='bbox 2180 4690 2234 4742; x_wconf 90' lang='lat' dir='ltr'><strong>in</strong></span> <span class='ocrx_word' id='word_1_698' title='bbox 2282 4691 2444 4743; x_wconf 82' lang='lat' dir='ltr'><strong>corde</strong></span> <span class='ocrx_word' id='word_1_699' title='bbox 2486 4700 2540 4743; x_wconf 90' lang='lat' dir='ltr'><strong>et</strong></span> <span class='ocrx_word' id='word_1_700' title='bbox 2569 4691 2936 4746; x_wconf 85' lang='lat' dir='ltr'><strong>conscientia:</strong></span> <span class='ocrx_word' id='word_1_701' title='bbox 2990 4692 3154 4760; x_wconf 84' lang='lat' dir='ltr'><strong>fitque</strong></span> <span class='ocrx_word' id='word_1_702' title='bbox 3185 4691 3295 4747; x_wconf 90' lang='lat' dir='ltr'><strong>Deo</strong></span> <span class='ocrx_word' id='word_1_703' title='bbox 3335 4691 3603 4760; x_wconf 81' lang='lat' dir='ltr'><strong>jucunda,</strong></span> <span class='ocrx_word' id='word_1_704' title='bbox 3661 4707 3760 4745; x_wconf 89' lang='lat' dir='ltr'><strong>noa</strong></span> 
     </span>
    </p>
   </div>
   <div class='ocr_carea' id='block_1_102' title="bbox 2175 4779 3110 4840">
    <p class='ocr_par' dir='ltr' id='par_1_102' title="bbox 2175 4779 3110 4840">
     <span class='ocr_line' id='line_1_102' title="bbox 2175 4779 3110 4840; baseline 0.002 -9"><span class='ocrx_word' id='word_1_705' title='bbox 2175 4792 2331 4840; x_wconf 77' lang='lat' dir='ltr'><strong>Voce,</strong></span> <span class='ocrx_word' id='word_1_706' title='bbox 2363 4779 2456 4832; x_wconf 83' lang='lat' dir='ltr'><strong>sed</strong></span> <span class='ocrx_word' id='word_1_707' title='bbox 2487 4781 2818 4834; x_wconf 87' lang='lat' dir='ltr'><strong>conscientia</strong></span> <span class='ocrx_word' id='word_1_708' title='bbox 2854 4780 3110 4835; x_wconf 80' lang='lat' dir='ltr'><strong>laudatio.</strong></span> 
     </span>
    </p>
   </div>
   <div class='ocr_carea' id='block_1_103' title="bbox 2179 4885 3262 4951">
    <p class='ocr_par' dir='ltr' id='par_1_103' title="bbox 2179 4885 3262 4951">
     <span class='ocr_line' id='line_1_103' title="bbox 2179 4885 3262 4951; baseline 0.006 -13"><span class='ocrx_word' id='word_1_709' title='bbox 2179 4886 2217 4938; x_wconf 77' lang='lat'><strong>2</strong></span> <span class='ocrx_word' id='word_1_710' title='bbox 2289 4885 2589 4951; x_wconf 61' lang='lat' dir='ltr'><strong>Ediﬁcans</strong></span> <span class='ocrx_word' id='word_1_711' title='bbox 2614 4885 2946 4941; x_wconf 82' lang='lat' dir='ltr'><strong>Hierusalem</strong></span> <span class='ocrx_word' id='word_1_712' title='bbox 2975 4888 3262 4944; x_wconf 84' lang='lat' dir='ltr'><strong>Dominus:</strong></span> 
     </span>
    </p>
   </div>
   <div class='ocr_carea' id='block_1_104' title="bbox 2321 4976 3254 5058">
    <p class='ocr_par' dir='ltr' id='par_1_104' title="bbox 2321 4976 3254 5058">
     <span class='ocr_line' id='line_1_104' title="bbox 2321 4976 3254 5058; baseline 0.002 -28"><span class='ocrx_word' id='word_1_713' title='bbox 2321 4976 2681 5058; x_wconf 69' lang='lat' dir='ltr'><strong>Dispersiones</strong></span> <span class='ocrx_word' id='word_1_714' title='bbox 2712 4977 2882 5032; x_wconf 85' lang='lat' dir='ltr'><strong>Israel</strong></span> <span class='ocrx_word' id='word_1_715' title='bbox 2906 4980 3254 5049; x_wconf 80' lang='lat' dir='ltr'><strong>congregabit.</strong></span> 
     </span>
    </p>
   </div>
   <div class='ocr_carea' id='block_1_105' title="bbox 2245 5067 3760 5144">
    <p class='ocr_par' dir='ltr' id='par_1_105' title="bbox 2245 5067 3760 5144">
     <span class='ocr_line' id='line_1_105' title="bbox 2245 5067 3760 5144; baseline 0.001 -21"><span class='ocrx_word' id='word_1_716' title='bbox 2245 5068 2286 5123; x_wconf 86' lang='lat' dir='ltr'><strong>C</strong></span> <span class='ocrx_word' id='word_1_717' title='bbox 2325 5067 2856 5125; x_wconf 65' lang='lat' dir='ltr'><strong>Aﬁdiﬁcat‘nomiuus</strong></span> <span class='ocrx_word' id='word_1_718' title='bbox 2870 5072 3142 5125; x_wconf 85' lang='lat' dir='ltr'><strong>civitatem</strong></span> <span class='ocrx_word' id='word_1_719' title='bbox 3161 5072 3495 5127; x_wconf 84' lang='lat' dir='ltr'><strong>Hierusalem</strong></span> <span class='ocrx_word' id='word_1_720' title='bbox 3515 5091 3529 5128; x_wconf 92' lang='lat'><strong>:</strong></span> <span class='ocrx_word' id='word_1_721' title='bbox 3551 5074 3760 5144; x_wconf 55' lang='lat' dir='ltr'><strong>quando</strong></span> 
     </span>
    </p>
   </div>
   <div class='ocr_carea' id='block_1_106' title="bbox 2183 5159 2437 5182">
    <p class='ocr_par' dir='ltr' id='par_1_106' title="bbox 2183 5159 2437 5182">
     <span class='ocr_line' id='line_1_106' title="bbox 2183 5159 2437 5182; baseline 0 0"><span class='ocrx_word' id='word_1_722' title='bbox 2183 5159 2437 5182; x_wconf 57' lang='lat'><strong>.13-“---2-</strong></span> 
     </span>
    </p>
   </div>
   <div class='ocr_carea' id='block_1_107' title="bbox 2893 5175 3092 5182">
    <p class='ocr_par' dir='ltr' id='par_1_107' title="bbox 2893 5175 3092 5182">
     <span class='ocr_line' id='line_1_107' title="bbox 2893 5175 3092 5182; baseline 0.005 -1"><span class='ocrx_word' id='word_1_723' title='bbox 2893 5175 3092 5182; x_wconf 54' lang='lat'><strong>_.._.-..--</strong></span> 
     </span>
    </p>
   </div>
  </div>
