3994 5370
177 294 264 348 521

176 408 208 460 ὃ
314 388 421 470 Qui
446 408 601 456 sanat
630 400 880 454 contritas
908 399 1062 454 corde
1087 401 1106 452 :'

308 493 383 548 Et
410 491 600 561 alligat
627 492 963 545 contritiones
994 505 1196 544 eorum.
1577 564 1584 567 ἤ

240 588 281 644 C
310 585 547 654 Quando
604 584 750 639 enim
797 582 1037 638 cmlestis
1086 581 1330 637 medicus
1375 579 1754 651 paenitentiam

176 679 331 734 corda
364 675 639 731 invenerit
675 673 825 742 gravi
858 671 1147 726 amictione
1174 668 1408 725 contrita
1439 687 1453 722 :
1489 684 1552 722 ea
1579 667 1758 738 (quasi

176 766 404 836 quadam
436 761 611 816 fascia
642 776 738 816 sua
785 760 987 828 pietate
1037 755 1386 828 superducta)
1435 756 1761 825 constringit

177 865 335 924 alque
369 851 698 916 consolidat,
729 857 783 904 et
812 849 879 903 ad
910 848 1279 903 ﬁrmissimam
1313 861 1466 917 spem
1508 846 1760 902 sanitatis

179 943 414 998 adducit.

178 1034 211 1088 ι
319 1033 425 1100 Qui
458 1039 698 1086 numerat
727 1029 1111 1083 multitudinem
1140 1029 1414 1084 stellarum
1439 1043 1458 1082 :

322 1123 392 1177 Et
421 1121 664 1175 omnibus
687 1120 761 1173 eis
790 1118 1002 1171 nomina
1030 1134 1238 1172 vocans.

248 1211 291 1268 C
326 1211 430 1280 Qui
482 1215 736 1264 numerat
777 1206 984 1271 stellas,
1025 1206 1079 1261 id
1123 1215 1207 1260 est
1239 1215 1457 1262 sanctos
1485 1205 1650 1260 viros.
1681 1205 1764 1260 Illi

182 1307 326 1362 enim
361 1305 544 1358 lucent
574 1301 722 1356 velut
748 1308 894 1354 astra
923 1299 978 1353 in
1010 1305 1167 1353 nocte
1203 1295 1363 1366 hujus
1388 1297 1569 1352 saeculi
1595 1314 1608 1349 :
1638 1297 1766 1367 quia

187 1405 502 1451 meruerunt
524 1394 577 1449 in
599 1406 826 1447 numero
849 1398 1164 1445 sanctorum
1187 1388 1527 1458 congregari.
1553 1387 1768 1442 Scimus

186 1491 350 1544 etiam
371 1503 402 1541 a
427 1487 538 1541 Deo
559 1500 720 1554 posse
746 1491 1060 1538 sanctorum
1084 1481 1301 1535 nomina
1321 1479 1524 1544 vocari,
1552 1478 1767 1548 quando

186 1595 276 1633 eos
310 1577 543 1647 legimus
577 1575 632 1628 in
663 1573 798 1629 cmlo
826 1587 946 1626 esse
981 1569 1338 1638 conscriptos.
1382 1567 1479 1622 Vel
1511 1571 1675 1623 etlam
1700 1566 1768 1621 ad

187 1669 428 1722 litteram
455 1665 525 1720 de
568 1663 743 1719 stellis
801 1659 1178 1717 materialibus
1224 1657 1551 1714 ﬁrmamenti
1595 1657 1768 1727 accipi

187 1767 386 1830 potest.
1299 1835 1305 1838 η

187 1851 222 1906 5
326 1849 556 1920 Magnus
587 1852 841 1901 Dominus
867 1853 1041 1898 noster
1073 1853 1120 1898 et
1144 1859 1332 1913 magna
1357 1844 1519 1896 virtus
1539 1839 1653 1910 ejus
1676 1851 1694 1892 .‘

327 1941 398 1994 Et
425 1939 697 2009 sapientia:
723 1936 836 2006 ejus
867 1953 970 1989 non
1001 1944 1075 1989 est
1106 1950 1373 1988 numerus.

256 2031 299 2088 C
330 2031 555 2100 Magnus
580 2029 840 2084 Dominus
867 2035 1084 2083 uoster:
1111 2027 1298 2096 utique
1323 2025 1479 2095 cujus
1501 2039 1603 2080 nec
1623 2023 1768 2081 facta

193 2123 493 2188 numerari,
549 2135 649 2175 nec
700 2120 818 2173 laus
867 2117 1122 2189 praevalet
1178 2117 1534 2188 apprehendi.
1585 2115 1771 2172 Virtus

190 2214 356 2268 etiam
398 2225 640 2281 magna:
684 2208 812 2277 quia
859 2207 1169 2278 singularis,
1218 2206 1346 2275 quia
1393 2205 1767 2274 Omnipotens,

191 2305 318 2375 quia
346 2319 530 2358 rerum
561 2301 802 2356 omnium
843 2301 1176 2370 gubernator
1207 2309 1263 2352 et
1287 2299 1538 2353 conditor
1565 2313 1580 2351 :
1615 2297 1771 2368 cujus

191 2395 472 2465 sapientiae
517 2407 777 2447 numerus
825 2407 931 2444 non
976 2389 1234 2460 prtevalet
1275 2388 1384 2445 ullo
1427 2389 1586 2444 modo
1623 2402 1773 2443 com-

192 2486 474 2557 prehendi.
527 2484 800 2538 Numerus
858 2483 1003 2537 enim
1059 2481 1148 2536 hic
1198 2495 1297 2551 pro
1344 2481 1452 2536 ﬁne
1502 2481 1768 2552 ponitur:

194 2575 341 2644 quod
368 2575 513 2629 enim
543 2581 863 2627 numeratur
889 2570 1092 2624 ﬁnitur.

194 2668 230 2722 6
338 2665 645 2735 Suscipiens
673 2673 970 2716 mansuetos
997 2660 1254 2714 Dominus
1286 2675 1305 2717 .‘

337 2754 891 2808 Humilians-t—autem
926 2750 944 2820 ζ
975 2758 1272 2820 peccatores
1289 2764 1448 2819 usque
1468 2748 1536 2800 ad
1558 2757 1772 2802 terram.

266 2843 310 2898 C
336 2842 598 2897 Mansueti
626 2858 640 2894 :
667 2850 787 2894 sunt
813 2841 1064 2910 patientes
1099 2836 1281 2891 aﬁlicti
1322 2851 1416 2905 per
1453 2835 1649 2890 multas
1679 2835 1774 2889 tri-

199 2935 517 2990 bulationes.
543 2931 777 2985 Rectum
802 2944 1015 2998 quoque
1043 2937 1126 2982 est
1159 2936 1218 2981 ut
1245 2927 1299 2981 hi
1331 2925 1698 2996 suscipiantur
1718 2925 1774 2980 in

200 3026 424 3087 caelum,
448 3021 672 3093 superbi
694 3020 1016 3091 dejiciantur
1041 3018 1093 3072 in
1118 3027 1318 3072 terram
1348 3031 1362 3071 :
1410 3026 1468 3071 ut
1491 3024 1768 3086 permuta-

202 3122 348 3175 tione
392 3119 594 3173 vicaria
639 3117 784 3171 unde
829 3113 1047 3168 humilis
1091 3113 1299 3168 levatus
1340 3121 1454 3179 est,
1505 3111 1630 3167 inde
1676 3125 1772 3165 su-

200 3216 401 3284 perbus
423 3221 647 3268 corruat
673 3228 689 3266 :

198 3307 232 3361 7
340 3304 622 3360 Prwcinite
652 3302 876 3357 Domino
903 3303 956 3357 in
987 3302 1310 3370 confessione
1331 3317 1349 3354 :

346 3394 567 3449 Psallite
596 3393 706 3446 Deo
730 3403 906 3446 nostro
937 3394 991 3446 in
1020 3393 1226 3445 cithara
1251 3390 1284 3443 :"

269 3485 448 3540 CIlIis
501 3483 700 3539 dicitur
750 3482 1050 3553 praecinite,
1099 3481 1191 3552 qui
1231 3481 1407 3538 adhuc
1452 3493 1628 3536 tacere
1675 3496 1774 3536 no-

200 3582 427 3631 scuntur
455 3588 472 3626 :
497 3583 552 3627 et
581 3572 853 3642 quomodo
880 3581 935 3626 et
963 3572 1047 3626 cui
1081 3571 1382 3626 canendum
1414 3571 1486 3626 sit
1514 3571 1775 3637 ostendit,

200 3667 328 3722 dum
354 3665 537 3722 subdit
563 3684 575 3719 :
600 3666 832 3720 Domino
853 3665 906 3719 in
929 3663 1288 3720 confessione.
1311 3665 1530 3720 Cithara
1551 3673 1732 3720 autem
1759 3679 1772 3718 :

199 3758 474 3828 signiﬁcat
494 3757 747 3822 virtutes,
773 3770 1010 3812 consona
1035 3757 1349 3826 operatione
1373 3756 1733 3826 praecinentes
1758 3773 1773 3811 :

198 3865 324 3920 qua:
371 3857 502 3902 tunc
548 3861 732 3902 veram
775 3845 1039 3901 citharam
1081 3845 1332 3912 reddunt,
1371 3845 1586 3914 quando
1633 3843 1778 3898 nulla

198 3945 357 4010 rupta
388 3941 474 3993 est
508 3935 734 4002 chorda,
767 3936 820 3990 id
847 3943 932 3990 est
957 3935 1150 3990 virtus.
1199 3933 1480 4002 Quomodo
1505 3934 1652 3990 enim
1689 3934 1778 3989 in-

203 4037 358 4097 tegra
407 4035 554 4081 esset
592 4026 823 4090 cithara,
871 4039 975 4078 una
1020 4025 1219 4080 chorda
1249 4023 1443 4094 rupta?
1486 4038 1586 4080 nec
1614 4039 1780 4081 sonus

199 4116 477 4187 perfectus
502 4116 767 4181 redditur,
817 4115 942 4170 dum
972 4123 1128 4186 rupta
1156 4129 1262 4170 non
1291 4123 1468 4171 sonat.

197 4209 232 4263 8
343 4208 452 4276 Qui
481 4208 645 4279 operit
672 4206 857 4261 caelum
895 4207 1161 4262 nubibus:

343 4293 412 4351 Et
438 4306 592 4367 parat
616 4305 770 4351 terra:
790 4294 1040 4363 pluviam.

1345 289 1702 348 EXPOSITIO
1740 290 2184 348 PSALMORUM.
2293 316 2302 322 ·
3325 287 3431 341 522

1779 403 1832 461 Λ
1859 399 1924 454 10
1999 402 2101 466 Qui
2129 406 2219 454 dat
2241 400 2498 470 jumentis
2522 416 2694 456 escam
2719 399 2950 470 ipsorum
2978 415 2996 450 :

1999 505 2053 545 -t—
2095 491 2162 546 Et
2199 491 2215 560 ζ
2245 489 2408 560 pullis
2437 508 2705 546 corvorum
2727 489 3084 546 invocantibus
3103 505 3244 544 eum.

1925 580 1966 634 C
2005 578 2297 635 Jumcnla:
2347 581 2746 636 ecclesiasticos
2791 580 3008 648 signant
3046 593 3278 650 greges:
3332 575 3426 649 qui

1859 671 2186 740 competenti
2219 670 2509 726 refectione
2532 679 2851 740 pascuntur,
2879 670 2968 724 alii
3000 670 3160 736 laete,
3187 669 3278 725 alii
3301 670 3425 728 cibo

1859 761 2050 816 solido.
2087 760 2291 816 Corvi:
2333 770 2460 816 sunt
2503 761 2787 831 irreligiosi
2831 762 2932 815 viri
2970 770 3026 816 et
3069 761 3284 832 pagani,
3334 762 3428 832 qui

1859 861 2203 923 peccatorum
2235 853 2516 924 nigredine
2551 853 2875 906 vestiuntur.
2920 852 3054 906 Pulli
3087 868 3214 907 vero
3243 867 3432 908 corvo-

1861 957 1981 996 rum
2013 942 2132 1011 (ﬁlii
2162 957 2512 1013 paganorum,
2559 941 2642 995 vel
2679 941 2910 996 aliorum
2948 941 3229 996 hominum
3265 941 3433 997 malo-

1862 1031 2020 1101 rum)
2050 1042 2347 1101 pascuntur
2387 1047 2417 1085 a
2451 1032 2584 1096 Deo,
2614 1029 2742 1085 dum
2781 1029 2950 1085 Deum
2988 1030 3243 1086 invocant
3271 1044 3432 1100 quem

1862 1130 2046 1192 patres
2069 1136 2260 1176 eorum
2294 1130 2770 1192 contempserant:
2805 1127 2946 1176 unde
2987 1121 3138 1176 addit
3168 1135 3275 1176 non
3313 1135 3432 1176 ozn-
3491 1186 3502 1200 ε

1864 1213 2023 1268 nibus
2049 1229 2236 1269 eorum
2268 1215 2426 1284 pullis
2457 1224 2511 1270 et
2540 1213 2665 1269 ﬁliis
2694 1213 2786 1269 dat
2829 1213 2952 1268 ﬁdei
2984 1227 3185 1279 escam,
3224 1213 3320 1269 sed
3345 1213 3435 1269 in-

1865 1306 2184 1360 vocantibus
2223 1319 2344 1360 eum
2377 1325 2390 1362 :
2435 1319 2694 1377 quoniam
2733 1305 2834 1360 soli
2866 1303 2966 1373 ipsi
3003 1320 3126 1358 eum
3159 1305 3435 1368 invocant.

1866 1395 1957 1464 qui
2002 1395 2214 1466 regulas
2253 1396 2657 1466 Scripturarum
2689 1393 2834 1450 nulla
2878 1393 3132 1448 haeretica
3173 1393 3440 1463 pravitate

1869 1485 2204 1540 subvertant.

1871 1577 1931 1632 II
2011 1576 2134 1631 Non
2163 1577 2216 1630 in
2242 1576 2548 1645 fortitudine
2569 1577 2687 1646 equi
2717 1575 3034 1630 voluntatem
3065 1573 3268 1629 habebit
3297 1592 3314 1627 :

2011 1666 2196 1738 Neque
2222 1667 2275 1720 in
2299 1667 2436 1721 tibiis
2464 1668 2570 1720 veri
2600 1664 2979 1736 beneplacitum
3004 1666 3100 1720 erit
3131 1667 3200 1720 ei.

1795 1738 1841 1797 Β
1937 1760 1978 1815 C
2019 1761 2249 1831 Equus:
2299 1762 2593 1830 superbum
2650 1761 2923 1816 hominem
2967 1770 3130 1830 atque
3176 1759 3442 1840 tumidym

1869 1850 2162 1920 signiﬁcat,
2195 1850 2281 1905 cui
2325 1850 2581 1905 divinitas
2615 1865 2721 1905 non
2764 1857 2942 1919 potest
2980 1863 3101 1904 esse
3141 1848 3442 1919 placabilis,

1869 1939 2124 2007 quoniam
2159 1948 2474 1994 mansuetos
2502 1939 2673 2009 eligit.
2701 1938 2743 1992 II
2772 1939 2941 1995 Tibiae
2971 1939 3060 1994 hic
3089 1939 3253 2008 (sicut
3275 1948 3330 1995 et
3357 1939 3441 1996 fe-

1871 2031 2044 2100 mora)
2071 2030 2345 2084 libidinem
2378 2029 2687 2100 signiﬁcant
2715 2046 2730 2083 :
2758 2043 2880 2099 quae
2922 2029 3029 2083 ullo
3057 2028 3215 2086 modo
3240 2030 3295 2084 in
3323 2029 3444 2085 viro

1871 2126 1965 2171 aut
1989 2117 2045 2171 in
2073 2117 2272 2172 lemina
2301 2117 2410 2173 Deo
2432 2118 2646 2187 placere
2667 2133 2776 2173 non
2816 2126 3015 2188 potest.
3050 2117 3235 2174 Potest
3258 2127 3442 2175 autem

1871 2215 1925 2262 et
1963 2222 2060 2276 per
2095 2211 2220 2276 equi
2263 2207 2632 2262 fortitudinem
2674 2217 2731 2263 et
2777 2207 2938 2263 tibias
2990 2209 3336 2278 praesumptio
3377 2210 3447 2264 de

1872 2298 2076 2354 viribus
2101 2299 2213 2354 suis
2235 2299 2493 2367 intelligi;
2524 2314 2630 2354 non
2659 2299 2805 2353 enim
2826 2297 3003 2367 placet
3025 2299 3108 2353 vir
3128 2298 3316 2369 Deojin
3329 2300 3445 2355 vir-

1873 2396 1989 2442 tute
2011 2402 2131 2452 sua,
2164 2387 2258 2442 sed
2293 2387 2348 2441 in
2377 2387 2572 2442 timore
2605 2387 2721 2451 Dei,
2755 2395 2812 2439 ut
2853 2401 3083 2455 sequens
3113 2387 3337 2444 verbum
3365 2388 3448 2443 in-

1874 2477 2038 2532 dicat.

1877 2569 1942 2622 12
2013 2569 2400 2638 Βεηεριασὶιιηη
2429 2579 2504 2624 est
2536 2569 2782 2624 Dominio
2809 2586 2965 2640 super
2987 2570 3226 2626 timentes
3250 2587 3368 2625 eum
3394 2589 3413 2625 :

2015 2655 2085 2712 Et
2121 2673 2183 2714 -ι-
2221 2659 2275 2713 in
2323 2676 2398 2714 eis
2431 2660 2449 2729 ζ
2489 2661 2582 2731 qui
2626 2671 2837 2731 sperant
2890 2677 3045 2731 super
3091 2656 3452 2717 misericordia

2087 2751 2220 2820 ejus.

1945 2841 1986 2898 C
2015 2841 2416 2912 Beneplacitum
2445 2852 2528 2897 est
2556 2843 2738 2912 itaque
2760 2842 2985 2898 Domino
3029 2844 3085 2898 in
3109 2846 3188 2900 eis
3213 2847 3305 2915 qui
3327 2861 3453 2902 eum

1879 2932 2195 2998 formidant,
2263 2933 2358 2987 sed
2403 2948 2510 2988 non
2557 2933 2810 3002 degeneri
2857 2933 3070 2988 timore.
3110 2934 3257 2990 Multi
3306 2936 3454 2992 enim

1879 3025 2110 3080 timent:
2159 3023 2255 3078 sed
2285 3024 2408 3094 quia
2441 3024 2730 3093 desperant
2773 3024 2840 3080 de
2883 3025 3256 3081 misericordia
3295 3026 3411 3095 ejus
3436 3067 3453 3091 ,

1877 3115 2099 3170 minime
2129 3114 2420 3185 diliguntur
2451 3133 2464 3168 :
2499 3115 2641 3169 sicut
2663 3113 2845 3170 Iudas.
2887 3115 2980 3172 Ille
3009 3118 3170 3172 timor
3195 3118 3305 3173 Deo
3328 3133 3454 3188 pro-

1876 3204 2039 3258 batur
2067 3213 2350 3273 acceptus,
2392 3203 2484 3273 qui
2514 3219 2636 3258 cum
2669 3217 2854 3260 amore
2901 3205 3140 3261 maximo
3165 3214 3220 3261 et
3246 3207 3334 3276 pia
3359 3221 3456 3276 spe

1877 3293 2240 3365 conjungitur.
2273 3295 2486 3348 Timeat
2514 3309 2642 3362 ergo
2682 3297 3082 3366 unusquisque,
3130 3312 3196 3352 nc
3225 3286 3458 3367 peccet:

1880 3392 2026 3438 amet
2050 3392 2106 3437 ut
2137 3382 2420 3454 supplicet,
2453 3399 2521 3439 ne
2548 3393 2728 3439 tamen
2759 3385 3029 3454 desperet.

2310 3488 2508 3528 ORATIO
2543 3488 2612 3527 EX
2645 3489 2794 3530 PSAL.
2831 3491 3008 3531 CXLVI.

1949 3565 2270 3621 Edilicator
2299 3565 2540 3620 caelestis
2571 3562 2930 3633 Ilierusalem,
2963 3567 3124 3633 Deus,
3181 3569 3271 3636 qui
3317 3569 3458 3623 mulo

1880 3655 2162 3708 titudinetu
2194 3653 2472 3708 stellarum
2498 3663 2553 3708 et
2577 3654 2854 3710 concludis
2885 3669 3110 3710 numero
3131 3695 3146 3720 ,
3187 3666 3244 3713 et
3276 3659 3453 3714 nomi-

1878 3742 2048 3797 natim
2063 3741 2271 3813 singula
2289 3756 2466 3805 vocas,
2486 3757 2616 3796 sana
2627 3781 2642 3808 ,
2656 3757 2984 3812 quaesumus,
2997 3744 3260 3801 contritos
3272 3747 3456 3814 corde,

1880 3831 2153 3901 dispersos
2206 3847 2521 3903 congrega,
2571 3841 2734 3902 atque
2783 3848 2882 3889 nos
2933 3834 3311 3892 innumerabili
3363 3855 3454 3894 sa-

1881 3924 2085 3994 pientia
2115 3933 2203 3979 tua
2234 3925 2461 3996 locuple.
2501 3925 2604 3982 Per
2655 3927 2942 3984 Dominum
2984 3939 3230 3986 nostrum
3269 3929 3453 3986 Jesum

1879 4015 2172 4080 Christum,
2203 4027 2308 4072 etc.

2361 4108 2681 4168 PSALMUS
2727 4113 2974 4170 CXLVII.

2289 4214 2650 4257 LBGUIENTUI
2687 4219 2834 4257 ΡεΔι..
2862 4217 3061 4258 CXLVII.

1952 4290 1992 4344 C
2033 4290 2301 4360 Propheta
2329 4290 2685 4357 Hierusalem,
2721 4295 2775 4350 id
2794 4304 2897 4361 est,
2920 4310 3210 4365 supernam
3236 4296 3460 4367 alloqui-

266 4388 309 4444 C
336 4388 547 4444 leum
579 4405 592 4442 :
626 4396 872 4443 sanctam
904 4386 1240 4458 pr0phetiam
1285 4398 1646 4459 congruenter
1678 4391 1777 4445 ad-
1807 4418 1858 4476 Ι)
1889 4387 1976 4432 tur
2021 4379 2336 4434 civitatem:
2387 4389 2445 4434 ut
2493 4395 2682 4437 secura
2728 4382 2842 4452 jam
2891 4385 3100 4440 reddita
3149 4384 3202 4440 in
3250 4385 3460 4442 civibus

196 4478 478 4532 vertimus.
511 4477 664 4532 Hanc
687 4476 869 4531 divina
900 4476 1213 4545 provisione
1238 4478 1562 4546 obscuritas,
1589 4479 1780 4535 similis

199 4566 455 4630 nubibus,
495 4566 666 4633 tegit:
715 4573 776 4618 ut
817 4579 1007 4618 sensus
1049 4565 1235 4619 incitet
1280 4575 1494 4622 nostros
1538 4567 1607 4621 ad
1636 4582 1780 4635 quae-

197 4656 446 4721 rendum,
491 4655 618 4709 dum
647 4653 852 4724 gratius
879 4654 1124 4724 acciptur
1149 4654 1215 4707 ad
1252 4657 1395 4724 quod
1435 4654 1662 4726 fatigato
1686 4658 1779 4712 de-

199 4749 399 4804 siderio
430 4746 769 4817 pervenitur.
803 4744 908 4799 Sed
936 4745 1066 4815 quid
1093 4744 1210 4798 istae
1240 4746 1410 4802 nubes
1436 4747 1778 4814 parturiunt?

199 4838 406 4893 scilicet
452 4835 669 4906 c0piam
719 4832 1054 4903 pluviarum,
1088 4831 1192 4887 hoc
1236 4842 1322 4887 est
1364 4834 1541 4890 fontes
1581 4835 1775 4890 divina:

199 4924 598 4994 pradicationis
647 4922 875 4992 irriguos
901 4938 915 4976 :
945 4923 1196 4991 quamvis
1225 4931 1280 4977 et
1316 4924 1419 4979 ista
1443 4925 1510 4980 ad
1544 4924 1780 4981 litteram

203 5015 310 5068 sint
338 5028 466 5068 vera
497 5021 556 5066 et
583 5009 868 5066 salubriter
897 5010 1273 5080 intelligenda.

203 5102 233 5120 Λ
343 5102 382 5120 Λ
433 5103 445 5115 ο
579 5100 632 5120 ,J
660 5101 738 5120 .-ει
769 5101 811 5122 3..
851 5119 924 5122 .U-
979 5099 1112 5122 .31.-.-
1160 5099 1325 5122 I-.--.-s-
1362 5119 1370 5122 .
1429 5119 1437 5122 .
1514 5115 1544 5122 ν.
1579 5107 1590 5122 ι
1671 5107 1682 5122 s

1887 4469 2022 4534 suis,
2051 4469 2338 4524 Dominum
2360 4470 2474 4542 jugi
2503 4473 2860 4530 exsultatione
2887 4475 3156 4531 collaudet
3180 4493 3194 4530 :
3239 4491 3465 4532 enume-

1883 4567 2080 4629 ratque
2107 4569 2306 4630 quanta
2336 4562 2532 4632 populo
2561 4578 2658 4619 suo
2687 4565 2815 4633 pius
2842 4567 3128 4622 miserator
3153 4566 3460 4624 indulserit.

2385 4648 2494 4704 TT.
2529 4666 2593 4708 οι-
2631 4651 2858 4713 Alleluia
2883 4673 2896 4709 :

1955 4735 2015 4792 C.
2049 4739 2128 4792 Ad
2154 4747 2470 4794 consuetum
2492 4742 2710 4810 quidem
2738 4743 2950 4798 alleluia
2981 4747 3306 4802 revertimur
3330 4765 3343 4800 :
3369 4749 3463 4803 sed

1886 4827 2192 4884 nullatenus
2216 4830 2498 4900 repetiisse
2523 4830 2800 4887 fastidium
2840 4834 2944 4898 sit,
2987 4836 3140 4903 cujus
3168 4835 3318 4889 verbi
3348 4844 3465 4890 tan-

1887 4925 1974 4971 tus
2015 4917 2190 4973 honor
2235 4929 2339 4985 est,
2370 4928 2430 4974 ut
2458 4935 2579 4976 cum
2607 4922 2678 4976 sit
2707 4923 2763 4976 in
2792 4921 3017 4978 Hebraea
3049 4923 3230 4992 lingua
3271 4940 3466 4979 recon-

1888 5011 2078 5077 ditum,
2096 5012 2244 5068 nullo
2271 5023 2447 5068 tamen
2471 5022 2684 5069 constet
2707 5016 2812 5069 alio
2836 5029 3088 5070 sermone
3111 5016 3466 5073 translatum:

1887 5101 1987 5122 1.-..
2017 5100 2234 5124 [νυ-κιρ---
2285 5103 2382 5124 l---
2413 5102 2435 5124 ἰ
2461 5105 2633 5124 -a!..-.-
2690 5109 2787 5124 ι---
2819 5102 3048 5124 [ιι-,ιλϋγ
3083 5121 3097 5123 μ
3154 5109 3166 5124 ι
3197 5119 3248 5124 μ.-
3277 5105 3434 5124 ι’...μκΑ
