3994 5370
540 316 646 372 διδ

1497 276 1931 369 sentiamus
1967 310 2506 371 HERBIPOLENSIS
2537 310 2840 372 nrtscom

3687 319 3786 376 525

535 437 638 486 tur
671 414 815 484 ’ἱὶεἰο
859 429 1006 499 posis
1039 443 1056 482 :
1087 441 1207 498 qua
1275 427 1495 499 proprio
1547 427 1617 482 ad
1660 426 1804 482 illam
1850 425 2123 483 civitatem
2149 429 2202 492 Α
2227 426 2465 497 quefacit
2526 442 2591 483 ea
2624 436 2686 482 ut
2708 425 3016 497 compuncti
3045 423 3309 498 incipiant
3334 441 3500 501 agere
3525 430 3787 500 peniten'

543 518 812 591 pertinet,
860 533 981 589 quae
1020 518 1275 573 vitiorum
1328 526 1386 573 et
1437 516 1814 574 scandalorum
1842 516 2116 572 consortia

542 622 652 662 non
677 605 914 662 habebit.
947 605 1078 661 Sion
1122 620 1336 676 quoque
1363 605 1646 676 speculatio
1691 605 2111 676 interpretatur:

539 695 596 752 in
623 697 713 752 illa
739 696 884 753 enim
913 696 1008 751 Dei
1037 695 1257 752 civitate
1285 694 1588 752 videbimus
1621 711 1744 751 eum
1789 694 1950 751 sicuti
1992 703 2113 750 est:

543 787 689 843 unde
718 786 913 843 merito
957 787 1074 842 hinc
1108 787 1215 842 duo
1261 786 1483 842 nomina
1523 785 1718 842 futura:
1748 785 1955 841 civitati
1983 799 2114 842 con-

539 879 787 936 veniunt.

527 969 564 1024 2
680 969 944 1036 Quoniam
982 968 1292 1039 confortavit
1322 984 1468 1024 seras
1495 976 1768 1039 portarum
1790 975 2002 1023 tuarum
2024 981 2044 1022 :

683 1063 957 1118 Benedixit
977 1064 1107 1132 ﬁliis
1135 1064 1239 1118 tuis
1264 1063 1318 1117 in
1343 1071 1414 1118 te.
2103 1051 2109 1057 ’

608 1155 650 1210 C
703 1155 838 1211 Cum
867 1156 1012 1212 enim
1042 1169 1193 1210 seras
1229 1156 1564 1212 confortatas
1603 1155 1737 1212 dicit
1775 1169 1896 1212 esse
1933 1162 2120 1226 porta-

542 1259 663 1299 rum
687 1284 701 1307 ,
753 1244 966 1299 clausas
988 1242 1185 1312 ianuas
1211 1244 1383 1299 beatae
1413 1244 1646 1300 civitatis
1671 1243 1908 1300 ostendit
1933 1262 1945 1298 :
1973 1244 2119 1314 quod

543 1347 671 1392 tunc
696 1336 914 1402 accidit,
943 1337 1160 1406 quando
1203 1352 1432 1407 sponsus
1467 1338 1714 1394 intravit
1743 1337 1822 1407 (et
1862 1352 1982 1406 qua:
2024 1352 2120 1406 pa.

541 1438 672 1482 rata:
701 1436 828 1483 sunt
857 1443 980 1482 cum
1017 1428 1104 1500 eo)
1152 1429 1220 1484 ad
1261 1430 1482 1500 nuptias
1505 1469 1522 1497 ,
1568 1429 1706 1484 utin
1733 1427 2024 1498 Evangelio
2052 1429 2120 1484 de

541 1519 840 1589 virginibus
869 1517 1070 1573 dicitur
1107 1518 1322 1590 (Matth.
1357 1519 1530 1589 xxv):
1570 1532 1671 1574 nec
1706 1518 1993 1589 quisquam
2031 1517 2118 1572 ul-

541 1613 711 1668 terius
741 1620 962 1668 sanctus
990 1612 1180 1678 exibit,
1226 1627 1328 1668 nec
1373 1612 1570 1683 aliquis
1613 1619 1802 1682 postea
1840 1626 2010 1667 novus
2036 1611 2120 1666 in-

539 1705 730 1762 trahit.
775 1704 965 1776 Magna
1011 1713 1096 1759 est
1137 1704 1354 1774 quidem
1403 1703 1479 1759 ibi
1525 1704 1834 1760 benedictio
1859 1703 2115 1758 ﬁliorum.

2217 518 2372 572 tiam.
2394 517 2574 573 Flabit
2591 519 2835 588 spiritus,
2858 517 2910 572 id
2930 524 3036 583 est,
3066 518 3162 572 Dei
3184 519 3334 574 calor
3351 521 3577 576 amoris.
3600 521 3787 579 Fluent

2217 623 2393 678 aquae,
2418 609 2470 666 id
2497 618 2610 676 est,
2653 607 2986 680 profundunt
3013 605 3210 664 ﬂuenta
3236 610 3500 681 spiritalis
3520 613 3782 670 beneﬁcii.

2219 699 2374 756 Sicut
2397 699 2600 756 factum
2630 701 2807 757 estde
2830 709 3182 772 persecutore
3207 699 3395 770 Saulo,
3425 702 3508 760 sic
3537 703 3599 759 lit
3629 704 3780 760 hodie

2223 793 2291 847 de
2316 791 2584 863 plurimis.

2215 882 2250 938 8
2355 883 2459 950 Qui
2483 883 2757 939 annuntiat
2780 885 2990 938 verbum
3018 901 3172 938 suum
3195 882 3363 940 Iacob
3383 899 3404 938 :

2356 972 2602 1028 Justitias
2629 984 2677 1028 et
2697 974 2907 1044 judicia
2932 992 3029 1028 sua
3056 973 3246 1028 Israel.

2284 1061 2326 1118 C
2361 1063 2466 1118 Per
2489 1063 2652 1119 Jacob
2673 1073 2728 1119 et
2750 1063 2940 1130 lsrael,
2985 1064 3325 1135 signiﬁcatur
3361 1065 3602 1122 Ecclesia
3629 1108 3645 1131 ,
3673 1083 3789 1123 nam

2216 1160 2273 1208 et
2301 1155 2457 1208 modo
2477 1153 2718 1208 Israelita
2759 1163 2842 1208 est
2869 1154 3178 1224 quicunque
3219 1163 3302 1208 est
3343 1154 3519 1211 ﬁdelis
3542 1195 3558 1221 ,
3596 1165 3654 1211 et
3677 1168 3789 1212 ante

2216 1243 2416 1311 Jacob,
2454 1243 2554 1298 fuit
2581 1245 2672 1314 qui
2702 1244 2932 1300 Domino
2953 1259 3088 1315 pura
3127 1245 3414 1300 devotione
3441 1245 3785 1317 complacuit;

2217 1334 2293 1390 illi
2327 1335 2472 1390 enim
2531 1337 2756 1392 verbum
2786 1351 2965 1403 suum,
3015 1335 3092 1391 illi
3130 1337 3373 1393 noscitur
3416 1338 3791 1408 pronuntiasse

2212 1421 2470 1492 iustitias.

2215 1515 2250 1572 9
2353 1514 2478 1570 Non
2503 1513 2620 1583 fecit
2657 1514 2834 1569 taliter
2857 1516 3000 1569 omni
3025 1516 3268 1570 nationi:

2363 1603 2427 1658 Et
2446 1603 2765 1674 judicialsua
2795 1621 2899 1660 non
2926 1604 3277 1673 manifestavit
3308 1619 3370 1660 σε-
3392 1605 3468 1658 eis
3503 1606 3525 1676 ζ
3569 1641 3584 1658 .

2286 1695 2327 1751 C
2362 1694 2478 1750 Non
2499 1694 2630 1750 fecit
2655 1696 2853 1762 taliter,
2880 1697 3004 1766 quia
3029 1697 3154 1752 licet
3171 1711 3361 1752 omnes
3383 1705 3577 1766 gentes
3605 1696 3789 1765 religio

539 1795 750 1851 Dicitur
783 1768 966 1848 autem
991 1793 1048 1848 in
1077 1768 1172 1849 tei
1220 1794 1347 1863 quia
1390 1807 1667 1862 nunquam
1714 1793 1782 1847 ab
1834 1791 1926 1847 illa
1967 1791 2121 1848 exire
2148 1768 2197 1831 Β
2223 1788 2534 1845 Christiana
2563 1788 2841 1858 complexa
2866 1789 2956 1852 sit,
2983 1796 3160 1842 tamen
3186 1787 3313 1860 nulli
3343 1787 3484 1842 facie
3513 1787 3584 1842 ad
3608 1787 3792 1841 faciem

538 1894 813 1957 poterunt,
838 1885 966 1956 quia
994 1893 1200 1940 :eterno
1229 1897 1457 1940 munere
1480 1891 1893 1940 consecrantur.

537 1975 573 2031 3
681 1974 785 2042 Qui
807 1974 979 2043 posuit
1004 1973 1135 2042 fines
1163 1983 1279 2028 tuos
1304 1988 1484 2043 pacem
1505 1985 1524 2024 :

684 2081 747 2123 σε·
788 2065 860 2122 Et
897 2064 1099 2136 :adipe
1137 2063 1388 2134 frumenti
1413 2064 1566 2118 satiat
1592 2072 1658 2118 te.

611 2159 653 2214 C
704 2159 860 2215 Sicut
888 2165 1069 2213 autem
1093 2156 1251 2212 beata
1274 2155 1609 2212 Hierusalem
1631 2170 1818 2226 pacem
1842 2154 2077 2226 possidet
2101 2171 2117 2212 :

541 2248 622 2306 sic
653 2248 839 2304 infelix
870 2247 1111 2319 Babylon
1157 2244 1402 2301 dolorum
1449 2260 1685 2316 pugnam
1727 2243 1910 2314 procul
1959 2243 2122 2299 dubio

542 2337 851 2394 sustinebit.
901 2336 1128 2405 Adipem
1171 2335 1370 2405 quippe
1414 2332 1712 2398 frumenti,
1771 2331 1902 2387 dicit
1949 2331 2120 2400 ipsam

541 2428 892 2485 contuibilem
941 2425 1236 2482 deitatem:
1299 2424 1441 2480 unde
1485 2423 1567 2478 sic
1610 2420 1880 2491 iustorum
1931 2432 2122 2476 sensus

541 2517 808 2584 reﬁcitur,
832 2525 894 2572 ut
911 2531 1126 2572 omnem
1151 2515 1468 2570 societatem
1495 2526 1754 2583 superare
1778 2517 2051 2566 noscatur.

544 2610 578 2664 4
688 2609 795 2678 Qui
821 2609 1005 2664 emittit
1028 2607 1290 2678 eloquium
1313 2623 1466 2661 suum
1496 2615 1649 2661 terra:
1670 2617 1690 2657 .'

695 2698 955 2753 Velociter
979 2698 1141 2752 currit
1169 2713 1338 2752 sermo
1367 2696 1502 2766 ejus.

613 2788 659 2844 C
703 2787 991 2858 Eloquium
1030 2785 1278 2854 Domini,
1325 2785 1562 2841 Verbum
1605 2782 1781 2840 Patris
1811 2791 1933 2840 est:
1980 2781 2124 2852 quod

546 2877 615 2932 ad
645 2886 821 2933 terras
850 2875 1039 2943 misit,
1088 2875 1305 2945 quando
1332 2873 1690 2929 humilitatem
1734 2873 1837 2942 piae
1875 2872 2126 2927 incarna-

547 2968 714 3025 tionis
743 2966 1055 3037 assumpsit.
1107 2965 1260 3021 Tunc
1287 2965 1367 3022 sic
1395 2965 1638 3021 cucurrit
1676 2979 1857 3020 sermo
1887 2963 2004 3034 ejus
2026 2978 2122 3020 ve-

2219 1877 2430 1934 locutus
2455 1884 2557 1943 est,
2590 1885 2684 1931 aut
2714 1891 2866 1932 mare
2895 1877 3094 1943 divisit,
3127 1877 3232 1932 nisi
3263 1885 3470 1931 tantum
3497 1875 3792 1930 Israelitico

2218 1969 2453 2041 populo:
2490 1969 2536 2022 Α
2566 1967 2651 2024 vel
2680 1968 2884 2022 nationi
2912 1967 3079 2024 Jacob
3104 2008 3119 2034 ,
3157 1969 3249 2038 qui
3276 1984 3344 2023 ex
3372 1968 3651 2024 Abraham
3678 1969 3792 2022 des-

2219 2059 2422 2127 cendit,
2437 2059 2492 2114 in
2507 2059 2658 2130 cujus
2692 2059 2794 2114 ﬁde
2813 2073 3000 2116 omnes
3019 2059 3309 2115 Christiani
3331 2068 3476 2114 sunt.
3493 2058 3576 2114 llli
3599 2059 3792 2113 nationi

2220 2149 2320 2207 soli
2347 2147 2714 2206 manifestavit
2741 2148 2942 2218 judicia
2971 2164 3090 2204 sua.

2647 2255 2846 2296 ORATIO
2882 2256 2951 2294 EX
2991 2253 3138 2294 PSAL.
3173 2253 3370 2294 CXLV".

2289 2333 2544 2390 Conforta
2567 2374 2583 2400 ,
2625 2332 2882 2398 Domine,
2912 2340 3098 2401 portas
3122 2330 3376 2386 Ecclesiae
3410 2338 3550 2395 tute,
3584 2338 3640 2384 et
3665 2344 3796 2400 pone

2221 2425 2468 2482 terminis
2495 2425 2612 2496 ejus
2639 2439 2828 2495 pacem
2847 2464 2862 2490 ,
2891 2424 3048 2492 eique
3077 2423 3288 2491 adipem
3317 2421 3580 2494 spiritalis
3638 2422 3794 2476 tritici

2223 2515 2512 2585 dignanter
2559 2514 2817 2570 attribue.
2873 2511 2979 2568 Per
3007 2511 3292 2566 Dominum
3325 2519 3578 2566 nostrum
3617 2507 3793 2566 Jesom

2222 2591 2494 2660 Christum
2521 2603 2718 2659 Filium
2749 2611 2896 2658 tuum
2917 2643 2930 2667 ,
2954 2612 3059 2658 etc.

2679 2692 3012 2750 PSALMUM
3061 2691 3332 2749 CXLVIII.

2588 2798 2953 2840 ABGUIENTUI
2998 2799 3149 2840 PSAL.
3201 2798 3422 2840 CXLVIII.

2295 2875 2338 2932 C
2393 2874 2662 2947 Propheta
2722 2890 2821 2945 per
2881 2891 3177 2947 paucorum
3233 2878 3795 2933 commemorationem

2226 2974 2604 3022 creaturarum
2660 2981 2851 3022 omnes
2898 2975 3176 3022 creaturas
3230 2967 3298 3022 ad
3344 2967 3562 3023 Domini
3619 2969 3797 3023 laudes

545 3059 756 3127 lociter,
820 3068 881 3114 ut
921 3066 1124 3115 sanctae
1155 3057 1436 3114 Trinitatis
1464 3057 1689 3128 agnitio,
1721 3057 1958 3112 mirabili
1983 3057 2126 3114 velo-
2163 3123 2195 3129 _
2225 3058 2499 3127 hortatur,
2555 3059 2846 3114 rationales
2875 3068 2930 3113 et
2960 3057 3346 3114 intellectuales
3370 3075 3467 3129 per
3492 3074 3554 3116 se
3577 3101 3594 3125 ,
3641 3059 3798 3115 intel-

543 3153 710 3208 citate
734 3123 994 3206 mundum
1019 3149 1390 3220 compleverit,
1429 3123 1696 3204 idolorum
1723 3148 1960 3206 cultores
1983 3148 2124 3205 veri-
2150 3123 2195 3187 (δ
2226 3149 2370 3206 lectu
2392 3123 2569 3206 autem
2599 3151 2684 3205 vel
2709 3165 2871 3206 sensu
2897 3160 3163 3218 carentes,
3189 3167 3289 3222 per
3309 3123 3430 3208 illas
3452 3123 3662 3224 utique,
3685 3167 3798 3220 qua

544 3243 674 3299 tat-is
705 3242 875 3313 ipsius
902 3241 1341 3298 manifestatione
1361 3246 1704 3296 convertens.

544 3333 577 3388 5
687 3333 791 3398 Qui
818 3333 905 3386 dat
928 3333 1090 3386 nivem
1112 3333 1245 3386 sicut
1269 3329 1445 3385 lanam
1469 3345 1488 3385 :

687 3422 950 3479 Nebulam
978 3423 1112 3477 sicut
1143 3423 1368 3477 cinerem
1397 3421 1615 3493 spargit.

615 3514 656 3571 C
701 3513 800 3581 Qui
831 3513 923 3568 dat
965 3513 1144 3568 nivem
1183 3513 1322 3568 sicut
1350 3513 1572 3568 lanam:
1625 3511 1715 3568 dat
1751 3511 1902 3580 dicit,
1953 3511 2006 3567 id
2043 3519 2128 3568 est

545 3607 675 3663 facit
700 3621 716 3661 :
756 3606 900 3676 quod
931 3605 991 3660 ﬁt
1020 3606 1229 3676 utique,
1257 3605 1472 3675 quando
1500 3605 1852 3677 frigidissima
1885 3604 2126 3674 peccatis

545 3700 710 3755 corda
734 3699 1042 3755 mortalium
1063 3738 1078 3765 ,
1107 3698 1174 3753 ad
1197 3699 1449 3754 ardorem
1472 3696 1862 3753 satisfactionis
1891 3697 2127 3752 adduxe-

545 3793 634 3845 rit.
661 3789 763 3843 Nix
783 3798 868 3844 est
891 3789 1073 3855 homo,
1100 3804 1220 3844 cum
1244 3788 1449 3842 recedit
1475 3803 1504 3842 a
1529 3787 1758 3842 Domino
1781 3803 1796 3842 :
1830 3785 1976 3851 lana,
2003 3800 2126 3840 cum

545 3878 614 3933 ad
638 3879 756 3949 ejus
784 3877 996 3932 venerit
1017 3876 1362 3932 medicinam.
1389 3874 1597 3930 Nebula
1622 3893 1635 3929 :
1677 3874 1945 3944 signiﬁcat
1965 3887 2128 3930 omne

556 3977 864 4039 peccatum,
897 3966 1040 4037 quod
1071 3980 1283 4035 semper
1307 3963 1598 4034 caliginosa
1631 3963 1958 4018 obscuritate
2004 3977 2128 4032 per-

553 4060 752 4128 agitur.
784 4057 891 4113 Sed
931 4056 1078 4112 velut
1107 4057 1246 4112 cinis
1272 4055 1600 4126 dispergitur
1627 4072 1642 4110 :
1673 4054 1802 4111 dum
1842 4069 1977 4125 pura
1999 4068 2128 4111 con-

547 4147 786 4203 fessione
807 4161 873 4202 ex
901 4143 1104 4203 Christi
1135 4146 1310 4215 gratia
1335 4145 1650 4216 dissipatur.

545 4237 579 4291 6
684 4236 846 4291 Mittit
875 4235 1181 4305 crystallum
1207 4251 1362 4290 suum
1393 4236 1523 4290 sicut
1549 4233 1806 4289 buccellas
1827 4250 1847 4289 :

691 4326 825 4379 Ante
847 4324 1035 4394 [aciem
1057 4325 1270 4396 {rigoris
1297 4323 1411 4394 ejus
1432 4325 1548 4395 quis
1569 4323 1841 4380 sustinebit
1860 4322 1889 4379 τ

619 4415 662 4472 C
707 4414 1007 4486 Crystallus
1037 4423 1122 4470 est
1148 4417 1200 4470 in
1226 4415 1444 4471 modum
1471 4415 1598 4470 vitri
1623 4415 1845 4486 glacies,
1869 4428 1967 4485 per
1993 4413 2130 4469 mul-

2227 3257 2394 3312 opera
2425 3242 2636 3300 Domini
2671 3242 3069 3315 sapientissima
3126 3243 3562 3300 consideratione
3607 3242 3799 3300 collau-

2229 3331 2378 3387 dant.

2779 3423 2890 3482 TT.
2925 3425 3174 3482 Alleluia.

2229 3517 2257 3575 ι
2367 3515 2610 3575 Laudate
2627 3514 2909 3573 Dominum
2938 3520 3002 3574 de
3031 3520 3170 3574 cazlis
3197 3533 3219 3574 .'

2371 3609 2610 3665 Laudate
2634 3626 2750 3666 eum
2773 3610 2827 3664 in
2853 3611 3090 3665 excelsis.

2298 3700 2340 3757 C
2378 3701 2512 3769 Quia
2535 3703 2755 3772 dignum
2775 3710 2878 3768 est,
2901 3710 2961 3756 ut
2979 3709 3230 3757 creatura
3254 3717 3410 3758 suum
3438 3703 3626 3760 laudet
3647 3705 3802 3760 Crea-

2229 3797 2402 3846 torem
2429 3831 2443 3855 ,
2475 3792 2552 3845 ait
2580 3809 2592 3844 :
2626 3791 2865 3846 Laudate
2896 3793 3206 3847 Dominum.
3256 3791 3301 3846 il
3325 3793 3409 3847 Ad
3451 3793 3670 3850 laudern
3714 3794 3802 3848 Dei

2228 3881 2342 3938 sola
2366 3884 2647 3939 hominum
2672 3893 2862 3939 natura
2893 3899 2999 3939 non
3023 3883 3244 3950 suﬂicit,
3264 3883 3570 3955 iungantur
3589 3898 3646 3942 et
3665 3886 3798 3942 caeli.

2228 3973 2347 4031 Non
2381 3983 2564 4032 autem
2593 3975 2764 4042 dixit,
2795 3975 3009 4030 laudate
3040 3975 3194 4041 coeli,
3227 3977 3318 4031 sed
3349 3991 3444 4031 vos
3473 3978 3566 4046 qui
3603 3979 3731 4033 estis
3755 3979 3802 4031 in

2231 4067 2410 4132 caelis,
2450 4066 2556 4122 hoc
2609 4077 2693 4122 est
2723 4066 2937 4134 throni,
2977 4067 3400 4132 dominationes,
3437 4069 3800 4138 principatus,

2229 4165 2542 4228 potestates,
2567 4166 2623 4212 et
2649 4166 2843 4212 caetera
2865 4157 2919 4212 in
2934 4157 3182 4224 excelsis,
3210 4157 3265 4214 id
3293 4166 3376 4213 est
3394 4158 3631 4225 excelsi,
3656 4159 3804 4230 digne

2230 4247 2446 4304 laudate
2481 4249 2787 4306 Excelsum.

2228 4338 2266 4392 2
2371 4338 2610 4394 Laudate
2633 4356 2771 4407 eum,
2802 4355 2982 4396 omnes
3014 4339 3186 4411 angeli
3212 4341 3364 4411 ejus:

2370 4425 2610 4484 Laudate
2637 4443 2755 4485 eum
2774 4471 2790 4497 ,
2826 4447 3000 4488 omnes
3024 4434 3235 4487 virtutes
3265 4433 3399 4500 ejus.

550 4516 636 4560 tas
662 4505 872 4560 hiemes
894 4506 1192 4561 condurata
1219 4545 1236 4571 ,
1274 4515 1328 4559 et
1357 4507 1411 4561 in
1439 4507 1694 4562 duritiam
1725 4507 1840 4562 saxi
1871 4505 2126 4576 perducta
2157 4475 2206 4534 θ
2305 4516 2346 4573 c
2384 4517 2624 4575 Laudate
2651 4475 2807 4586 eum’,
2835 4475 3225 4594 emnesvangeli
3247 4475 3393 4593 eius,
3423 4522 3568 4590 quod
3593 4521 3804 4592 angelus

551 4595 874 4650 substantia.
933 4595 981 4650 ll
1039 4595 1080 4651 C
1137 4596 1234 4651 Cui
1295 4606 1726 4666 comparantur:
1783 4597 1876 4667 qui
1928 4597 2129 4667 frigore

550 4684 790 4754 pcrlidite
812 4685 1089 4740 constricti
1117 4723 1132 4750 ,
1163 4700 1261 4753 per
1287 4686 1532 4754 singulos
1569 4687 1684 4742 dies
1725 4687 2126 4758 congelascunt.

552 4773 665 4830 Hos
691 4775 874 4830 emittit
900 4774 1159 4830 Dominus
1182 4775 1322 4829 sicut
1342 4775 1610 4831 buccellas
1634 4789 1649 4829 :
1675 4777 1890 4846 quando
1905 4791 2131 4832 conver-

553 4878 644 4918 sos
665 4864 961 4933 praedicare
977 4879 1075 4920 sua
1096 4863 1228 4919 facit
1269 4865 1559 4936 magnalia,
1589 4867 1732 4922 unde
1767 4867 1994 4938 populus
2009 4883 2132 4923 esu-

553 4953 702 5010 riens
733 4953 940 5010 caelesti
960 4963 1383 5024 panevescatur.
1410 4955 1549 5012 Ante
1566 4955 1783 5023 faciem,
1804 4958 1855 5013 id
1887 4968 1968 5013 est
1998 4975 2133 5028 prae-

552 5043 785 5099 sentiam
805 5043 1023 5114 lrigoris
1048 5045 1166 5116 ejus
1192 5045 1411 5110 dicitur,
1441 5060 1547 5100 non
1571 5046 1713 5116 quod
1741 5047 1809 5101 ab
1827 5047 1943 5117 ipso
1964 5047 2134 5118 frigus

553 5135 683 5212 illud
715 5135 916 5201 veniat,
950 5135 1044 5191 sed
1075 5136 1191 5191 ﬁeri
1225 5136 1366 5193 forte
1413 5138 1684 5206 permittit,
1719 5145 1776 5191 ul
1819 5146 1939 5194 est:
1979 5138 2138 5191 lndu-

553 5227 695 5272 mvit
715 5227 860 5272 Deira
896 5243 992 5272 θην
1030 5227 1333 5276 lerannis
1370 5228 1571 5276 (Exod.
1597 5229 1674 5278 xi.
1705 5229 1843 5278 Ante
1873 5228 2001 5280 illud
2041 5229 2136 5280 fri-

2235 4605 2422 4663 Crteca
2446 4607 2659 4676 lingua,
2685 4609 2876 4666 Latine
2902 4613 3114 4666 nuntius
3140 4612 3562 4682 interpretatur;
3595 4613 3804 4682 angelus

2235 4695 2378 4751 enim
2404 4695 2562 4752 ofﬁcii
2591 4699 2808 4756 nomine
2837 4699 3059 4768 dicitur,
3089 4717 3194 4757 non
3225 4713 3449 4756 naturae.
3479 4700 3684 4756 Omnes
3710 4702 3804 4754 vir-

2236 4794 2375 4841 tutes
2398 4787 2542 4858 ejus,
2575 4789 2677 4844 hoc
2703 4790 2952 4860 generale
2982 4807 3174 4848 nomen
3197 4802 3298 4856 est,
3323 4792 3392 4846 ibi
3424 4793 3572 4846 enim
3599 4792 3802 4848 conclu—

2237 4875 2438 4930 duntur
2467 4877 2650 4932 omnia
2678 4893 2799 4949 qua:
2827 4877 3091 4950 dignitate
3133 4883 3372 4938 caelestis
3405 4882 3619 4938 militia:
3657 4897 3803 4952 grai»

2236 4965 2483 5022 descunt.

2235 5057 2270 5112 ὅ
2376 5057 2615 5113 Laudate
2648 5076 2790 5127 eum,
2821 5063 2967 5117 solet
2990 5061 3115 5116 luna
3146 5080 3166 5118 :

2392 5145 2629 5201 Laudate
2651 5164 2788 5213 eum,
2823 5165 2996 5204 omnes
3025 5150 3190 5204 slellw
3217 5162 3265 5205 et
3291 5153 3488 5206 lumen.

2274 5236 2317 5280 Η
2392 5237 2514 5280 Men
2539 5237 2636 5280 cnl.
2669 5239 2869 5280 $13221:
2916 5249 2966 5280 at
2995 5241 3163 5278 clnlim
3196 5242 3410 5280 lmnlnnt
3452 5257 3579 5280 mnu
3637 5256 3751 5280 num
3775 5254 3798 5280 Ξ
