  <div class='ocr_page' id='page_1' title='image "/cluster/home/n/w/nwhite01/storage/ocr_20150623/142/hvd.32044015471808/268.png"; bbox 0 0 3994 5370; ppageno 0'>
   <div class='ocr_carea' id='block_1_1' title="bbox 223 169 318 227">
    <p class='ocr_par' dir='ltr' id='par_1_1' title="bbox 223 169 318 227">
     <span class='ocr_line' id='line_1_1' title="bbox 223 169 318 227; baseline 0.021 -2"><span class='ocrx_word' id='word_1_1' title='bbox 223 169 318 227; x_wconf 68' lang='lat'><strong>$25</strong></span> 
     </span>
    </p>
   </div>
   <div class='ocr_carea' id='block_1_2' title="bbox 361 281 1252 356">
    <p class='ocr_par' dir='ltr' id='par_1_2' title="bbox 361 281 1252 356">
     <span class='ocr_line' id='line_1_2' title="bbox 361 281 1252 356; baseline -0.004 -18"><span class='ocrx_word' id='word_1_2' title='bbox 361 283 432 338; x_wconf 78' lang='lat' dir='ltr'><strong>Et</strong></span> <span class='ocrx_word' id='word_1_3' title='bbox 463 299 617 356; x_wconf 69' lang='lat' dir='ltr'><strong>aqua</strong></span> <span class='ocrx_word' id='word_1_4' title='bbox 641 299 759 355; x_wconf 70' lang='lat' dir='ltr'><strong>quae</strong></span> <span class='ocrx_word' id='word_1_5' title='bbox 784 299 939 353; x_wconf 83' lang='lat' dir='ltr'><strong>super</strong></span> <span class='ocrx_word' id='word_1_6' title='bbox 960 281 1112 337; x_wconf 72' lang='lat' dir='ltr'><strong>catos</strong></span> <span class='ocrx_word' id='word_1_7' title='bbox 1136 291 1252 335; x_wconf 84' lang='lat' dir='ltr'><strong>sunt</strong></span> 
     </span>
    </p>
   </div>
   <div class='ocr_carea' id='block_1_3' title="bbox 354 374 1076 430">
    <p class='ocr_par' dir='ltr' id='par_1_3' title="bbox 354 374 1076 430">
     <span class='ocr_line' id='line_1_3' title="bbox 354 374 1076 430; baseline -0.003 -1"><span class='ocrx_word' id='word_1_8' title='bbox 354 375 602 430; x_wconf 86' lang='lat' dir='ltr'><strong>Laudent</strong></span> <span class='ocrx_word' id='word_1_9' title='bbox 627 391 810 429; x_wconf 85' lang='lat' dir='ltr'><strong>nomen</strong></span> <span class='ocrx_word' id='word_1_10' title='bbox 840 374 1076 428; x_wconf 87' lang='lat' dir='ltr'><strong>Domini.</strong></span> 
     </span>
    </p>
   </div>
   <div class='ocr_carea' id='block_1_4' title="bbox 276 464 1794 532">
    <p class='ocr_par' dir='ltr' id='par_1_4' title="bbox 276 464 1794 532">
     <span class='ocr_line' id='line_1_4' title="bbox 276 464 1794 532; baseline -0.003 -10"><span class='ocrx_word' id='word_1_11' title='bbox 276 465 324 522; x_wconf 88' lang='lat' dir='ltr'><strong>C</strong></span> <span class='ocrx_word' id='word_1_12' title='bbox 358 465 620 532; x_wconf 81' lang='lat' dir='ltr'><strong>Quamvis</strong></span> <span class='ocrx_word' id='word_1_13' title='bbox 649 465 700 519; x_wconf 91' lang='lat' dir='ltr'><strong>in</strong></span> <span class='ocrx_word' id='word_1_14' title='bbox 729 464 923 520; x_wconf 83' lang='lat' dir='ltr'><strong>Genesi</strong></span> <span class='ocrx_word' id='word_1_15' title='bbox 967 479 1133 518; x_wconf 90' lang='lat' dir='ltr'><strong>unum</strong></span> <span class='ocrx_word' id='word_1_16' title='bbox 1178 464 1374 518; x_wconf 86' lang='lat' dir='ltr'><strong>coelum</strong></span> <span class='ocrx_word' id='word_1_17' title='bbox 1423 464 1625 519; x_wconf 88' lang='lat' dir='ltr'><strong>factum</strong></span> <span class='ocrx_word' id='word_1_18' title='bbox 1670 477 1794 520; x_wconf 81' lang='lat' dir='ltr'><strong>es:-;e</strong></span> 
     </span>
    </p>
   </div>
   <div class='ocr_carea' id='block_1_5' title="bbox 218 553 1790 626">
    <p class='ocr_par' dir='ltr' id='par_1_5' title="bbox 218 553 1790 626">
     <span class='ocr_line' id='line_1_5' title="bbox 218 553 1790 626; baseline 0 -20"><span class='ocrx_word' id='word_1_19' title='bbox 218 556 511 626; x_wconf 77' lang='lat' dir='ltr'><strong>.egerimus</strong></span> <span class='ocrx_word' id='word_1_20' title='bbox 534 595 550 619; x_wconf 93' lang='lat'><strong>,</strong></span> <span class='ocrx_word' id='word_1_21' title='bbox 579 565 757 609; x_wconf 89' lang='lat' dir='ltr'><strong>tamen</strong></span> <span class='ocrx_word' id='word_1_22' title='bbox 787 554 840 607; x_wconf 93' lang='lat' dir='ltr'><strong>in</strong></span> <span class='ocrx_word' id='word_1_23' title='bbox 863 553 1030 608; x_wconf 91' lang='lat' dir='ltr'><strong>Paulo</strong></span> <span class='ocrx_word' id='word_1_24' title='bbox 1056 562 1112 608; x_wconf 88' lang='lat' dir='ltr'><strong>et</strong></span> <span class='ocrx_word' id='word_1_25' title='bbox 1136 554 1224 609; x_wconf 84' lang='lat' dir='ltr'><strong>hic</strong></span> <span class='ocrx_word' id='word_1_26' title='bbox 1252 553 1447 624; x_wconf 85' lang='lat' dir='ltr'><strong>plurali</strong></span> <span class='ocrx_word' id='word_1_27' title='bbox 1470 569 1790 622; x_wconf 88' lang='lat' dir='ltr'><strong>nuncupan-</strong></span> 
     </span>
    </p>
   </div>
   <div class='ocr_carea' id='block_1_6' title="bbox 220 643 1794 713">
    <p class='ocr_par' dir='ltr' id='par_1_6' title="bbox 220 643 1794 713">
     <span class='ocr_line' id='line_1_6' title="bbox 220 643 1794 713; baseline -0.003 -11"><span class='ocrx_word' id='word_1_28' title='bbox 220 663 304 702; x_wconf 80' lang='grc' dir='ltr'><strong>ιω·</strong></span> <span class='ocrx_word' id='word_1_29' title='bbox 325 657 584 700; x_wconf 88' lang='lat' dir='ltr'><strong>numero.</strong></span> <span class='ocrx_word' id='word_1_30' title='bbox 616 647 781 713; x_wconf 77' lang='lat' dir='ltr'><strong>Aqua:</strong></span> <span class='ocrx_word' id='word_1_31' title='bbox 799 657 949 708; x_wconf 86' lang='lat' dir='ltr'><strong>vero,</strong></span> <span class='ocrx_word' id='word_1_32' title='bbox 974 659 1093 713; x_wconf 70' lang='lat' dir='ltr'><strong>qua:</strong></span> <span class='ocrx_word' id='word_1_33' title='bbox 1119 658 1281 712; x_wconf 81' lang='lat' dir='ltr'><strong>super</strong></span> <span class='ocrx_word' id='word_1_34' title='bbox 1299 643 1465 698; x_wconf 78' lang='lat' dir='ltr'><strong>caelos</strong></span> <span class='ocrx_word' id='word_1_35' title='bbox 1493 653 1637 708; x_wconf 89' lang='lat' dir='ltr'><strong>sunt,</strong></span> <span class='ocrx_word' id='word_1_36' title='bbox 1664 643 1794 697; x_wconf 89' lang='lat' dir='ltr'><strong>istas</strong></span> 
     </span>
    </p>
   </div>
   <div class='ocr_carea' id='block_1_7' title="bbox 219 732 1797 807">
    <p class='ocr_par' dir='ltr' id='par_1_7' title="bbox 219 732 1797 807">
     <span class='ocr_line' id='line_1_7' title="bbox 219 732 1797 807; baseline -0.004 -14"><span class='ocrx_word' id='word_1_37' title='bbox 219 751 340 792; x_wconf 58' lang='lat' dir='ltr'><strong>asa</strong></span> <span class='ocrx_word' id='word_1_38' title='bbox 363 750 490 807; x_wconf 72' lang='lat' dir='ltr'><strong>quae</strong></span> <span class='ocrx_word' id='word_1_39' title='bbox 514 733 772 804; x_wconf 87' lang='lat' dir='ltr'><strong>depluunt</strong></span> <span class='ocrx_word' id='word_1_40' title='bbox 815 748 923 787; x_wconf 92' lang='lat' dir='ltr'><strong>non</strong></span> <span class='ocrx_word' id='word_1_41' title='bbox 953 733 1172 787; x_wconf 90' lang='lat' dir='ltr'><strong>dubium</strong></span> <span class='ocrx_word' id='word_1_42' title='bbox 1201 741 1314 800; x_wconf 89' lang='lat' dir='ltr'><strong>est,</strong></span> <span class='ocrx_word' id='word_1_43' title='bbox 1350 748 1476 786; x_wconf 89' lang='lat' dir='ltr'><strong>nam</strong></span> <span class='ocrx_word' id='word_1_44' title='bbox 1510 732 1708 786; x_wconf 81' lang='lat' dir='ltr'><strong>dicitur</strong></span> <span class='ocrx_word' id='word_1_45' title='bbox 1741 742 1797 787; x_wconf 93' lang='lat' dir='ltr'><strong>ct</strong></span> 
     </span>
    </p>
   </div>
   <div class='ocr_carea' id='block_1_8' title="bbox 219 821 1791 894">
    <p class='ocr_par' dir='ltr' id='par_1_8' title="bbox 219 821 1791 894">
     <span class='ocr_line' id='line_1_8' title="bbox 219 821 1791 894; baseline -0.002 -15"><span class='ocrx_word' id='word_1_46' title='bbox 219 843 271 880; x_wconf 83' lang='grc' dir='ltr'><strong>ιη</strong></span> <span class='ocrx_word' id='word_1_47' title='bbox 297 825 502 882; x_wconf 82' lang='lat' dir='ltr'><strong>Genesi</strong></span> <span class='ocrx_word' id='word_1_48' title='bbox 537 825 880 880; x_wconf 81' lang='lat' dir='ltr'><strong>:Cataracta:</strong></span> <span class='ocrx_word' id='word_1_49' title='bbox 919 823 1043 877; x_wconf 88' lang='lat' dir='ltr'><strong>coeli</strong></span> <span class='ocrx_word' id='word_1_50' title='bbox 1093 833 1292 892; x_wconf 67' lang='lat' dir='ltr'><strong>aperta:</strong></span> <span class='ocrx_word' id='word_1_51' title='bbox 1331 831 1456 877; x_wconf 90' lang='lat' dir='ltr'><strong>sunt</strong></span> <span class='ocrx_word' id='word_1_52' title='bbox 1490 821 1642 894; x_wconf 83' lang='lat' dir='ltr'><strong>(Gen.</strong></span> <span class='ocrx_word' id='word_1_53' title='bbox 1672 823 1791 894; x_wconf 90' lang='lat' dir='ltr'><strong>vn).</strong></span> 
     </span>
    </p>
   </div>
   <div class='ocr_carea' id='block_1_9' title="bbox 219 905 1792 980">
    <p class='ocr_par' dir='ltr' id='par_1_9' title="bbox 219 905 1792 980">
     <span class='ocr_line' id='line_1_9' title="bbox 219 905 1792 980; baseline -0.002 -11"><span class='ocrx_word' id='word_1_54' title='bbox 219 905 360 970; x_wconf 82' lang='lat' dir='ltr'><strong>Dicit</strong></span> <span class='ocrx_word' id='word_1_55' title='bbox 385 928 551 979; x_wconf 89' lang='lat' dir='ltr'><strong>vero,</strong></span> <span class='ocrx_word' id='word_1_56' title='bbox 584 912 804 967; x_wconf 79' lang='lat' dir='ltr'><strong>laudent</strong></span> <span class='ocrx_word' id='word_1_57' title='bbox 842 926 1035 966; x_wconf 81' lang='lat' dir='ltr'><strong>nomen</strong></span> <span class='ocrx_word' id='word_1_58' title='bbox 1063 911 1275 964; x_wconf 85' lang='lat' dir='ltr'><strong>Domini</strong></span> <span class='ocrx_word' id='word_1_59' title='bbox 1301 950 1316 976; x_wconf 91' lang='lat'><strong>,</strong></span> <span class='ocrx_word' id='word_1_60' title='bbox 1372 919 1427 966; x_wconf 90' lang='lat' dir='ltr'><strong>et</strong></span> <span class='ocrx_word' id='word_1_61' title='bbox 1454 911 1698 980; x_wconf 64' lang='lat' dir='ltr'><strong>praecipit</strong></span> <span class='ocrx_word' id='word_1_62' title='bbox 1726 925 1792 966; x_wconf 76' lang='lat' dir='ltr'><strong>ex</strong></span> 
     </span>
    </p>
   </div>
   <div class='ocr_carea' id='block_1_10' title="bbox 228 999 1794 1074">
    <p class='ocr_par' dir='ltr' id='par_1_10' title="bbox 228 999 1794 1074">
     <span class='ocr_line' id='line_1_10' title="bbox 228 999 1794 1074; baseline -0.003 -15"><span class='ocrx_word' id='word_1_63' title='bbox 228 1005 475 1074; x_wconf 69' lang='lat' dir='ltr'><strong>operibus</strong></span> <span class='ocrx_word' id='word_1_64' title='bbox 497 1003 613 1058; x_wconf 85' lang='lat' dir='ltr'><strong>suis</strong></span> <span class='ocrx_word' id='word_1_65' title='bbox 640 1003 926 1056; x_wconf 78' lang='lat' dir='ltr'><strong>Dominum</strong></span> <span class='ocrx_word' id='word_1_66' title='bbox 955 1000 1150 1055; x_wconf 82' lang='lat' dir='ltr'><strong>debere</strong></span> <span class='ocrx_word' id='word_1_67' title='bbox 1179 999 1404 1054; x_wconf 90' lang='lat' dir='ltr'><strong>laudari.</strong></span> <span class='ocrx_word' id='word_1_68' title='bbox 1447 1000 1512 1054; x_wconf 84' lang='lat' dir='ltr'><strong>Et</strong></span> <span class='ocrx_word' id='word_1_69' title='bbox 1560 1001 1688 1069; x_wconf 90' lang='lat' dir='ltr'><strong>quid</strong></span> <span class='ocrx_word' id='word_1_70' title='bbox 1715 1001 1794 1054; x_wconf 90' lang='lat' dir='ltr'><strong>di-</strong></span> 
     </span>
    </p>
   </div>
   <div class='ocr_carea' id='block_1_11' title="bbox 227 1088 1795 1164">
    <p class='ocr_par' dir='ltr' id='par_1_11' title="bbox 227 1088 1795 1164">
     <span class='ocr_line' id='line_1_11' title="bbox 227 1088 1795 1164; baseline 0 -21"><span class='ocrx_word' id='word_1_71' title='bbox 227 1093 395 1164; x_wconf 75' lang='lat' dir='ltr'><strong>gnius,</strong></span> <span class='ocrx_word' id='word_1_72' title='bbox 418 1107 584 1161; x_wconf 91' lang='lat' dir='ltr'><strong>quam</strong></span> <span class='ocrx_word' id='word_1_73' title='bbox 625 1090 768 1160; x_wconf 88' lang='lat' dir='ltr'><strong>quod</strong></span> <span class='ocrx_word' id='word_1_74' title='bbox 817 1089 1057 1145; x_wconf 87' lang='lat' dir='ltr'><strong>conditio</strong></span> <span class='ocrx_word' id='word_1_75' title='bbox 1085 1103 1264 1144; x_wconf 88' lang='lat' dir='ltr'><strong>rerum</strong></span> <span class='ocrx_word' id='word_1_76' title='bbox 1298 1088 1574 1159; x_wconf 90' lang='lat' dir='ltr'><strong>proprium</strong></span> <span class='ocrx_word' id='word_1_77' title='bbox 1613 1088 1795 1143; x_wconf 91' lang='lat' dir='ltr'><strong>laudet</strong></span> 
     </span>
    </p>
   </div>
   <div class='ocr_carea' id='block_1_12' title="bbox 222 1181 534 1237">
    <p class='ocr_par' dir='ltr' id='par_1_12' title="bbox 222 1181 534 1237">
     <span class='ocr_line' id='line_1_12' title="bbox 222 1181 534 1237; baseline 0 -3"><span class='ocrx_word' id='word_1_78' title='bbox 222 1190 498 1237; x_wconf 82' lang='lat' dir='ltr'><strong>auctorem</strong></span> <span class='ocrx_word' id='word_1_79' title='bbox 511 1181 534 1234; x_wconf 71' lang='grc'><strong><em>2</em></strong></span> 
     </span>
    </p>
   </div>
   <div class='ocr_carea' id='block_1_13' title="bbox 217 1269 1428 1342">
    <p class='ocr_par' dir='ltr' id='par_1_13' title="bbox 217 1269 1428 1342">
     <span class='ocr_line' id='line_1_13' title="bbox 217 1269 1428 1342; baseline 0.001 -20"><span class='ocrx_word' id='word_1_80' title='bbox 217 1269 254 1322; x_wconf 84' lang='grc'>5</span> <span class='ocrx_word' id='word_1_81' title='bbox 361 1269 502 1335; x_wconf 84' lang='lat' dir='ltr'><strong>Quia</strong></span> <span class='ocrx_word' id='word_1_82' title='bbox 533 1284 597 1326; x_wconf 69' lang='grc' dir='ltr'><strong>σε-</strong></span> <span class='ocrx_word' id='word_1_83' title='bbox 631 1272 738 1340; x_wconf 89' lang='lat' dir='ltr'><strong>ipse</strong></span> <span class='ocrx_word' id='word_1_84' title='bbox 769 1271 924 1337; x_wconf 74' lang='lat' dir='ltr'><strong>dixit,</strong></span> <span class='ocrx_word' id='word_1_85' title='bbox 945 1279 992 1324; x_wconf 92' lang='lat' dir='ltr'><strong>et</strong></span> <span class='ocrx_word' id='word_1_86' title='bbox 1024 1269 1166 1339; x_wconf 80' lang='lat' dir='ltr'><strong>facta</strong></span> <span class='ocrx_word' id='word_1_87' title='bbox 1186 1278 1308 1326; x_wconf 71' lang='lat' dir='ltr'><strong>sunt</strong></span> <span class='ocrx_word' id='word_1_88' title='bbox 1338 1269 1362 1342; x_wconf 70' lang='grc' dir='ltr'>ζ</span> <span class='ocrx_word' id='word_1_89' title='bbox 1408 1281 1428 1323; x_wconf 83' lang='lat'><strong>.‘</strong></span> 
     </span>
    </p>
   </div>
   <div class='ocr_carea' id='block_1_14' title="bbox 361 1361 1236 1430">
    <p class='ocr_par' dir='ltr' id='par_1_14' title="bbox 361 1361 1236 1430">
     <span class='ocr_line' id='line_1_14' title="bbox 361 1361 1236 1430; baseline -0.001 -15"><span class='ocrx_word' id='word_1_90' title='bbox 361 1361 487 1430; x_wconf 81' lang='lat' dir='ltr'><strong>Ipse</strong></span> <span class='ocrx_word' id='word_1_91' title='bbox 523 1363 787 1416; x_wconf 78' lang='lat' dir='ltr'><strong>mandavit</strong></span> <span class='ocrx_word' id='word_1_92' title='bbox 814 1372 862 1416; x_wconf 85' lang='lat' dir='ltr'><strong>et</strong></span> <span class='ocrx_word' id='word_1_93' title='bbox 895 1371 1071 1416; x_wconf 90' lang='lat' dir='ltr'><strong>creata</strong></span> <span class='ocrx_word' id='word_1_94' title='bbox 1094 1371 1236 1416; x_wconf 88' lang='lat' dir='ltr'><strong>sunt.</strong></span> 
     </span>
    </p>
   </div>
   <div class='ocr_carea' id='block_1_15' title="bbox 287 1449 1793 1521">
    <p class='ocr_par' dir='ltr' id='par_1_15' title="bbox 287 1449 1793 1521">
     <span class='ocr_line' id='line_1_15' title="bbox 287 1449 1793 1521; baseline -0.002 -16"><span class='ocrx_word' id='word_1_95' title='bbox 287 1450 330 1505; x_wconf 92' lang='lat' dir='ltr'><strong>C</strong></span> <span class='ocrx_word' id='word_1_96' title='bbox 367 1451 605 1506; x_wconf 90' lang='lat' dir='ltr'><strong>Dicendo</strong></span> <span class='ocrx_word' id='word_1_97' title='bbox 631 1453 772 1521; x_wconf 90' lang='lat' dir='ltr'><strong>ipse,</strong></span> <span class='ocrx_word' id='word_1_98' title='bbox 798 1451 1084 1506; x_wconf 89' lang='lat' dir='ltr'><strong>Dominum</strong></span> <span class='ocrx_word' id='word_1_99' title='bbox 1126 1450 1393 1521; x_wconf 88' lang='lat' dir='ltr'><strong>signiﬁcat</strong></span> <span class='ocrx_word' id='word_1_100' title='bbox 1435 1449 1793 1506; x_wconf 78' lang='lat' dir='ltr'><strong>Salvatorem.</strong></span> 
     </span>
    </p>
   </div>
   <div class='ocr_carea' id='block_1_16' title="bbox 220 1537 1793 1610">
    <p class='ocr_par' dir='ltr' id='par_1_16' title="bbox 220 1537 1793 1610">
     <span class='ocr_line' id='line_1_16' title="bbox 220 1537 1793 1610; baseline 0 -16"><span class='ocrx_word' id='word_1_101' title='bbox 220 1539 340 1610; x_wconf 85' lang='lat' dir='ltr'><strong>Ipse</strong></span> <span class='ocrx_word' id='word_1_102' title='bbox 370 1541 516 1595; x_wconf 90' lang='lat' dir='ltr'><strong>enim</strong></span> <span class='ocrx_word' id='word_1_103' title='bbox 543 1548 626 1595; x_wconf 89' lang='lat' dir='ltr'><strong>est</strong></span> <span class='ocrx_word' id='word_1_104' title='bbox 656 1541 892 1596; x_wconf 80' lang='lat' dir='ltr'><strong>Verbum</strong></span> <span class='ocrx_word' id='word_1_105' title='bbox 928 1554 1060 1594; x_wconf 88' lang='lat' dir='ltr'><strong>caro</strong></span> <span class='ocrx_word' id='word_1_106' title='bbox 1089 1539 1324 1604; x_wconf 91' lang='lat' dir='ltr'><strong>factum,</strong></span> <span class='ocrx_word' id='word_1_107' title='bbox 1375 1537 1528 1607; x_wconf 83' lang='lat' dir='ltr'><strong>cujus</strong></span> <span class='ocrx_word' id='word_1_108' title='bbox 1549 1538 1793 1607; x_wconf 75' lang='lat' dir='ltr'><strong>iussione</strong></span> 
     </span>
    </p>
   </div>
   <div class='ocr_carea' id='block_1_17' title="bbox 1420 164 2259 226">
    <p class='ocr_par' dir='ltr' id='par_1_17' title="bbox 1420 164 2259 226">
     <span class='ocr_line' id='line_1_17' title="bbox 1420 164 2259 226; baseline -0.008 0"><span class='ocrx_word' id='word_1_109' title='bbox 1420 167 1778 226; x_wconf 74' lang='lat' dir='ltr'><strong>EXPOSITIO</strong></span> <span class='ocrx_word' id='word_1_110' title='bbox 1818 164 2259 224; x_wconf 72' lang='lat' dir='ltr'><strong>PSALMORUM.</strong></span> 
     </span>
    </p>
   </div>
   <div class='ocr_carea' id='block_1_18' title="bbox 1814 267 3459 345">
    <p class='ocr_par' dir='ltr' id='par_1_18' title="bbox 1814 267 3459 345">
     <span class='ocr_line' id='line_1_18' title="bbox 1814 267 3459 345; baseline -0.007 -10"><span class='ocrx_word' id='word_1_111' title='bbox 1814 285 1862 338; x_wconf 75' lang='grc' dir='ltr'><strong>Α</strong></span> <span class='ocrx_word' id='word_1_112' title='bbox 1889 279 1956 335; x_wconf 86' lang='lat' dir='ltr'><strong>de</strong></span> <span class='ocrx_word' id='word_1_113' title='bbox 1985 274 2180 345; x_wconf 88' lang='lat' dir='ltr'><strong>quibus</strong></span> <span class='ocrx_word' id='word_1_114' title='bbox 2224 273 2474 329; x_wconf 89' lang='lat' dir='ltr'><strong>omnibus</strong></span> <span class='ocrx_word' id='word_1_115' title='bbox 2505 272 2609 328; x_wconf 87' lang='lat' dir='ltr'><strong>sibi</strong></span> <span class='ocrx_word' id='word_1_116' title='bbox 2631 271 2881 327; x_wconf 75' lang='lat' dir='ltr'><strong>Christus</strong></span> <span class='ocrx_word' id='word_1_117' title='bbox 2906 277 3062 340; x_wconf 91' lang='lat' dir='ltr'><strong>parat</strong></span> <span class='ocrx_word' id='word_1_118' title='bbox 3112 267 3335 335; x_wconf 66' lang='lat' dir='ltr'><strong>electos,</strong></span> <span class='ocrx_word' id='word_1_119' title='bbox 3365 275 3459 338; x_wconf 83' lang='lat' dir='ltr'><strong>qui</strong></span> 
     </span>
    </p>
   </div>
   <div class='ocr_carea' id='block_1_19' title="bbox 3356 160 3460 215">
    <p class='ocr_par' dir='ltr' id='par_1_19' title="bbox 3356 160 3460 215">
     <span class='ocr_line' id='line_1_19' title="bbox 3356 160 3460 215; baseline 0.029 -3"><span class='ocrx_word' id='word_1_120' title='bbox 3356 160 3460 215; x_wconf 72' lang='lat'><strong>526</strong></span> 
     </span>
    </p>
   </div>
   <div class='ocr_carea' id='block_1_20' title="bbox 1894 357 3461 430">
    <p class='ocr_par' dir='ltr' id='par_1_20' title="bbox 1894 357 3461 430">
     <span class='ocr_line' id='line_1_20' title="bbox 1894 357 3461 430; baseline -0.003 -12"><span class='ocrx_word' id='word_1_121' title='bbox 1894 364 1949 418; x_wconf 90' lang='lat' dir='ltr'><strong>in</strong></span> <span class='ocrx_word' id='word_1_122' title='bbox 2005 363 2094 417; x_wconf 88' lang='lat' dir='ltr'><strong>illa</strong></span> <span class='ocrx_word' id='word_1_123' title='bbox 2140 361 2537 417; x_wconf 83' lang='lat' dir='ltr'><strong>resurrectione</strong></span> <span class='ocrx_word' id='word_1_124' title='bbox 2580 369 2636 418; x_wconf 86' lang='lat' dir='ltr'><strong>et</strong></span> <span class='ocrx_word' id='word_1_125' title='bbox 2685 359 2867 426; x_wconf 84' lang='lat' dir='ltr'><strong>laude,</strong></span> <span class='ocrx_word' id='word_1_126' title='bbox 2911 357 3223 430; x_wconf 78' lang='lat' dir='ltr'><strong>angelorum</strong></span> <span class='ocrx_word' id='word_1_127' title='bbox 3250 358 3461 428; x_wconf 84' lang='lat' dir='ltr'><strong>possint</strong></span> 
     </span>
    </p>
   </div>
   <div class='ocr_carea' id='block_1_21' title="bbox 1893 449 2484 519">
    <p class='ocr_par' dir='ltr' id='par_1_21' title="bbox 1893 449 2484 519">
     <span class='ocr_line' id='line_1_21' title="bbox 1893 449 2484 519; baseline -0.003 -15"><span class='ocrx_word' id='word_1_128' title='bbox 1893 451 2123 505; x_wconf 75' lang='grc' dir='ltr'><strong>εωῑὶὺιιε</strong></span> <span class='ocrx_word' id='word_1_129' title='bbox 2146 449 2484 519; x_wconf 85' lang='lat' dir='ltr'><strong>congregari.</strong></span> 
     </span>
    </p>
   </div>
   <div class='ocr_carea' id='block_1_22' title="bbox 1896 541 2894 611">
    <p class='ocr_par' dir='ltr' id='par_1_22' title="bbox 1896 541 2894 611">
     <span class='ocr_line' id='line_1_22' title="bbox 1896 541 2894 611; baseline -0.004 -14"><span class='ocrx_word' id='word_1_130' title='bbox 1896 543 1955 598; x_wconf 79' lang='lat' dir='ltr'><strong>il</strong></span> <span class='ocrx_word' id='word_1_131' title='bbox 2029 541 2190 611; x_wconf 81' lang='lat' dir='ltr'><strong>Reges</strong></span> <span class='ocrx_word' id='word_1_132' title='bbox 2213 552 2367 595; x_wconf 69' lang='lat' dir='ltr'><strong>terrae</strong></span> <span class='ocrx_word' id='word_1_133' title='bbox 2389 551 2436 595; x_wconf 91' lang='lat' dir='ltr'><strong>et</strong></span> <span class='ocrx_word' id='word_1_134' title='bbox 2462 557 2639 595; x_wconf 87' lang='lat' dir='ltr'><strong>omnes</strong></span> <span class='ocrx_word' id='word_1_135' title='bbox 2675 542 2894 610; x_wconf 89' lang='lat' dir='ltr'><strong>populi:</strong></span> 
     </span>
    </p>
   </div>
   <div class='ocr_carea' id='block_1_23' title="bbox 2037 629 3006 702">
    <p class='ocr_par' dir='ltr' id='par_1_23' title="bbox 2037 629 3006 702">
     <span class='ocr_line' id='line_1_23' title="bbox 2037 629 3006 702; baseline 0.004 -20"><span class='ocrx_word' id='word_1_136' title='bbox 2037 629 2307 702; x_wconf 76' lang='lat' dir='ltr'><strong>Principes</strong></span> <span class='ocrx_word' id='word_1_137' title='bbox 2329 641 2378 685; x_wconf 90' lang='lat' dir='ltr'><strong>et</strong></span> <span class='ocrx_word' id='word_1_138' title='bbox 2400 647 2576 686; x_wconf 90' lang='lat' dir='ltr'><strong>omnes</strong></span> <span class='ocrx_word' id='word_1_139' title='bbox 2597 632 2804 700; x_wconf 82' lang='lat' dir='ltr'><strong>judices</strong></span> <span class='ocrx_word' id='word_1_140' title='bbox 2831 643 3006 686; x_wconf 71' lang='lat' dir='ltr'><strong>terrm.</strong></span> 
     </span>
    </p>
   </div>
   <div class='ocr_carea' id='block_1_24' title="bbox 1963 721 3463 793">
    <p class='ocr_par' dir='ltr' id='par_1_24' title="bbox 1963 721 3463 793">
     <span class='ocr_line' id='line_1_24' title="bbox 1963 721 3463 793; baseline 0.001 -15"><span class='ocrx_word' id='word_1_141' title='bbox 1963 721 2005 778; x_wconf 90' lang='lat' dir='ltr'><strong>C</strong></span> <span class='ocrx_word' id='word_1_142' title='bbox 2033 722 2227 793; x_wconf 83' lang='lat' dir='ltr'><strong>Reges,</strong></span> <span class='ocrx_word' id='word_1_143' title='bbox 2279 731 2493 779; x_wconf 90' lang='lat' dir='ltr'><strong>sanctos</strong></span> <span class='ocrx_word' id='word_1_144' title='bbox 2522 723 2668 778; x_wconf 91' lang='lat' dir='ltr'><strong>viros</strong></span> <span class='ocrx_word' id='word_1_145' title='bbox 2691 723 3014 793; x_wconf 88' lang='lat' dir='ltr'><strong>signiﬁcant,</strong></span> <span class='ocrx_word' id='word_1_146' title='bbox 3045 724 3138 793; x_wconf 88' lang='lat' dir='ltr'><strong>qui</strong></span> <span class='ocrx_word' id='word_1_147' title='bbox 3184 734 3356 779; x_wconf 82' lang='lat' dir='ltr'><strong>semet</strong></span> <span class='ocrx_word' id='word_1_148' title='bbox 3379 739 3463 780; x_wconf 88' lang='lat' dir='ltr'><strong>re-</strong></span> 
     </span>
    </p>
   </div>
   <div class='ocr_carea' id='block_1_25' title="bbox 1895 814 3460 884">
    <p class='ocr_par' dir='ltr' id='par_1_25' title="bbox 1895 814 3460 884">
     <span class='ocr_line' id='line_1_25' title="bbox 1895 814 3460 884; baseline 0.003 -18"><span class='ocrx_word' id='word_1_149' title='bbox 1895 822 2046 883; x_wconf 90' lang='lat' dir='ltr'><strong>gunt;</strong></span> <span class='ocrx_word' id='word_1_150' title='bbox 2077 829 2268 869; x_wconf 88' lang='lat' dir='ltr'><strong>omnes</strong></span> <span class='ocrx_word' id='word_1_151' title='bbox 2313 814 2516 884; x_wconf 87' lang='lat' dir='ltr'><strong>populi,</strong></span> <span class='ocrx_word' id='word_1_152' title='bbox 2565 814 2774 877; x_wconf 88' lang='lat' dir='ltr'><strong>turbas,</strong></span> <span class='ocrx_word' id='word_1_153' title='bbox 2818 829 2938 883; x_wconf 74' lang='lat' dir='ltr'><strong>qua:</strong></span> <span class='ocrx_word' id='word_1_154' title='bbox 2965 815 3032 869; x_wconf 89' lang='lat' dir='ltr'><strong>ad</strong></span> <span class='ocrx_word' id='word_1_155' title='bbox 3065 815 3230 869; x_wconf 91' lang='lat' dir='ltr'><strong>Deum</strong></span> <span class='ocrx_word' id='word_1_156' title='bbox 3261 831 3460 872; x_wconf 85' lang='lat' dir='ltr'><strong>conve-</strong></span> 
     </span>
    </p>
   </div>
   <div class='ocr_carea' id='block_1_26' title="bbox 1895 901 3460 972">
    <p class='ocr_par' dir='ltr' id='par_1_26' title="bbox 1895 901 3460 972">
     <span class='ocr_line' id='line_1_26' title="bbox 1895 901 3460 972; baseline 0.001 -16"><span class='ocrx_word' id='word_1_157' title='bbox 1895 901 2086 966; x_wconf 86' lang='lat' dir='ltr'><strong>niunt;</strong></span> <span class='ocrx_word' id='word_1_158' title='bbox 2139 902 2432 972; x_wconf 87' lang='lat' dir='ltr'><strong>principes,</strong></span> <span class='ocrx_word' id='word_1_159' title='bbox 2487 910 2787 972; x_wconf 86' lang='lat' dir='ltr'><strong>potestates</strong></span> <span class='ocrx_word' id='word_1_160' title='bbox 2825 902 3069 958; x_wconf 81' lang='lat' dir='ltr'><strong>excelsas</strong></span> <span class='ocrx_word' id='word_1_161' title='bbox 3100 903 3460 968; x_wconf 82' lang='lat' dir='ltr'><strong>advertimus;</strong></span> 
     </span>
    </p>
   </div>
   <div class='ocr_carea' id='block_1_27' title="bbox 1887 991 3463 1063">
    <p class='ocr_par' dir='ltr' id='par_1_27' title="bbox 1887 991 3463 1063">
     <span class='ocr_line' id='line_1_27' title="bbox 1887 991 3463 1063; baseline 0.001 -18"><span class='ocrx_word' id='word_1_162' title='bbox 1887 991 2120 1060; x_wconf 73' lang='lat' dir='ltr'><strong>iudices,</strong></span> <span class='ocrx_word' id='word_1_163' title='bbox 2151 993 2358 1048; x_wconf 85' lang='lat' dir='ltr'><strong>nobiles</strong></span> <span class='ocrx_word' id='word_1_164' title='bbox 2397 1002 2453 1048; x_wconf 90' lang='lat' dir='ltr'><strong>et</strong></span> <span class='ocrx_word' id='word_1_165' title='bbox 2479 1000 2750 1063; x_wconf 83' lang='lat' dir='ltr'><strong>potentes.</strong></span> <span class='ocrx_word' id='word_1_166' title='bbox 2790 991 2856 1046; x_wconf 84' lang='lat' dir='ltr'><strong>Hi</strong></span> <span class='ocrx_word' id='word_1_167' title='bbox 2894 993 3038 1047; x_wconf 88' lang='lat' dir='ltr'><strong>enim</strong></span> <span class='ocrx_word' id='word_1_168' title='bbox 3062 1001 3121 1046; x_wconf 93' lang='lat' dir='ltr'><strong>ut</strong></span> <span class='ocrx_word' id='word_1_169' title='bbox 3148 993 3463 1063; x_wconf 89' lang='lat' dir='ltr'><strong>frequenter</strong></span> 
     </span>
    </p>
   </div>
   <div class='ocr_carea' id='block_1_28' title="bbox 1892 1081 3464 1151">
    <p class='ocr_par' dir='ltr' id='par_1_28' title="bbox 1892 1081 3464 1151">
     <span class='ocr_line' id='line_1_28' title="bbox 1892 1081 3464 1151; baseline -0.001 -16"><span class='ocrx_word' id='word_1_170' title='bbox 1892 1081 2094 1147; x_wconf 87' lang='lat' dir='ltr'><strong>evenit,</strong></span> <span class='ocrx_word' id='word_1_171' title='bbox 2137 1081 2318 1136; x_wconf 88' lang='lat' dir='ltr'><strong>subito</strong></span> <span class='ocrx_word' id='word_1_172' title='bbox 2367 1081 2553 1135; x_wconf 87' lang='lat' dir='ltr'><strong>mundi</strong></span> <span class='ocrx_word' id='word_1_173' title='bbox 2584 1089 2850 1151; x_wconf 88' lang='lat' dir='ltr'><strong>potestate</strong></span> <span class='ocrx_word' id='word_1_174' title='bbox 2904 1081 3180 1147; x_wconf 84' lang='lat' dir='ltr'><strong>derelicta,</strong></span> <span class='ocrx_word' id='word_1_175' title='bbox 3229 1082 3464 1149; x_wconf 85' lang='lat' dir='ltr'><strong>diligunt</strong></span> 
     </span>
    </p>
   </div>
   <div class='ocr_carea' id='block_1_29' title="bbox 1893 1166 2589 1224">
    <p class='ocr_par' dir='ltr' id='par_1_29' title="bbox 1893 1166 2589 1224">
     <span class='ocr_line' id='line_1_29' title="bbox 1893 1166 2589 1224; baseline -0.001 -1"><span class='ocrx_word' id='word_1_176' title='bbox 1893 1166 2108 1223; x_wconf 86' lang='lat' dir='ltr'><strong>Domini</strong></span> <span class='ocrx_word' id='word_1_177' title='bbox 2137 1169 2360 1224; x_wconf 88' lang='lat' dir='ltr'><strong>servitia</strong></span> <span class='ocrx_word' id='word_1_178' title='bbox 2385 1168 2589 1224; x_wconf 88' lang='lat' dir='ltr'><strong>subire.</strong></span> 
     </span>
    </p>
   </div>
   <div class='ocr_carea' id='block_1_30' title="bbox 1896 1260 3517 1333">
    <p class='ocr_par' dir='ltr' id='par_1_30' title="bbox 1896 1260 3517 1333">
     <span class='ocr_line' id='line_1_30' title="bbox 1896 1260 3517 1333; baseline 0 -17"><span class='ocrx_word' id='word_1_179' title='bbox 1896 1260 1966 1316; x_wconf 73' lang='grc'><strong>12</strong></span> <span class='ocrx_word' id='word_1_180' title='bbox 2033 1261 2255 1318; x_wconf 87' lang='lat' dir='ltr'><strong>Juvenes</strong></span> <span class='ocrx_word' id='word_1_181' title='bbox 2296 1273 2343 1318; x_wconf 90' lang='lat' dir='ltr'><strong>et</strong></span> <span class='ocrx_word' id='word_1_182' title='bbox 2387 1264 2629 1333; x_wconf 79' lang='lat' dir='ltr'><strong>virgines,</strong></span> <span class='ocrx_word' id='word_1_183' title='bbox 2685 1279 2832 1318; x_wconf 87' lang='lat' dir='ltr'><strong>senes</strong></span> <span class='ocrx_word' id='word_1_184' title='bbox 2861 1279 2978 1318; x_wconf 84' lang='lat' dir='ltr'><strong>cum</strong></span> <span class='ocrx_word' id='word_1_185' title='bbox 3017 1263 3316 1332; x_wconf 78' lang='lat' dir='ltr'><strong>junioribus</strong></span> <span class='ocrx_word' id='word_1_186' title='bbox 3347 1263 3464 1316; x_wconf 88' lang='lat' dir='ltr'><strong>lau-</strong></span> <span class='ocrx_word' id='word_1_187' title='bbox 3514 1276 3517 1278; x_wconf 82' lang='lat'>&#39;</span> 
     </span>
    </p>
   </div>
   <div class='ocr_carea' id='block_1_31' title="bbox 2119 1353 2729 1409">
    <p class='ocr_par' dir='ltr' id='par_1_31' title="bbox 2119 1353 2729 1409">
     <span class='ocr_line' id='line_1_31' title="bbox 2119 1353 2729 1409; baseline 0.005 -3"><span class='ocrx_word' id='word_1_188' title='bbox 2119 1354 2239 1408; x_wconf 87' lang='lat' dir='ltr'><strong>dent</strong></span> <span class='ocrx_word' id='word_1_189' title='bbox 2263 1369 2448 1407; x_wconf 83' lang='lat' dir='ltr'><strong>nomen</strong></span> <span class='ocrx_word' id='word_1_190' title='bbox 2471 1353 2682 1408; x_wconf 86' lang='lat' dir='ltr'><strong>Domini</strong></span> <span class='ocrx_word' id='word_1_191' title='bbox 2709 1370 2729 1409; x_wconf 90' lang='lat'><strong><em>:</em></strong></span> 
     </span>
    </p>
   </div>
   <div class='ocr_carea' id='block_1_32' title="bbox 2037 1444 3139 1516">
    <p class='ocr_par' dir='ltr' id='par_1_32' title="bbox 2037 1444 3139 1516">
     <span class='ocr_line' id='line_1_32' title="bbox 2037 1444 3139 1516; baseline 0.001 -18"><span class='ocrx_word' id='word_1_192' title='bbox 2037 1444 2176 1510; x_wconf 83' lang='lat' dir='ltr'><strong>Quia</strong></span> <span class='ocrx_word' id='word_1_193' title='bbox 2203 1444 2488 1499; x_wconf 70' lang='lat' dir='ltr'><strong>exaltatum</strong></span> <span class='ocrx_word' id='word_1_194' title='bbox 2508 1457 2581 1500; x_wconf 84' lang='lat' dir='ltr'><strong>est</strong></span> <span class='ocrx_word' id='word_1_195' title='bbox 2608 1462 2793 1500; x_wconf 85' lang='lat' dir='ltr'><strong>nomen</strong></span> <span class='ocrx_word' id='word_1_196' title='bbox 2820 1447 2935 1516; x_wconf 83' lang='lat' dir='ltr'><strong>ejus</strong></span> <span class='ocrx_word' id='word_1_197' title='bbox 2957 1445 3139 1500; x_wconf 84' lang='lat' dir='ltr'><strong>solius.</strong></span> 
     </span>
    </p>
   </div>
   <div class='ocr_carea' id='block_1_33' title="bbox 1963 1533 3461 1605">
    <p class='ocr_par' dir='ltr' id='par_1_33' title="bbox 1963 1533 3461 1605">
     <span class='ocr_line' id='line_1_33' title="bbox 1963 1533 3461 1605; baseline 0.003 -15"><span class='ocrx_word' id='word_1_198' title='bbox 1963 1533 2006 1590; x_wconf 90' lang='lat' dir='ltr'><strong>C</strong></span> <span class='ocrx_word' id='word_1_199' title='bbox 2029 1534 2279 1600; x_wconf 81' lang='lat' dir='ltr'><strong>Juvenes,</strong></span> <span class='ocrx_word' id='word_1_200' title='bbox 2326 1537 2419 1605; x_wconf 90' lang='lat' dir='ltr'><strong>qui</strong></span> <span class='ocrx_word' id='word_1_201' title='bbox 2471 1537 2648 1592; x_wconf 81' lang='lat' dir='ltr'><strong>:etatis</strong></span> <span class='ocrx_word' id='word_1_202' title='bbox 2677 1547 2869 1592; x_wconf 89' lang='lat' dir='ltr'><strong>natura</strong></span> <span class='ocrx_word' id='word_1_203' title='bbox 2903 1537 3199 1601; x_wconf 79' lang='lat' dir='ltr'><strong>ferventes,</strong></span> <span class='ocrx_word' id='word_1_204' title='bbox 3250 1544 3319 1592; x_wconf 86' lang='lat' dir='ltr'><strong>ad</strong></span> <span class='ocrx_word' id='word_1_205' title='bbox 3347 1553 3461 1594; x_wconf 78' lang='lat' dir='ltr'><strong>mo-</strong></span> 
     </span>
    </p>
   </div>
   <div class='ocr_carea' id='block_1_34' title="bbox 219 1627 3464 1696">
    <p class='ocr_par' dir='ltr' id='par_1_34' title="bbox 219 1627 3464 1696">
     <span class='ocr_line' id='line_1_34' title="bbox 219 1627 3464 1696; baseline 0 -12"><span class='ocrx_word' id='word_1_206' title='bbox 219 1640 416 1684; x_wconf 86' lang='lat' dir='ltr'><strong>cuneta</strong></span> <span class='ocrx_word' id='word_1_207' title='bbox 446 1639 630 1686; x_wconf 85' lang='lat' dir='ltr'><strong>creata</strong></span> <span class='ocrx_word' id='word_1_208' title='bbox 668 1642 811 1685; x_wconf 86' lang='lat' dir='ltr'><strong>sunt.</strong></span> <span class='ocrx_word' id='word_1_209' title='bbox 845 1630 1058 1686; x_wconf 82' lang='lat' dir='ltr'><strong>Distant</strong></span> <span class='ocrx_word' id='word_1_210' title='bbox 1084 1639 1263 1685; x_wconf 90' lang='lat' dir='ltr'><strong>autem</strong></span> <span class='ocrx_word' id='word_1_211' title='bbox 1294 1627 1473 1684; x_wconf 90' lang='lat' dir='ltr'><strong>facere</strong></span> <span class='ocrx_word' id='word_1_212' title='bbox 1495 1639 1549 1684; x_wconf 86' lang='lat' dir='ltr'><strong>et</strong></span> <span class='ocrx_word' id='word_1_213' title='bbox 1569 1643 1789 1695; x_wconf 88' lang='lat' dir='ltr'><strong>creare;</strong></span> <span class='ocrx_word' id='word_1_214' title='bbox 1821 1631 1868 1692; x_wconf 85' lang='lat' dir='ltr'><strong>B</strong></span> <span class='ocrx_word' id='word_1_215' title='bbox 1895 1627 2082 1684; x_wconf 88' lang='lat' dir='ltr'><strong>destiae</strong></span> <span class='ocrx_word' id='word_1_216' title='bbox 2129 1637 2552 1696; x_wconf 89' lang='lat' dir='ltr'><strong>temperamenta</strong></span> <span class='ocrx_word' id='word_1_217' title='bbox 2584 1644 2641 1684; x_wconf 92' lang='lat' dir='ltr'><strong>se</strong></span> <span class='ocrx_word' id='word_1_218' title='bbox 2676 1639 3019 1685; x_wconf 85' lang='lat' dir='ltr'><strong>convertunt.</strong></span> <span class='ocrx_word' id='word_1_219' title='bbox 3066 1630 3318 1685; x_wconf 87' lang='lat' dir='ltr'><strong>Seniores</strong></span> <span class='ocrx_word' id='word_1_220' title='bbox 3340 1646 3464 1686; x_wconf 91' lang='lat' dir='ltr'><strong>eum</strong></span> 
     </span>
    </p>
   </div>
   <div class='ocr_carea' id='block_1_35' title="bbox 217 1721 1797 1792">
    <p class='ocr_par' dir='ltr' id='par_1_35' title="bbox 217 1721 1797 1792">
     <span class='ocr_line' id='line_1_35' title="bbox 217 1721 1797 1792; baseline 0 -18"><span class='ocrx_word' id='word_1_221' title='bbox 217 1722 404 1778; x_wconf 84' lang='lat' dir='ltr'><strong>facere</strong></span> <span class='ocrx_word' id='word_1_222' title='bbox 431 1722 576 1777; x_wconf 88' lang='lat' dir='ltr'><strong>enim</strong></span> <span class='ocrx_word' id='word_1_223' title='bbox 601 1737 888 1792; x_wconf 89' lang='lat' dir='ltr'><strong>possumus</strong></span> <span class='ocrx_word' id='word_1_224' title='bbox 911 1730 966 1777; x_wconf 91' lang='lat' dir='ltr'><strong>et</strong></span> <span class='ocrx_word' id='word_1_225' title='bbox 985 1737 1110 1787; x_wconf 87' lang='lat' dir='ltr'><strong>nos,</strong></span> <span class='ocrx_word' id='word_1_226' title='bbox 1138 1721 1233 1791; x_wconf 90' lang='lat' dir='ltr'><strong>qui</strong></span> <span class='ocrx_word' id='word_1_227' title='bbox 1260 1736 1448 1776; x_wconf 90' lang='lat' dir='ltr'><strong>creare</strong></span> <span class='ocrx_word' id='word_1_228' title='bbox 1475 1736 1580 1775; x_wconf 90' lang='lat' dir='ltr'><strong>non</strong></span> <span class='ocrx_word' id='word_1_229' title='bbox 1609 1736 1797 1791; x_wconf 86' lang='lat' dir='ltr'><strong>possu-</strong></span> 
     </span>
    </p>
   </div>
   <div class='ocr_carea' id='block_1_36' title="bbox 217 1810 1795 1882">
    <p class='ocr_par' dir='ltr' id='par_1_36' title="bbox 217 1810 1795 1882">
     <span class='ocr_line' id='line_1_36' title="bbox 217 1810 1795 1882; baseline -0.001 -16"><span class='ocrx_word' id='word_1_230' title='bbox 217 1829 362 1868; x_wconf 87' lang='lat' dir='ltr'><strong>mus.</strong></span> <span class='ocrx_word' id='word_1_231' title='bbox 378 1813 446 1868; x_wconf 86' lang='lat' dir='ltr'><strong>Et</strong></span> <span class='ocrx_word' id='word_1_232' title='bbox 466 1814 588 1868; x_wconf 88' lang='lat' dir='ltr'><strong>ideo</strong></span> <span class='ocrx_word' id='word_1_233' title='bbox 609 1813 736 1882; x_wconf 89' lang='lat' dir='ltr'><strong>quia</strong></span> <span class='ocrx_word' id='word_1_234' title='bbox 763 1812 917 1876; x_wconf 80' lang='lat' dir='ltr'><strong>dixit,</strong></span> <span class='ocrx_word' id='word_1_235' title='bbox 937 1811 1082 1867; x_wconf 85' lang='lat' dir='ltr'><strong>facta</strong></span> <span class='ocrx_word' id='word_1_236' title='bbox 1102 1819 1248 1877; x_wconf 88' lang='lat' dir='ltr'><strong>sunt,</strong></span> <span class='ocrx_word' id='word_1_237' title='bbox 1275 1811 1420 1880; x_wconf 91' lang='lat' dir='ltr'><strong>quod</strong></span> <span class='ocrx_word' id='word_1_238' title='bbox 1440 1819 1524 1866; x_wconf 91' lang='lat' dir='ltr'><strong>est</strong></span> <span class='ocrx_word' id='word_1_239' title='bbox 1543 1810 1795 1880; x_wconf 82' lang='lat' dir='ltr'><strong>generale</strong></span> 
     </span>
    </p>
   </div>
   <div class='ocr_carea' id='block_1_37' title="bbox 221 1905 1791 1978">
    <p class='ocr_par' dir='ltr' id='par_1_37' title="bbox 221 1905 1791 1978">
     <span class='ocr_line' id='line_1_37' title="bbox 221 1905 1791 1978; baseline -0.003 -16"><span class='ocrx_word' id='word_1_240' title='bbox 221 1911 468 1976; x_wconf 78' lang='lat' dir='ltr'><strong>verbum,</strong></span> <span class='ocrx_word' id='word_1_241' title='bbox 516 1909 722 1964; x_wconf 86' lang='lat' dir='ltr'><strong>addidit</strong></span> <span class='ocrx_word' id='word_1_242' title='bbox 781 1908 927 1978; x_wconf 90' lang='lat' dir='ltr'><strong>quod</strong></span> <span class='ocrx_word' id='word_1_243' title='bbox 971 1917 1090 1962; x_wconf 86' lang='lat' dir='ltr'><strong>erat</strong></span> <span class='ocrx_word' id='word_1_244' title='bbox 1136 1906 1434 1962; x_wconf 83' lang='lat' dir='ltr'><strong>divinitatis</strong></span> <span class='ocrx_word' id='word_1_245' title='bbox 1476 1905 1791 1976; x_wconf 91' lang='lat' dir='ltr'><strong>proprium,</strong></span> 
     </span>
    </p>
   </div>
   <div class='ocr_carea' id='block_1_38' title="bbox 218 1995 1794 2080">
    <p class='ocr_par' dir='ltr' id='par_1_38' title="bbox 218 1995 1794 2080">
     <span class='ocr_line' id='line_1_38' title="bbox 218 1995 1794 2080; baseline -0.003 -27"><span class='ocrx_word' id='word_1_246' title='bbox 218 1999 431 2054; x_wconf 83' lang='lat' dir='ltr'><strong>scilicet</strong></span> <span class='ocrx_word' id='word_1_247' title='bbox 478 2008 662 2055; x_wconf 88' lang='lat' dir='ltr'><strong>creata</strong></span> <span class='ocrx_word' id='word_1_248' title='bbox 706 2006 854 2054; x_wconf 86' lang='lat' dir='ltr'><strong>sunt.</strong></span> <span class='ocrx_word' id='word_1_249' title='bbox 891 1996 1184 2064; x_wconf 76' lang='lat' dir='ltr'><strong>Mandavit,</strong></span> <span class='ocrx_word' id='word_1_250' title='bbox 1214 1995 1484 2070; x_wconf 87' lang='lat' dir='ltr'><strong>signiﬁcat</strong></span> <span class='ocrx_word' id='word_1_251' title='bbox 1512 1995 1794 2080; x_wconf 83' lang='lat' dir='ltr'><strong>constituit</strong></span> 
     </span>
    </p>
   </div>
   <div class='ocr_carea' id='block_1_39' title="bbox 220 2089 686 2160">
    <p class='ocr_par' dir='ltr' id='par_1_39' title="bbox 220 2089 686 2160">
     <span class='ocr_line' id='line_1_39' title="bbox 220 2089 686 2160; baseline 0.004 -18"><span class='ocrx_word' id='word_1_252' title='bbox 220 2100 384 2160; x_wconf 85' lang='lat' dir='ltr'><strong>atque</strong></span> <span class='ocrx_word' id='word_1_253' title='bbox 413 2089 686 2145; x_wconf 80' lang='lat' dir='ltr'><strong>formavit.</strong></span> 
     </span>
    </p>
   </div>
   <div class='ocr_carea' id='block_1_40' title="bbox 220 2179 1787 2250">
    <p class='ocr_par' dir='ltr' id='par_1_40' title="bbox 220 2179 1787 2250">
     <span class='ocr_line' id='line_1_40' title="bbox 220 2179 1787 2250; baseline 0.002 -18"><span class='ocrx_word' id='word_1_254' title='bbox 220 2180 253 2232; x_wconf 83' lang='grc' dir='ltr'>σ</span> <span class='ocrx_word' id='word_1_255' title='bbox 369 2179 570 2234; x_wconf 86' lang='lat' dir='ltr'><strong>Statuit</strong></span> <span class='ocrx_word' id='word_1_256' title='bbox 595 2196 656 2234; x_wconf 91' lang='lat' dir='ltr'><strong>ea</strong></span> <span class='ocrx_word' id='word_1_257' title='bbox 677 2180 734 2234; x_wconf 90' lang='lat' dir='ltr'><strong>in</strong></span> <span class='ocrx_word' id='word_1_258' title='bbox 754 2181 1003 2236; x_wconf 69' lang='lat' dir='ltr'><strong>swculum</strong></span> <span class='ocrx_word' id='word_1_259' title='bbox 1025 2193 1073 2237; x_wconf 89' lang='lat' dir='ltr'><strong>et</strong></span> <span class='ocrx_word' id='word_1_260' title='bbox 1095 2182 1149 2237; x_wconf 86' lang='lat' dir='ltr'><strong>in</strong></span> <span class='ocrx_word' id='word_1_261' title='bbox 1163 2183 1483 2238; x_wconf 68' lang='lat' dir='ltr'><strong>swculum-t-</strong></span> <span class='ocrx_word' id='word_1_262' title='bbox 1507 2181 1688 2237; x_wconf 66' lang='lat' dir='ltr'><strong>saeculi</strong></span> <span class='ocrx_word' id='word_1_263' title='bbox 1721 2182 1738 2250; x_wconf 72' lang='grc' dir='ltr'>ζ</span> <span class='ocrx_word' id='word_1_264' title='bbox 1773 2198 1787 2235; x_wconf 88' lang='lat'><strong>:</strong></span> 
     </span>
    </p>
   </div>
   <div class='ocr_carea' id='block_1_41' title="bbox 363 2268 1410 2344">
    <p class='ocr_par' dir='ltr' id='par_1_41' title="bbox 363 2268 1410 2344">
     <span class='ocr_line' id='line_1_41' title="bbox 363 2268 1410 2344; baseline 0.005 -22"><span class='ocrx_word' id='word_1_265' title='bbox 363 2268 691 2340; x_wconf 65' lang='lat' dir='ltr'><strong>Pra’ceptum</strong></span> <span class='ocrx_word' id='word_1_266' title='bbox 713 2275 884 2341; x_wconf 85' lang='lat' dir='ltr'><strong>posuit</strong></span> <span class='ocrx_word' id='word_1_267' title='bbox 915 2285 963 2327; x_wconf 86' lang='lat' dir='ltr'><strong>et</strong></span> <span class='ocrx_word' id='word_1_268' title='bbox 985 2291 1087 2328; x_wconf 89' lang='lat' dir='ltr'><strong>non</strong></span> <span class='ocrx_word' id='word_1_269' title='bbox 1109 2276 1410 2344; x_wconf 73' lang='lat' dir='ltr'><strong>prrcteribit.</strong></span> 
     </span>
    </p>
   </div>
   <div class='ocr_carea' id='block_1_42' title="bbox 286 2359 1789 2434">
    <p class='ocr_par' dir='ltr' id='par_1_42' title="bbox 286 2359 1789 2434">
     <span class='ocr_line' id='line_1_42' title="bbox 286 2359 1789 2434; baseline 0.003 -20"><span class='ocrx_word' id='word_1_270' title='bbox 286 2360 332 2415; x_wconf 69' lang='grc' dir='ltr'><strong>(Ξ</strong></span> <span class='ocrx_word' id='word_1_271' title='bbox 358 2359 562 2416; x_wconf 86' lang='lat' dir='ltr'><strong>Statuit</strong></span> <span class='ocrx_word' id='word_1_272' title='bbox 603 2375 688 2426; x_wconf 88' lang='lat' dir='ltr'><strong>ea,</strong></span> <span class='ocrx_word' id='word_1_273' title='bbox 716 2361 954 2418; x_wconf 86' lang='lat' dir='ltr'><strong>declarat</strong></span> <span class='ocrx_word' id='word_1_274' title='bbox 982 2366 1280 2434; x_wconf 88' lang='lat' dir='ltr'><strong>potentiam</strong></span> <span class='ocrx_word' id='word_1_275' title='bbox 1322 2364 1558 2430; x_wconf 88' lang='lat' dir='ltr'><strong>Domini,</strong></span> <span class='ocrx_word' id='word_1_276' title='bbox 1613 2363 1789 2418; x_wconf 88' lang='lat' dir='ltr'><strong>virtu-</strong></span> 
     </span>
    </p>
   </div>
   <div class='ocr_carea' id='block_1_43' title="bbox 219 2449 1790 2524">
    <p class='ocr_par' dir='ltr' id='par_1_43' title="bbox 219 2449 1790 2524">
     <span class='ocr_line' id='line_1_43' title="bbox 219 2449 1790 2524; baseline 0.006 -25"><span class='ocrx_word' id='word_1_277' title='bbox 219 2458 439 2517; x_wconf 78' lang='lat' dir='ltr'><strong>temque</strong></span> <span class='ocrx_word' id='word_1_278' title='bbox 463 2449 597 2518; x_wconf 87' lang='lat' dir='ltr'><strong>ejus,</strong></span> <span class='ocrx_word' id='word_1_279' title='bbox 629 2459 687 2504; x_wconf 90' lang='lat' dir='ltr'><strong>ut</strong></span> <span class='ocrx_word' id='word_1_280' title='bbox 709 2452 930 2506; x_wconf 90' lang='lat' dir='ltr'><strong>dubium</strong></span> <span class='ocrx_word' id='word_1_281' title='bbox 967 2469 1073 2507; x_wconf 91' lang='lat' dir='ltr'><strong>non</strong></span> <span class='ocrx_word' id='word_1_282' title='bbox 1108 2454 1181 2508; x_wconf 92' lang='lat' dir='ltr'><strong>sit</strong></span> <span class='ocrx_word' id='word_1_283' title='bbox 1210 2455 1633 2524; x_wconf 87' lang='lat' dir='ltr'><strong>omnipotentem</strong></span> <span class='ocrx_word' id='word_1_284' title='bbox 1669 2469 1790 2510; x_wconf 87' lang='lat' dir='ltr'><strong>esse</strong></span> 
     </span>
    </p>
   </div>
   <div class='ocr_carea' id='block_1_44' title="bbox 222 2539 1787 2609">
    <p class='ocr_par' dir='ltr' id='par_1_44' title="bbox 222 2539 1787 2609">
     <span class='ocr_line' id='line_1_44' title="bbox 222 2539 1787 2609; baseline 0.003 -17"><span class='ocrx_word' id='word_1_285' title='bbox 222 2539 530 2603; x_wconf 76' lang='lat' dir='ltr'><strong>Dominum,</strong></span> <span class='ocrx_word' id='word_1_286' title='bbox 567 2541 782 2609; x_wconf 89' lang='lat' dir='ltr'><strong>quando</strong></span> <span class='ocrx_word' id='word_1_287' title='bbox 812 2557 929 2609; x_wconf 73' lang='lat' dir='ltr'><strong>qua:</strong></span> <span class='ocrx_word' id='word_1_288' title='bbox 954 2542 1044 2595; x_wconf 87' lang='lat' dir='ltr'><strong>ille</strong></span> <span class='ocrx_word' id='word_1_289' title='bbox 1075 2543 1355 2597; x_wconf 88' lang='lat' dir='ltr'><strong>constituit</strong></span> <span class='ocrx_word' id='word_1_290' title='bbox 1376 2543 1521 2596; x_wconf 91' lang='lat' dir='ltr'><strong>nulla</strong></span> <span class='ocrx_word' id='word_1_291' title='bbox 1551 2543 1787 2596; x_wconf 87' lang='lat' dir='ltr'><strong>mutabi-</strong></span> 
     </span>
    </p>
   </div>
   <div class='ocr_carea' id='block_1_45' title="bbox 219 2628 1787 2701">
    <p class='ocr_par' dir='ltr' id='par_1_45' title="bbox 219 2628 1787 2701">
     <span class='ocr_line' id='line_1_45' title="bbox 219 2628 1787 2701; baseline 0.004 -23"><span class='ocrx_word' id='word_1_292' title='bbox 219 2628 372 2682; x_wconf 82' lang='lat' dir='ltr'><strong>litate</strong></span> <span class='ocrx_word' id='word_1_293' title='bbox 398 2637 704 2684; x_wconf 79' lang='lat' dir='ltr'><strong>vertuntur.</strong></span> <span class='ocrx_word' id='word_1_294' title='bbox 762 2629 1124 2700; x_wconf 65' lang='lat' dir='ltr'><strong>Praeceptum,</strong></span> <span class='ocrx_word' id='word_1_295' title='bbox 1157 2631 1327 2701; x_wconf 81' lang='lat' dir='ltr'><strong>legem</strong></span> <span class='ocrx_word' id='word_1_296' title='bbox 1351 2631 1484 2686; x_wconf 90' lang='lat' dir='ltr'><strong>dicit</strong></span> <span class='ocrx_word' id='word_1_297' title='bbox 1514 2632 1628 2686; x_wconf 89' lang='lat' dir='ltr'><strong>sive</strong></span> <span class='ocrx_word' id='word_1_298' title='bbox 1659 2647 1787 2686; x_wconf 89' lang='lat' dir='ltr'><strong>con-</strong></span> 
     </span>
    </p>
   </div>
   <div class='ocr_carea' id='block_1_46' title="bbox 217 2719 1788 2790">
    <p class='ocr_par' dir='ltr' id='par_1_46' title="bbox 217 2719 1788 2790">
     <span class='ocr_line' id='line_1_46' title="bbox 217 2719 1788 2790; baseline 0.003 -21"><span class='ocrx_word' id='word_1_299' title='bbox 217 2719 501 2782; x_wconf 88' lang='lat' dir='ltr'><strong>ditionem,</strong></span> <span class='ocrx_word' id='word_1_300' title='bbox 522 2727 581 2771; x_wconf 91' lang='lat' dir='ltr'><strong>ut</strong></span> <span class='ocrx_word' id='word_1_301' title='bbox 607 2719 788 2774; x_wconf 90' lang='lat' dir='ltr'><strong>omnia</strong></span> <span class='ocrx_word' id='word_1_302' title='bbox 813 2721 914 2775; x_wconf 90' lang='lat' dir='ltr'><strong>sub</strong></span> <span class='ocrx_word' id='word_1_303' title='bbox 932 2721 1104 2790; x_wconf 89' lang='lat' dir='ltr'><strong>ipsius</strong></span> <span class='ocrx_word' id='word_1_304' title='bbox 1122 2730 1392 2789; x_wconf 88' lang='lat' dir='ltr'><strong>potestate</strong></span> <span class='ocrx_word' id='word_1_305' title='bbox 1419 2735 1540 2775; x_wconf 90' lang='lat' dir='ltr'><strong>esse</strong></span> <span class='ocrx_word' id='word_1_306' title='bbox 1560 2737 1788 2776; x_wconf 84' lang='lat' dir='ltr'><strong>noscan-</strong></span> 
     </span>
    </p>
   </div>
   <div class='ocr_carea' id='block_1_47' title="bbox 218 2805 1788 2878">
    <p class='ocr_par' dir='ltr' id='par_1_47' title="bbox 218 2805 1788 2878">
     <span class='ocr_line' id='line_1_47' title="bbox 218 2805 1788 2878; baseline 0.004 -21"><span class='ocrx_word' id='word_1_307' title='bbox 218 2815 326 2858; x_wconf 88' lang='lat' dir='ltr'><strong>tur.</strong></span> <span class='ocrx_word' id='word_1_308' title='bbox 354 2805 479 2861; x_wconf 89' lang='lat' dir='ltr'><strong>ldeo</strong></span> <span class='ocrx_word' id='word_1_309' title='bbox 503 2807 730 2873; x_wconf 88' lang='lat' dir='ltr'><strong>addidit,</strong></span> <span class='ocrx_word' id='word_1_310' title='bbox 769 2816 824 2862; x_wconf 89' lang='lat' dir='ltr'><strong>et</strong></span> <span class='ocrx_word' id='word_1_311' title='bbox 865 2823 972 2863; x_wconf 90' lang='lat' dir='ltr'><strong>non</strong></span> <span class='ocrx_word' id='word_1_312' title='bbox 1010 2808 1339 2878; x_wconf 57' lang='lat' dir='ltr'><strong>praeteribit;</strong></span> <span class='ocrx_word' id='word_1_313' title='bbox 1370 2809 1653 2878; x_wconf 58' lang='lat' dir='ltr'><strong>praeterire</strong></span> <span class='ocrx_word' id='word_1_314' title='bbox 1681 2825 1788 2864; x_wconf 91' lang='lat' dir='ltr'><strong>non</strong></span> 
     </span>
    </p>
   </div>
   <div class='ocr_carea' id='block_1_48' title="bbox 217 2896 1784 2973">
    <p class='ocr_par' dir='ltr' id='par_1_48' title="bbox 217 2896 1784 2973">
     <span class='ocr_line' id='line_1_48' title="bbox 217 2896 1784 2973; baseline 0.004 -25"><span class='ocrx_word' id='word_1_315' title='bbox 217 2904 429 2963; x_wconf 87' lang='lat' dir='ltr'><strong>potest,</strong></span> <span class='ocrx_word' id='word_1_316' title='bbox 476 2897 622 2966; x_wconf 89' lang='lat' dir='ltr'><strong>quod</strong></span> <span class='ocrx_word' id='word_1_317' title='bbox 674 2896 1025 2968; x_wconf 87' lang='lat' dir='ltr'><strong>Omnipotens</strong></span> <span class='ocrx_word' id='word_1_318' title='bbox 1074 2899 1264 2955; x_wconf 89' lang='lat' dir='ltr'><strong>statuit</strong></span> <span class='ocrx_word' id='word_1_319' title='bbox 1305 2907 1362 2954; x_wconf 88' lang='lat' dir='ltr'><strong>et</strong></span> <span class='ocrx_word' id='word_1_320' title='bbox 1409 2900 1610 2956; x_wconf 87' lang='lat' dir='ltr'><strong>veritas</strong></span> <span class='ocrx_word' id='word_1_321' title='bbox 1657 2915 1784 2973; x_wconf 86' lang='lat' dir='ltr'><strong>pro-</strong></span> 
     </span>
    </p>
   </div>
   <div class='ocr_carea' id='block_1_49' title="bbox 220 2985 391 3039">
    <p class='ocr_par' dir='ltr' id='par_1_49' title="bbox 220 2985 391 3039">
     <span class='ocr_line' id='line_1_49' title="bbox 220 2985 391 3039; baseline 0.023 -4"><span class='ocrx_word' id='word_1_322' title='bbox 220 2985 391 3039; x_wconf 87' lang='lat' dir='ltr'><strong>misit.</strong></span> 
     </span>
    </p>
   </div>
   <div class='ocr_carea' id='block_1_50' title="bbox 218 3072 1200 3137">
    <p class='ocr_par' dir='ltr' id='par_1_50' title="bbox 218 3072 1200 3137">
     <span class='ocr_line' id='line_1_50' title="bbox 218 3072 1200 3137; baseline 0.011 -12"><span class='ocrx_word' id='word_1_323' title='bbox 218 3072 250 3125; x_wconf 83' lang='grc'>7</span> <span class='ocrx_word' id='word_1_324' title='bbox 359 3075 600 3133; x_wconf 85' lang='lat' dir='ltr'><strong>Laudate</strong></span> <span class='ocrx_word' id='word_1_325' title='bbox 626 3079 908 3135; x_wconf 88' lang='lat' dir='ltr'><strong>Dominum</strong></span> <span class='ocrx_word' id='word_1_326' title='bbox 936 3084 999 3137; x_wconf 87' lang='lat' dir='ltr'><strong>de</strong></span> <span class='ocrx_word' id='word_1_327' title='bbox 1022 3092 1159 3137; x_wconf 87' lang='lat' dir='ltr'><strong>terra</strong></span> <span class='ocrx_word' id='word_1_328' title='bbox 1182 3099 1200 3136; x_wconf 91' lang='lat'><em>:</em></span> 
     </span>
    </p>
   </div>
   <div class='ocr_carea' id='block_1_51' title="bbox 359 3167 1108 3242">
    <p class='ocr_par' dir='ltr' id='par_1_51' title="bbox 359 3167 1108 3242">
     <span class='ocr_line' id='line_1_51' title="bbox 359 3167 1108 3242; baseline 0.008 -22"><span class='ocrx_word' id='word_1_329' title='bbox 359 3167 627 3224; x_wconf 87' lang='lat' dir='ltr'><strong>Dracones</strong></span> <span class='ocrx_word' id='word_1_330' title='bbox 651 3181 699 3224; x_wconf 86' lang='lat' dir='ltr'><strong>et</strong></span> <span class='ocrx_word' id='word_1_331' title='bbox 721 3188 895 3225; x_wconf 89' lang='lat' dir='ltr'><strong>omnes</strong></span> <span class='ocrx_word' id='word_1_332' title='bbox 916 3173 1108 3242; x_wconf 82' lang='lat' dir='ltr'><strong>abyssi.</strong></span> 
     </span>
    </p>
   </div>
   <div class='ocr_carea' id='block_1_52' title="bbox 285 3257 1784 3335">
    <p class='ocr_par' dir='ltr' id='par_1_52' title="bbox 285 3257 1784 3335">
     <span class='ocr_line' id='line_1_52' title="bbox 285 3257 1784 3335; baseline 0.007 -24"><span class='ocrx_word' id='word_1_333' title='bbox 285 3257 330 3311; x_wconf 89' lang='lat' dir='ltr'><strong>C</strong></span> <span class='ocrx_word' id='word_1_334' title='bbox 369 3257 646 3314; x_wconf 82' lang='lat' dir='ltr'><strong>Dracones</strong></span> <span class='ocrx_word' id='word_1_335' title='bbox 695 3268 750 3315; x_wconf 89' lang='lat' dir='ltr'><strong>et</strong></span> <span class='ocrx_word' id='word_1_336' title='bbox 781 3262 1007 3331; x_wconf 85' lang='lat' dir='ltr'><strong>abyssos</strong></span> <span class='ocrx_word' id='word_1_337' title='bbox 1044 3263 1270 3334; x_wconf 87' lang='lat' dir='ltr'><strong>mystice</strong></span> <span class='ocrx_word' id='word_1_338' title='bbox 1308 3280 1566 3335; x_wconf 88' lang='lat' dir='ltr'><strong>personas</strong></span> <span class='ocrx_word' id='word_1_339' title='bbox 1596 3275 1784 3322; x_wconf 89' lang='lat' dir='ltr'><strong>trucu-</strong></span> 
     </span>
    </p>
   </div>
   <div class='ocr_carea' id='block_1_53' title="bbox 217 3345 1786 3424">
    <p class='ocr_par' dir='ltr' id='par_1_53' title="bbox 217 3345 1786 3424">
     <span class='ocr_line' id='line_1_53' title="bbox 217 3345 1786 3424; baseline 0.009 -25"><span class='ocrx_word' id='word_1_340' title='bbox 217 3345 394 3401; x_wconf 88' lang='lat' dir='ltr'><strong>lentas</strong></span> <span class='ocrx_word' id='word_1_341' title='bbox 428 3357 481 3401; x_wconf 87' lang='lat' dir='ltr'><strong>et</strong></span> <span class='ocrx_word' id='word_1_342' title='bbox 504 3349 714 3404; x_wconf 89' lang='lat' dir='ltr'><strong>validas</strong></span> <span class='ocrx_word' id='word_1_343' title='bbox 743 3351 1001 3407; x_wconf 88' lang='lat' dir='ltr'><strong>debemus</strong></span> <span class='ocrx_word' id='word_1_344' title='bbox 1053 3354 1320 3424; x_wconf 90' lang='lat' dir='ltr'><strong>accipere,</strong></span> <span class='ocrx_word' id='word_1_345' title='bbox 1345 3370 1464 3424; x_wconf 79' lang='lat' dir='ltr'><strong>qua:</strong></span> <span class='ocrx_word' id='word_1_346' title='bbox 1491 3357 1577 3412; x_wconf 84' lang='lat' dir='ltr'><strong>hic</strong></span> <span class='ocrx_word' id='word_1_347' title='bbox 1606 3359 1659 3412; x_wconf 91' lang='lat' dir='ltr'><strong>in</strong></span> <span class='ocrx_word' id='word_1_348' title='bbox 1691 3360 1786 3413; x_wconf 81' lang='lat' dir='ltr'><strong>bo-</strong></span> 
     </span>
    </p>
   </div>
   <div class='ocr_carea' id='block_1_54' title="bbox 217 3441 1787 3510">
    <p class='ocr_par' dir='ltr' id='par_1_54' title="bbox 217 3441 1787 3510">
     <span class='ocr_line' id='line_1_54' title="bbox 217 3441 1787 3510; baseline 0.01 -22"><span class='ocrx_word' id='word_1_349' title='bbox 217 3452 345 3490; x_wconf 89' lang='lat' dir='ltr'><strong>num</strong></span> <span class='ocrx_word' id='word_1_350' title='bbox 375 3452 673 3504; x_wconf 69' lang='lat' dir='ltr'><strong>conversae,</strong></span> <span class='ocrx_word' id='word_1_351' title='bbox 728 3441 782 3494; x_wconf 90' lang='lat' dir='ltr'><strong>in</strong></span> <span class='ocrx_word' id='word_1_352' title='bbox 823 3441 912 3494; x_wconf 92' lang='lat' dir='ltr'><strong>illa</strong></span> <span class='ocrx_word' id='word_1_353' title='bbox 955 3443 1130 3510; x_wconf 87' lang='lat' dir='ltr'><strong>patria</strong></span> <span class='ocrx_word' id='word_1_354' title='bbox 1191 3444 1485 3501; x_wconf 88' lang='lat' dir='ltr'><strong>Dominicis</strong></span> <span class='ocrx_word' id='word_1_355' title='bbox 1538 3447 1787 3505; x_wconf 90' lang='lat' dir='ltr'><strong>laudibus</strong></span> 
     </span>
    </p>
   </div>
   <div class='ocr_carea' id='block_1_55' title="bbox 215 3526 1784 3596">
    <p class='ocr_par' dir='ltr' id='par_1_55' title="bbox 215 3526 1784 3596">
     <span class='ocr_line' id='line_1_55' title="bbox 215 3526 1784 3596; baseline 0.01 -18"><span class='ocrx_word' id='word_1_356' title='bbox 215 3526 537 3594; x_wconf 78' lang='lat' dir='ltr'><strong>gloriantur.</strong></span> <span class='ocrx_word' id='word_1_357' title='bbox 590 3529 848 3596; x_wconf 86' lang='lat' dir='ltr'><strong>Quamvis</strong></span> <span class='ocrx_word' id='word_1_358' title='bbox 893 3533 1058 3586; x_wconf 87' lang='lat' dir='ltr'><strong>etiam</strong></span> <span class='ocrx_word' id='word_1_359' title='bbox 1098 3536 1394 3590; x_wconf 89' lang='lat' dir='ltr'><strong>secundum</strong></span> <span class='ocrx_word' id='word_1_360' title='bbox 1428 3537 1666 3593; x_wconf 86' lang='lat' dir='ltr'><strong>litteram</strong></span> <span class='ocrx_word' id='word_1_361' title='bbox 1705 3541 1784 3594; x_wconf 51' lang='lat' dir='ltr'><strong>in-</strong></span> 
     </span>
    </p>
   </div>
   <div class='ocr_carea' id='block_1_56' title="bbox 217 3617 1787 3695">
    <p class='ocr_par' dir='ltr' id='par_1_56' title="bbox 217 3617 1787 3695">
     <span class='ocr_line' id='line_1_56' title="bbox 217 3617 1787 3695; baseline 0.013 -27"><span class='ocrx_word' id='word_1_362' title='bbox 217 3617 526 3687; x_wconf 82' lang='lat' dir='ltr'><strong>telligendo,</strong></span> <span class='ocrx_word' id='word_1_363' title='bbox 581 3621 848 3679; x_wconf 89' lang='lat' dir='ltr'><strong>dracones</strong></span> <span class='ocrx_word' id='word_1_364' title='bbox 898 3628 1176 3695; x_wconf 87' lang='lat' dir='ltr'><strong>venenosi,</strong></span> <span class='ocrx_word' id='word_1_365' title='bbox 1224 3627 1394 3684; x_wconf 89' lang='lat' dir='ltr'><strong>Deum</strong></span> <span class='ocrx_word' id='word_1_366' title='bbox 1447 3630 1667 3686; x_wconf 89' lang='lat' dir='ltr'><strong>laudent</strong></span> <span class='ocrx_word' id='word_1_367' title='bbox 1728 3643 1787 3688; x_wconf 90' lang='lat' dir='ltr'><strong>ut</strong></span> 
     </span>
    </p>
   </div>
   <div class='ocr_carea' id='block_1_57' title="bbox 215 3706 638 3766">
    <p class='ocr_par' dir='ltr' id='par_1_57' title="bbox 215 3706 638 3766">
     <span class='ocr_line' id='line_1_57' title="bbox 215 3706 638 3766; baseline 0.019 -8"><span class='ocrx_word' id='word_1_368' title='bbox 215 3706 333 3761; x_wconf 73' lang='lat' dir='ltr'><strong>aliae</strong></span> <span class='ocrx_word' id='word_1_369' title='bbox 352 3718 638 3766; x_wconf 81' lang='lat' dir='ltr'><strong>creaturae.</strong></span> 
     </span>
    </p>
   </div>
   <div class='ocr_carea' id='block_1_58' title="bbox 213 3795 1775 3882">
    <p class='ocr_par' dir='ltr' id='par_1_58' title="bbox 213 3795 1775 3882">
     <span class='ocr_line' id='line_1_58' title="bbox 213 3795 1775 3882; baseline 0.013 -32"><span class='ocrx_word' id='word_1_370' title='bbox 213 3795 246 3850; x_wconf 87' lang='lat'><strong><em>8</em></strong></span> <span class='ocrx_word' id='word_1_371' title='bbox 350 3798 525 3867; x_wconf 82' lang='lat' dir='ltr'><strong>Ignis,</strong></span> <span class='ocrx_word' id='word_1_372' title='bbox 547 3804 770 3871; x_wconf 87' lang='lat' dir='ltr'><strong>grando,</strong></span> <span class='ocrx_word' id='word_1_373' title='bbox 786 3807 895 3871; x_wconf 74' lang='lat' dir='ltr'><strong>nias,</strong></span> <span class='ocrx_word' id='word_1_374' title='bbox 919 3807 1132 3876; x_wconf 86' lang='lat' dir='ltr'><strong>glacies,</strong></span> <span class='ocrx_word' id='word_1_375' title='bbox 1149 3811 1364 3881; x_wconf 82' lang='lat' dir='ltr'><strong>spiritus</strong></span> <span class='ocrx_word' id='word_1_376' title='bbox 1384 3813 1733 3882; x_wconf 79' lang='lat' dir='ltr'><strong>procellarum</strong></span> <span class='ocrx_word' id='word_1_377' title='bbox 1757 3833 1775 3871; x_wconf 92' lang='lat'><em>:</em></span> 
     </span>
    </p>
   </div>
   <div class='ocr_carea' id='block_1_59' title="bbox 354 3889 1112 3968">
    <p class='ocr_par' dir='ltr' id='par_1_59' title="bbox 354 3889 1112 3968">
     <span class='ocr_line' id='line_1_59' title="bbox 354 3889 1112 3968; baseline 0.015 -25"><span class='ocrx_word' id='word_1_378' title='bbox 354 3889 489 3954; x_wconf 64' lang='lat' dir='ltr'><strong>Quae</strong></span> <span class='ocrx_word' id='word_1_379' title='bbox 510 3892 711 3958; x_wconf 80' lang='lat' dir='ltr'><strong>faciunt</strong></span> <span class='ocrx_word' id='word_1_380' title='bbox 738 3897 950 3951; x_wconf 84' lang='lat' dir='ltr'><strong>uerbum</strong></span> <span class='ocrx_word' id='word_1_381' title='bbox 973 3899 1112 3968; x_wconf 87' lang='lat' dir='ltr'><strong>ejus.</strong></span> 
     </span>
    </p>
   </div>
   <div class='ocr_carea' id='block_1_60' title="bbox 281 3979 1785 4066">
    <p class='ocr_par' dir='ltr' id='par_1_60' title="bbox 281 3979 1785 4066">
     <span class='ocr_line' id='line_1_60' title="bbox 281 3979 1785 4066; baseline 0.013 -32"><span class='ocrx_word' id='word_1_382' title='bbox 281 3979 324 4034; x_wconf 92' lang='lat' dir='ltr'><strong>C</strong></span> <span class='ocrx_word' id='word_1_383' title='bbox 348 3979 514 4050; x_wconf 84' lang='lat' dir='ltr'><strong>Ignis,</strong></span> <span class='ocrx_word' id='word_1_384' title='bbox 543 3987 767 4054; x_wconf 90' lang='lat' dir='ltr'><strong>grando,</strong></span> <span class='ocrx_word' id='word_1_385' title='bbox 793 3989 905 4054; x_wconf 83' lang='lat' dir='ltr'><strong>nix,</strong></span> <span class='ocrx_word' id='word_1_386' title='bbox 946 3992 1170 4059; x_wconf 74' lang='lat' dir='ltr'><strong>glacies,</strong></span> <span class='ocrx_word' id='word_1_387' title='bbox 1219 3997 1448 4066; x_wconf 86' lang='lat' dir='ltr'><strong>mystice</strong></span> <span class='ocrx_word' id='word_1_388' title='bbox 1475 3997 1785 4065; x_wconf 85' lang='lat' dir='ltr'><strong>signiﬁcant</strong></span> 
     </span>
    </p>
   </div>
   <div class='ocr_carea' id='block_1_61' title="bbox 215 4069 1784 4143">
    <p class='ocr_par' dir='ltr' id='par_1_61' title="bbox 215 4069 1784 4143">
     <span class='ocr_line' id='line_1_61' title="bbox 215 4069 1784 4143; baseline 0.013 -21"><span class='ocrx_word' id='word_1_389' title='bbox 215 4069 481 4137; x_wconf 78' lang='lat' dir='ltr'><strong>homines,</strong></span> <span class='ocrx_word' id='word_1_390' title='bbox 512 4075 604 4142; x_wconf 91' lang='lat' dir='ltr'><strong>qui</strong></span> <span class='ocrx_word' id='word_1_391' title='bbox 641 4075 696 4130; x_wconf 90' lang='lat' dir='ltr'><strong>in</strong></span> <span class='ocrx_word' id='word_1_392' title='bbox 726 4077 831 4132; x_wconf 88' lang='lat' dir='ltr'><strong>hoc</strong></span> <span class='ocrx_word' id='word_1_393' title='bbox 873 4081 1069 4136; x_wconf 66' lang='lat' dir='ltr'><strong>saeculo</strong></span> <span class='ocrx_word' id='word_1_394' title='bbox 1118 4097 1184 4138; x_wconf 80' lang='lat' dir='ltr'><strong>ex</strong></span> <span class='ocrx_word' id='word_1_395' title='bbox 1226 4086 1552 4141; x_wconf 82' lang='lat' dir='ltr'><strong>turbulentis</strong></span> <span class='ocrx_word' id='word_1_396' title='bbox 1579 4097 1705 4142; x_wconf 89' lang='lat' dir='ltr'><strong>sunt</strong></span> <span class='ocrx_word' id='word_1_397' title='bbox 1729 4100 1784 4143; x_wconf 88' lang='lat' dir='ltr'><strong>et</strong></span> 
     </span>
    </p>
   </div>
   <div class='ocr_carea' id='block_1_62' title="bbox 213 4160 1782 4247">
    <p class='ocr_par' dir='ltr' id='par_1_62' title="bbox 213 4160 1782 4247">
     <span class='ocr_line' id='line_1_62' title="bbox 213 4160 1782 4247; baseline 0.014 -37"><span class='ocrx_word' id='word_1_398' title='bbox 213 4160 460 4226; x_wconf 85' lang='lat' dir='ltr'><strong>pessimis</strong></span> <span class='ocrx_word' id='word_1_399' title='bbox 490 4162 683 4218; x_wconf 86' lang='lat' dir='ltr'><strong>studiis</strong></span> <span class='ocrx_word' id='word_1_400' title='bbox 725 4168 972 4222; x_wconf 82' lang='lat' dir='ltr'><strong>conversi</strong></span> <span class='ocrx_word' id='word_1_401' title='bbox 1025 4173 1092 4224; x_wconf 88' lang='lat' dir='ltr'><strong>ad</strong></span> <span class='ocrx_word' id='word_1_402' title='bbox 1136 4173 1442 4228; x_wconf 88' lang='lat' dir='ltr'><strong>Dominum.</strong></span> <span class='ocrx_word' id='word_1_403' title='bbox 1474 4176 1542 4229; x_wconf 91' lang='lat' dir='ltr'><strong>Et</strong></span> <span class='ocrx_word' id='word_1_404' title='bbox 1561 4178 1782 4247; x_wconf 83' lang='lat' dir='ltr'><strong>spiritus</strong></span> 
     </span>
    </p>
   </div>
   <div class='ocr_carea' id='block_1_63' title="bbox 215 4249 1779 4336">
    <p class='ocr_par' dir='ltr' id='par_1_63' title="bbox 215 4249 1779 4336">
     <span class='ocr_line' id='line_1_63' title="bbox 215 4249 1779 4336; baseline 0.015 -36"><span class='ocrx_word' id='word_1_405' title='bbox 215 4249 568 4314; x_wconf 85' lang='lat' dir='ltr'><strong>procellarum</strong></span> <span class='ocrx_word' id='word_1_406' title='bbox 613 4265 763 4319; x_wconf 90' lang='lat' dir='ltr'><strong>sunt,</strong></span> <span class='ocrx_word' id='word_1_407' title='bbox 800 4257 891 4324; x_wconf 89' lang='lat' dir='ltr'><strong>qui</strong></span> <span class='ocrx_word' id='word_1_408' title='bbox 919 4273 986 4312; x_wconf 83' lang='lat' dir='ltr'><strong>ex</strong></span> <span class='ocrx_word' id='word_1_409' title='bbox 1019 4266 1400 4329; x_wconf 89' lang='lat' dir='ltr'><strong>tempestuosis</strong></span> <span class='ocrx_word' id='word_1_410' title='bbox 1437 4276 1488 4320; x_wconf 88' lang='lat' dir='ltr'><strong>et</strong></span> <span class='ocrx_word' id='word_1_411' title='bbox 1519 4267 1779 4336; x_wconf 89' lang='lat' dir='ltr'><strong>improbis</strong></span> 
     </span>
    </p>
   </div>
   <div class='ocr_carea' id='block_1_64' title="bbox 1890 1715 3470 1790">
    <p class='ocr_par' dir='ltr' id='par_1_64' title="bbox 1890 1715 3470 1790">
     <span class='ocr_line' id='line_1_64' title="bbox 1890 1715 3470 1790; baseline 0.003 -18"><span class='ocrx_word' id='word_1_412' title='bbox 1890 1715 2200 1784; x_wconf 85' lang='lat' dir='ltr'><strong>junioribus</strong></span> <span class='ocrx_word' id='word_1_413' title='bbox 2230 1736 2244 1772; x_wconf 89' lang='lat'><strong>:</strong></span> <span class='ocrx_word' id='word_1_414' title='bbox 2273 1720 2588 1787; x_wconf 84' lang='lat' dir='ltr'><strong>permistam</strong></span> <span class='ocrx_word' id='word_1_415' title='bbox 2643 1720 2911 1790; x_wconf 89' lang='lat' dir='ltr'><strong>signiﬁcat</strong></span> <span class='ocrx_word' id='word_1_416' title='bbox 2963 1729 3198 1775; x_wconf 77' lang='lat' dir='ltr'><strong>aetatem.</strong></span> <span class='ocrx_word' id='word_1_417' title='bbox 3232 1721 3369 1788; x_wconf 83' lang='lat' dir='ltr'><strong>Quia</strong></span> <span class='ocrx_word' id='word_1_418' title='bbox 3399 1722 3470 1777; x_wconf 87' lang='lat' dir='ltr'><strong>do</strong></span> 
     </span>
    </p>
   </div>
   <div class='ocr_carea' id='block_1_65' title="bbox 1893 1809 3470 1883">
    <p class='ocr_par' dir='ltr' id='par_1_65' title="bbox 1893 1809 3470 1883">
     <span class='ocr_line' id='line_1_65' title="bbox 1893 1809 3470 1883; baseline 0.006 -21"><span class='ocrx_word' id='word_1_419' title='bbox 1893 1809 2041 1864; x_wconf 89' lang='lat' dir='ltr'><strong>omni</strong></span> <span class='ocrx_word' id='word_1_420' title='bbox 2085 1825 2239 1877; x_wconf 80' lang='lat' dir='ltr'><strong>sexu,</strong></span> <span class='ocrx_word' id='word_1_421' title='bbox 2270 1820 2326 1867; x_wconf 89' lang='lat' dir='ltr'><strong>et</strong></span> <span class='ocrx_word' id='word_1_422' title='bbox 2369 1812 2435 1868; x_wconf 90' lang='lat' dir='ltr'><strong>de</strong></span> <span class='ocrx_word' id='word_1_423' title='bbox 2465 1813 2612 1867; x_wconf 91' lang='lat' dir='ltr'><strong>omni</strong></span> <span class='ocrx_word' id='word_1_424' title='bbox 2647 1822 2826 1879; x_wconf 75' lang='lat' dir='ltr'><strong>aetate,</strong></span> <span class='ocrx_word' id='word_1_425' title='bbox 2860 1822 3053 1883; x_wconf 86' lang='lat' dir='ltr'><strong>potens</strong></span> <span class='ocrx_word' id='word_1_426' title='bbox 3085 1815 3344 1871; x_wconf 89' lang='lat' dir='ltr'><strong>Dominus</strong></span> <span class='ocrx_word' id='word_1_427' title='bbox 3383 1827 3470 1871; x_wconf 89' lang='lat' dir='ltr'><strong>est</strong></span> 
     </span>
    </p>
   </div>
   <div class='ocr_carea' id='block_1_66' title="bbox 1892 1902 3467 1974">
    <p class='ocr_par' dir='ltr' id='par_1_66' title="bbox 1892 1902 3467 1974">
     <span class='ocr_line' id='line_1_66' title="bbox 1892 1902 3467 1974; baseline 0.003 -19"><span class='ocrx_word' id='word_1_428' title='bbox 1892 1914 2120 1956; x_wconf 86' lang='lat' dir='ltr'><strong>evocare</strong></span> <span class='ocrx_word' id='word_1_429' title='bbox 2144 1917 2280 1972; x_wconf 90' lang='lat' dir='ltr'><strong>quos</strong></span> <span class='ocrx_word' id='word_1_430' title='bbox 2309 1902 2440 1956; x_wconf 88' lang='lat' dir='ltr'><strong>vult.</strong></span> <span class='ocrx_word' id='word_1_431' title='bbox 2485 1903 2664 1958; x_wconf 81' lang='lat' dir='ltr'><strong>Causa</strong></span> <span class='ocrx_word' id='word_1_432' title='bbox 2711 1903 2799 1958; x_wconf 88' lang='lat' dir='ltr'><strong>bic</strong></span> <span class='ocrx_word' id='word_1_433' title='bbox 2838 1903 3012 1959; x_wconf 90' lang='lat' dir='ltr'><strong>laudis</strong></span> <span class='ocrx_word' id='word_1_434' title='bbox 3037 1903 3340 1973; x_wconf 82' lang='lat' dir='ltr'><strong>justissima</strong></span> <span class='ocrx_word' id='word_1_435' title='bbox 3369 1921 3467 1974; x_wconf 88' lang='lat' dir='ltr'><strong>po-</strong></span> 
     </span>
    </p>
   </div>
   <div class='ocr_carea' id='block_1_67' title="bbox 1893 1991 3464 2063">
    <p class='ocr_par' dir='ltr' id='par_1_67' title="bbox 1893 1991 3464 2063">
     <span class='ocr_line' id='line_1_67' title="bbox 1893 1991 3464 2063; baseline 0.004 -19"><span class='ocrx_word' id='word_1_436' title='bbox 1893 1991 2060 2059; x_wconf 86' lang='lat' dir='ltr'><strong>nitur,</strong></span> <span class='ocrx_word' id='word_1_437' title='bbox 2092 1993 2219 2062; x_wconf 88' lang='lat' dir='ltr'><strong>quia</strong></span> <span class='ocrx_word' id='word_1_438' title='bbox 2268 1994 2587 2062; x_wconf 81' lang='lat' dir='ltr'><strong>exaltatum,</strong></span> <span class='ocrx_word' id='word_1_439' title='bbox 2636 2007 2776 2062; x_wconf 87' lang='lat' dir='ltr'><strong>etc.;</strong></span> <span class='ocrx_word' id='word_1_440' title='bbox 2809 1997 3104 2051; x_wconf 83' lang='lat' dir='ltr'><strong>exaltatum</strong></span> <span class='ocrx_word' id='word_1_441' title='bbox 3155 2007 3239 2053; x_wconf 86' lang='lat' dir='ltr'><strong>est</strong></span> <span class='ocrx_word' id='word_1_442' title='bbox 3295 1999 3464 2063; x_wconf 86' lang='lat' dir='ltr'><strong>enim,</strong></span> 
     </span>
    </p>
   </div>
   <div class='ocr_carea' id='block_1_68' title="bbox 1891 2083 3467 2172">
    <p class='ocr_par' dir='ltr' id='par_1_68' title="bbox 1891 2083 3467 2172">
     <span class='ocr_line' id='line_1_68' title="bbox 1891 2083 3467 2172; baseline 0.006 -35"><span class='ocrx_word' id='word_1_443' title='bbox 1891 2083 2017 2138; x_wconf 92' lang='lat' dir='ltr'><strong>dum</strong></span> <span class='ocrx_word' id='word_1_444' title='bbox 2055 2085 2146 2146; x_wconf 86' lang='lat' dir='ltr'><strong>illi.</strong></span> <span class='ocrx_word' id='word_1_445' title='bbox 2179 2085 2336 2141; x_wconf 80' lang='lat' dir='ltr'><strong>sicut</strong></span> <span class='ocrx_word' id='word_1_446' title='bbox 2359 2088 2488 2143; x_wconf 90' lang='lat' dir='ltr'><strong>dicit</strong></span> <span class='ocrx_word' id='word_1_447' title='bbox 2511 2088 2819 2157; x_wconf 88' lang='lat' dir='ltr'><strong>Apostolus,</strong></span> <span class='ocrx_word' id='word_1_448' title='bbox 2872 2104 3032 2144; x_wconf 89' lang='lat' dir='ltr'><strong>omne</strong></span> <span class='ocrx_word' id='word_1_449' title='bbox 3065 2106 3204 2172; x_wconf 73' lang='lat' dir='ltr'><strong>genu</strong></span> <span class='ocrx_word' id='word_1_450' title='bbox 3229 2090 3467 2146; x_wconf 81' lang='lat' dir='ltr'><strong>ﬂectitur</strong></span> 
     </span>
    </p>
   </div>
   <div class='ocr_carea' id='block_1_69' title="bbox 1891 2175 3386 2252">
    <p class='ocr_par' dir='ltr' id='par_1_69' title="bbox 1891 2175 3386 2252">
     <span class='ocr_line' id='line_1_69' title="bbox 1891 2175 3386 2252; baseline 0.008 -24"><span class='ocrx_word' id='word_1_451' title='bbox 1891 2175 2215 2243; x_wconf 62' lang='lat' dir='ltr'><strong>antestium,</strong></span> <span class='ocrx_word' id='word_1_452' title='bbox 2240 2179 2579 2234; x_wconf 87' lang='lat' dir='ltr'><strong>terrestrium</strong></span> <span class='ocrx_word' id='word_1_453' title='bbox 2615 2189 2672 2235; x_wconf 88' lang='lat' dir='ltr'><strong>et</strong></span> <span class='ocrx_word' id='word_1_454' title='bbox 2703 2179 3034 2235; x_wconf 89' lang='lat' dir='ltr'><strong>infernorum</strong></span> <span class='ocrx_word' id='word_1_455' title='bbox 3055 2182 3276 2252; x_wconf 82' lang='lat' dir='ltr'><strong>(Philip.</strong></span> <span class='ocrx_word' id='word_1_456' title='bbox 3301 2189 3386 2251; x_wconf 81' lang='grc' dir='ltr'><strong>ιι).</strong></span> 
     </span>
    </p>
   </div>
   <div class='ocr_carea' id='block_1_70' title="bbox 1893 2263 3193 2339">
    <p class='ocr_par' dir='ltr' id='par_1_70' title="bbox 1893 2263 3193 2339">
     <span class='ocr_line' id='line_1_70' title="bbox 1893 2263 3193 2339; baseline 0.011 -23"><span class='ocrx_word' id='word_1_457' title='bbox 1893 2263 1961 2320; x_wconf 77' lang='grc'><strong>13</strong></span> <span class='ocrx_word' id='word_1_458' title='bbox 2035 2263 2307 2334; x_wconf 80' lang='lat' dir='ltr'><strong>Confessio</strong></span> <span class='ocrx_word' id='word_1_459' title='bbox 2335 2268 2450 2337; x_wconf 83' lang='lat' dir='ltr'><strong>ejus</strong></span> <span class='ocrx_word' id='word_1_460' title='bbox 2471 2285 2628 2339; x_wconf 88' lang='lat' dir='ltr'><strong>super</strong></span> <span class='ocrx_word' id='word_1_461' title='bbox 2654 2269 2836 2324; x_wconf 73' lang='lat' dir='ltr'><strong>cwlum</strong></span> <span class='ocrx_word' id='word_1_462' title='bbox 2863 2280 2908 2325; x_wconf 90' lang='lat' dir='ltr'><strong>et</strong></span> <span class='ocrx_word' id='word_1_463' title='bbox 2941 2281 3134 2327; x_wconf 87' lang='lat' dir='ltr'><strong>terram</strong></span> <span class='ocrx_word' id='word_1_464' title='bbox 3173 2290 3193 2330; x_wconf 78' lang='grc'><strong>.’</strong></span> 
     </span>
    </p>
   </div>
   <div class='ocr_carea' id='block_1_71' title="bbox 1953 2353 2891 2430">
    <p class='ocr_par' dir='ltr' id='par_1_71' title="bbox 1953 2353 2891 2430">
     <span class='ocr_line' id='line_1_71' title="bbox 1953 2353 2891 2430; baseline 0.007 -23"><span class='ocrx_word' id='word_1_465' title='bbox 1953 2399 1961 2407; x_wconf 95' lang='grc'>.</span> <span class='ocrx_word' id='word_1_466' title='bbox 2029 2353 2100 2409; x_wconf 85' lang='lat' dir='ltr'><strong>Et</strong></span> <span class='ocrx_word' id='word_1_467' title='bbox 2128 2356 2372 2412; x_wconf 72' lang='lat' dir='ltr'><strong>exultauit</strong></span> <span class='ocrx_word' id='word_1_468' title='bbox 2401 2375 2562 2413; x_wconf 87' lang='lat' dir='ltr'><strong>cornu</strong></span> <span class='ocrx_word' id='word_1_469' title='bbox 2584 2359 2762 2430; x_wconf 85' lang='lat' dir='ltr'><strong>populi</strong></span> <span class='ocrx_word' id='word_1_470' title='bbox 2787 2361 2891 2414; x_wconf 86' lang='lat' dir='ltr'><strong>sul.</strong></span> 
     </span>
    </p>
   </div>
   <div class='ocr_carea' id='block_1_72' title="bbox 1962 2452 3460 2529">
    <p class='ocr_par' dir='ltr' id='par_1_72' title="bbox 1962 2452 3460 2529">
     <span class='ocr_line' id='line_1_72' title="bbox 1962 2452 3460 2529; baseline 0.009 -20"><span class='ocrx_word' id='word_1_471' title='bbox 1962 2452 2002 2509; x_wconf 89' lang='lat' dir='ltr'><strong>C</strong></span> <span class='ocrx_word' id='word_1_472' title='bbox 2045 2453 2323 2512; x_wconf 81' lang='lat' dir='ltr'><strong>Confessio</strong></span> <span class='ocrx_word' id='word_1_473' title='bbox 2378 2457 2493 2527; x_wconf 83' lang='lat' dir='ltr'><strong>ejus</strong></span> <span class='ocrx_word' id='word_1_474' title='bbox 2544 2474 2707 2529; x_wconf 87' lang='lat' dir='ltr'><strong>super</strong></span> <span class='ocrx_word' id='word_1_475' title='bbox 2750 2459 2947 2515; x_wconf 80' lang='lat' dir='ltr'><strong>caelum</strong></span> <span class='ocrx_word' id='word_1_476' title='bbox 2997 2470 3050 2516; x_wconf 90' lang='lat' dir='ltr'><strong>et</strong></span> <span class='ocrx_word' id='word_1_477' title='bbox 3081 2471 3298 2518; x_wconf 87' lang='lat' dir='ltr'><strong>terram.</strong></span> <span class='ocrx_word' id='word_1_478' title='bbox 3333 2464 3460 2522; x_wconf 68' lang='lat' dir='ltr'><strong>llzec</strong></span> 
     </span>
    </p>
   </div>
   <div class='ocr_carea' id='block_1_73' title="bbox 1892 2543 3463 2624">
    <p class='ocr_par' dir='ltr' id='par_1_73' title="bbox 1892 2543 3463 2624">
     <span class='ocr_line' id='line_1_73' title="bbox 1892 2543 3463 2624; baseline 0.009 -28"><span class='ocrx_word' id='word_1_479' title='bbox 1892 2543 2160 2600; x_wconf 84' lang='lat' dir='ltr'><strong>confessio</strong></span> <span class='ocrx_word' id='word_1_480' title='bbox 2209 2546 2422 2601; x_wconf 88' lang='lat' dir='ltr'><strong>laudem</strong></span> <span class='ocrx_word' id='word_1_481' title='bbox 2456 2549 2599 2603; x_wconf 88' lang='lat' dir='ltr'><strong>illam</strong></span> <span class='ocrx_word' id='word_1_482' title='bbox 2653 2550 2941 2620; x_wconf 85' lang='lat' dir='ltr'><strong>signiﬁcat,</strong></span> <span class='ocrx_word' id='word_1_483' title='bbox 2973 2568 3094 2622; x_wconf 78' lang='lat' dir='ltr'><strong>qua:</strong></span> <span class='ocrx_word' id='word_1_484' title='bbox 3125 2553 3198 2607; x_wconf 92' lang='lat' dir='ltr'><strong>illi</strong></span> <span class='ocrx_word' id='word_1_485' title='bbox 3248 2565 3370 2624; x_wconf 91' lang='lat' dir='ltr'><strong>post</strong></span> <span class='ocrx_word' id='word_1_486' title='bbox 3397 2559 3463 2609; x_wconf 89' lang='lat' dir='ltr'><strong>ti-</strong></span> 
     </span>
    </p>
   </div>
   <div class='ocr_carea' id='block_1_74' title="bbox 1894 2637 3464 2702">
    <p class='ocr_par' dir='ltr' id='par_1_74' title="bbox 1894 2637 3464 2702">
     <span class='ocr_line' id='line_1_74' title="bbox 1894 2637 3464 2702; baseline 0.009 -14"><span class='ocrx_word' id='word_1_487' title='bbox 1894 2650 2020 2688; x_wconf 83' lang='lat' dir='ltr'><strong>nem</strong></span> <span class='ocrx_word' id='word_1_488' title='bbox 2046 2637 2228 2690; x_wconf 65' lang='lat' dir='ltr'><strong>saeculi</strong></span> <span class='ocrx_word' id='word_1_489' title='bbox 2253 2638 2406 2694; x_wconf 90' lang='lat' dir='ltr'><strong>istius</strong></span> <span class='ocrx_word' id='word_1_490' title='bbox 2438 2640 2504 2694; x_wconf 90' lang='lat' dir='ltr'><strong>ab</strong></span> <span class='ocrx_word' id='word_1_491' title='bbox 2524 2640 2774 2695; x_wconf 90' lang='lat' dir='ltr'><strong>omnibus</strong></span> <span class='ocrx_word' id='word_1_492' title='bbox 2805 2641 2856 2695; x_wconf 90' lang='lat' dir='ltr'><strong>in</strong></span> <span class='ocrx_word' id='word_1_493' title='bbox 2891 2643 3223 2698; x_wconf 87' lang='lat' dir='ltr'><strong>beatitudine</strong></span> <span class='ocrx_word' id='word_1_494' title='bbox 3248 2655 3464 2702; x_wconf 82' lang='lat' dir='ltr'><strong>creatu-</strong></span> 
     </span>
    </p>
   </div>
   <div class='ocr_carea' id='block_1_75' title="bbox 1893 2725 3464 2802">
    <p class='ocr_par' dir='ltr' id='par_1_75' title="bbox 1893 2725 3464 2802">
     <span class='ocr_line' id='line_1_75' title="bbox 1893 2725 3464 2802; baseline 0.01 -23"><span class='ocrx_word' id='word_1_495' title='bbox 1893 2725 1968 2780; x_wconf 89' lang='lat' dir='ltr'><strong>ris</strong></span> <span class='ocrx_word' id='word_1_496' title='bbox 1992 2727 2288 2784; x_wconf 82' lang='lat' dir='ltr'><strong>absolvitur</strong></span> <span class='ocrx_word' id='word_1_497' title='bbox 2323 2732 2754 2787; x_wconf 87' lang='lat' dir='ltr'><strong>rationabilibus.</strong></span> <span class='ocrx_word' id='word_1_498' title='bbox 2796 2733 2949 2799; x_wconf 87' lang='lat' dir='ltr'><strong>Quod</strong></span> <span class='ocrx_word' id='word_1_499' title='bbox 2981 2743 3159 2790; x_wconf 89' lang='lat' dir='ltr'><strong>autem</strong></span> <span class='ocrx_word' id='word_1_500' title='bbox 3191 2737 3342 2802; x_wconf 88' lang='lat' dir='ltr'><strong>dicit,</strong></span> <span class='ocrx_word' id='word_1_501' title='bbox 3373 2755 3464 2794; x_wconf 87' lang='lat' dir='ltr'><strong>su-</strong></span> 
     </span>
    </p>
   </div>
   <div class='ocr_carea' id='block_1_76' title="bbox 1889 2817 3462 2894">
    <p class='ocr_par' dir='ltr' id='par_1_76' title="bbox 1889 2817 3462 2894">
     <span class='ocr_line' id='line_1_76' title="bbox 1889 2817 3462 2894; baseline 0.011 -23"><span class='ocrx_word' id='word_1_502' title='bbox 1889 2831 1988 2885; x_wconf 89' lang='lat' dir='ltr'><strong>per</strong></span> <span class='ocrx_word' id='word_1_503' title='bbox 2012 2817 2207 2873; x_wconf 74' lang='lat' dir='ltr'><strong>cmlum</strong></span> <span class='ocrx_word' id='word_1_504' title='bbox 2246 2828 2300 2874; x_wconf 88' lang='lat' dir='ltr'><strong>et</strong></span> <span class='ocrx_word' id='word_1_505' title='bbox 2331 2829 2553 2886; x_wconf 86' lang='lat' dir='ltr'><strong>terram,</strong></span> <span class='ocrx_word' id='word_1_506' title='bbox 2583 2823 2850 2892; x_wconf 87' lang='lat' dir='ltr'><strong>signiﬁcat</strong></span> <span class='ocrx_word' id='word_1_507' title='bbox 2877 2827 3018 2894; x_wconf 88' lang='lat' dir='ltr'><strong>quod</strong></span> <span class='ocrx_word' id='word_1_508' title='bbox 3071 2845 3170 2884; x_wconf 91' lang='lat' dir='ltr'><strong>nec</strong></span> <span class='ocrx_word' id='word_1_509' title='bbox 3221 2831 3462 2888; x_wconf 59' lang='lat' dir='ltr'><strong>caelestia</strong></span> 
     </span>
    </p>
   </div>
   <div class='ocr_carea' id='block_1_77' title="bbox 1893 2913 3460 3003">
    <p class='ocr_par' dir='ltr' id='par_1_77' title="bbox 1893 2913 3460 3003">
     <span class='ocr_line' id='line_1_77' title="bbox 1893 2913 3460 3003; baseline 0.011 -41"><span class='ocrx_word' id='word_1_510' title='bbox 1893 2923 1995 2963; x_wconf 90' lang='lat' dir='ltr'><strong>nec</strong></span> <span class='ocrx_word' id='word_1_511' title='bbox 2029 2913 2308 2966; x_wconf 86' lang='lat' dir='ltr'><strong>terrestria</strong></span> <span class='ocrx_word' id='word_1_512' title='bbox 2357 2913 2605 2969; x_wconf 91' lang='lat' dir='ltr'><strong>laudibus</strong></span> <span class='ocrx_word' id='word_1_513' title='bbox 2653 2914 2746 2969; x_wconf 88' lang='lat' dir='ltr'><strong>Dei</strong></span> <span class='ocrx_word' id='word_1_514' title='bbox 2787 2927 3012 2992; x_wconf 77' lang='lat' dir='ltr'><strong>possunt</strong></span> <span class='ocrx_word' id='word_1_515' title='bbox 3043 2921 3268 2990; x_wconf 69' lang='lat' dir='ltr'><strong>mqualia</strong></span> <span class='ocrx_word' id='word_1_516' title='bbox 3304 2939 3460 3003; x_wconf 75' lang='lat' dir='ltr'><strong>repe-</strong></span> 
     </span>
    </p>
   </div>
   <div class='ocr_carea' id='block_1_78' title="bbox 1813 2986 3458 3084">
    <p class='ocr_par' dir='ltr' id='par_1_78' title="bbox 1813 2986 3458 3084">
     <span class='ocr_line' id='line_1_78' title="bbox 1813 2986 3458 3084; baseline 0.012 -35"><span class='ocrx_word' id='word_1_517' title='bbox 1813 2986 1858 3049; x_wconf 89' lang='lat' dir='ltr'><strong>C</strong></span> <span class='ocrx_word' id='word_1_518' title='bbox 1893 3001 2010 3057; x_wconf 88' lang='lat' dir='ltr'><strong>riri.</strong></span> <span class='ocrx_word' id='word_1_519' title='bbox 2038 3002 2312 3058; x_wconf 81' lang='lat' dir='ltr'><strong>Exaltavit</strong></span> <span class='ocrx_word' id='word_1_520' title='bbox 2335 3019 2526 3069; x_wconf 91' lang='lat' dir='ltr'><strong>cornu,</strong></span> <span class='ocrx_word' id='word_1_521' title='bbox 2553 3005 2607 3060; x_wconf 89' lang='lat' dir='ltr'><strong>id</strong></span> <span class='ocrx_word' id='word_1_522' title='bbox 2636 3015 2719 3066; x_wconf 81' lang='lat' dir='ltr'><strong>est</strong></span> <span class='ocrx_word' id='word_1_523' title='bbox 2749 2986 3256 3080; x_wconf 49' lang='lat' dir='ltr'><strong>potestatem—quia</strong></span> <span class='ocrx_word' id='word_1_524' title='bbox 3284 2986 3458 3084; x_wconf 42' lang='lat' dir='ltr'><strong>pop&#39;uQ</strong></span> 
     </span>
    </p>
   </div>
   <div class='ocr_carea' id='block_1_79' title="bbox 1890 3091 3462 3172">
    <p class='ocr_par' dir='ltr' id='par_1_79' title="bbox 1890 3091 3462 3172">
     <span class='ocr_line' id='line_1_79' title="bbox 1890 3091 3462 3172; baseline 0.008 -27"><span class='ocrx_word' id='word_1_525' title='bbox 1890 3091 1975 3149; x_wconf 85' lang='lat' dir='ltr'><strong>lus</strong></span> <span class='ocrx_word' id='word_1_526' title='bbox 2013 3092 2188 3150; x_wconf 90' lang='lat' dir='ltr'><strong>ﬁdelis</strong></span> <span class='ocrx_word' id='word_1_527' title='bbox 2239 3093 2313 3149; x_wconf 90' lang='lat' dir='ltr'><strong>ibi</strong></span> <span class='ocrx_word' id='word_1_528' title='bbox 2363 3094 2706 3165; x_wconf 78' lang='lat' dir='ltr'><strong>exaltabitur,</strong></span> <span class='ocrx_word' id='word_1_529' title='bbox 2749 3098 2838 3154; x_wconf 91' lang='lat' dir='ltr'><strong>ubi</strong></span> <span class='ocrx_word' id='word_1_530' title='bbox 2887 3099 3063 3156; x_wconf 90' lang='lat' dir='ltr'><strong>omnis</strong></span> <span class='ocrx_word' id='word_1_531' title='bbox 3117 3101 3284 3172; x_wconf 85' lang='lat' dir='ltr'><strong>gloria</strong></span> <span class='ocrx_word' id='word_1_532' title='bbox 3324 3117 3462 3172; x_wconf 79' lang='lat' dir='ltr'><strong>pra:-</strong></span> 
     </span>
    </p>
   </div>
   <div class='ocr_carea' id='block_1_80' title="bbox 1889 3179 2908 3242">
    <p class='ocr_par' dir='ltr' id='par_1_80' title="bbox 1889 3179 2908 3242">
     <span class='ocr_line' id='line_1_80' title="bbox 1889 3179 2908 3242; baseline 0.006 -1"><span class='ocrx_word' id='word_1_533' title='bbox 1889 3195 2083 3242; x_wconf 84' lang='lat' dir='ltr'><strong>statur.</strong></span> <span class='ocrx_word' id='word_1_534' title='bbox 2615 3181 2618 3184; x_wconf 76' lang='grc'><strong>’</strong></span> <span class='ocrx_word' id='word_1_535' title='bbox 2780 3181 2789 3185; x_wconf 80' lang='grc'><em>’</em></span> <span class='ocrx_word' id='word_1_536' title='bbox 2884 3179 2908 3186; x_wconf 81' lang='grc'>”</span> 
     </span>
    </p>
   </div>
   <div class='ocr_carea' id='block_1_81' title="bbox 1890 3276 2944 3358">
    <p class='ocr_par' dir='ltr' id='par_1_81' title="bbox 1890 3276 2944 3358">
     <span class='ocr_line' id='line_1_81' title="bbox 1890 3276 2944 3358; baseline 0.013 -30"><span class='ocrx_word' id='word_1_537' title='bbox 1890 3276 1957 3330; x_wconf 57' lang='lat' dir='ltr'><strong>id</strong></span> <span class='ocrx_word' id='word_1_538' title='bbox 2030 3277 2271 3348; x_wconf 80' lang='lat' dir='ltr'><strong>Hymnus</strong></span> <span class='ocrx_word' id='word_1_539' title='bbox 2305 3284 2542 3338; x_wconf 87' lang='lat' dir='ltr'><strong>omnibus</strong></span> <span class='ocrx_word' id='word_1_540' title='bbox 2569 3286 2762 3340; x_wconf 87' lang='lat' dir='ltr'><strong>sanctis</strong></span> <span class='ocrx_word' id='word_1_541' title='bbox 2789 3287 2902 3358; x_wconf 86' lang='lat' dir='ltr'><strong>ejus</strong></span> <span class='ocrx_word' id='word_1_542' title='bbox 2924 3306 2944 3342; x_wconf 89' lang='lat'><strong><em>:</em></strong></span> 
     </span>
    </p>
   </div>
   <div class='ocr_carea' id='block_1_82' title="bbox 2033 3367 3226 3450">
    <p class='ocr_par' dir='ltr' id='par_1_82' title="bbox 2033 3367 3226 3450">
     <span class='ocr_line' id='line_1_82' title="bbox 2033 3367 3226 3450; baseline 0.01 -29"><span class='ocrx_word' id='word_1_543' title='bbox 2033 3367 2192 3424; x_wconf 85' lang='lat' dir='ltr'><strong>Filiis</strong></span> <span class='ocrx_word' id='word_1_544' title='bbox 2216 3370 2388 3426; x_wconf 87' lang='lat' dir='ltr'><strong>Israel</strong></span> <span class='ocrx_word' id='word_1_545' title='bbox 2410 3374 2600 3444; x_wconf 86' lang='lat' dir='ltr'><strong>populo</strong></span> <span class='ocrx_word' id='word_1_546' title='bbox 2633 3379 3074 3450; x_wconf 83' lang='lat' dir='ltr'><strong>apprOpinquanli</strong></span> <span class='ocrx_word' id='word_1_547' title='bbox 3107 3380 3226 3434; x_wconf 85' lang='lat' dir='ltr'><strong>sibi.</strong></span> 
     </span>
    </p>
   </div>
   <div class='ocr_carea' id='block_1_83' title="bbox 1959 3457 3456 3539">
    <p class='ocr_par' dir='ltr' id='par_1_83' title="bbox 1959 3457 3456 3539">
     <span class='ocr_line' id='line_1_83' title="bbox 1959 3457 3456 3539; baseline 0.008 -26"><span class='ocrx_word' id='word_1_548' title='bbox 1959 3457 2000 3513; x_wconf 93' lang='lat' dir='ltr'><strong>C</strong></span> <span class='ocrx_word' id='word_1_549' title='bbox 2031 3458 2274 3530; x_wconf 80' lang='lat' dir='ltr'><strong>Hymnus</strong></span> <span class='ocrx_word' id='word_1_550' title='bbox 2300 3463 2548 3518; x_wconf 90' lang='lat' dir='ltr'><strong>omnibus</strong></span> <span class='ocrx_word' id='word_1_551' title='bbox 2577 3479 2591 3519; x_wconf 88' lang='lat'><strong>:</strong></span> <span class='ocrx_word' id='word_1_552' title='bbox 2616 3481 2716 3520; x_wconf 90' lang='lat' dir='ltr'><strong>vox</strong></span> <span class='ocrx_word' id='word_1_553' title='bbox 2746 3467 2844 3521; x_wconf 87' lang='lat' dir='ltr'><strong>ista</strong></span> <span class='ocrx_word' id='word_1_554' title='bbox 2877 3470 3164 3539; x_wconf 90' lang='lat' dir='ltr'><strong>promissio</strong></span> <span class='ocrx_word' id='word_1_555' title='bbox 3187 3479 3268 3524; x_wconf 92' lang='lat' dir='ltr'><strong>est</strong></span> <span class='ocrx_word' id='word_1_556' title='bbox 3295 3480 3349 3524; x_wconf 90' lang='lat' dir='ltr'><strong>et</strong></span> <span class='ocrx_word' id='word_1_557' title='bbox 3379 3479 3456 3525; x_wconf 84' lang='lat' dir='ltr'><strong>to-</strong></span> 
     </span>
    </p>
   </div>
   <div class='ocr_carea' id='block_1_84' title="bbox 1891 3548 3462 3628">
    <p class='ocr_par' dir='ltr' id='par_1_84' title="bbox 1891 3548 3462 3628">
     <span class='ocr_line' id='line_1_84' title="bbox 1891 3548 3462 3628; baseline 0.008 -26"><span class='ocrx_word' id='word_1_558' title='bbox 1891 3548 1996 3604; x_wconf 87' lang='lat' dir='ltr'><strong>tius</strong></span> <span class='ocrx_word' id='word_1_559' title='bbox 2045 3551 2395 3608; x_wconf 87' lang='lat' dir='ltr'><strong>beatitudinis</strong></span> <span class='ocrx_word' id='word_1_560' title='bbox 2440 3569 2651 3613; x_wconf 88' lang='lat' dir='ltr'><strong>summa</strong></span> <span class='ocrx_word' id='word_1_561' title='bbox 2687 3556 2968 3627; x_wconf 89' lang='lat' dir='ltr'><strong>perfectio.</strong></span> <span class='ocrx_word' id='word_1_562' title='bbox 3009 3557 3078 3612; x_wconf 90' lang='lat' dir='ltr'><strong>Et</strong></span> <span class='ocrx_word' id='word_1_563' title='bbox 3109 3559 3306 3628; x_wconf 91' lang='lat' dir='ltr'><strong>quibus</strong></span> <span class='ocrx_word' id='word_1_564' title='bbox 3333 3575 3462 3614; x_wconf 90' lang='lat' dir='ltr'><strong>san-</strong></span> 
     </span>
    </p>
   </div>
   <div class='ocr_carea' id='block_1_85' title="bbox 1890 3643 3466 3721">
    <p class='ocr_par' dir='ltr' id='par_1_85' title="bbox 1890 3643 3466 3721">
     <span class='ocr_line' id='line_1_85' title="bbox 1890 3643 3466 3721; baseline 0.007 -24"><span class='ocrx_word' id='word_1_565' title='bbox 1890 3643 1998 3697; x_wconf 88' lang='lat' dir='ltr'><strong>tis?</strong></span> <span class='ocrx_word' id='word_1_566' title='bbox 2023 3643 2148 3699; x_wconf 88' lang='lat' dir='ltr'><strong>ﬁliis</strong></span> <span class='ocrx_word' id='word_1_567' title='bbox 2173 3644 2355 3711; x_wconf 87' lang='lat' dir='ltr'><strong>Israel,</strong></span> <span class='ocrx_word' id='word_1_568' title='bbox 2386 3647 2474 3716; x_wconf 93' lang='lat' dir='ltr'><strong>qui</strong></span> <span class='ocrx_word' id='word_1_569' title='bbox 2510 3663 2615 3702; x_wconf 91' lang='lat' dir='ltr'><strong>non</strong></span> <span class='ocrx_word' id='word_1_570' title='bbox 2656 3648 2828 3703; x_wconf 89' lang='lat' dir='ltr'><strong>solum</strong></span> <span class='ocrx_word' id='word_1_571' title='bbox 2859 3664 3078 3721; x_wconf 88' lang='lat' dir='ltr'><strong>genere,</strong></span> <span class='ocrx_word' id='word_1_572' title='bbox 3110 3651 3206 3706; x_wconf 90' lang='lat' dir='ltr'><strong>sed</strong></span> <span class='ocrx_word' id='word_1_573' title='bbox 3236 3650 3339 3708; x_wconf 88' lang='lat' dir='ltr'><strong>ﬁde</strong></span> <span class='ocrx_word' id='word_1_574' title='bbox 3367 3668 3466 3708; x_wconf 90' lang='lat' dir='ltr'><strong>no-</strong></span> 
     </span>
    </p>
   </div>
   <div class='ocr_carea' id='block_1_86' title="bbox 1888 3735 2814 3795">
    <p class='ocr_par' dir='ltr' id='par_1_86' title="bbox 1888 3735 2814 3795">
     <span class='ocr_line' id='line_1_86' title="bbox 1888 3735 2814 3795; baseline 0.009 -8"><span class='ocrx_word' id='word_1_575' title='bbox 1888 3750 2011 3790; x_wconf 90' lang='lat' dir='ltr'><strong>men</strong></span> <span class='ocrx_word' id='word_1_576' title='bbox 2043 3735 2181 3792; x_wconf 92' lang='lat' dir='ltr'><strong>islud</strong></span> <span class='ocrx_word' id='word_1_577' title='bbox 2209 3736 2406 3793; x_wconf 85' lang='lat' dir='ltr'><strong>habere</strong></span> <span class='ocrx_word' id='word_1_578' title='bbox 2444 3741 2814 3795; x_wconf 89' lang='lat' dir='ltr'><strong>merebantur.</strong></span> 
     </span>
    </p>
   </div>
   <div class='ocr_carea' id='block_1_87' title="bbox 2294 3867 3048 3912">
    <p class='ocr_par' dir='ltr' id='par_1_87' title="bbox 2294 3867 3048 3912">
     <span class='ocr_line' id='line_1_87' title="bbox 2294 3867 3048 3912; baseline 0.008 -6"><span class='ocrx_word' id='word_1_579' title='bbox 2294 3867 2495 3907; x_wconf 76' lang='lat' dir='ltr'><strong>ORATIO</strong></span> <span class='ocrx_word' id='word_1_580' title='bbox 2532 3869 2601 3908; x_wconf 74' lang='lat' dir='ltr'><strong>EX</strong></span> <span class='ocrx_word' id='word_1_581' title='bbox 2640 3869 2788 3909; x_wconf 73' lang='lat' dir='ltr'><strong>PSAL.</strong></span> <span class='ocrx_word' id='word_1_582' title='bbox 2827 3871 3048 3912; x_wconf 76' lang='lat' dir='ltr'><strong>CXLVIII.</strong></span> 
     </span>
    </p>
   </div>
   <div class='ocr_carea' id='block_1_88' title="bbox 1961 3963 3460 4040">
    <p class='ocr_par' dir='ltr' id='par_1_88' title="bbox 1961 3963 3460 4040">
     <span class='ocr_line' id='line_1_88' title="bbox 1961 3963 3460 4040; baseline 0.007 -25"><span class='ocrx_word' id='word_1_583' title='bbox 1961 3963 2308 4017; x_wconf 86' lang='lat' dir='ltr'><strong>Excelsorum</strong></span> <span class='ocrx_word' id='word_1_584' title='bbox 2356 3966 2596 4018; x_wconf 88' lang='lat' dir='ltr'><strong>omnium</strong></span> <span class='ocrx_word' id='word_1_585' title='bbox 2631 3968 3016 4036; x_wconf 86' lang='lat' dir='ltr'><strong>supereminens</strong></span> <span class='ocrx_word' id='word_1_586' title='bbox 3042 3978 3099 4024; x_wconf 89' lang='lat' dir='ltr'><strong>et</strong></span> <span class='ocrx_word' id='word_1_587' title='bbox 3127 3975 3344 4025; x_wconf 82' lang='lat' dir='ltr'><strong>excelsa</strong></span> <span class='ocrx_word' id='word_1_588' title='bbox 3365 3985 3460 4040; x_wconf 86' lang='lat' dir='ltr'><strong>po-</strong></span> 
     </span>
    </p>
   </div>
   <div class='ocr_carea' id='block_1_89' title="bbox 1890 4052 3463 4124">
    <p class='ocr_par' dir='ltr' id='par_1_89' title="bbox 1890 4052 3463 4124">
     <span class='ocr_line' id='line_1_89' title="bbox 1890 4052 3463 4124; baseline 0.007 -19"><span class='ocrx_word' id='word_1_589' title='bbox 1890 4061 2078 4116; x_wconf 89' lang='lat' dir='ltr'><strong>testas,</strong></span> <span class='ocrx_word' id='word_1_590' title='bbox 2105 4052 2269 4120; x_wconf 89' lang='lat' dir='ltr'><strong>Deus,</strong></span> <span class='ocrx_word' id='word_1_591' title='bbox 2302 4055 2537 4109; x_wconf 89' lang='lat' dir='ltr'><strong>concede</strong></span> <span class='ocrx_word' id='word_1_592' title='bbox 2568 4055 2785 4111; x_wconf 90' lang='lat' dir='ltr'><strong>famulis</strong></span> <span class='ocrx_word' id='word_1_593' title='bbox 2826 4058 2950 4124; x_wconf 89' lang='lat' dir='ltr'><strong>tuis,</strong></span> <span class='ocrx_word' id='word_1_594' title='bbox 2988 4068 3067 4124; x_wconf 93' lang='lat' dir='ltr'><strong>ut,</strong></span> <span class='ocrx_word' id='word_1_595' title='bbox 3099 4060 3240 4114; x_wconf 90' lang='lat' dir='ltr'><strong>sicut</strong></span> <span class='ocrx_word' id='word_1_596' title='bbox 3265 4072 3463 4117; x_wconf 88' lang='lat' dir='ltr'><strong>cuneta</strong></span> 
     </span>
    </p>
   </div>
   <div class='ocr_carea' id='block_1_90' title="bbox 1886 4143 3463 4222">
    <p class='ocr_par' dir='ltr' id='par_1_90' title="bbox 1886 4143 3463 4222">
     <span class='ocr_line' id='line_1_90' title="bbox 1886 4143 3463 4222; baseline 0.007 -26"><span class='ocrx_word' id='word_1_597' title='bbox 1886 4157 2006 4211; x_wconf 74' lang='lat' dir='ltr'><strong>quae</strong></span> <span class='ocrx_word' id='word_1_598' title='bbox 2025 4143 2296 4199; x_wconf 92' lang='lat' dir='ltr'><strong>cernimus</strong></span> <span class='ocrx_word' id='word_1_599' title='bbox 2330 4155 2381 4199; x_wconf 88' lang='lat' dir='ltr'><strong>te</strong></span> <span class='ocrx_word' id='word_1_600' title='bbox 2408 4143 2632 4212; x_wconf 89' lang='lat' dir='ltr'><strong>jubente</strong></span> <span class='ocrx_word' id='word_1_601' title='bbox 2668 4156 2850 4203; x_wconf 84' lang='lat' dir='ltr'><strong>creata</strong></span> <span class='ocrx_word' id='word_1_602' title='bbox 2896 4156 3042 4214; x_wconf 88' lang='lat' dir='ltr'><strong>sunt,</strong></span> <span class='ocrx_word' id='word_1_603' title='bbox 3069 4150 3142 4204; x_wconf 89' lang='lat' dir='ltr'><strong>ita</strong></span> <span class='ocrx_word' id='word_1_604' title='bbox 3171 4165 3291 4220; x_wconf 75' lang='lat' dir='ltr'><strong>qua:</strong></span> <span class='ocrx_word' id='word_1_605' title='bbox 3327 4168 3463 4222; x_wconf 67' lang='lat' dir='ltr'><strong>pra:—</strong></span> 
     </span>
    </p>
   </div>
   <div class='ocr_carea' id='block_1_91' title="bbox 1885 4231 3462 4301">
    <p class='ocr_par' dir='ltr' id='par_1_91' title="bbox 1885 4231 3462 4301">
     <span class='ocr_line' id='line_1_91' title="bbox 1885 4231 3462 4301; baseline 0.008 -16"><span class='ocrx_word' id='word_1_606' title='bbox 1885 4231 2020 4301; x_wconf 87' lang='lat' dir='ltr'><strong>cipis</strong></span> <span class='ocrx_word' id='word_1_607' title='bbox 2051 4242 2102 4287; x_wconf 86' lang='lat' dir='ltr'><strong>te</strong></span> <span class='ocrx_word' id='word_1_608' title='bbox 2131 4235 2354 4290; x_wconf 88' lang='lat' dir='ltr'><strong>custode</strong></span> <span class='ocrx_word' id='word_1_609' title='bbox 2402 4246 2707 4292; x_wconf 88' lang='lat' dir='ltr'><strong>serventur.</strong></span> <span class='ocrx_word' id='word_1_610' title='bbox 2750 4236 2855 4294; x_wconf 89' lang='lat' dir='ltr'><strong>Per</strong></span> <span class='ocrx_word' id='word_1_611' title='bbox 2880 4240 3166 4297; x_wconf 88' lang='lat' dir='ltr'><strong>Dominum</strong></span> <span class='ocrx_word' id='word_1_612' title='bbox 3207 4251 3462 4299; x_wconf 88' lang='lat' dir='ltr'><strong>nostrum</strong></span> 
     </span>
    </p>
   </div>
   <div class='ocr_carea' id='block_1_92' title="bbox 215 4319 2227 4418">
    <p class='ocr_par' dir='ltr' id='par_1_92' title="bbox 215 4319 2227 4418">
     <span class='ocr_line' id='line_1_92' title="bbox 215 4319 2227 4418; baseline 0.015 -28"><span class='ocrx_word' id='word_1_613' title='bbox 215 4340 464 4406; x_wconf 85' lang='lat' dir='ltr'><strong>operibus</strong></span> <span class='ocrx_word' id='word_1_614' title='bbox 513 4340 582 4395; x_wconf 87' lang='lat' dir='ltr'><strong>ad</strong></span> <span class='ocrx_word' id='word_1_615' title='bbox 632 4342 992 4401; x_wconf 82' lang='lat' dir='ltr'><strong>confessionis</strong></span> <span class='ocrx_word' id='word_1_616' title='bbox 1038 4351 1268 4418; x_wconf 85' lang='lat' dir='ltr'><strong>gratiam</strong></span> <span class='ocrx_word' id='word_1_617' title='bbox 1326 4355 1509 4409; x_wconf 82' lang='lat' dir='ltr'><strong>venire</strong></span> <span class='ocrx_word' id='word_1_618' title='bbox 1565 4319 1779 4413; x_wconf 73' lang='lat' dir='ltr'><strong>merue-</strong></span> <span class='ocrx_word' id='word_1_619' title='bbox 1822 4319 2227 4390; x_wconf 51' lang='lat' dir='ltr'><strong>Djesum’czc&#39;</strong></span> 
     </span>
    </p>
   </div>
   <div class='ocr_carea' id='block_1_93' title="bbox 218 4439 354 4483">
    <p class='ocr_par' dir='ltr' id='par_1_93' title="bbox 218 4439 354 4483">
     <span class='ocr_line' id='line_1_93' title="bbox 218 4439 354 4483; baseline 0.022 -5"><span class='ocrx_word' id='word_1_620' title='bbox 218 4439 354 4483; x_wconf 75' lang='grc' dir='ltr'><strong>ῐυηι.</strong></span> 
     </span>
    </p>
   </div>
   <div class='ocr_carea' id='block_1_94' title="bbox 221 4520 1699 4587">
    <p class='ocr_par' dir='ltr' id='par_1_94' title="bbox 221 4520 1699 4587">
     <span class='ocr_line' id='line_1_94' title="bbox 221 4520 1699 4587; baseline 0.011 -15"><span class='ocrx_word' id='word_1_621' title='bbox 221 4520 252 4572; x_wconf 85' lang='grc'>9</span> <span class='ocrx_word' id='word_1_622' title='bbox 354 4521 561 4580; x_wconf 69' lang='lat' dir='ltr'><strong>Montes</strong></span> <span class='ocrx_word' id='word_1_623' title='bbox 580 4538 628 4581; x_wconf 93' lang='lat' dir='ltr'><strong>et</strong></span> <span class='ocrx_word' id='word_1_624' title='bbox 651 4546 826 4585; x_wconf 88' lang='lat' dir='ltr'><strong>omnes</strong></span> <span class='ocrx_word' id='word_1_625' title='bbox 851 4535 1046 4587; x_wconf 86' lang='lat' dir='ltr'><strong>colles:</strong></span> <span class='ocrx_word' id='word_1_626' title='bbox 1591 4543 1628 4563; x_wconf 49' lang='lat'><strong>4</strong></span> <span class='ocrx_word' id='word_1_627' title='bbox 1696 4563 1699 4565; x_wconf 52' lang='grc'>&gt;</span> 
     </span>
    </p>
   </div>
   <div class='ocr_carea' id='block_1_95' title="bbox 351 4613 1268 4689">
    <p class='ocr_par' dir='ltr' id='par_1_95' title="bbox 351 4613 1268 4689">
     <span class='ocr_line' id='line_1_95' title="bbox 351 4613 1268 4689; baseline 0.019 -24"><span class='ocrx_word' id='word_1_628' title='bbox 351 4613 518 4684; x_wconf 87' lang='lat' dir='ltr'><strong>Ligna</strong></span> <span class='ocrx_word' id='word_1_629' title='bbox 542 4618 818 4689; x_wconf 77' lang='lat' dir='ltr'><strong>fructifera</strong></span> <span class='ocrx_word' id='word_1_630' title='bbox 839 4633 886 4676; x_wconf 90' lang='lat' dir='ltr'><strong>et</strong></span> <span class='ocrx_word' id='word_1_631' title='bbox 912 4641 1091 4680; x_wconf 87' lang='lat' dir='ltr'><strong>omnes</strong></span> <span class='ocrx_word' id='word_1_632' title='bbox 1107 4629 1268 4682; x_wconf 87' lang='lat' dir='ltr'><strong>cedri.</strong></span> 
     </span>
    </p>
   </div>
   <div class='ocr_carea' id='block_1_96' title="bbox 279 4702 1782 4796">
    <p class='ocr_par' dir='ltr' id='par_1_96' title="bbox 279 4702 1782 4796">
     <span class='ocr_line' id='line_1_96' title="bbox 279 4702 1782 4796; baseline 0.017 -39"><span class='ocrx_word' id='word_1_633' title='bbox 279 4702 319 4757; x_wconf 91' lang='lat' dir='ltr'><strong>C</strong></span> <span class='ocrx_word' id='word_1_634' title='bbox 345 4704 570 4772; x_wconf 80' lang='lat' dir='ltr'><strong>Montes,</strong></span> <span class='ocrx_word' id='word_1_635' title='bbox 600 4709 849 4767; x_wconf 87' lang='lat' dir='ltr'><strong>homines</strong></span> <span class='ocrx_word' id='word_1_636' title='bbox 869 4713 1142 4783; x_wconf 84' lang='lat' dir='ltr'><strong>signiﬁcat</strong></span> <span class='ocrx_word' id='word_1_637' title='bbox 1163 4725 1480 4786; x_wconf 64' lang='lat' dir='ltr'><strong>prtetumida</strong></span> <span class='ocrx_word' id='word_1_638' title='bbox 1513 4735 1782 4796; x_wconf 89' lang='lat' dir='ltr'><strong>potestate</strong></span> 
     </span>
    </p>
   </div>
   <div class='ocr_carea' id='block_1_97' title="bbox 222 4792 1781 4880">
    <p class='ocr_par' dir='ltr' id='par_1_97' title="bbox 222 4792 1781 4880">
     <span class='ocr_line' id='line_1_97' title="bbox 222 4792 1781 4880; baseline 0.019 -38"><span class='ocrx_word' id='word_1_639' title='bbox 222 4792 493 4861; x_wconf 74' lang='lat' dir='ltr'><strong>sublimes;</strong></span> <span class='ocrx_word' id='word_1_640' title='bbox 549 4797 732 4864; x_wconf 92' lang='lat' dir='ltr'><strong>colles,</strong></span> <span class='ocrx_word' id='word_1_641' title='bbox 789 4803 1122 4868; x_wconf 88' lang='lat' dir='ltr'><strong>medioeres;</strong></span> <span class='ocrx_word' id='word_1_642' title='bbox 1162 4807 1301 4875; x_wconf 83' lang='lat' dir='ltr'><strong>ligna</strong></span> <span class='ocrx_word' id='word_1_643' title='bbox 1334 4792 1638 4880; x_wconf 63' lang='lat' dir='ltr'><strong>fructifera,</strong></span> <span class='ocrx_word' id='word_1_644' title='bbox 1687 4832 1781 4872; x_wconf 88' lang='lat' dir='ltr'><strong>eos</strong></span> 
     </span>
    </p>
   </div>
   <div class='ocr_carea' id='block_1_98' title="bbox 226 4882 1778 4962">
    <p class='ocr_par' dir='ltr' id='par_1_98' title="bbox 226 4882 1778 4962">
     <span class='ocr_line' id='line_1_98' title="bbox 226 4882 1778 4962; baseline 0.018 -31"><span class='ocrx_word' id='word_1_645' title='bbox 226 4882 298 4947; x_wconf 57' lang='lat' dir='ltr'><strong>qui</strong></span> <span class='ocrx_word' id='word_1_646' title='bbox 328 4897 393 4936; x_wconf 77' lang='lat' dir='ltr'><strong>ex</strong></span> <span class='ocrx_word' id='word_1_647' title='bbox 423 4885 621 4941; x_wconf 89' lang='lat' dir='ltr'><strong>duritia</strong></span> <span class='ocrx_word' id='word_1_648' title='bbox 652 4903 1001 4958; x_wconf 88' lang='lat' dir='ltr'><strong>peccatorum</strong></span> <span class='ocrx_word' id='word_1_649' title='bbox 1035 4897 1298 4962; x_wconf 74' lang='lat' dir='ltr'><strong>conversi,</strong></span> <span class='ocrx_word' id='word_1_650' title='bbox 1333 4899 1542 4960; x_wconf 88' lang='lat' dir='ltr'><strong>fructus</strong></span> <span class='ocrx_word' id='word_1_651' title='bbox 1567 4921 1778 4959; x_wconf 89' lang='lat' dir='ltr'><strong>morum</strong></span> 
     </span>
    </p>
   </div>
   <div class='ocr_carea' id='block_1_99' title="bbox 225 4968 1522 5057">
    <p class='ocr_par' dir='ltr' id='par_1_99' title="bbox 225 4968 1522 5057">
     <span class='ocr_line' id='line_1_99' title="bbox 225 4968 1522 5057; baseline 0.022 -35"><span class='ocrx_word' id='word_1_652' title='bbox 225 4968 427 5028; x_wconf 76' lang='lat' dir='ltr'><strong>faciunt.</strong></span> <span class='ocrx_word' id='word_1_653' title='bbox 453 4976 636 5043; x_wconf 87' lang='lat' dir='ltr'><strong>Cedri,</strong></span> <span class='ocrx_word' id='word_1_654' title='bbox 669 4981 909 5037; x_wconf 86' lang='lat' dir='ltr'><strong>absolute</strong></span> <span class='ocrx_word' id='word_1_655' title='bbox 945 4983 1204 5050; x_wconf 90' lang='lat' dir='ltr'><strong>superbos</strong></span> <span class='ocrx_word' id='word_1_656' title='bbox 1231 4987 1522 5057; x_wconf 85' lang='lat' dir='ltr'><strong>signiﬁcat.</strong></span> 
     </span>
    </p>
   </div>
   <div class='ocr_carea' id='block_1_100' title="bbox 226 5060 1170 5140">
    <p class='ocr_par' dir='ltr' id='par_1_100' title="bbox 226 5060 1170 5140">
     <span class='ocr_line' id='line_1_100' title="bbox 226 5060 1170 5140; baseline 0.016 -29"><span class='ocrx_word' id='word_1_657' title='bbox 226 5060 280 5112; x_wconf 84' lang='lat' dir='ltr'><strong>l0</strong></span> <span class='ocrx_word' id='word_1_658' title='bbox 346 5063 535 5121; x_wconf 76' lang='lat' dir='ltr'><strong>Bestia:</strong></span> <span class='ocrx_word' id='word_1_659' title='bbox 555 5079 605 5121; x_wconf 87' lang='lat' dir='ltr'><strong>et</strong></span> <span class='ocrx_word' id='word_1_660' title='bbox 634 5071 873 5126; x_wconf 85' lang='lat' dir='ltr'><strong>universa</strong></span> <span class='ocrx_word' id='word_1_661' title='bbox 902 5087 1124 5140; x_wconf 81' lang='lat' dir='ltr'><strong>peccaro</strong></span> <span class='ocrx_word' id='word_1_662' title='bbox 1151 5089 1170 5126; x_wconf 89' lang='lat'><strong><em>:</em></strong></span> 
     </span>
    </p>
   </div>
   <div class='ocr_carea' id='block_1_101' title="bbox 341 5155 1224 5234">
    <p class='ocr_par' dir='ltr' id='par_1_101' title="bbox 341 5155 1224 5234">
     <span class='ocr_line' id='line_1_101' title="bbox 341 5155 1224 5234; baseline 0.011 -25"><span class='ocrx_word' id='word_1_663' title='bbox 341 5155 616 5223; x_wconf 86' lang='lat' dir='ltr'><strong>Serpentes</strong></span> <span class='ocrx_word' id='word_1_664' title='bbox 636 5173 680 5215; x_wconf 91' lang='lat' dir='ltr'><strong>et</strong></span> <span class='ocrx_word' id='word_1_665' title='bbox 708 5165 941 5220; x_wconf 84' lang='lat' dir='ltr'><strong>volucres</strong></span> <span class='ocrx_word' id='word_1_666' title='bbox 966 5177 1224 5234; x_wconf 69' lang='lat' dir='ltr'><strong>pennam.</strong></span> 
     </span>
    </p>
   </div>
   <div class='ocr_carea' id='block_1_102' title="bbox 277 5242 1773 5335">
    <p class='ocr_par' dir='ltr' id='par_1_102' title="bbox 277 5242 1773 5335">
     <span class='ocr_line' id='line_1_102' title="bbox 277 5242 1773 5335; baseline 0.009 -37"><span class='ocrx_word' id='word_1_667' title='bbox 277 5242 315 5298; x_wconf 89' lang='lat' dir='ltr'><strong>C</strong></span> <span class='ocrx_word' id='word_1_668' title='bbox 355 5246 566 5314; x_wconf 71' lang='lat' dir='ltr'><strong>Bestiae,</strong></span> <span class='ocrx_word' id='word_1_669' title='bbox 604 5257 845 5312; x_wconf 89' lang='lat' dir='ltr'><strong>crudeles</strong></span> <span class='ocrx_word' id='word_1_670' title='bbox 895 5256 1168 5325; x_wconf 85' lang='lat' dir='ltr'><strong>significat</strong></span> <span class='ocrx_word' id='word_1_671' title='bbox 1194 5268 1245 5312; x_wconf 85' lang='lat' dir='ltr'><strong>et</strong></span> <span class='ocrx_word' id='word_1_672' title='bbox 1290 5263 1619 5335; x_wconf 83' lang='lat' dir='ltr'><strong>indomitos;</strong></span> <span class='ocrx_word' id='word_1_673' title='bbox 1653 5272 1773 5326; x_wconf 72' lang='lat' dir='ltr'><strong>uni-</strong></span> 
     </span>
    </p>
   </div>
   <div class='ocr_carea' id='block_1_103' title="bbox 693 5347 1240 5370">
    <p class='ocr_par' dir='ltr' id='par_1_103' title="bbox 693 5347 1240 5370">
     <span class='ocr_line' id='line_1_103' title="bbox 693 5347 1240 5370; baseline 0 0"><span class='ocrx_word' id='word_1_674' title='bbox 693 5361 898 5370; x_wconf 58' lang='lat' dir='ltr'><strong>n.-...---..</strong></span> <span class='ocrx_word' id='word_1_675' title='bbox 917 5361 996 5370; x_wconf 70' lang='grc' dir='ltr'><strong>..-ιι</strong></span> <span class='ocrx_word' id='word_1_676' title='bbox 1045 5347 1145 5370; x_wconf 74' lang='grc' dir='ltr'><strong>-.Ι,.ι</strong></span> <span class='ocrx_word' id='word_1_677' title='bbox 1172 5364 1240 5370; x_wconf 59' lang='grc' dir='ltr'><strong>Α-.-</strong></span> 
     </span>
    </p>
   </div>
   <div class='ocr_carea' id='block_1_104' title="bbox 221 5346 738 5370">
    <p class='ocr_par' dir='ltr' id='par_1_104' title="bbox 221 5346 738 5370">
     <span class='ocr_line' id='line_1_104' title="bbox 221 5346 738 5370; baseline 0 0"><span class='ocrx_word' id='word_1_678' title='bbox 221 5346 358 5370; x_wconf 64' lang='grc' dir='ltr'><strong>νρκθ</strong></span> <span class='ocrx_word' id='word_1_679' title='bbox 397 5353 592 5370; x_wconf 66' lang='grc' dir='ltr'><strong>ΙιιΛηΑιρΛ</strong></span> <span class='ocrx_word' id='word_1_680' title='bbox 661 5361 738 5370; x_wconf 68' lang='grc' dir='ltr'><strong>,ιι-ι.</strong></span> 
     </span>
    </p>
   </div>
   <div class='ocr_carea' id='block_1_105' title="bbox 835 5361 996 5370">
    <p class='ocr_par' dir='ltr' id='par_1_105' title="bbox 835 5361 996 5370">
     <span class='ocr_line' id='line_1_105' title="bbox 835 5361 996 5370; baseline 0 0"><span class='ocrx_word' id='word_1_681' title='bbox 835 5365 898 5370; x_wconf 84' lang='grc'><strong>--..</strong></span> <span class='ocrx_word' id='word_1_682' title='bbox 917 5361 996 5370; x_wconf 65' lang='grc' dir='ltr'><strong>..-ιι</strong></span> 
     </span>
    </p>
   </div>
   <div class='ocr_carea' id='block_1_106' title="bbox 1867 4475 1934 4500">
    <p class='ocr_par' dir='ltr' id='par_1_106' title="bbox 1867 4475 1934 4500">
     <span class='ocr_line' id='line_1_106' title="bbox 1867 4475 1934 4500; baseline 0.03 -2"><span class='ocrx_word' id='word_1_683' title='bbox 1867 4475 1934 4500; x_wconf 40' lang='grc' dir='ltr'>*Α</span> 
     </span>
    </p>
   </div>
   <div class='ocr_carea' id='block_1_107' title="bbox 1876 4517 1950 4535">
    <p class='ocr_par' dir='ltr' id='par_1_107' title="bbox 1876 4517 1950 4535">
     <span class='ocr_line' id='line_1_107' title="bbox 1876 4517 1950 4535; baseline 0.014 -1"><span class='ocrx_word' id='word_1_684' title='bbox 1876 4517 1950 4535; x_wconf 66' lang='grc' dir='ltr'><strong>ιον-ό</strong></span> 
     </span>
    </p>
   </div>
   <div class='ocr_carea' id='block_1_108' title="bbox 1902 4539 1946 4554">
    <p class='ocr_par' dir='ltr' id='par_1_108' title="bbox 1902 4539 1946 4554">
     <span class='ocr_line' id='line_1_108' title="bbox 1902 4539 1946 4554; baseline 0 -3"><span class='ocrx_word' id='word_1_685' title='bbox 1902 4539 1946 4554; x_wconf 67' lang='grc' dir='ltr'><strong><em>πο</em></strong></span> 
     </span>
    </p>
   </div>
   <div class='ocr_carea' id='block_1_109' title="bbox 2384 4420 2962 4481">
    <p class='ocr_par' dir='ltr' id='par_1_109' title="bbox 2384 4420 2962 4481">
     <span class='ocr_line' id='line_1_109' title="bbox 2384 4420 2962 4481; baseline 0.009 -7"><span class='ocrx_word' id='word_1_686' title='bbox 2384 4420 2702 4480; x_wconf 77' lang='lat' dir='ltr'><strong>PSALMUS</strong></span> <span class='ocrx_word' id='word_1_687' title='bbox 2732 4425 2962 4481; x_wconf 54' lang='lat' dir='ltr'><strong>CXLIX.</strong></span> 
     </span>
    </p>
   </div>
   <div class='ocr_carea' id='block_1_110' title="bbox 2297 4546 3067 4594">
    <p class='ocr_par' dir='ltr' id='par_1_110' title="bbox 2297 4546 3067 4594">
     <span class='ocr_line' id='line_1_110' title="bbox 2297 4546 3067 4594; baseline 0.008 -8"><span class='ocrx_word' id='word_1_688' title='bbox 2297 4546 2660 4590; x_wconf 64' lang='lat' dir='ltr'><strong>ARGUMENTUH</strong></span> <span class='ocrx_word' id='word_1_689' title='bbox 2701 4552 2847 4592; x_wconf 69' lang='lat' dir='ltr'><strong>PSAL.</strong></span> <span class='ocrx_word' id='word_1_690' title='bbox 2887 4554 3005 4594; x_wconf 75' lang='lat' dir='ltr'><strong>CXLI</strong></span> <span class='ocrx_word' id='word_1_691' title='bbox 3015 4557 3067 4592; x_wconf 71' lang='grc' dir='ltr'><strong>Χ.</strong></span> 
     </span>
    </p>
   </div>
   <div class='ocr_carea' id='block_1_111' title="bbox 1935 4481 1995 4514">
    <p class='ocr_par' dir='ltr' id='par_1_111' title="bbox 1935 4481 1995 4514">
     <span class='ocr_line' id='line_1_111' title="bbox 1935 4481 1995 4514; baseline 0 -9"><span class='ocrx_word' id='word_1_692' title='bbox 1935 4481 1995 4514; x_wconf 52' lang='grc' dir='ltr'><strong>...Σ</strong></span> 
     </span>
    </p>
   </div>
   <div class='ocr_carea' id='block_1_112' title="bbox 1960 4643 3465 4720">
    <p class='ocr_par' dir='ltr' id='par_1_112' title="bbox 1960 4643 3465 4720">
     <span class='ocr_line' id='line_1_112' title="bbox 1960 4643 3465 4720; baseline 0.011 -24"><span class='ocrx_word' id='word_1_693' title='bbox 1960 4643 2000 4696; x_wconf 83' lang='lat' dir='ltr'><strong>C</strong></span> <span class='ocrx_word' id='word_1_694' title='bbox 2029 4645 2308 4700; x_wconf 90' lang='lat' dir='ltr'><strong>Canticum</strong></span> <span class='ocrx_word' id='word_1_695' title='bbox 2332 4663 2528 4703; x_wconf 90' lang='lat' dir='ltr'><strong>novum</strong></span> <span class='ocrx_word' id='word_1_696' title='bbox 2551 4647 2824 4720; x_wconf 68' lang='lat' dir='ltr'><strong>Propheta</strong></span> <span class='ocrx_word' id='word_1_697' title='bbox 2837 4652 3064 4707; x_wconf 88' lang='lat' dir='ltr'><strong>Domino</strong></span> <span class='ocrx_word' id='word_1_698' title='bbox 3087 4653 3304 4710; x_wconf 87' lang='lat' dir='ltr'><strong>Christo</strong></span> <span class='ocrx_word' id='word_1_699' title='bbox 3333 4657 3465 4712; x_wconf 90' lang='lat' dir='ltr'><strong>dicit</strong></span> 
     </span>
    </p>
   </div>
   <div class='ocr_carea' id='block_1_113' title="bbox 1887 4737 3464 4807">
    <p class='ocr_par' dir='ltr' id='par_1_113' title="bbox 1887 4737 3464 4807">
     <span class='ocr_line' id='line_1_113' title="bbox 1887 4737 3464 4807; baseline 0.01 -25"><span class='ocrx_word' id='word_1_700' title='bbox 1887 4746 2006 4786; x_wconf 84' lang='lat' dir='ltr'><strong>esse</strong></span> <span class='ocrx_word' id='word_1_701' title='bbox 2035 4737 2382 4802; x_wconf 88' lang='lat' dir='ltr'><strong>cantandum,</strong></span> <span class='ocrx_word' id='word_1_702' title='bbox 2418 4740 2509 4807; x_wconf 91' lang='lat' dir='ltr'><strong>qui</strong></span> <span class='ocrx_word' id='word_1_703' title='bbox 2539 4739 2607 4795; x_wconf 90' lang='lat' dir='ltr'><strong>de</strong></span> <span class='ocrx_word' id='word_1_704' title='bbox 2638 4749 2750 4793; x_wconf 83' lang='lat' dir='ltr'><strong>toto</strong></span> <span class='ocrx_word' id='word_1_705' title='bbox 2792 4742 2933 4802; x_wconf 53' lang='lat' dir='ltr'><strong>orbe,</strong></span> <span class='ocrx_word' id='word_1_706' title='bbox 2953 4753 3226 4796; x_wconf 87' lang='lat' dir='ltr'><strong>terrarum</strong></span> <span class='ocrx_word' id='word_1_707' title='bbox 3252 4744 3464 4800; x_wconf 87' lang='lat' dir='ltr'><strong>univer-</strong></span> 
     </span>
    </p>
   </div>
   <div class='ocr_carea' id='block_1_114' title="bbox 1886 4822 3468 4903">
    <p class='ocr_par' dir='ltr' id='par_1_114' title="bbox 1886 4822 3468 4903">
     <span class='ocr_line' id='line_1_114' title="bbox 1886 4822 3468 4903; baseline 0.009 -28"><span class='ocrx_word' id='word_1_708' title='bbox 1886 4822 2051 4877; x_wconf 88' lang='lat' dir='ltr'><strong>salem</strong></span> <span class='ocrx_word' id='word_1_709' title='bbox 2085 4825 2422 4882; x_wconf 78' lang='lat' dir='ltr'><strong>Hierusalem</strong></span> <span class='ocrx_word' id='word_1_710' title='bbox 2449 4832 2756 4888; x_wconf 81' lang='lat' dir='ltr'><strong>construxit</strong></span> <span class='ocrx_word' id='word_1_711' title='bbox 2798 4847 2896 4887; x_wconf 90' lang='lat' dir='ltr'><strong>sua</strong></span> <span class='ocrx_word' id='word_1_712' title='bbox 2927 4831 3165 4901; x_wconf 85' lang='lat' dir='ltr'><strong>pietate;</strong></span> <span class='ocrx_word' id='word_1_713' title='bbox 3195 4843 3251 4887; x_wconf 87' lang='lat' dir='ltr'><strong>et</strong></span> <span class='ocrx_word' id='word_1_714' title='bbox 3272 4836 3468 4903; x_wconf 79' lang='lat' dir='ltr'><strong>gaudia</strong></span> 
     </span>
    </p>
   </div>
   <div class='ocr_carea' id='block_1_115' title="bbox 1885 4916 3474 4991">
    <p class='ocr_par' dir='ltr' id='par_1_115' title="bbox 1885 4916 3474 4991">
     <span class='ocr_line' id='line_1_115' title="bbox 1885 4916 3474 4991; baseline 0.008 -27"><span class='ocrx_word' id='word_1_715' title='bbox 1885 4922 2198 4968; x_wconf 89' lang='lat' dir='ltr'><strong>sanctorum</strong></span> <span class='ocrx_word' id='word_1_716' title='bbox 2258 4916 2594 4991; x_wconf 88' lang='lat' dir='ltr'><strong>virtutesque</strong></span> <span class='ocrx_word' id='word_1_717' title='bbox 2636 4919 2950 4975; x_wconf 83' lang='lat' dir='ltr'><strong>describens</strong></span> <span class='ocrx_word' id='word_1_718' title='bbox 2999 4920 3294 4975; x_wconf 86' lang='lat' dir='ltr'><strong>vindictam</strong></span> <span class='ocrx_word' id='word_1_719' title='bbox 3342 4934 3474 4988; x_wconf 83' lang='lat' dir='ltr'><strong>pee-</strong></span> 
     </span>
    </p>
   </div>
   <div class='ocr_carea' id='block_1_116' title="bbox 1888 5005 3014 5080">
    <p class='ocr_par' dir='ltr' id='par_1_116' title="bbox 1888 5005 3014 5080">
     <span class='ocr_line' id='line_1_116' title="bbox 1888 5005 3014 5080; baseline 0.004 -24"><span class='ocrx_word' id='word_1_720' title='bbox 1888 5005 2144 5071; x_wconf 87' lang='lat' dir='ltr'><strong>cantium,</strong></span> <span class='ocrx_word' id='word_1_721' title='bbox 2177 5006 2403 5076; x_wconf 83' lang='lat' dir='ltr'><strong>gloriam</strong></span> <span class='ocrx_word' id='word_1_722' title='bbox 2431 5013 2563 5068; x_wconf 91' lang='lat' dir='ltr'><strong>dicit</strong></span> <span class='ocrx_word' id='word_1_723' title='bbox 2586 5024 2705 5065; x_wconf 87' lang='lat' dir='ltr'><strong>esse</strong></span> <span class='ocrx_word' id='word_1_724' title='bbox 2723 5010 3014 5080; x_wconf 86' lang='lat' dir='ltr'><strong>justorum.</strong></span> 
     </span>
    </p>
   </div>
   <div class='ocr_carea' id='block_1_117' title="bbox 2476 5099 3463 5186">
    <p class='ocr_par' dir='ltr' id='par_1_117' title="bbox 2476 5099 3463 5186">
     <span class='ocr_line' id='line_1_117' title="bbox 2476 5099 3463 5186; baseline 0.002 -30"><span class='ocrx_word' id='word_1_725' title='bbox 2476 5103 2583 5157; x_wconf 88' lang='lat' dir='ltr'><strong>TT.</strong></span> <span class='ocrx_word' id='word_1_726' title='bbox 2623 5099 2874 5155; x_wconf 77' lang='lat' dir='ltr'><strong>Alleluia.</strong></span> <span class='ocrx_word' id='word_1_727' title='bbox 3338 5146 3463 5186; x_wconf 19' lang='lat' dir='ltr'><strong>Wa,</strong></span> 
     </span>
    </p>
   </div>
   <div class='ocr_carea' id='block_1_118' title="bbox 1883 5183 3447 5259">
    <p class='ocr_par' dir='ltr' id='par_1_118' title="bbox 1883 5183 3447 5259">
     <span class='ocr_line' id='line_1_118' title="bbox 1883 5183 3447 5259; baseline 0.001 -21"><span class='ocrx_word' id='word_1_728' title='bbox 1883 5185 1909 5237; x_wconf 85' lang='grc'><strong>1</strong></span> <span class='ocrx_word' id='word_1_729' title='bbox 2026 5186 2244 5242; x_wconf 87' lang='lat' dir='ltr'><strong>Cantate</strong></span> <span class='ocrx_word' id='word_1_730' title='bbox 2267 5189 2493 5248; x_wconf 88' lang='lat' dir='ltr'><strong>Domino</strong></span> <span class='ocrx_word' id='word_1_731' title='bbox 2517 5191 2786 5249; x_wconf 84' lang='lat' dir='ltr'><strong>canticum</strong></span> <span class='ocrx_word' id='word_1_732' title='bbox 2819 5205 3004 5246; x_wconf 80' lang='lat' dir='ltr'><strong>novum</strong></span> <span class='ocrx_word' id='word_1_733' title='bbox 3037 5202 3053 5236; x_wconf 93' lang='lat'><em>:</em></span> <span class='ocrx_word' id='word_1_734' title='bbox 3329 5183 3412 5259; x_wconf 44' lang='grc' dir='ltr'><strong>,ξ’</strong></span> <span class='ocrx_word' id='word_1_735' title='bbox 3444 5193 3447 5195; x_wconf 73' lang='grc'><em>“</em></span> 
     </span>
    </p>
   </div>
   <div class='ocr_carea' id='block_1_119' title="bbox 2024 5276 3032 5347">
    <p class='ocr_par' dir='ltr' id='par_1_119' title="bbox 2024 5276 3032 5347">
     <span class='ocr_line' id='line_1_119' title="bbox 2024 5276 3032 5347; baseline 0 -17"><span class='ocrx_word' id='word_1_736' title='bbox 2024 5276 2166 5333; x_wconf 88' lang='lat' dir='ltr'><strong>Laus</strong></span> <span class='ocrx_word' id='word_1_737' title='bbox 2190 5281 2301 5347; x_wconf 86' lang='lat' dir='ltr'><strong>ejus</strong></span> <span class='ocrx_word' id='word_1_738' title='bbox 2331 5282 2386 5336; x_wconf 85' lang='lat' dir='ltr'><strong>in</strong></span> <span class='ocrx_word' id='word_1_739' title='bbox 2443 5285 2686 5341; x_wconf 82' lang='lat' dir='ltr'><strong>Ecclesia</strong></span> <span class='ocrx_word' id='word_1_740' title='bbox 2708 5294 3032 5337; x_wconf 85' lang='lat' dir='ltr'><strong>sanctorum.</strong></span> 
     </span>
    </p>
   </div>
  </div>
