3994 5370
492 235 599 310 sai

1451 243 1508 298 S.
1547 241 1894 300 BRUNONIS
1931 239 2465 298 HEBBIPOLENSIS
2497 240 2801 298 EPISCOPI

3641 236 3746 293 523

495 360 713 414 beatum
733 351 987 426 populum
1006 353 1277 408 canticum
1301 367 1501 407 novum
1521 361 1760 406 cantare.
1784 357 2066 406 banttcum
2097 355 2142 412 Α
2171 350 2241 405 sit
2295 351 2524 406 liberum
2571 354 2753 416 exire;
2820 348 3032 406 vincula
3081 364 3298 420 quoque
3350 349 3534 405 ferrea
3583 363 3750 420 supra

503 455 678 501 autem
729 458 948 509 novum,
995 451 1087 498 est
1132 452 1334 498 sancta:
1379 439 1766 502 incarnationis
1788 454 2071 503 arcanum,

501 536 753 589 aativitas
784 532 1071 598 mirabilis,
1098 542 1207 587 etc.
1261 533 1404 586 Laus
1435 531 1575 601 ejus,
1598 531 1712 586 sive
1738 529 1797 585 in
1831 530 1942 586 ista
1967 529 2071 584 Ec—

499 624 686 686 clesia,
714 622 827 676 sive
854 622 909 675 in
933 621 1025 676 illa
1051 621 1256 676 cmlesti
1291 620 1654 676 Hierusalem.

503 711 538 764 2
649 708 882 764 Lwtetur
915 708 1086 764 Israel
1113 709 1167 762 in
1197 725 1255 764 eo
1278 709 1366 779 qui
1395 707 1518 776 fecit
1539 723 1659 761 eum
1681 722 1700 760 :

645 814 708 856 σε·
742 800 809 853 Et
829 803 861 871 ’ζ
891 799 1017 868 ﬁlia:
1043 798 1170 854 Sion
1191 797 1444 853 exsultent
1460 799 1516 852 in
1535 813 1652 867 rege
1678 812 1795 850 suo.

569 889 610 944 C
644 889 807 945 Israel
833 897 890 944 et
914 888 1064 956 Sion,
1102 887 1312 942 diversa
1340 885 1618 950 vocabula,
1650 885 1744 940 sed
1771 883 1940 940 virtus
1961 897 2068 939 una

497 990 810 1038 sanctorum
849 987 951 1035 est.
981 979 1116 1034 Nam
1159 976 1323 1032 Israel
1379 977 1765 1046 interpretatur
1797 973 1872 1028 vir
1898 972 2076 1028 uidens

501 1072 702 1136 Deum;
733 1070 887 1136 Sion,
917 1067 1224 1140 speculatio,
1258 1065 1402 1134 quod
1444 1075 1735 1134 utrumque
1760 1061 1830 1118 ad
1854 1062 2074 1118 beatum

500 1162 758 1233 populum
792 1162 1047 1230 pertinet,
1085 1159 1178 1230 qui
1226 1157 1394 1213 lauari
1441 1165 1498 1212 et
1551 1154 1825 1212 exsultare
1871 1153 1928 1209 in
1947 1165 2078 1221 rege

505 1267 604 1307 suo
631 1250 850 1306 Christo
880 1247 1110 1302 Domino
1148 1254 1545 1302 commonetur.

499 1341 539 1395 ὅ
641 1340 882 1395 Laudent
903 1353 1095 1391 nomen
1119 1336 1232 1404 ejus
1268 1337 1323 1389 in
1352 1335 1508 1389 choro
1528 1349 1558 1388 ις

646 1429 716 1484 In
742 1439 988 1499 tympano
1013 1436 1060 1480 et
1090 1416 1335 1496 psalterio
1355 1423 1584 1493 psallunt
1615 1423 1683 1477 ei.

577 1521 618 1576 (ἒ
645 1519 828 1588 Qualis
858 1519 929 1574 sit
982 1518 1083 1573 iste
1125 1517 1348 1581 chorus,
1393 1514 1532 1569 alius
1555 1512 1797 1583 psalmus
1818 1510 2038 1580 exponit
2064 1523 2076 1561 :

498 1614 553 1668 Δ
583 1612 711 1668 solis
737 1618 860 1665 ortu
907 1621 1078 1676 usque
1111 1605 1180 1660 ad
1203 1619 1453 1660 occasum
1491 1602 1704 1657 laudate
1735 1614 1932 1655 nomen
1966 1598 2078 1652 Dn,

2178 440 2363 496 mundi
2405 440 2612 496 nobiles
2634 441 2805 510 ponit,
2837 449 2897 496 ut
2943 448 3000 496 et
3028 441 3209 511 gravia
3239 440 3349 494 siut
3370 453 3497 495 cum
3524 445 3751 508 portan-

2180 539 2284 596 tur,
2315 537 2371 586 et
2414 539 2592 586 nexus
2625 543 2812 585 eorum
2854 545 3108 600 rumpere
3142 530 3289 587 nulla
3318 530 3524 586 virtute
3547 543 3748 600 prava-

2177 618 2322 674 leant
2345 621 2399 675 in
2429 628 2630 678 aeterna
2666 621 3030 676 damnatione.

2175 707 2210 762 9
2314 706 2382 761 Ut
2407 709 2604 778 faciant
2630 709 2684 762 in
2703 709 2776 762 eis
2797 707 3060 777 judicium
3086 713 3437 778 conscriptum
3466 727 3487 766 :

2321 795 2503 850 Gloria
2527 811 2590 852 -ι-
2616 796 2726 851 haec
2757 797 2775 867 ζ
2809 807 2882 852 est
2908 798 3145 853 omnibus
3167 799 3363 853 sanctis
3393 799 3540 867 ejus.

2249 885 2289 940 C
2313 884 2385 939 Ut
2412 884 2615 940 faciant
2644 887 2698 940 in
2725 888 2803 942 eis
2840 886 3106 956 judicium
3147 889 3542 957 conscriptum,
3568 887 3752 956 utique

2177 974 2319 1042 quod
2345 974 2489 1028 dicet
2538 974 2865 1043 Apostolus:
2897 975 3165 1042 Quoniam
3218 975 3446 1047 angelos
3483 975 3751 1046 iudicabi-

2177 1078 2299 1119 mus
2320 1063 2368 1135 (Ι
2414 1064 2537 1119 Cor.
2566 1065 2664 1135 γι).
2695 1067 2759 1118 Et
2793 1079 2860 1120 ne
2907 1066 3052 1122 solos
3097 1067 3372 1136 apostolos
3404 1066 3749 1135 judicaturos

2177 1163 2417 1224 putares,
2443 1153 2638 1223 adjecit
2665 1171 2678 1208 :
2698 1155 2879 1212 Gloria
2903 1157 3016 1211 htec
3029 1165 3111 1212 est
3125 1156 3374 1211 omnibus
3396 1156 3606 1212 sanctis
3617 1155 3749 1223 ejus,

2183 1261 2375 1301 omnes
2401 1246 2544 1300 enim
2585 1248 2754 1301 sancti
2799 1262 2920 1301 cum
2950 1247 3166 1303 Christo
3209 1246 3480 1314 iudicant,
3517 1246 3752 1316 quicjus

2178 1335 2381 1405 regulis
2430 1349 2534 1389 non
2595 1335 3392 1406 repugnant.‘CConscriptum
3440 1334 3748 1403 judicium:

2181 1423 2284 1478 hoc
2308 1433 2412 1488 est,
2441 1431 2499 1477 ut
2525 1423 2602 1478 sic
2627 1439 2722 1480 eos
2756 1425 3024 1494 judicent,
3051 1425 3321 1496 quomodo
3367 1425 3423 1480 in
3455 1425 3754 1497 Scripturis

2180 1513 2384 1570 sanctis
2419 1513 2688 1586 digestum
2717 1524 2821 1570 est.

2619 1618 2814 1659 ORATIO
2843 1617 2914 1658 Εἰ
2943 1618 3091 1659 Ρελι.
3121 1619 3298 1660 CXLIX.

499 1703 641 1760 tmini
674 1699 861 1774 (Psal.
889 1697 1046 1767 CXII).
1099 1695 1309 1752 Chorus
1353 1703 1439 1748 est
1487 1692 1671 1762 igitur,
1707 1690 1799 1760 qui
1837 1705 1866 1744 a
1893 1687 2077 1743 mundi
2111 1688 2158 1748 Β
2251 1692 2455 1750 Auctor
2484 1692 2648 1748 totius
2674 1693 2966 1762 bonitatis“,
3003 1693 3143 1749 Deus
3176 1693 3300 1764 (qui
3347 1707 3572 1749 omnem
3600 1708 3754 1748 mau-

499 1794 689 1858 »initio,
739 1791 807 1846 de
856 1786 1244 1844 numerositate
1293 1783 1572 1838 hominum
1613 1788 1972 1852 congregatur
2023 1779 2078 1832 in

508 1885 706 1949 tide,et
736 1880 840 1936 nisi
864 1880 917 1934 in
944 1879 1034 1933 illa
1053 1878 1212 1933 beata
1239 1875 1436 1945 patria,
1461 1889 1568 1928 non
1593 1881 1770 1943 potest
1789 1887 1908 1927 esse
1939 1878 2082 1926 totus

509 1972 786 2028 collectus.
807 1968 1142 2038 Tympanum
1166 1974 1220 2020 ct
1239 1964 1574 2034 psalterium,
1598 1961 1906 2032 probabiles
1927 1969 2082 2015 actus

512 2063 844 2135 signiﬁcant,
874 2061 964 2131 qui
997 2060 1064 2114 ad
1094 2057 1272 2114 divina
1299 2069 1523 2110 munera
1565 2053 1897 2118 referuntur,
1951 2065 2084 2122 quo-

514 2157 663 2212 niam
694 2163 848 2210 actus
892 2152 1004 2216 isti,
1046 2151 1136 2206 hic
1180 2149 1286 2204 illis
1337 2147 1498 2203 rebus
1552 2145 1861 2217 signiticati,
1905 2151 1961 2200 et
1994 2143 2085 2199 hic

513 2244 823 2310 exercitati,
875 2241 1210 2298 faciuntnos
1260 2236 1387 2292 alibi
1414 2236 1584 2292 Deum
1608 2235 1941 2293 teternaliter
1965 2233 2087 2290 lau-

515 2337 666 2390 dare.

511 2427 545 2479 4
656 2423 794 2490 Quia
819 2421 1192 2494 beneplacitum
1214 2430 1290 2475 est
1312 2421 1540 2476 Domino
1567 2420 1623 2473 in
1653 2414 1844 2487 papula
1869 2429 1964 2469 suo
1993 2427 2012 2467 :

661 2514 731 2568 Et
754 2513 1008 2570 exaltabit
1037 2522 1340 2566 mansuetos
1377 2513 1428 2570 in
1457 2509 1698 2564 salutem.

585 2607 626 2661 C
657 2604 808 2659 Tunc
847 2603 1243 2672 beneplacitum
1277 2610 1362 2656 est
1397 2600 1623 2654 Domino
1649 2599 1702 2651 in
1745 2610 1843 2652 suo
1866 2593 2083 2664 populo,

510 2696 731 2765 quando
782 2692 931 2747 illum
979 2691 1172 2747 fecerit
1230 2689 1468 2760 perlecta
1514 2687 1780 2742 suavitate
1833 2684 2084 2756 gaudere.

518 2784 806 2850 Mansueti,
835 2790 961 2838 sunt
985 2782 1275 2852 patientes,
1309 2781 1398 2850 qui
1436 2781 1676 2835 diversas
1701 2778 1792 2832 hic
1819 2775 2088 2847 nequitias

517 2888 617 2944 pro
643 2873 738 2927 Dei
788 2885 957 2941 regno
997 2870 1356 2939 pertulerunt.
1387 2869 1533 2936 Quos
1572 2866 1833 2923 exaltabit
1861 2865 1914 2920 in
1945 2863 2089 2921 salu-

524 2975 654 3030 tem,
675 2964 728 3018 id
756 2971 842 3018 est
870 2963 922 3016 in
948 2962 1116 3015 vitam
1138 2971 1416 3016 aeternam.

519 3054 552 3108 5
654 3051 1009 3107 Exsultabunt
1032 3051 1200 3105 sancti
1226 3051 1278 3104 in
1306 3050 1475 3120 gloria
1501 3063 1519 3102 .'

674 3142 1016 3197 Laztabuntur
1042 3142 1098 3195 in
1122 3139 1376 3194 cubilibus
1398 3140 1527 3194 suis.

595 3232 638 3288 (Ξ
665 3232 743 3287 Ibi
772 3232 917 3287 enim
949 3238 1032 3286 est
1058 3230 1350 3284 exsultatio
1375 3240 1430 3282 ct
1453 3227 1636 3283 laetitia
1663 3235 1972 3282 sanctorum
1998 3225 2088 3280 ubi

527 3323 606 3379 sic
630 3323 830 3378 bonum
860 3321 1145 3392 Dominum
1177 3334 1234 3374 se
1286 3320 1488 3374 habere
1523 3327 1873 3389 cognoscunt,
1903 3327 1961 3371 ut
1983 3317 2092 3372 reis

523 3413 687 3468 donet
706 3413 940 3479 veniam,
972 3411 1321 3482 peccantibus
1351 3411 1602 3481 gratiam,
1631 3426 1736 3465 non
1759 3411 2092 3467 merentibus

523 3507 751 3577 gloriam
776 3505 1180 3574 sempiternam.
1210 3503 1270 3557 ln
1295 3501 1562 3557 cubilibus
1605 3511 1808 3568 autem,
1841 3502 1893 3556 id
1916 3511 2003 3558 est
2035 3500 2089 3557 in

523 3605 737 3652 secreto
766 3595 969 3660 cordis,
1001 3593 1092 3647 ubi
1147 3592 1294 3647 solus
1324 3592 1413 3646 ille
1443 3593 1722 3662 cognoscit
1768 3593 1859 3661 qui
1889 3592 2091 3649 donare

523 3687 773 3756 dignatus
829 3692 932 3739 est.
963 3682 1008 3737 Η
1032 3681 1149 3747 Vel,
1177 3682 1230 3735 in
1263 3681 1547 3747 cubilibus,
1579 3682 1632 3735 iu
1657 3682 1862 3736 caelesti
1893 3684 2086 3751 patria.

527 3776 662 3841 Quia
715 3775 807 3828 hic
849 3775 900 3826 in
929 3771 1090 3826 cubili
1125 3770 1297 3826 sancti
1333 3770 1568 3839 plorant,
1601 3779 1652 3825 ct
1687 3773 1863 3841 rigant
1897 3773 2089 3825 lectum

526 3865 780 3936 lacrymis
801 3861 972 3934 (Psal.
1005 3862 1102 3931 v1).

525 3956 559 4009 6
601 4003 633 4020 λ
673 3951 1061 4007 Exsultationes
1091 3949 1189 4005 Dei
1215 3953 1267 4004 in
1296 3960 1504 4022 gutture
1524 3968 1703 4006 eorum
1729 3968 1747 4006 :

670 4041 736 4096 Et
767 4042 930 4113 gladii
951 4043 1198 4110 ancipites
1224 4043 1277 4095 in
1301 4043 1542 4096 manibus
1570 4059 1770 4096 eorum.

596 4136 638 4191 C
665 4133 876 4188 [labent
901 4131 1288 4186 exsultationes
1315 4133 1364 4185 in
1388 4141 1606 4202 gutture
1625 4132 1820 4197 sancti,
1837 4132 2090 4201 quoniam

525 4227 642 4283 sive
687 4225 1031 4295 cOgitatione,
1090 4223 1202 4277 sive
1248 4223 1300 4277 in
1355 4222 1536 4294 lingua
1566 4223 1786 4277 laudare
1815 4223 2092 4278 non.desi-

2181 1787 2519 1843 suetudinem
2555 1795 2607 1841 te
2638 1787 2912 1842 humiliter
2947 1785 3292 1841 conﬁtentem
3317 1784 3551 1855 exaltas)
3573 1825 3589 1851 ,
3618 1801 3756 1855 pra:-

2181 1890 2283 1940 sta,
2317 1885 2377 1931 ut
2405 1877 2544 1932 sicut
2586 1886 2804 1934 sanctos
2847 1878 3118 1932 exsultare
3163 1875 3297 1931 lacis
3341 1876 3397 1930 in
3446 1875 3643 1946 gloria,
3686 1876 3758 1930 ita

2181 1978 2499 2042 praesentem
2539 1969 2840 2025 Ecclesium
2871 1969 3142 2026 custodire
3187 1968 3425 2046 digneris
3489 1969 3560 2023 ab
3602 1967 3757 2035 hujus

2181 2059 2363 2116 saeculi
2385 2058 2849 2116 delectationibus.
2876 2057 2981 2116 Per
3000 2059 3284 2117 Dominum
3306 2067 3558 2115 nostrum
3579 2057 3760 2114 Iesum

2181 2151 2477 2225 Christum,
2509 2159 2616 2206 etc.

2728 2237 3051 2296 PSALMUS
3083 2235 3184 2294 CL.
3211 2227 3216 2249 ¹

2643 2342 3008 2384 Αιιςυιεκτωι
3037 2341 3182 2383 ΡεΔι..
3213 2343 3296 2383 ει..

2253 2415 2296 2472 Β
2326 2415 2660 2473 Admonetur
2700 2419 2892 2474 civitas
2931 2419 3054 2483 Dei,
3103 2430 3162 2472 ut
3207 2419 3274 2473 de
3320 2418 3507 2473 mundi
3558 2417 3762 2473 ambitu

2185 2518 2508 2578 congregata
2528 2548 2542 2574 ,
2579 2507 2805 2563 Domino
2845 2508 3028 2564 laudes
3060 2520 3115 2564 et
3138 2524 3232 2564 ore
3258 2517 3443 2565 cantet
3471 2517 3529 2563 et
3558 2510 3758 2563 animo.

2186 2598 2226 2652 C
2255 2599 2295 2651 Β
2327 2599 2814 2668 Quinquagesimus
2854 2587 3124 2668 psalmus,
3167 2608 3250 2654 est
3293 2599 3359 2652 de
3399 2599 3760 2668 pteniteutia;

2188 2691 2542 2755 centesimus,
2586 2691 2652 2745 de
2684 2690 3053 2746 misericordia
3085 2700 3136 2744 et
3160 2690 3395 2760 judicio;
3429 2691 3763 2746 centesimus

2189 2779 2682 2850 quinquagesimus,
2729 2779 2796 2834 de
2840 2779 2936 2834 Dei
2973 2778 3129 2834 laude
3172 2780 3226 2833 in
3271 2781 3473 2834 sanctis
3505 2780 3643 2850 ejus.
3675 2780 3764 2834 Sic

2189 2868 2332 2922 enim
2360 2869 2426 2924 ad
2465 2878 2720 2923 aeternam
2754 2870 3022 2924 tendimus
3052 2870 3214 2924 vitam
3244 2887 3257 2922 :
3298 2870 3550 2939 primitus
3577 2878 3766 2924 nostra

2189 2966 2408 3028 peccata
2447 2958 2787 3015 damnando:
2831 2960 3024 3015 deinde
3062 2961 3198 3017 bene
3236 2963 3505 3018 vivendo:
3550 2971 3613 3016 ut
3648 2973 3768 3033 post

2113 3018 2158 3080 C
2192 3049 2601 3105 condemnatam
2638 3050 2834 3104 malam
2860 3051 3049 3116 vitam,
3079 3062 3133 3106 et
3160 3061 3365 3123 gestam
3393 3052 3618 3118 bonam,
3650 3068 3764 3107 nte-

2191 3154 2409 3194 reamur
2433 3147 2710 3194 internum.
2742 3139 2933 3205 Vocati
2969 3141 3112 3195 enim
3153 3142 3526 3207 renuntiamus
3556 3143 3766 3197 diabolo

2189 3241 2288 3296 per
2329 3227 2734 3296 pmnitentiam,
2780 3241 2847 3281 ne
2885 3227 2984 3284 sub
3017 3227 3146 3296 jugo
3190 3229 3306 3298 ejus
3347 3245 3763 3294 remaneamus;

2187 3315 2474 3384 justilicati
2504 3332 2762 3371 sanantur
2791 3332 2887 3387 per
2914 3319 3359 3388 misericordiam,
3388 3337 3456 3376 ne
3478 3319 3763 3389 judicium,

2197 3412 2515 3476 timeamus;
2558 3411 2840 3480 gloriﬁcati
2875 3413 3168 3469 transimus
3199 3416 3250 3468 in
3277 3415 3447 3469 vitam
3485 3424 3764 3480 aeternam,

2193 3501 2284 3558 ubi
2325 3503 2610 3559 Dominum
2634 3504 2750 3559 sine
2780 3505 2888 3562 line
2911 3505 3214 3561 laudamus.

2787 3596 2897 3650 TT.
2923 3596 3173 3650 Alleluia.

2195 3687 2220 3740 1
2333 3684 2569 3739 ιααάαξε
2592 3685 2873 3740 Dominum
2901 3688 2955 3741 in
2983 3689 3175 3742 sanctis
3201 3689 3314 3757 ejus
3338 3703 3356 3742 :

2334 3774 2570 3829 Laudate
2597 3791 2714 3829 eum
2745 3777 2798 3829 in
2833 3776 3160 3844 ﬁrmamento
3183 3779 3386 3832 virtutis
3405 3777 3543 3846 ejus.

2266 3865 2308 3918 ll
2356 3865 2596 3921 Laudate
2636 3866 2921 3922 Dominum
2955 3869 3010 3923 in
3055 3870 3291 3924 sanctis:
3327 3871 3471 3939 quod
3516 3885 3613 3927 eos
3652 3882 3771 3941 post

2197 3954 2524 4011 celebratum
2548 3955 2811 4026 judicium
2840 3958 2893 4012 in
2922 3959 3240 4016 mternitatis
3266 3954 3435 4031 gloria
3466 3961 3770 4017 collocabit.

2194 4045 2433 4100 Laudate
2466 4062 2586 4100 eum
2617 4047 2670 4101 in
2698 4046 3074 4104 ﬁrmamento:
3107 4065 3173 4105 eo
3207 4054 3350 4120 quod
3375 4033 3525 4106 otnni
3552 4052 3772 4106 intimii-

2197 4145 2307 4191 tate
2335 4137 2576 4203 sublata,
2612 4136 3004 4194 ﬁrmamentum
3049 4143 3253 4197 sanctis
3297 4151 3516 4197 aeternae
3559 4143 3773 4197 virtutis

2197 4229 2482 4284 invexerit.
2521 4229 2561 4284 C
2594 4229 2762 4284 Docet
2803 4240 2983 4287 autem
3016 4233 3249 4302 qualiter
3292 4245 3512 4289 sanctos
3555 4233 3772 4289 laudare

526 4322 682 4380 num.
709 4330 738 4368 a
760 4329 900 4411 q110_
923 4322 1124 4367 39101113
1175 4312 1313 4411 (.1003
1377 4312 1704 4380 perCiPiUﬂl-
1734 4311 1948 4382 Anceps
1975 4311 2091 4382 813-
2118 4350 2170 4411 D
2196 4326 2406 4387 oportet
2433 4335 2446 4372 :
2487 4318 2694 4373 scilicet
2735 4327 2792 4372 ut
2835 4333 2941 4374 non
2991 4321 3113 4390 ipsi,
3161 4323 3256 4378 sed
3287 4321 3550 4379 Dominus
3583 4324 3772 4378 debeat

528 4406 668 4467 dius,
685 4418 862 4457 sermo
881 4397 1088 4455 Domini
1111 4400 1426 4464 Salvatoris;
1455 4401 1574 4456 ideo
1600 4415 1798 4470 anceps
1819 4401 1960 4470 quod
1988 4401 2092 4456 duo

531 4491 773 4547 continet
801 4491 1169 4544 Testamenta.
1202 4487 1257 4542 ln
1315 4489 1582 4552 manibus,
1636 4489 1686 4542 id
1719 4498 1802 4543 est
1830 4497 2094 4558 potestate

536 4586 865 4640 sanctorum,
895 4578 1034 4631 sicut
1066 4576 1300 4644 legitur:
1327 4576 1525 4630 Factus
1547 4585 1632 4630 est
1661 4591 1838 4632 sermo
1881 4577 2094 4632 Domini

532 4675 586 4727 in
611 4685 770 4725 manu
798 4668 963 4739 Aggei
990 4668 1264 4737 propheta:
1292 4667 1444 4736 (Agg.
1477 4666 1539 4736 ι).

530 4762 562 4814 7
670 4760 752 4812 Ad
779 4758 1075 4828 faciendam
1106 4756 1386 4809 vindictam
1412 4755 1468 4809 in
1500 4755 1798 4810 nationibus
1831 4772 1848 4810 .'

669 4846 1060 4916 Increpationes
1082 4845 1135 4897 in
1165 4843 1388 4914 populis.

598 4939 640 4995 C
661 4938 744 4993 Ad
794 4938 1097 4993 faciendum
1130 4936 1443 4996 vindictam,
1497 4937 1598 4992 ista
1629 4937 1774 4991 enim
1805 4946 1932 4993 tunc
1973 4954 2097 4993 vere

2200 4409 2266 4464 de
2295 4423 2482 4464 eorum
2511 4409 2891 4477 praedicatione
2915 4407 3226 4480 gloriﬁcari.

2198 4498 2233 4552 2
2339 4497 2576 4552 Laudate
2603 4513 2717 4551 cum
2748 4497 2801 4550 in
2827 4498 3099 4552 virtutibus
3123 4500 3236 4568 ejus
3259 4517 3278 4553 :

2341 4583 2578 4639 Laudate
2605 4601 2720 4638 eum
2759 4585 3046 4639 secundum
3083 4587 3470 4642 multitudinem
3508 4599 3772 4659 magnitu-

2411 4675 2548 4728 dinis
2576 4675 2710 4743 ejus.

2271 4765 2317 4820 ll
2349 4764 2584 4820 Laudate
2613 4781 2733 4819 emn
2771 4765 2826 4820 in
2863 4764 3188 4820 virtutibus:
3225 4781 3322 4834 pro
3357 4781 3421 4820 eo
3447 4767 3595 4835 quod
3637 4780 3773 4820 mor-

2201 4864 2308 4912 tem
2334 4853 2699 4924 potentialitcr
2729 4853 3130 4910 immortalitate
3173 4870 3528 4919 consumens,
3571 4857 3771 4910 incom-

2199 4942 2473 4996 mutabilis
2495 4945 2620 4996 vitaa
2641 4942 2724 4996 his
2743 4945 3096 4996 contribuerit
3123 4943 3368 4996 uloriam.
3393 4943 3638 4996 Laudate
3657 4957 3770 4996 eum
