3994 5370
191 251 296 306 5Ξ9

188 364 223 416 3
332 363 576 422 Laudate
602 360 718 422 eum
741 355 793 424 in
813 386 939 425 sono
960 373 1095 426 tuba'
1118 389 1137 428 :

333 455 577 512 Laudate
607 477 723 512 eum
753 462 807 513 in
833 463 1077 530 psalterio
1101 475 1148 518 et
1171 466 1391 520 cithara.

260 544 303 598 C
335 544 474 600 Hinc
507 547 863 602 instrumenta
892 561 1165 619 ponuntur
1207 557 1409 610 musica
1449 557 1656 625 aliqua,
1701 559 1772 610 si-

189 635 485 704 gniﬁcabili
519 639 680 695 modo
709 641 761 694 in
786 643 973 697 ordine
998 661 1011 698 :
1045 655 1102 699 ut
1129 647 1250 700 tuba
1279 660 1586 718 concrepet,
1623 652 1729 720 regi
1756 668 1769 704 :

189 727 512 796 psalterium
538 742 716 794 canat,
746 733 885 788 Deo:
911 735 1116 788 cithara
1141 752 1262 791 cum
1286 740 1523 809 reliquis,
1546 754 1768 809 sponso:

189 834 313 887 qua:
341 822 527 875 omnia
555 823 850 893 ﬁguraliter
884 828 1136 882 dicuntur
1177 827 1363 886 laudes
1410 831 1616 886 Domini
1654 847 1774 902 per.

190 922 410 964 sonare.
451 910 496 964 lI
524 911 583 965 In
609 911 864 981 psalterio
893 917 1038 970 enim
1077 926 1130 972 et
1169 916 1396 984 cithara,
1445 920 1528 974 vel
1558 921 1773 988 decalo-

194 1013 291 1067 gus
317 1014 484 1069 opere
512 1013 790 1071 servatus,
820 1005 904 1060 vel
941 1008 1285 1063 mortiﬁcatio
1328 1011 1506 1065 carnis
1531 1011 1671 1080 (quae
1700 991 1774 1066 ci—

195 1089 367 1144 thara:
416 1093 635 1148 nomine
679 1095 1031 1171 intelligitur)
1079 1099 1430 1168 designatur:
1473 1102 1595 1170 quia
1630 1095 1774 1155 enim

193 1179 574 1234 mortiﬁcatam
597 1198 818 1239 carnem
842 1187 892 1240 in
917 1201 976 1241 se
1000 1187 1371 1253 viviﬁcaverit,
1389 1191 1509 1259 jure
1530 1189 1776 1243 laudatur

195 1267 247 1318 in
279 1268 513 1335 cithara,
545 1281 599 1325 et
627 1273 680 1324 in
706 1273 963 1340 psalterio
989 1292 1004 1330 :
1047 1277 1300 1344 quoniam
1335 1277 1574 1350 decalogi
1603 1280 1775 1332 obser-

195 1355 397 1408 ratione
417 1371 679 1412 coronam
702 1370 958 1416 mternam
990 1374 1267 1420 assecutus
1292 1374 1394 1421 est.

194 1441 228 1493 I
334 1442 579 1500 Laudate
601 1463 719 1500 eum
747 1449 800 1502 in
827 1459 1073 1519 tympano
1103 1462 1152 1505 et
1182 1454 1341 1506 choro
1365 1468 1382 1505 :

335 1530 576 1587 Laudate
603 1551 720 1588 eum
747 1537 800 1589 in
826 1539 1032 1592 chordis
1061 1550 1110 1594 et
1135 1558 1353 1610 organo.
1375 1554 1392 1581 ¹

262 1617 309 1670 II
354 1619 742 1678 Laudate'eum
773 1625 825 1679 in
857 1635 1106 1698 tympano
1129 1671 1142 1693 ,
1181 1631 1232 1684 id
1259 1641 1361 1696 est,
1395 1633 1447 1686 in
1481 1634 1772 1689 mortiﬁca-

1293 263 1838 321 COMMENTARIUS
1878 267 1944 321 IN
1981 266 2305 324 CANTICA.

1802 388 1849 439 Λ
1880 379 2105 432 nantia:
2147 391 2242 433 vos
2277 376 2410 432 estis
2439 391 2553 431 naec
2595 375 2798 431 omnia.
2844 373 2986 430 Nihil
3027 371 3118 430 hic
3153 360 3448 439 vile,‘ulhil

3341 263 3448 322 530

1877 469 2272 532 transitorium,
2313 467 2445 522 nihil
2469 467 2674 522 ludicre
2705 467 2992 536 cogitetur.
3018 467 3084 520 Et
3111 466 3237 535 quia
3253 477 3454 537 “sapere

1875 563 2170 615 secundum
2199 574 2418 615 carnem
2447 574 2594 615 mors
2623 568 2741 614 est:
2783 558 2962 615 omnis
3008 557 3233 628 spiritus
3274 558 3457 614 laudet

1875 647 2181 705 Dominum.
3063 674 3066 677 λ

2365 753 2564 794 ORATIO
2588 754 2655 792 EX
2687 754 2832 794 PSAL.
2864 755 2947 794 CL.

1945 827 2250 883 Harmoniae
2274 836 2473 882 nostrae
2503 829 2878 882 suavissimum
2911 827 3081 883 melos
3103 865 3118 892 ,
3154 825 3247 896 qui
3287 827 3457 881 nostri

1877 922 2117 992 pectoris
2162 920 2561 985 modulamina,
2595 933 2739 975 nunc
2785 918 3022 982 ﬂatibus,
3066 932 3211 973 nunc
3262 916 3460 972 ﬁdibus

1875 1013 2124 1082 praecipis
2148 1012 2389 1066 exerceri
2418 1051 2433 1076 ,
2473 1018 2690 1081 praesta,
2719 1020 2780 1064 ut
2809 1009 2933 1064 dum
2961 1008 3050 1064 illa
3073 1007 3306 1078 spiritali
3331 1021 3461 1062 con-

1875 1103 2106 1158 cinimus
2154 1103 2389 1168 all‘ectu,
2438 1101 2841 1172 perpetualibus
2889 1101 3070 1156 choris
3117 1099 3358 1163 inserti,
3409 1109 3462 1152 te

1875 1207 1993 1246 cum
2022 1192 2217 1246 sanctis
2244 1193 2482 1246 omnibus
2513 1191 2897 1249 collaudemus.
2928 1190 3030 1245 Per
3053 1189 3338 1247 Dominum
3366 1204 3461 1243 no-

1876 1291 2046 1337 strum
2070 1281 2252 1337 Jesum
2281 1281 2554 1337 Christum
2573 1281 2770 1336 Filium
2800 1289 2972 1345 tuum,
3002 1288 3112 1335 etc.

1876 1409 2020 1450 FlNl'l‘
2043 1411 2196 1448 uasa
2215 1409 2552 1458 rssutonuu,
2567 1407 2781 1449 ueneno
2802 1407 3015 1447 caurum
3042 1393 3476 1454 numquam“;

2225 1501 2544 1558 PSALMUS
2575 1501 2683 1556 CLI
2715 1499 3109 1571 (apocrypltus).

2270 1625 2634 1670 ABGUIIENTUI
2664 1623 2822 1669 IIUJUS
2848 1623 3058 1662 PSALII.

197 1707 343 1800 tione
368 1711 570 1776 carnis,
603 1722 659 1768 et
687 1717 972 1770 concordia
1012 1719 1311 1787 charitatis,
1361 1733 1416 1777 et
1463 1724 1514 1777 in
1556 1725 1776 1794 spirita-
1807 1706 1855 1768 Β
1947 1723 1990 1777 Β
2017 1721 2113 1776 Hic
2146 1721 2386 1790 psalmus
2425 1720 2643 1790 proprie
2679 1719 2996 1800 inscribitur
3036 1715 3258 1779 Davidi,
3303 1725 3454 1769 extra

195 1796 337 1853 libus
363 1802 668 1870 praeceptis.

194 1889 228 1945 5
333 1891 575 1947 Laudate
606 1911 727 1950 eum
755 1896 807 1951 in
835 1900 1083 1968 cymbalis
1109 1916 1162 1957 -ε-
1204 1903 1326 1958 bene
1357 1905 1372 1973 ξ
1406 1907 1710 1961 sonantibus
1735 1926 1752 1962 :

335 1983 577 2042 Laudate
629 2005 747 2044 eum
801 1993 853 2046 in
899 1996 1149 2064 cymbalis
1191 2000 1563 2065 jubilationis:
1605 2007 1771 2059 omnis

405 2076 621 2144 spiritus
648 2078 824 2134 laudet
852 2081 1165 2145 Dominum.

263 2161 310 2216 II
339 2162 600 2233 Impletur
629 2168 743 2224 haec
771 2170 886 2225 laus
914 2173 968 2226 in
999 2175 1261 2244 cymbalis
1288 2192 1302 2230 :
1341 2180 1554 2248 quando
1580 2195 1770 2234 corru-

192 2253 381 2320 ptione
409 2257 590 2311 carnis
629 2258 1012 2330 sanguinisque
1056 2263 1272 2334 depulsa
1295 2308 1308 2332 ,
1347 2269 1664 2323 conformati
1705 2272 1770 2325 ad

195 2343 484 2414 imaginem
530 2346 836 2415 Creatoris,
886 2353 1034 2406 omni
1082 2354 1413 2422 plenitudine
1459 2359 1569 2428 spei
1625 2377 1771 2415 como

192 2430 362 2499 pleta,
403 2434 748 2504 resplendent
773 2437 824 2492 in
853 2454 1019 2508 regno
1051 2443 1248 2498 Patris.
1291 2445 1475 2501 Omnis
1506 2449 1765 2518 spiritus:

199 2520 254 2573 in
279 2520 372 2576 illo
396 2522 560 2593 igitur
586 2541 770 2596 regno,
803 2543 907 2584 non
937 2545 1088 2596 caro,
1117 2547 1219 2587 nec
1251 2536 1489 2604 sanguis,
1515 2554 1619 2590 non
1651 2553 1769 2592 cor-

195 2612 396 2680 ruptio,
423 2614 518 2668 sed
548 2615 712 2670 homo
727 2617 839 2686 jam
871 2622 1132 2688 spiritalis
1161 2633 1302 2679 totus
1327 2625 1569 2695 eﬁ‘ectus,
1600 2631 1770 2686 Deum

195 2699 249 2754 in
279 2702 476 2770 spiritu
508 2704 618 2772 (qui
644 2707 868 2774 spiritus
891 2711 994 2781 est)
1025 2713 1244 2769 laudare
1262 2715 1373 2784 jam
1403 2732 1508 2772 non
1537 2719 1767 2778 desinat.

193 2789 238 2842 Α
263 2789 604 2850 JubetDeus
631 2812 690 2852 se
728 2799 934 2856 laudari
967 2804 1020 2857 in
1060 2807 1299 2861 sanctis:
1343 2809 1395 2863 in
1432 2810 1770 2869 ﬁrmamento

192 2881 428 2981 virtutis,
449 2894 578 2953 etc.,
595 2897 648 2942 et
667 2903 786 2958 qua:
811 2901 936 2946 sunt
957 2893 1043 2948 illa
1057 2896 1236 2951 omnia
1250 2898 1407 2986 vos,
1428 2901 1597 2956 sancti
1620 2903 1734 2973 ejus
1754 2922 1765 2956 :

195 2971 362 3027 virtus
379 2973 500 3042 ejus
527 2978 678 3041 estis,
701 2982 795 3034 sed
809 2996 970 3050 quam
989 2982 1116 3039 fecit
1137 2987 1190 3040 in
1213 2971 1366 3043 v5bis
1390 3005 1404 3042 :
1437 3005 1554 3055 vos,
1583 2971 1765 3044 ﬁrma-

194 3071 435 3119 mentum
483 3067 704 3123 virtutis
752 3079 807 3126 et
856 3073 1142 3130 multitudo
1191 3079 1572 3148 magnitudinis
1619 3078 1763 3148 ejus,
1793 3055 1838 3118 C

196 3167 356 3220 quam
379 3153 510 3210 fecit
534 3165 592 3213 et
616 3162 853 3216 oswndit
873 3161 926 3216 in
951 3165 1141 3220 vobis:
1174 3182 1271 3222 vos
1299 3168 1429 3224 estis
1457 3169 1602 3235 tuba,
1626 3171 1764 3239 psal-

195 3245 406 3311 terium,
445 3248 659 3304 cithara
693 3260 749 3306 et
781 3261 1125 3325 tympanum,
1158 3260 1373 3314 chordae
1397 3268 1453 3314 et
1480 3275 1762 3332 organum,

197 3341 246 3386 et
289 3338 531 3406 cymbala
562 3340 899 3410 jubilationis
938 3343 1076 3401 bene
1111 3350 1379 3415 sonantia,
1408 3351 1534 3420 quia
1577 3367 1763 3407 conso-

1875 1829 2158 1868 numerum
2193 1813 2545 1883 psalmorum,
2575 1827 2695 1867 cum
2722 1810 2979 1880 pugnavit
3002 1822 3126 1864 cum
3158 1805 3361 1863 Goliat.

1912 1907 1933 1960 I
2014 1904 2252 1959 Pusillus
2277 1921 2422 1957 eram
2450 1904 2585 1957 inter
2611 1903 2800 1971 fratres
2831 1917 2970 1954 meos
2996 1915 3015 1954 :

2016 1995 2082 2048 Et
2119 1993 2498 2048 adolescentior
2521 1993 2574 2046 in
2603 1992 2758 2045 domo
2784 1990 2953 2060 patris
2976 1989 3108 2046 mei.

1906 2087 1940 2140 2
2014 2084 2302 2140 Paseebant
2326 2101 2449 2139 oues.
2463 2084 2631 2153 patris
2651 2083 2752 2136 mei
2772 2095 2805 2133 :7

2016 2175 2210 2230 Manus
2237 2191 2364 2229 mea:
2387 2175 2616 2243 fecerunt
2642 2188 2893 2242 organum
2917 2185 2935 2221 :

2011 2265 2176 2336 Digiti
2209 2265 2310 2319 mei
2338 2272 2642 2333 aptaverunt
2664 2260 2969 2331 psalterium
2993 2275 3012 2313 :

2013 2355 2078 2410 Et
2108 2355 2224 2426 quis
2246 2355 2575 2410 annuntiauit
2614 2351 2835 2406 Domino
2865 2365 2977 2403 meo
3001 2350 3027 2402 Ρ

1905 2446 1938 2498 3
2010 2445 2130 2516 Ipse
2157 2445 2432 2509 Dominus,
2462 2445 2570 2514 ipse
2591 2443 2823 2496 omnium
2849 2437 3130 2494 exauditor
3150 2455 3169 2492 .°

2015 2535 2131 2606 Ipse
2156 2535 2296 2589 misit
2322 2533 2565 2603 angelum
2586 2547 2760 2593 suum.

2011 2625 2079 2680 Et
2108 2625 2226 2678 tulit
2250 2641 2331 2678 me
2354 2625 2419 2678 de
2441 2623 2618 2676 ovibus
2642 2623 2810 2688 patris
2836 2619 2937 2673 mei
2960 2634 2990 2677 :_

2013 2716 2080 2770 Et
2107 2718 2256 2772 unxit
2282 2732 2362 2770 me
2389 2716 2442 2768 in
2467 2712 2825 2767 misericordia
2856 2709 3115 2763 unctionis
3145 2723 3288 2766 suat-

1905 2808 1938 2863 I
2014 2806 2234 2863 Fratres
2262 2807 2360 2860 ntei
2389 2806 2507 2859 boui
2531 2814 2578 2858 et
2613 2803 2788 2872 magni
2811 2815 2829 2852 :

2010 2903 2079 2958 Et
2109 2919 2213 2958 non
2235 2902 2334 2971 fuit
2357 2899 2731 2970 beneplacitum
2753 2899 2808 2951 in
2830 2897 2903 2951 eis
2921 2895 3168 2950 Domino.

1908 2995 1940 3050 ὅ
2014 2991 2167 3050 Exivi
2198 2992 2502 3062 alienigena:
2526 2990 2770 3046 obviam:

2013 3084 2080 3139 Et
2105 3083 2378 3138 maledixit
2399 3083 2524 3136 milii
2556 3084 2610 3136 in
2645 3065 2940 3135 simttlacris
2977 3079 3108 3133 suis.

1907 3175 1940 3228 6
2012 3175 2124 3245 Ego
2155 3182 2329 3228 autem
2366 3173 2638 3243 evaginato
2669 3171 2733 3226 ab
2757 3187 2816 3226 eo
2855 3171 3030 3242 gladio
3067 3169 3229 3239 ipsius
3269 3181 3450 3236 autpu~

2081 3266 2186 3319 tavi
2219 3272 2376 3335 caput
2403 3263 2516 3333 ejus
2539 3277 2558 3317 :
3113 3249 3116 3252 ’

2018 3354 2081 3408 Et
2108 3354 2301 3409 abstuli
2324 3354 2658 3424 opprobrium
2684 3371 2716 3408 a
2750 3353 2866 3407 ’iliis
2900 3352 3089 3406 Israel.

217 3521 3437 3555 MM

971 3701 1634 3818 SANGTI
1732 3703 2241 3818 BRUN
2245 3702 2490 3819 0N
2491 3701 2656 3818 IS

1379 3934 1687 3992 EPISCOPI
1719 3934 2257 3992 IIERBIPOLENSIS

660 4110 1906 4242 COMMENTARIUS
2001 4117 2162 4240 IN
2255 4113 2998 4243 CANTICA.

431 4517 794 4574 CANTICUM
841 4517 1042 4585 ISAME
1102 4516 1515 4574 PROPHETJE.

783 4627 1046 4668 CAPITULO
1072 4626 1171 4665 XII.

185 4703 204 4754 Ι
319 4702 620 4771 Confitebor
653 4701 1286 4771 tibi,Domine,quoniam
1320 4704 1486 4756 iratus
1509 4718 1562 4756 es
1587 4702 1712 4756 mihi
1740 4719 1759 4756 :

325 4791 616 4847 Conversus
641 4802 718 4845 est
751 4791 902 4860 furor
928 4803 1048 4845 tuus
1086 4802 1132 4844 et
1164 4793 1458 4848 consolatus
1477 4811 1530 4847 es
1561 4811 1659 4848 me.

256 4881 302 4936 II
326 4882 442 4938 Hoc
465 4891 566 4946 est,
595 4884 686 4951 qui
722 4881 874 4951 prius
897 4897 961 4938 ex
991 4881 1226 4948 Egypto
1248 4896 1342 4950 per
1367 4885 1566 4939 siccum
1611 4900 1759 4940 mare

190 4981 472 5042 pergentes
513 4973 567 5026 in
593 4972 886 5028 solitudine
916 4972 1162 5028 dis-istis:
1190 4970 1478 5028 Cantemus
1505 4976 1755 5043 Dmnino,

191 5058 385 5124 (Exod.
406 5061 516 5125 xv),
540 5071 597 5116 et
618 5062 980 5130 reliqua-nunc
1004 5062 1204 5116 iterum
1225 5075 1477 5129 percusso
1497 5063 1755 5135 Egypto,

190 5151 314 5178 III-=15
352 5150 739 5178 ιιιΛΑ-εΙ-Δκιικοοξ.
783 5154 1068 5178 “Amas-ﬁ-..“
1125 5158 1171 5178 ΑΙ
1205 5150 1420 5178 “.....2..-

1788 4519 1843 4579 D
1868 4527 2071 4588 septem
2101 4532 2392 4590 percussus
2420 4526 2524 4585 est,
2551 4526 2607 4574 et
2635 4517 2788 4572 Nilus
2810 4533 3072 4588 aquarum
3126 4518 3457 4587 multarum,

1871 4609 1961 4678 qui
1991 4609 2142 4679 prius
2179 4624 2288 4665 uno
2331 4607 2503 4665 ﬁuens
2548 4610 2698 4665 alveo
2733 4608 3191 4665 intransmeabilis
3221 4620 3357 4676 erat,
3385 4613 3438 4666 in

1870 4708 2073 4769 septem
2096 4707 2277 4769 partes
2291 4699 2544 4754 concisus
2558 4709 2664 4764 est,
2679 4699 2929 4754 utcalcea
2939 4698 3004 4753 tis
3019 4699 3244 4767 pedibus
3267 4708 3436 4752 trans.

1866 4791 2060 4855 iretur,
2088 4791 2209 4846 ideo
2261 4789 2560 4860 gloriﬁcad
2603 4789 2889 4843 dominum
2938 4787 3026 4856 qui
3061 4788 3112 4839 in
3152 4787 3440 4857 Egyptum

1861 4880 2155 4935 vindicavit
2177 4888 2396 4949 peccata
2421 4893 2540 4942 sua,
2558 4887 2612 4932 et
2631 4877 2796 4932 dicite
2830 4896 2843 4931 :
2870 4875 3178 4932 Conlilebor
3205 4875 3324 4942 tibi,
3342 4873 3445 4929 Do-

1861 4974 2029 5037 mine,
2059 4974 2112 5028 id
2140 4980 2223 5029 est
2244 4973 2470 5028 laudabo
2498 4981 2569 5036 te,
2601 4969 2687 5025 vel
2710 4969 3085 5040 paenitentiam
3110 4979 3444 5041 agam,quo—

1862 5066 2006 5120 niam
2037 5065 2207 5119 iratus
2235 5077 2294 5118 es
2321 5063 2474 5126 mihi,
2504 5069 2728 5131 propter
2751 5070 3031 5130 peccatum
3065 5075 3271 5116 meum.
3303 5057 3443 5112 Con-

2717 5149 3018 5178 ξηιιζηκσιιὲιι
3047 5157 3131 5178 ..ιιι
3182 5146 3442 5178 ρΑηι-Λιη..

2443 5166 2464 5178 Α
2521 5151 2572 5178 ξᾹ
2606 5157 2684 5178 Λα.

1988 5168 2048 5178 ..Α
2067 5161 2142 5178 ιιι-Ι
2171 5152 2319 5178 θαι-ιλ..
2346 5163 2434 5178 οι...
