3994 5370
564 246 663 305 551

1515 240 1572 296 S.
1608 232 1959 296 BRUNONIS
1993 228 2535 289 HERBIPOLENSIS
2573 229 2879 285 ενιδωιιι

3708 228 3810 278 533

557 364 725 412 tutem
749 353 915 412 dedit.
942 352 1288 410 Fiducialiter
1309 365 1465 425 agam
1490 359 1673 409 etnon
1703 349 1924 415 timebo,
1949 349 2005 406 id
2029 354 2137 413 est,
2164 355 2213 415 Α
2241 343 2294 398 in
2333 356 2430 400 sua
2481 352 2656 398 morte
2701 340 3025 412 perituram,
3060 350 3187 407 quia
3240 343 3368 425 tunc
3417 348 3527 391 non
3584 333 3813 425 habebat

559 447 724 503 tidem
754 446 930 502 habeo
957 446 1013 501 in
1037 445 1188 502 illum
1212 445 1357 517 quod
1377 459 1463 501 me
1480 444 1701 511 liberet,
1724 451 1782 500 et
1809 440 2135 499 ﬁducialiter

552 536 861 605 praedicabo
885 535 1055 603 illum,
1091 537 1144 592 id
1165 545 1250 594 est
1275 536 1393 592 sine
1414 535 1630 592 timore.

549 625 585 680 3
693 624 835 693 Quia
864 627 1121 697 fortitudo
1146 642 1262 683 mea
1287 637 1335 684 et
1356 627 1474 683 laus
1494 643 1612 683 mea
1650 625 1906 683 Dominus
1937 638 1957 677 :

694 715 766 770 Et
786 718 960 786 factus
982 727 1058 773 est
1086 718 1214 773 mihi
1241 719 1297 773 in
1324 718 1566 774 salutem.

623 807 762 874 Quia
819 808 1083 869 fortitudo
1127 825 1247 865 mea
1295 819 1352 867 et
1394 810 1512 866 laus
1549 820 1670 867 mea
1699 808 1981 876 Dominus,
2005 808 2133 879 quia

550 898 750 957 fortem
779 917 866 958 me
891 902 1023 958 facit
1049 903 1311 961 adversus
1332 905 1559 961 insidias
1579 905 1805 969 inimici,
1824 905 1996 975 ipsum
2019 905 2134 960 lau-

551 992 692 1049 dabo
731 992 931 1050 Filium
961 994 1078 1050 Dei.
1111 996 1175 1050 Et
1203 994 1380 1053 factus
1405 1005 1490 1053 est
1528 997 1660 1054 mihi
1688 997 1743 1051 in
1773 997 2003 1053 salutem
2032 1014 2047 1050 :
2078 997 2135 1053 id

548 1091 634 1139 est
664 1085 962 1141 secundum
992 1086 1328 1143 divinitatem
1350 1104 1456 1143 non
1485 1097 1568 1144 est
1587 1088 1783 1155 tactus,
1806 1090 1899 1146 sed
1920 1091 2134 1161 genitus

540 1186 571 1222 a
607 1172 793 1241 Patre,
823 1174 878 1230 in
906 1174 1014 1232 line
1039 1192 1165 1233 vero
1188 1186 1513 1249 temporum,
1537 1179 1712 1235 factus
1730 1189 1815 1237 est
1834 1181 1889 1237 in
1903 1182 2134 1238 salutem

553 1274 841 1324 attemam.

547 1356 583 1411 4
689 1357 966 1416 Ilaurietis
986 1377 1150 1432 aquas
1175 1362 1228 1417 in
1253 1363 1446 1434 gaudio
1470 1363 1534 1418 de
1553 1362 1785 1433 {antibus
1805 1361 2132 1421 Saluatoris:

695 1448 762 1504 Et
789 1452 973 1507 dicetis
996 1453 1053 1507 in
1078 1453 1172 1507 illa
1195 1454 1279 1509 die
1295 1468 1314 1507 :
1330 1453 1662 1523 Conﬁtemini
1682 1454 1907 1525 Domino
1926 1456 2134 1512 etinoo—

767 1552 881 1597 cate
906 1559 1090 1598 nomen
1115 1543 1251 1614 ejus.

624 1630 740 1686 Vox
772 1634 1160 1704 prophetarum
1194 1635 1261 1691 ad
1287 1634 1542 1707 populum
1570 1634 1875 1694 Iudaicum.
1902 1634 2135 1692 Haurie—

2236 431 2394 495 ﬁlios,
2421 439 2478 486 et
2528 429 2855 501 desperabat
2891 425 3169 482 Christum
3226 424 3297 479 de
3333 437 3434 478 suo
3473 422 3687 479 semine
3720 439 3812 477 na-

2233 521 2520 577 sciturum.
2548 519 2651 587 Qui
2676 526 2799 589 post
2828 516 3093 572 redditam
3131 513 3234 569 sibi
3267 512 3561 567 sanitatem
3588 512 3662 566 ita
3691 527 3806 567 eon-

2232 609 2451 681 seripsit
2481 628 2496 665 :
2527 609 2642 680 Ego
2672 596 2782 664 (Ιίάί
2810 625 2823 662 :
2853 607 2911 663 In
2951 606 3193 671 dimidio,
3221 613 3366 669 ete.;
3397 619 3519 674 qua:
3549 604 3807 673 scriptura

2232 715 2340 756 non
2373 699 2570 755 dicitur
2595 699 2814 771 preprie
2857 696 3054 763 oratio,
3085 696 3177 752 sed
3208 695 3507 766 gratiarum
3532 695 3681 749 actio
3718 708 3812 764 pro

2232 789 2502 847 beneﬁcio
2530 790 2675 860 quod
2712 787 2971 859 suscepit.

2233 880 2262 936 1
2374 877 2489 951 Ego
2521 879 2633 934 dixi
2663 894 2683 932 :
2710 878 2779 934 In
2826 876 3047 933 dimidio
3098 875 3303 931 dierum
3335 890 3574 929 meorum
3630 873 3807 929 eadem

2274 970 2303 1001 ³³
2443 970 2514 1023 ad
2542 978 2721 1040 portas
2751 969 2910 1039 inferi
2932 984 2952 1024 :

2379 1058 2610 1124 Qutesivi
2639 1061 2910 1114 residuum
2937 1074 3197 1114 annorum
3219 1072 3474 1113 meorum.

2305 1148 2351 1204 Η
2382 1149 2495 1221 Ego
2515 1149 2647 1216 dixi,
2680 1158 2870 1205 narrat
2895 1149 3025 1220 quid
3047 1156 3288 1220 tempore
3317 1146 3599 1219 languoris
3623 1144 3811 1201 tacitus

2235 1240 2521 1311 cogitaret.
2550 1240 2698 1307 Dixi,
2752 1239 2954 1310 inquit,
2977 1238 3351 1309 desperatione
3396 1238 3452 1292 in
3476 1236 3647 1293 corde
3674 1251 3805 1291 meo.

2235 1329 2449 1386 Vadam
2476 1331 2543 1387 ad
2564 1338 2749 1401 portas
2775 1329 2933 1386 inferi
2947 1369 2964 1396 ,
2981 1329 3034 1385 id
3055 1336 3141 1385 est
3164 1328 3246 1385 vel
3267 1328 3478 1393 mortis,
3495 1327 3583 1382 vel
3604 1327 3805 1393 tartari,

2234 1421 2303 1477 de
2330 1421 2529 1492 quibus
2555 1420 2755 1477 dicitur
2779 1437 2792 1474 :
2822 1419 2925 1487 Qui
2949 1418 3157 1475 exaltas
3188 1431 3275 1472 me
3302 1419 3370 1473 de
3396 1417 3573 1488 portis
3599 1415 3809 1479 mortis,

2235 1508 2421 1581 (Psal.
2450 1511 2540 1584 ut)
2571 1519 2626 1567 et
2655 1511 2890 1582 reliqua,
2913 1510 2979 1565 ad
3002 1523 3137 1580 quas
3163 1509 3218 1563 in
3244 1508 3470 1563 dimidio
3488 1521 3656 1561 cursu
3687 1508 3809 1559 vita

2237 1610 2293 1658 et
2311 1617 2562 1659 errorum
2593 1602 2833 1658 tenebris
2860 1602 3126 1658 ducentur
3152 1600 3256 1655 viri
3293 1599 3620 1670 sanguinum
3646 1605 3703 1653 et
3722 1598 3807 1652 do-

555 1723 625 1779 tis
648 1691 819 1793 aquas
866 1691 920 1779 in
945 1726 1159 1796 gaudio,
1204 1691 1404 1797 idfesl,
1440 1691 2126 1800 doctrinam'livangeliiet

2237 1691 2360 1760 losi,
2391 1692 2484 1763 qui
2513 1707 2621 1749 non
2645 1693 3003 1750 dimidiabunt
3029 1694 3148 1750 dies
3164 1708 3291 1749 suos
3311 1692 3484 1764 (Psal.
3522 1691 3672 1800 ur):
3707 1705 3811 1747 non

545 1817 917 1886 apostolorum
971 1819 1025 1874 in
1053 1820 1238 1876 laetitia
1287 1822 1588 1893 accipietis.
1623 1823 1699 1879 De
1731 1823 1972 1880 fontibus
2016 1822 2136 1878 Sal-

543 1908 772 1975 vatoris,
796 1908 976 1965 fontes
1004 1908 1131 1966 Jesu
1165 1911 1386 1968 fuerunt
1413 1913 1638 1983 apostoli
1669 1922 1723 1971 et
1762 1913 2130 1986 evangelista.

542 1999 613 2054 Et
654 1999 845 2058 dicetis
886 2003 940 2057 in
974 2002 1063 2058 illa
1092 2004 1198 2070 die,
1226 2019 1261 2060 ο
1290 2020 1387 2061 vos
1430 2006 1677 2075 apostoli,
1705 2005 1916 2062 scilicet
1956 2006 2132 2078 genti-

545 2089 669 2157 bus,
698 2092 894 2148 vestris
920 2094 1263 2163 sequacibus,
1293 2095 1347 2149 in
1399 2095 1492 2151 illo
1533 2102 1791 2166 tempore,
1825 2103 1885 2151 ut
1912 2095 2136 2151 laudent

543 2180 835 2238 Dominum
863 2201 876 2239 :
902 2183 1247 2243 Conﬁtemini
1293 2188 1523 2244 Domino
1562 2197 1618 2244 et
1647 2188 1896 2245 invocato
1933 2201 2130 2244 nomen

548 2272 684 2344 ejus,
714 2275 1057 2344 subauditur,
1082 2285 1144 2333 ut
1168 2277 1236 2333 ab
1258 2277 1375 2349 ipso
1407 2279 1710 2336 salvemini.

543 2362 581 2418 ὅ
690 2364 864 2421 Notas
892 2367 1052 2437 facite
1079 2368 1136 2422 in
1162 2368 1369 2440 populis
1401 2370 1791 2426 adinventiones
1819 2371 1935 2441 ejus
1967 2383 1988 2422 :

686 2458 1004 2515 Mementote
1049 2462 1298 2531 quoniam
1320 2461 1578 2517 excelsum
1602 2472 1678 2518 est
1713 2480 1900 2518 nomen
1920 2463 2054 2533 ejus.

614 2547 735 2604 Vox
764 2550 1130 2620 apostolorum
1155 2550 1220 2605 ad
1248 2551 1495 2622 gentiles,
1517 2552 1608 2623 qui
1624 2552 1735 2622 jam
1758 2553 2125 2619 crediderunt,

540 2647 702 2698 notas
729 2639 894 2696 facite
939 2641 994 2696 in
1025 2641 1238 2713 populis
1274 2642 1449 2699 adhuc
1477 2658 1584 2699 non
1632 2644 2001 2710 credentibus,
2029 2628 2129 2699 ad-

540 2731 884 2789 inventiones
926 2730 1065 2800 ejus.
1112 2732 1537 2789 Adiuventiones
1591 2733 1816 2801 Christi,
1865 2735 2127 2805 superbos

539 2820 853 2888 humiliore,
890 2820 1125 2878 humiles
1151 2821 1433 2890 exaltare;
1458 2823 1566 2890 vel,
1593 2833 1912 2894 peccatores
1929 2824 2128 2894 justifi-

541 2921 759 2978 care,et
777 2912 1078 2971 obstinatos
1103 2914 1381 2970 damnare.
1408 2914 1734 2972 Mementote
1751 2917 2004 2986 quoniam
2031 2931 2126 2971 ex-

544 3002 749 3057 celsum
780 3013 863 3060 cst
886 3020 1082 3061 nomen
1112 3003 1247 3074 ejus,
1280 3005 1419 3061 sicut
1449 3005 1711 3077 scriptum
1732 3015 1816 3062 est
1839 3021 1853 3061 :
1873 3006 2125 3062 Christus

540 3089 722 3149 ’actus
752 3102 834 3150 est
883 3110 984 3166 pro
1030 3096 1186 3151 nobis
1224 3096 1484 3168 qbcdieus
1529 3113 1703 3167 usque
1770 3098 1836 3152 ad
1874 3106 2123 3165 mortem,

539 3197 767 3262 propter
789 3192 932 3262 quod
957 3192 1099 3248 Deus
1126 3191 1386 3248 exultavit
1405 3207 1548 3258 eum,
1578 3203 1684 3248 etc.
1712 3192 1935 3262 (Philip.
1965 3191 2047 3265 ιι).

542 3280 578 3336 6
686 3281 909 3337 Cantate
936 3282 1163 3338 Domino
1186 3283 1439 3355 quoniam
1460 3284 1734 3355 magni/ire
1753 3282 1874 3354 fecit
1905 3296 1926 3337 :

687 3371 1009 3427 Annuntiate
1021 3373 1117 3427 hoc
1139 3373 1195 3429 in
1221 3374 1465 3430 universa
1500 3384 1663 3429 terra.

614 3464 842 3520 Cantate
862 3465 1110 3531 Domino,
1133 3465 1188 3522 id
1207 3475 1291 3522 est
1310 3465 1527 3521 laudate
1547 3465 1856 3534 Dominum,
1870 3464 2125 3537 quoniam

542 3555 832 3626 magnifice
860 3554 1009 3624 fecit,
1034 3557 1241 3613 scilicet
1259 3558 1534 3635 hominem
1566 3556 1954 3620 assumendo,a
1976 3570 2125 3610 mor-

543 3646 656 3702 tuis
682 3650 1048 3721 resurgendo,
1081 3651 1132 3705 in
1182 3650 1354 3705 cmlos
1400 3647 1763 3705 ascendendo.
1795 3646 2127 3703 Annuntiate

543 3739 733 3796 hocin
772 3742 1025 3798 universa
1060 3752 1223 3810 terra,
1250 3742 1305 3797 id
1346 3749 1433 3798 est
1479 3741 1535 3797 in
1559 3740 1812 3801 omnibus
1852 3740 2123 3812 gentibus,

541 3830 689 3901 quod
731 3833 1088 3902 assumpserit
1122 3833 1417 3891 hominem.
1966 3825 1970 3829 “

542 3923 579 3980 7
688 3924 917 3981 Exsulta
933 3936 981 3981 et
1010 3926 1197 3995 lauda,
1223 3928 1479 3983 habitatio
1499 3928 1664 3986 Sion:

688 4018 831 4086 Quia
856 4036 1078 4092 magnus
1098 4023 1153 4076 in
1181 4023 1352 4077 medio
1372 4024 1451 4076 tui
1479 4032 1690 4078 sanctus
1720 4021 1911 4077 Israel.

611 4109 662 4167 Η
716 4110 943 4168 Exsulta
978 4122 1034 4169 et
1050 4113 1228 4179 lauda,
1260 4112 1524 4169 habitatio
1551 4112 1704 4177 Sion,
1737 4113 1863 4182 quia
1895 4126 2127 4182 magnus

540 4202 599 4257 in
623 4202 803 4258 medio
821 4204 894 4258 tui
910 4212 1155 4261 sanctus.
1179 4201 1223 4259 Ο
1239 4203 1409 4275 (lii).
1427 4201 1712 4259 Habitator
1736 4202 1893 4268 Sion,
1914 4202 2124 4257 exsulta

541 4288 778 4359 etilauda
802 4291 970 4346 Deum
999 4302 1175 4360 tuum,
1198 4292 1327 4363 quia
1358 4307 1587 4364 magnus
1612 4299 1668 4346 et
1695 4299 1916 4347 sanctus
1935 4290 2122 4356 Israel,

541 4378 600 4435 id
636 4387 721 4434 est
746 4372 906 4438 Jesus
924 4381 1180 4438 Christus
1208 4382 1351 4438 Deus
1379 4391 1524 4448 tuus,
1543 4380 1636 4451 qui
1670 4389 1796 4435 tuus
1819 4388 1946 4435 ante
1976 4379 2124 4434 vide-

544 4472 710 4529 batur
741 4471 906 4539 Deus,
933 4481 990 4530 et
1013 4474 1243 4531 modicis
1262 4472 1458 4530 Judteze
1474 4482 1631 4531 terrm
1644 4472 2000 4527 claudebatur
2026 4485 2124 4527 au—

546 4563 763 4636 gustiis,
790 4579 936 4621 nunc
972 4564 1217 4635 implevit
1251 4578 1467 4619 omnem
1514 4572 1737 4628 terram,
1762 4570 1816 4616 et
1840 4561 2124 4616 invocatur

543 4653 598 4707 in
650 4649 923 4708 universis
951 4653 1219 4725 gentibus.
1250 4652 1423 4707 Aliter
1455 4669 1467 4705 :
1499 4650 1649 4715 Sion,
1675 4651 1727 4704 id
1755 4658 1840 4705 est
1858 4648 2122 4715 Ecclesia,

543 4743 728 4810 lauda,
758 4743 884 4815 quia
938 4754 1160 4802 sanctus
1217 4745 1382 4802 Israel
1433 4745 1485 4800 in
1552 4742 1730 4800 medio
1782 4742 1860 4800 tui
1917 4739 2128 4799 habitat

543 4833 797 4892 Christus
819 4836 1099 4893 Dominus.

867 4948 1216 5010 CANTICUM
1261 4951 1577 5010 EZECHL/E
1617 4951 1840 5011 REGIS.

830 5116 833 5119 ι
986 5057 1091 5099 ιεΑ.
1146 5060 1412 5102 cartruco
1450 5061 1679 5101 xxxvm.

615 5129 663 5193 Η
705 5130 784 5188 Ne
816 5131 1122 5191 elevaretur
1163 5149 1261 5191 cor
1312 5136 1558 5192 Ezeebire
1603 5144 1725 5207 post
1781 5135 2128 5193 incredibiles

548 5222 853 5292 triumphos
878 5224 1205 5295 infirmatur,
1253 5235 1309 5283 et
1347 5227 1480 5283 vidit
1509 5243 1568 5284 se
1603 5241 1725 5284 esse
1776 5228 2127 5294 moriturum,

548 5320 606 5365 et
625 5317 891 5370 convertit
915 5316 1110 5370 faciem
1144 5334 1298 5370 suam
1322 5320 1389 5370 ad
1418 5320 1676 5370 nariatam
1715 5319 1924 5370 temnli.
1947 5335 2014 5370 ne
2050 5319 2128 5370 la-

2236 1781 2379 1837 enim
2415 1780 2641 1852 implent
2660 1795 2824 1851 opera
2847 1781 3128 1846 virtutum,
3158 1795 3259 1836 nec
3285 1779 3552 1850 poenitent
3586 1776 3809 1834 delicto-2

2235 1887 2357 1928 rum
2387 1886 2630 1928 suorum.
2663 1871 2837 1928 Aliter
2865 1889 2879 1926 :
2910 1871 3025 1944 Ego
3073 1870 3205 1927 dixi.
3255 1870 3315 1925 ln
3341 1869 3569 1925 dimidio
3606 1869 3810 1923 dierum

2235 1978 2501 2030 meorum,
2532 1963 2587 2019 id
2620 1972 2705 2019 est
2729 1963 2781 2019 in
2808 1963 2988 2020 medio
3010 1977 3173 2019 cursu
3203 1962 3326 2017 vitae
3354 1976 3514 2026 mere,
3554 1961 3612 2015 id
3636 1969 3722 2016 est
3760 1961 3809 2014 in

2227 2051 2533 2123 iuventute,
2555 2053 2749 2108 vadam
2775 2053 2844 2107 ad
2877 2060 3064 2123 portas
3087 2050 3269 2115 inferi,
3293 2051 3346 2106 id
3373 2059 3458 2106 est
3487 2049 3807 2105 descendam

2231 2142 2300 2197 ad
2324 2141 2618 2208 infernum,
2650 2142 2792 2198 sicut
2818 2143 3000 2199 caeteri
3041 2142 3237 2197 sancti.
3274 2140 3509 2207 Quatsivi
3537 2138 3808 2195 residuum

2232 2247 2497 2289 annorum
2520 2249 2787 2303 meorum,
2816 2234 2870 2289 id
2897 2242 2982 2289 est
3006 2249 3114 2289 non
3149 2247 3234 2288 me
3258 2241 3458 2303 putans
3482 2231 3627 2286 ultra
3646 2229 3813 2285 victu-

2231 2326 2375 2387 rum,
2408 2321 2675 2391 postulavi
2718 2331 2779 2377 ut
2820 2322 3212 2381 concederetur
3248 2320 3383 2378 mihi
3433 2329 3652 2391 tempus
3693 2320 3814 2374 vitae

2232 2413 2377 2482 quod
2402 2413 2680 2470 residuum
2717 2422 2858 2471 erat.

2228 2501 2266 2557 2
2376 2503 2501 2560 Dixi
2521 2520 2541 2559 :
2557 2504 2683 2560 Non
2710 2503 2887 2560 uidebo
2903 2503 3180 2561 Dominum
3197 2502 3361 2559 Deum
3390 2503 3449 2558 in
3473 2512 3619 2558 serra
3644 2502 3809 2558 siren-

2444 2596 2576 2650 tium
2598 2608 2619 2648 :

2319 2685 2445 2740 Non
2459 2686 2713 2755 aspiciant
2736 2688 2995 2742 hominem
3009 2687 3148 2741 ultra
3167 2696 3213 2741 et
3234 2687 3586 2741 habitatorem
3603 2686 3807 2756 quietis.

2300 2776 2419 2830 Dixi
2452 2794 2466 2830 :
2494 2776 2611 2832 Non
2645 2778 2867 2845 videbo,
2891 2776 3235 2842 subauditur,
3279 2777 3325 2830 si
3368 2774 3702 2831 descendere
3755 2774 3811 2828 in

2230 2866 2525 2935 infernum,
2547 2883 2654 2923 non
2667 2867 2858 2924 videbo
2874 2867 3043 2923 Deum
3058 2867 3112 2921 in
3125 2867 3389 2923 societate
3402 2874 3739 2920 sanctorum.
3754 2863 3807 2917 ln

2231 2966 2377 3014 terra
2401 2959 2717 3015 viventium.
2744 2948 2791 3014 il
2821 2961 2963 3032 Ergo
2974 2960 3125 3031 regio
3138 2957 3583 3028 sanctorumipsa
3597 2965 3802 3025 estquze

2154 3078 2200 3139 ο
2230 3058 2455 3105 vocatur
2483 3058 2627 3105 terra
2642 3050 2962 3105 viventium.
2996 3049 3110 3105 Hoc
3151 3056 3239 3104 est
3265 3056 3448 3103 autem
3474 3060 3639 3101 omne
3662 3043 3799 3114 quod

2229 3140 2440 3203 metuit,
2469 3153 2538 3194 ne
2563 3139 2800 3195 salutare
2819 3139 2937 3203 Dei,
2963 3140 3157 3194 ductus
3197 3137 3266 3192 ad
3306 3136 3512 3192 inferos
3547 3150 3660 3190 non
3705 3146 3810 3186 me-

2230 3238 2418 3285 reatur
2438 3230 2701 3301 aspicere.
2724 3229 2842 3285 Non
2862 3229 3120 3300 aspiciam
3137 3228 3412 3284 hominem
3430 3226 3646 3281 ultraet.
3661 3221 3810 3279 habi-

2231 3330 2459 3378 tutorem
2482 3321 2705 3392 quietis.
2731 3320 2886 3388 Quod
2912 3335 3012 3375 nos
3036 3320 3167 3375 olim
3205 3327 3428 3390 propter
3466 3314 3626 3371 verbi
3647 3312 3813 3369 ambi-

2228 3413 2485 3483 guitatem
2514 3412 2761 3483 sequenti
2788 3410 3057 3467 versiculo
3094 3409 3394 3479 iunximus.
3433 3406 3631 3462 Sermo
3671 3405 3811 3461 enim

2227 3503 2554 3569 llebraicus,
2583 3502 2633 3557 si
2657 3503 2856 3574 legitur
2871 3501 3014 3565 edel,
3040 3501 3266 3572 requiem
3297 3497 3571 3570 signiﬁcat
3589 3513 3604 3550 :
3622 3496 3668 3551 si
3687 3507 3812 3549 vero

2228 3594 2347 3649 eled
2371 3595 2687 3649 occidentem
2710 3592 2996 3665 signiﬁCat.
3022 3592 3200 3647 Timet
3217 3604 3346 3660 ergo
3373 3603 3444 3644 ne
3467 3602 3597 3643 cum
3618 3583 3815 3641 sanctis

2228 3686 2272 3740 D
2306 3686 2322 3739 i
2352 3686 2660 3740 hominibus
2708 3700 2816 3740 non
2839 3683 3050 3739 habitet
3096 3682 3150 3736 in
3175 3680 3385 3750 requie,
3425 3693 3495 3734 ne
3532 3673 3812 3748 generatio

2231 3775 2371 3831 illius
2398 3777 2569 3831 instar
2590 3774 2924 3831 tabernaculi
2947 3773 3297 3837 dissolvatur,
3327 3785 3398 3825 ne
3429 3770 3484 3823 in
3511 3766 3637 3822 tela:
3662 3763 3813 3821 simi-

2229 3866 2509 3924 litudinem
2538 3868 2590 3921 in
2628 3868 2745 3936 ipso
2796 3865 2934 3921 lucis
2984 3863 3208 3920 exordio
3238 3859 3597 3933 praecidatur,
3639 3865 3696 3913 et
3718 3869 3811 3910 ne-

2229 3974 2499 4030 quaquam
2528 3958 2595 4014 de
2617 3957 2823 4013 semine
2848 3955 2966 4025 ejus
2995 3953 3249 4011 Christus
3269 3952 3496 4007 oriatur.

2261 4052 2297 4106 ὅ
2368 4050 2649 4110 Generatio
2672 4065 2787 4103 mea
2813 4046 2989 4105 ablata
3037 4053 3114 4100 est
3142 4053 3190 4099 et
3217 4041 3495 4098 convoluta
3534 4048 3612 4093 est
3638 4055 3672 4092 a
3697 4052 3773 4090 nte
3790 4048 3810 4088 .'

2373 4140 2541 4205 Quasi
2572 4136 2968 4194 tabernaculum
2992 4145 3286 4205 pastorum.

2296 4229 2590 4285 Generatio
2610 4242 2751 4294 mea,
2782 4226 2835 4281 id
2855 4224 3263 4296 estprocrcatio
3289 4220 3524 4275 ﬁliorum
3547 4230 3809 4279 meorum,

2226 4321 2413 4377 avulsa
2433 4331 2489 4377 et
2515 4327 2721 4375 remota
2767 4325 2872 4374 est.
2911 4316 3102 4384 Quasi,
3134 4315 3187 4369 id
3216 4320 3321 4378 est,
3351 4311 3495 4366 sicut
3525 4318 3810 4363 amovetur

2152 4424 2204 4483 ι)
2233 4409 2641 4467 tabernaculum
2664 4416 2964 4479 pastorum.
3004 4405 3203 4459 Tribus
3232 4402 3406 4459 modis
3454 4399 3676 4454 dolebat
3718 4398 3812 4450 iste

2233 4504 2315 4558 vir
2336 4511 2578 4566 sanctus,
2609 4500 2695 4555 vel
2723 4499 2849 4569 quia
2878 4492 3088 4553 sciebat
3114 4509 3174 4551 se
3205 4494 3602 4549 descensurum
3634 4489 3702 4542 ad
3732 4488 3809 4540 in-

2231 4594 2445 4650 fernum
2470 4600 2692 4662 propter
2735 4598 3042 4661 peccatum,
3078 4585 3165 4642 vel
3202 4584 3330 4655 quia
3358 4583 3574 4639 sciebat
3601 4594 3664 4636 se
3710 4594 3807 4633 non

2229 4686 2474 4741 visurum
2516 4684 2590 4739 ibi
2639 4683 2958 4747 Dominum,
3004 4679 3088 4735 vel
3133 4686 3300 4741 certe,
3347 4675 3476 4746 quia
3525 4674 3648 4728 sine
3692 4670 3811 4726 ﬁliis

2232 4774 2407 4829 adhuc
2440 4780 2583 4838 erat,
2627 4786 2735 4826 non
2777 4769 3114 4825 nasciturum
3157 4765 3453 4821 Dominum
3494 4762 3566 4819 de
3612 4760 3810 4817 semine

2186 4912 2189 4914 .
2232 4880 2354 4933 suo,
2383 4864 2476 4934 qui
2505 4872 2628 4919 erat.
2648 4862 2724 4916 illi
2751 4861 3073 4931 promissus,
3107 4857 3348 4915 timebat.

2228 4953 2262 5009 ι
2370 4954 2605 5010 Prwcisa
2631 4961 2706 5007 est
2736 4951 2872 5007 velut
2895 4968 2928 5005 a
2956 4959 3158 5005 texente
3184 4947 3288 5004 vita
3315 4961 3431 5001 mea
3454 4961 3475 4999 :

2371 5047 2510 5101 Dum
2533 5046 2706 5099 adhuc
2725 5044 2931 5098 ordirer
2951 5042 3175 5097 succidit
3201 5056 3302 5094 me.

2302 5171 2320 5185 ο
2372 5139 2451 5194 De
2477 5154 2630 5193 mane
2656 5151 2819 5207 usque
2844 5134 2915 5189 ad
2944 5149 3208 5201 vesperam
3233 5129 3389 5200 ﬁnies
3422 5144 3526 5183 me.

2301 5230 2533 5287 Prmeisa
2563 5227 2807 5292 estvita,
2853 5226 2907 5281 id
2933 5231 3017 5279 est
3064 5237 3258 5279 cursus
3309 5221 3435 5275 vita
3476 5234 3637 5274 meat.
3679 5218 3805 5272 Dum

2231 5322 2409 5370 adhuc
2436 5319 2670 5370 ordirer.
2707 5316 2759 5370 id
2807 5323 2893 5370 est
2931 5315 3057 5370 dum
3090 5326 3266 5368 esseut
3314 5310 3558 5370 iuvenis,
3586 5307 3803 5365 succidit
