3994 5370
203 415 241 465 5
345 411 646 486 Sperabam
669 436 834 495 usque
859 426 932 480 ad
964 444 1118 487 mane
1139 446 1159 486 :

347 504 517 571 Quasi
543 509 628 565 leo
660 515 738 569 sic
761 519 1005 575 contrivit
1027 525 1205 581 omnia
1235 544 1357 584 ossa
1383 548 1519 589 mea.

274 593 322 653 Η
365 594 664 665 Sperabam
708 621 880 678 usque
910 625 1095 679 mane,
1145 616 1287 672 sicut
1318 619 1438 686 Job,
1486 625 1539 679 in
1571 626 1659 683 die
1696 645 1793 684 no-

198 695 370 754 ctem,
394 691 526 747 etin
565 698 805 754 tenebris
844 700 1020 757 lucem
1047 711 1402 777 exspectabat
1455 714 1582 785 (Job
1632 723 1789 790 xvii),

199 780 504 842 mutatione
529 792 834 856 temporum
855 801 1054 860 putans
1092 800 1297 869 mutari
1315 780 1474 871 posse
1508 780 1789 875 supplicia.

203 864 321 922 Hoc
353 885 548 926 verum
593 891 714 932 esse
762 881 913 936 novit
941 885 1033 953 qui
1057 864 1268 956 magnis
1306 864 1548 949 febribus
1575 864 1788 968 mstuat,

198 953 358 1024 cujus
382 959 522 1030 ignis
552 962 824 1034 internus,
847 979 906 1024 ut
927 970 1010 1026 leo
1024 953 1204 1028 omnia
1229 993 1353 1032 ossa
1378 987 1666 1049 consumit,
1692 1002 1793 1043 nec

200 1058 263 1101 se
289 1056 444 1117 putat
496 1068 610 1122 prae
657 1057 857 1114 doloris
907 1064 1280 1133 magnitudine
1323 1073 1465 1128 ultra
1494 1072 1786 1131 victurum.

197 1134 370 1202 Quasi
397 1139 485 1195 leo
509 1143 591 1199 sic
619 1150 1073 1208 contrivitomnia
1088 1170 1212 1212 ossa
1241 1173 1382 1226 mea,
1404 1160 1458 1216 id
1477 1170 1790 1223 estomnem

195 1226 580 1289 fortitudinem
605 1252 804 1296 meam.

195 1317 232 1372 Β
342 1323 422 1378 De
450 1342 603 1382 mane
639 1345 801 1402 usque
852 1334 922 1390 ad
971 1353 1233 1408 vesperam
1295 1343 1446 1411 ﬁnies
1489 1362 1572 1402 me
1598 1361 1618 1401 .°
1654 1351 1790 1406 sicut

420 1416 598 1486 pullus
629 1421 930 1479 hirundinis
960 1428 1036 1481 sic
1061 1429 1297 1485 clamabo
1326 1447 1344 1486 .'

342 1501 649 1560 Meditabor
673 1522 726 1562 ut
743 1512 1002 1570 columba.

267 1588 426 1645 Sicut
450 1594 629 1662 pullus
660 1598 964 1659 hirundinis
993 1606 1072 1660 sic
1105 1609 1372 1677 clamabo,
1413 1614 1468 1669 id
1514 1624 1598 1671 est
1644 1617 1791 1674 sicut

195 1674 440 1773 hirundo
460 1681 540 1773 sic
583 1699 761 1754 gemo.
807 1690 1004 1746 Aliter.
1041 1694 1194 1752 Sicut
1235 1674 1410 1768 pullus
1451 1704 1786 1773 hirundinis,

193 1778 349 1820 mors
375 1767 668 1827 imminens
709 1784 763 1830 et
811 1777 1038 1848 languor
1081 1767 1400 1846 incumbens
1429 1803 1484 1847 ct
1522 1795 1697 1862 dolor,
1727 1767 1787 1853 ut
1817 1797 1862 1856 Β

194 1854 283 1910 leo
311 1871 438 1913 ossa
469 1876 589 1917 mea
624 1864 942 1939 frangebat;
977 1878 1070 1929 sed
1100 1893 1198 1948 ego
1239 1891 1298 1936 ut
1344 1885 1576 1942 hirundo
1609 1897 1662 1944 et
1688 1905 1783 1945 co-

193 1946 401 2050 lumba,
433 1951 650 2011 ﬂetibus
679 1967 733 2012 et
757 1963 1049 2028 gemitibus
1098 1946 1212 2026 dies
1257 1984 1554 2047 noctesque
1589 1980 1785 2050 junge-

191 2037 342 2105 bam,
373 2050 431 2096 et
458 2059 488 2097 a
521 2045 633 2100 Deo
664 2049 780 2104 solo
828 2055 918 2121 qui
955 2058 1244 2116 subvenire
1268 2037 1478 2133 potuit;
1504 2037 1785 2136 pra'istoula-

190 2127 295 2181 bar
315 2131 726 2192 auxiliumtcui
778 2141 1040 2211 dicebam,
1093 2149 1212 2217 plus
1261 2127 1623 2226 patior-quam
1651 2175 1773 2217 mea

190 2228 428 2285 poscunt
451 2226 666 2291 merita,
697 2230 792 2284 sed
816 2232 861 2285 si
887 2234 1013 2302 quid
1035 2240 1233 2306 erravi,
1267 2255 1557 2300 convertar
1582 2250 1648 2302 ad
1673 2265 1781 2306 me-

192 2306 322 2363 lius.
348 2311 558 2369 Clamat
581 2319 760 2386 pullus
788 2323 1090 2382 hirundinis
1123 2331 1190 2384 ad
1219 2343 1444 2390 matrem
1477 2353 1577 2406 pro
1607 2341 1729 2396 cibo
1756 2383 1772 2407 ,

190 2401 362 2466 gemit
411 2405 690 2462 columba:
713 2411 786 2464 ita
813 2427 913 2484 ego
942 2418 1009 2470 ad
1039 2418 1206 2474 Deum
1236 2439 1414 2478 meum
1437 2401 1628 2483 faciam
1653 2401 1782 2502 pro;

190 2500 317 2562 pter
348 2509 571 2566 peccata
598 2517 740 2569 mea,
780 2506 951 2562 donec
982 2513 1309 2570 misereatur
1334 2520 1462 2574 mei.

189 2584 224 2638 7
334 2586 605 2646 Attenuati
633 2607 755 2650 sunt
778 2600 945 2653 occuli
979 2605 1122 2660 mei:

347 2679 701 2752 Suspicientes
731 2689 785 2744 in
812 2693 1036 2749 excelso.

262 2769 548 2828 Attenuati
574 2785 702 2832 sunt
725 2780 868 2835 oculi
903 2784 1031 2851 mei,
1068 2783 1120 2839 id
1145 2795 1227 2842 est
1253 2787 1570 2849 defecerunt
1599 2795 1779 2869 lacry-

192 2872 407 2914 marum
452 2863 736 2922 eﬂ'usione.
795 2869 1162 2943 Suspicientes
1208 2879 1262 2934 in
1316 2883 1553 2952 excelso,
1605 2887 1658 2941 id
1698 2897 1783 2944 est

192 2951 411 3006 veniam
436 2957 800 3024 postulantes.

189 3037 225 3095 8
336 3043 579 3113 Domine,
614 3051 714 3104 vim
740 3055 936 3122 patior,
954 3061 1149 3127 sponde
1174 3079 1268 3132 pro
1299 3081 1380 3120 me
1405 3083 1424 3121 :

337 3133 480 3199 Quid
500 3139 674 3198 dicam
704 3153 794 3197 aut
824 3147 950 3216 quid
977 3154 1303 3220 respondebit
1333 3158 1478 3212 mihi.
1511 3157 1642 3214 Cum
1672 3161 1778 3235 ipse

423 3228 604 3296 fecerit
621 3233 658 3286 ?~

260 3317 516 3388 Domine,
535 3323 641 3376 vim
668 3327 864 3396 patior,
887 3332 940 3385 ld
958 3333 1343 3393 estinlirmitas
1360 3355 1474 3394 mea
1499 3344 1670 3414 major
1695 3357 1779 3402 est

181 3418 354 3474 quam
395 3406 664 3479 fragilitas
704 3431 823 3471 mea
867 3424 1220 3490 possitferre.
1275 3427 1490 3498 Sponde
1525 3406 1625 3503 prb
1668 3453 1774 3506 tae,

185 3497 348 3554 idest
374 3509 428 3556 tu
450 3514 570 3560 esto
591 3505 894 3579 lidejussor,
929 3524 985 3568 ut
1008 3519 1239 3575 sanitate
1261 3533 1479 3593 recepta
1506 3497 1571 3581 ad
1595 3497 1776 3598 priora

183 3590 319 3646 vitia
351 3609 460 3649 non
487 3599 728 3655 redeam.
764 3603 901 3670 Quid
931 3608 1127 3675 dicam,
1155 3623 1248 3666 aut
1272 3590 1405 3683 quid
1429 3590 1775 3688 respondebit
1834 3657 1848 3673 ε

184 3684 360 3739 mihi?
389 3689 730 3762 subintellige
755 3697 867 3766 ipse
897 3699 1175 3758 Dominus.
1209 3705 1251 3759 ll
1283 3707 1416 3762 Cum
1447 3684 1559 3780 ipse
1588 3713 1777 3772 fecerit

183 3773 271 3828 vel
297 3776 616 3846 imposuerit
638 3784 807 3854 ipsam
834 3788 1224 3848 inﬁrmitatem.
1251 3797 1440 3853 Aliter.
1466 3773 1550 3856 -Tu
1573 3805 1776 3874 sponde

179 3876 283 3930 pro
306 3880 416 3930 me,
449 3883 553 3923 non
585 3882 668 3926 est
700 3876 843 3929 enim
868 3878 1118 3945 volentis,
1145 3881 1327 3953 (Rom.
1353 3888 1428 3960 ix)
1461 3900 1513 3944 et
1541 3893 1768 3964 reliqua.

181 3951 251 4007 Et
288 3970 502 4011 rursum
556 3961 611 4014 in
668 3978 730 4017 se
772 3969 1091 4036 revertitur,
1139 3951 1266 4042 quid
1312 3978 1523 4047 dicam,
1580 3951 1775 4052 quidve

181 4047 449 4102 causabor
476 4061 666 4106 contra
703 4063 753 4109 te
791 4055 1051 4115 factorem
1097 4067 1316 4119 meum?
1360 4079 1452 4122 aut
1501 4073 1628 4140 quid
1682 4090 1774 4130 re-

180 4137 465 4225 spondebit
495 4142 668 4198 mihi?
688 4147 825 4218 quia
846 4148 960 4217 ipse
997 4151 1123 4207 fecit
1163 4157 1305 4225 quod
1333 4137 1547 4214 voluit}
1579 4161 1771 4220 Omnia

179 4223 346 4294 igitur
394 4231 717 4287 sustinenda
767 4246 895 4290 sunt
934 4223 1268 4320 quaecunque
1302 4248 1620 4304 decreverit.
1657 4253 1769 4321 Vel,

178 4329 301 4370 cum
333 4318 448 4388 ipse
473 4321 667 4378 fecerit
705 4340 920 4383 meeum
966 4318 1420 4408 misericordiam,
1463 4350 1518 4397 et
1553 4343 1768 4400 veniam

178 4409 553 4475 spoponderit.

180 4494 211 4549 9
318 4496 638 4570 Recogitabo
670 4509 766 4562 tibi
793 4525 969 4566 omnes
989 4531 1156 4570 annos
1187 4535 1327 4575 meos
1355 4535 1373 4575 :

315 4587 386 4643 In
411 4595 772 4652 amaritudine
800 4601 992 4657 animm
1025 4622 1176 4661 meas.

153 4667 159 4674 ”
239 4675 289 4732 Η
328 4680 660 4754 Becogitabo
684 4705 875 4748 omnes
908 4709 1082 4752 annos
1106 4715 1276 4768 meos,
1306 4704 1518 4761 scilicet
1543 4724 1765 4782 prospe-

171 4767 349 4826 ritatis
368 4782 534 4842 atque
566 4776 770 4834 laetitia:
796 4798 928 4838 mem
958 4767 1287 4845 recordabar
1319 4793 1372 4848 in
1402 4767 1764 4858 amaritudine

173 4859 369 4916 anima:
390 4879 547 4929 meae,
570 4866 626 4921 id
658 4877 741 4923 est
764 4885 884 4926 cum
919 4890 1097 4930 essem
1137 4878 1190 4932 in
1223 4884 1585 4956 amaritudine
1622 4889 1764 4946 infir-

172 4951 394 5007 mitatis.
426 4952 582 5011 Nulla
618 4973 706 5013 res
732 4963 876 5016 enim
903 4965 1062 5036 longa
1091 4951 1405 5029 mortalium
1425 4985 1528 5040 est,
1560 4983 1763 5038 omnis-

171 5055 272 5111 que
313 5043 553 5102 felicitas
603 5051 817 5119 szeculi,
864 5055 993 5110 dum
1034 5066 1259 5114 tenetur.
1295 5068 1594 5134 amittitur;
1634 5087 1758 5130 cum

171 5137 309 5191 enim
338 5147 552 5223 tempus
572 5143 934 5204 tribulationis
957 5148 1258 5220 advenerit,
1283 5162 1457 5215 omnis
1479 5167 1754 5228 praeterita

172 5231 348 5285 sarculi
373 5217 610 5290 felicitas
637 5238 768 5292 nihil
790 5241 1013 5311 adjuvat
1042 5245 1417 5307 sustinentem.
1451 5253 1596 5322 Ergo
1622 5255 1752 5314 Eze-

170 5318 314 5366 Chias
367 5332 630 5366 rpnnlnrn
666 5343 722 5366 cn
751 5331 876 5366 ιΙῖηἷο
922 5345 1118 5366 tur-nnc
1169 5349 1333 5366 ησυυυ.
1383 5341 1536 5366 ..ρ-...ε
1584 5347 1664 5366 --Α
1733 5358 1745 5366 .

1342 326 1892 394 COMMENTARIUS
1936 335 2004 394 IN
2041 340 2358 404 CANTICA.

3358 356 3464 414 534

1814 454 1963 516 A10
2027 456 2268 527 Domine,
2307 479 2352 517 si
2378 462 2452 518 sic
2500 466 2693 520 vivitur
2725 477 2772 522 et
2801 468 2858 523 in
2881 468 3073 524 talibus
3101 469 3202 524 vita
3249 471 3464 540 spiritus

2100 550 2201 603 mei
2229 552 2476 622 corripies
2501 571 2583 609 me
2607 566 2657 610 et
2684 557 2967 626 uivi/ieabis
2990 575 3070 614 me
3098 572 3120 612 :

2033 632 2170 691 Ecce
2195 637 2247 691 in
2275 656 2402 708 pace
2427 644 2730 700 amaritudo
2751 663 2866 702 mea
2893 649 3248 704 amarissima.

1959 721 2008 778 Η
2036 725 2286 793 Domine,
2308 727 2354 782 si
2381 729 2462 784 sic
2486 731 2709 800 vivitur,
2741 734 2795 789 id
2823 743 2907 790 est
2933 736 2980 792 si
3012 738 3091 792 sic
3110 746 3196 794 est
3225 740 3338 794 vita
3370 740 3471 795 bo-

1890 815 2054 870 minis
2095 827 2156 872 ut
2197 818 2522 889 inﬁrmatur,
2549 832 2605 878 et
2639 825 2692 878 in
2724 825 2945 892 talibus,
2993 828 3340 901 subintellige
3369 845 3466 884 va-

1892 903 2182 962 rietatibus
2212 908 2614 978 iulirmitatum,
2639 915 2749 968 vita
2771 915 2996 985 spiritus
3029 919 3153 984 mei,
3186 920 3341 975 idest
3361 921 3471 977 vita

1891 993 2087 1047 animae
2111 1009 2242 1050 mea:
2263 1006 2374 1063 est,
2401 999 2664 1068 corripies
2693 1003 3159 1076 me,subintcllige
3186 1006 3465 1063 inﬁrmita.

1891 1093 2001 1140 tem
2047 1087 2246 1154 dando,
2279 1097 2333 1144 et
2355 1090 2657 1148 viviﬁcabis
2689 1107 2796 1160 me,
2829 1095 3025 1150 iterum
3051 1099 3317 1166 sanando,
3345 1114 3473 1154 ecce

1890 1175 1948 1231 in
1985 1191 2120 1246 pace
2161 1178 2492 1246 amaritudo,
2520 1189 2654 1246 etc.,
2683 1181 2736 1236 id
2765 1192 2849 1238 est
2872 1199 2998 1240 ecce
3042 1186 3096 1240 in
3137 1201 3267 1256 pace
3289 1187 3471 1257 populi

1891 1266 1996 1319 mei
2026 1273 2081 1320 et
2101 1265 2340 1322 civitatis
2364 1282 2499 1324 mea:
2519 1278 2603 1324 est
2625 1271 2758 1325 mihi
2784 1274 3088 1329 amaritudo
3108 1277 3470 1348 amarissima;

1891 1354 2015 1420 illis,
2045 1349 2255 1412 scilicet
2281 1359 2514 1428 populis,
2544 1361 2610 1416 de
2666 1362 2988 1419 liberatione
3010 1367 3390 1436 gaudentibus,
3417 1377 3472 1425 et

1891 1459 1977 1499 me
1999 1459 2095 1515 per
2135 1456 2366 1502 mortem
2413 1452 2723 1517 recedente,
2756 1453 2882 1523 quia
2916 1453 3016 1522 ipsi
3059 1455 3272 1512 liberati
3296 1469 3419 1516 sunt
3442 1476 3471 1514 a

1891 1539 2281 1624 Sennacherib,
2315 1560 2415 1616 ego
2436 1547 2584 1604 solus
2613 1549 2808 1606 limina
2832 1553 3024 1609 mortis
3053 1553 3271 1610 intravi.

1891 1673 1951 1730 Η
2035 1676 2112 1732 Tu
2142 1689 2316 1735 autem
2346 1684 2530 1736 eruisti
2557 1684 2788 1741 animam
2814 1703 2983 1742 meam
3011 1697 3068 1743 ut
3096 1705 3201 1744 non
3223 1691 3417 1760 periret
3447 1704 3467 1742 :

2031 1763 2312 1841 Projecisti
2337 1783 2453 1843 post
2485 1785 2688 1846 tergum
2712 1787 2864 1833 tuum
2883 1782 3060 1834 omnia
3085 1792 3296 1852 peccata
3327 1799 3465 1837 mea.

1957 1879 2002 1934 Π
2026 1878 2104 1934 Tu
2145 1891 2328 1937 autem
2377 1885 2573 1941 eruisti
2621 1889 2860 1944 animam
2893 1906 3092 1959 meam,
3123 1892 3472 1966 subintellige

1885 1972 1950 2026 de
1978 1971 2209 2039 inferno,
2239 1984 2297 2030 ut
2319 1993 2426 2031 non
2459 1979 2687 2048 periret.
2711 1980 2779 2036 Et
2809 1981 3084 2052 proiecisti
3109 1998 3230 2054 post
3259 1995 3469 2058 tergum

1886 2071 2036 2117 tuum
2061 2066 2243 2123 omnia
2290 2078 2514 2137 peccata
2554 2082 2705 2138 mea,
2741 2088 2810 2129 ne
2840 2074 3055 2131 videres
3078 2077 3165 2131 illa
3203 2079 3270 2133 ad
3312 2081 3470 2135 dam-

1885 2155 2122 2208 nandum
2150 2171 2252 2224 me,
2278 2159 2372 2212 sed
2403 2161 2470 2215 ad
2498 2161 2909 2234 indulgendum.
2937 2165 3035 2222 Vel
3069 2168 3230 2223 etiam
3256 2169 3307 2224 in
3331 2185 3469 2240 pra:-

1885 2246 2026 2300 senti
2067 2249 2264 2304 eruisti.
2292 2251 2458 2306 vitam
2484 2268 2681 2310 meam.

1885 2353 1954 2408 12
2023 2354 2161 2421 Quia
2194 2375 2297 2412 non
2337 2361 2576 2430 infernus
2630 2363 2960 2432 conﬁtebitur
2986 2369 3101 2433 tibi,
3133 2385 3294 2436 neque
3322 2387 3463 2425 mors

2099 2447 2339 2503 laudabit
2370 2459 2418 2504 te
2441 2467 2459 2505 :

2024 2533 2146 2592 Non
2174 2541 2540 2608 exspectabant
2573 2543 2664 2613 qui
2691 2544 3010 2601 descendunt
3041 2547 3096 2603 in
3125 2549 3299 2604 lacum
3330 2551 3460 2606 veri-

2093 2640 2252 2685 tatem
2282 2614 2448 2689 ruam.

1953 2739 2000 2795 Η
2025 2741 2162 2810 Quia
2217 2761 2323 2801 non
2355 2746 2597 2805 infernus
2644 2750 2992 2809 conﬁtebitur
3019 2755 3139 2820 tibi,
3175 2756 3341 2814 idest
3365 2758 3461 2826 qui

1884 2833 1938 2888 in
1963 2834 2179 2892 inferno
2221 2848 2348 2895 sunt
2396 2856 2502 2896 non
2566 2842 2863 2900 laudabunt
2894 2855 2966 2912 te,
2995 2847 3154 2903 idest
3177 2849 3460 2914 diabobus,

1881 2941 2058 2997 neque
2099 2945 2248 2986 mors
2278 2930 2522 2988 laudabit
2557 2942 2628 2989 te.
2661 2934 2778 2991 Non
2808 2939 3204 3008 exspectabant
3245 2940 3338 3009 qui
3368 2941 3463 2994 de-

1883 3021 2145 3074 scendunt
2173 3021 2225 3075 in
2254 3021 2429 3077 lacum
2455 3025 2740 3082 veritatem
2766 3036 2933 3095 tuam,
2970 3029 3025 3084 id
3051 3037 3254 3084 estnon
3281 3047 3461 3100 exspe-

1805 3128 1852 3192 C
1883 3108 2095 3162 ctabunt
2125 3112 2393 3165 veritatem
2412 3113 2627 3183 judicii,
2656 3116 2750 3170 sed
2805 3117 3231 3174 misericordiam
3265 3119 3459 3174 libera-

1884 3196 2066 3264 tionis,
2099 3199 2333 3255 maxime
2384 3217 2507 3257 cum
2540 3202 2816 3276 Christus.
2839 3207 2906 3260 ad
2936 3207 3146 3263 inferna
3187 3208 3462 3264 descendit

1881 3294 1940 3341 ut
1969 3288 2177 3344 vinctos
2199 3289 2473 3348 liberaret.

1880 3400 1948 3456 l3
2031 3401 2210 3458 Vivens
2240 3405 2412 3463 vivens
2457 3409 2567 3480 ipse
2619 3412 2949 3480 conﬁtebitur
2975 3414 3080 3486 [tibi
3127 3417 3258 3471 sicut
3286 3427 3334 3472 et
3363 3433 3457 3488 ego

2090 3495 2245 3550 hodie
2275 3510 2294 3550 :

2016 3583 2181 3640 Pater
2201 3587 2329 3651 [iliis
2360 3599 2537 3645 notam
2563 3592 2719 3662 faciet
2747 3595 3013 3649 ueritatem
3040 3605 3207 3651 tuam.

1949 3673 2150 3732 Vivens
2172 3679 2357 3735 vivens
2412 3682 2527 3751 ipse
2555 3685 2920 3740 conﬁtebitur.
2949 3687 3201 3756 Quisquis
3223 3687 3453 3743 vivendo

1877 3765 2034 3833 vivit,
2068 3767 2124 3823 in
2156 3769 2364 3825 cmlesti
2391 3772 2586 3841 patria,
2622 3773 2736 3842 ipse
2768 3773 3007 3829 laudabit
3037 3785 3088 3831 te
3110 3777 3246 3830 sicut
3271 3784 3324 3831 et
3351 3792 3452 3848 ego

1841 3873 1846 3876 ·
1877 3853 2057 3923 hodie,
2091 3857 2431 3929 subintellige
2479 3860 2658 3915 laudo.
2706 3861 2867 3916 Pater
2904 3862 3029 3916 filiis
3083 3873 3263 3918 notam
3293 3865 3454 3920 faciet

1878 3943 2162 4000 veritatem
2215 3954 2384 4000 tuam.
2417 3947 2463 4001 Η
2512 3947 2732 4004 Patrem
2783 3965 2843 4006 se
2889 3960 3065 4016 vocat,
3094 3962 3148 4006 et
3178 3953 3456 4022 subjectos

1875 4032 1999 4098 sibi,
2026 4033 2200 4101 ﬁlios;
2227 4035 2334 4101 vel,
2372 4051 2589 4092 omnem
2620 4047 2836 4094 aetatem
2885 4049 3008 4107 post
3034 4053 3092 4093 se
3115 4039 3377 4106 futuram,
3399 4048 3457 4095 et

1874 4139 1982 4179 non
2027 4140 2059 4179 a
2105 4141 2164 4180 se
2217 4135 2532 4196 generatos,
2563 4129 2690 4197 quia
2726 4128 3012 4183 Manassen
3037 4129 3334 4198 pessimum
3366 4144 3456 4200 ge-

1875 4216 2012 4281 nuit,
2046 4217 2137 4285 qui
2167 4233 2275 4272 uon
2304 4218 2502 4285 legitur
2529 4219 2814 4274 Dominum
2858 4219 3204 4274 benedixisse
3229 4229 3286 4275 et
3314 4221 3454 4275 veri-

1875 4316 2042 4362 tatem
2073 4309 2288 4363 Domini
2334 4310 2621 4365 confessus
2647 4325 2786 4374 esse,
2823 4310 2919 4365 sed
2961 4310 3304 4366 maledixisse
3341 4310 3454 4366 Deo

1873 4408 2091 4456 sanctos
2123 4399 2240 4469 ejus
2280 4402 2678 4471 persequendo.
2716 4398 3018 4455 Veritatem
3068 4407 3238 4464 tuam,
3269 4399 3324 4454 id
3369 4408 3453 4455 est

1791 4483 1846 4544 D
1871 4493 2156 4548 veritatem
2210 4492 2599 4547 misericordia:
2637 4500 2763 4546 tum.
2798 4491 3081 4547 Confessio
3104 4491 3193 4546 hic
3221 4505 3328 4546 non
3352 4506 3452 4561 pro
3501 4509 3512 4517 ·

1867 4583 2212 4656 poenitentia,
2243 4584 2337 4639 sed
2362 4598 2462 4653 pro
2491 4583 2663 4654 gloria
2703 4591 2758 4637 et
2783 4583 2940 4638 laude
2973 4583 3257 4652 accipitur.
3289 4583 3354 4638 Et
3369 4583 3450 4685 ita

1868 4683 2022 4742 pater
2048 4673 2172 4728 filiis
2204 4682 2386 4728 notam
2414 4671 2579 4728 faciet
2609 4673 2896 4729 veritatem
2931 4682 3098 4740 tuam,
3131 4682 3192 4727 ut
3218 4687 3315 4743 per
3339 4673 3459 4728 sin-

1865 4764 2019 4835 gulas
2063 4764 2459 4830 successiones,
2503 4763 2598 4819 Dei
2638 4765 2843 4821 veritas
2883 4773 2937 4820 et
2977 4763 3189 4834 justitia
3218 4766 3461 4821 posteris

1865 4855 2211 4926 praedicetur.

1865 4947 1934 5002 14
2003 4946 2225 5000 Domine
2247 4947 2448 5002 salsum
2475 4964 2556 5001 me
2581 4947 2667 5017 fac
2697 4963 2716 5001 :

2007 5059 2075 5114 Et
2120 5061 2351 5130 psalmos
2408 5073 2613 5114 nostros
2642 5062 2971 5114 cantabimus
3019 5062 3221 5114 cunctis
3266 5058 3455 5110 diebus

2074 5156 2190 5208 vita:
2226 5167 2419 5210 nostra:
2443 5155 2497 5206 in
2520 5154 2674 5204 domo
2703 5153 2939 5207 Domini.

1930 5266 1973 5319 ll
2004 5264 2248 5330 Domine,
2285 5267 2490 5320 salvum
2520 5278 2605 5316 me
2649 5262 2758 5326 fac,
2811 5267 2877 5319 ab
2906 5261 3153 5317 omnibus
3183 5261 3445 5313 adversis.
