3994 5370
1042 408 1388 466 CANTICUM
1424 411 1653 466 ΑΝΝΔΕ.

938 510 1113 552 REGUM
1145 515 1282 554 ιιιιιιιι
1305 517 1355 565 ῐ,
1385 517 1647 558 CAPITULO
1676 519 1734 558 11.

551 580 576 633 1
686 582 955 640 Exultavit
981 605 1071 642 cor
1096 607 1264 644 meum
1290 593 1345 646 in
1379 593 1596 649 Domino
1618 613 1639 650 .°

689 670 760 722 Et
781 674 1069 729 exaltatum
1106 687 1181 731 cst
1208 692 1366 734 cornu
1393 699 1561 736 meum
1582 685 1635 738 in
1667 685 1778 740 Deo
1805 703 1936 740 meo.

619 754 667 808 Il
690 758 844 852 Dicat
864 762 1102 822 Ecclesia
1126 767 1323 824 Christi
1345 812 1360 836 ,
1383 774 1575 829 civitas
1601 779 1741 848 regis
1763 779 1960 852 magni,
1997 795 2119 848 gra-

546 844 620 898 tia
651 847 830 916 plena,
854 853 1004 918 prole
1032 856 1279 924 fecunda,
1311 861 1455 917 dicat
1504 869 1645 934 quod
1665 844 1838 926 vtanto
1852 844 2023 935 vante:
2052 876 2119 933 de

547 949 606 1026 se
661 941 1040 1026 prophetatum
1087 962 1183 1016 per
1225 964 1287 1004 os
1320 948 1475 1018 hujus
1500 957 1601 1024 piae
1632 962 1822 1015 matris
1851 967 2114 1026 agnoscit.

547 1019 849 1114 Exsultavit
875 1046 969 1086 cor
995 1049 1194 1090 meum.
1223 1039 1460 1106 Addidit,
1488 1045 1542 1098 in
1567 1044 1814 1114 Domino,
1841 1019 1964 1106 auia
2015 1071 2117 1110 non

543 1112 597 1165 in
625 1131 698 1178 se,
730 1120 820 1170 sed
849 1121 901 1173 in
935 1121 1154 1178 Domino
1169 1129 1554 1194 exsultavit.th
1593 1112 1877 1195 exaltatum
1905 1153 1978 1198 est
2001 1161 2118 1199 cor-

542 1219 812 1301 nu-meum
848 1208 900 1262 in
940 1211 1052 1266 Deo
1087 1231 1218 1270 meo.
1260 1217 1390 1273 Vero
1421 1223 1706 1280 exaltatum
1727 1246 1888 1285 cornu
1918 1249 2112 1301 meum,

540 1294 663 1388 quia
690 1311 790 1349 non
818 1299 871 1352 in
903 1316 956 1352 se
981 1303 1072 1354 sed
1101 1304 1154 1356 in
1182 1306 1403 1362 Domino
1419 1328 1514 1364 suo
1537 1316 1822 1372 exaltatum
1851 1332 1948 1388 est,
1980 1335 2028 1378 et
2060 1294 2114 1382 iu

541 1382 648 1483 alio
664 1384 774 1487 loc?
791 1387 942 1455 dicit,
957 1393 1337 1487 exaltabuntur
1350 1411 1550 1463 cornua
1566 1405 1696 1474 justi
1715 1407 1886 1477 (Psal.
1902 1382 2108 1487 Luxu"),

539 1473 664 1563 quia
727 1473 794 1529 de
837 1481 1012 1534 crucis
1035 1470 1232 1538 Christi
1282 1470 2113 1563 apicibttsjustis‘conferuntdr

541 1559 654 1656 hate
686 1577 886 1622 cornua
916 1583 931 1622 :
971 1570 1023 1624 in
1054 1573 1138 1628 his
1165 1579 1544 1637 ventilabimus
1566 1559 1748 1656 atque
1769 1559 2109 1653 dcstruemus

540 1651 878 1743 adversarios
927 1669 1242 1731 potestates,
1300 1671 1494 1727 animae
1534 1651 1730 1733 nostra:
1762 1651 2101 1743 insidiantes.

540 1739 1084 1840 Aliter:Exsitltavit
1133 1767 1228 1807 cor
1280 1772 1461 1813 meum
1513 1763 1566 1817 in
1621 1765 1868 1839 Domino,
1923 1739 2110 1840 id

538 1843 690 1885 mens
711 1847 848 1926 mea.
880 1835 946 1890 Et
973 1839 1262 1897 exaltatum
1286 1858 1452 1902 cornu
1495 1864 1694 1920 meum,
1726 1857 1777 1911 id
1813 1835 1897 1917 est
1966 1835 2110 1926 ﬁlius

538 1930 685 1974 meus
713 1921 764 1974 in
789 1924 896 1979 Deo
911 1941 1050 1982 meo.

537 2005 568 2058 2
670 2010 964 2069 Dt'latatum
986 2028 1061 2072 est
1086 2037 1142 2074 os
1172 2038 1343 2085 meum
1367 2043 1521 2098 super
1541 2033 1779 2093 inimicos
1813 2055 1952 2099 meos
1984 2062 2002 2100 :

678 2100 816 2166 Quia
844 2105 1021 2166 laetata
1044 2126 1160 2165 sum
1196 2114 1250 2168 in
1277 2117 1501 2175 salutari
1533 2134 1641 2180 tuo.

606 2188 895 2293 Dilatatum
923 2205 1006 2251 est
1030 2214 1090 2254 os
1125 2217 1305 2258 meum
1338 2213 1762 2278 superinimicos
1777 2237 1947 2293 meos,
1978 2232 2109 2286 sub-

536 2279 770 2381 intellige
809 2285 1022 2381 ludar—os
1063 2301 1117 2346 et
1143 2295 1445 2370 luereticos,
1483 2307 1606 2375 quia
1633 2325 1796 2381 super
1822 2279 1947 2374 illos
1969 2279 2106 2379 dila-

537 2377 706 2467 tatum
733 2382 815 2428 est
846 2391 907 2431 os
934 2378 1207 2450 Ecclesia,
1237 2403 1356 2457 quae
1390 2407 1569 2450 coram
1593 2377 1790 2458 Judieis
1812 2377 2110 2467 etinﬁdeli-

655 2462 769 2518 sine
792 2468 1152 2534 prohibitione
1172 2474 1410 2548 loquitur
1427 2489 1718 2544 secundum
1735 2458 2104 2568 Evangeliu‘m.

531 2549 705 2660 Aliter
733 2573 744 2608 :
776 2559 820 2610 A
851 2559 1132 2618 dilatatam
1178 2576 1260 2622 est
1289 2585 1350 2626 os
1392 2590 1594 2644 meum,
1626 2583 1752 2650 quia
1779 2549 2107 2660 et

532 2651 1056 2746 stiis‘pre‘ssurarum
1083 2669 1260 2712 sermo
1283 2659 1375 2714 Dei
1402 2680 1506 2719 non
1531 2676 1611 2722 est
1633 2671 1880 2742 alligatus
1907 2675 1994 2746 (11
2013 2651 2105 2733 "Ti-

531 2735 695 2824 molli.
724 2737 806 2806 ιι),
840 2755 941 2795 nec
972 2742 1025 2799 in
1054 2749 1394 2813 praeconibus
1415 2754 1664 2824 alligatis.
1695 2735 1764 2816 Evt
1789 2735 1964 2819 lmtala
1988 2782 2105 2822 sum

530 2822 584 2876 in
611 2825 835 2881 salutari
867 2838 974 2884 tuo.
1005 2832 1253 2893 Christus
1283 2840 1385 2896 iste
1414 2822 1695 2903 est—lesus.

531 2910 566 2962 3
675 2914 798 2970 Non
825 2929 898 2974 est
919 2934 1130 2980 sanctus
1157 2937 1210 2980 ut
1239 2940 1312 2983 est
1337 2931 1597 2992 Dominus
1623 2952 1641 2989 :

673 3002 856 3104 Neque
890 3011 1027 3104 epim
1074 3025 1150 3067 est
1177 3015 1315 3081 alius
1342 3032 1488 3074 extra
1515 3033 1563 3077 te
1592 3036 1680 3080 :ct
1721 3047 1824 3086 non
1847 3041 1920 3090 est
1951 3035 2101 3104 fortis

738 3094 874 3148 sicut
904 3096 1039 3153 Deus
1061 3113 1252 3159 uoster.

603 3179 717 3237 Non
737 3194 826 3279 est
849 3199 1085 3259 sanctus,
1146 3197 1486 3273 subinteliige
1530 3205 1744 3279 aliquis,
1787 3212 1927 3269 sicut
1959 3217 2101 3274 Deus

531 3269 706 3326 Pater.
735 3273 917 3344 Neque
942 3282 1082 3337 enim
1107 3295 1189 3340 est
1210 3288 1346 3345 alius
1360 3269 1510 3350 extra
1530 3305 1600 3364 te,
1617 3269 1985 3362 nscilicetDeus

530 3376 643 3453 rus.
676 3364 740 3419 Et
770 3382 875 3422 non
929 3381 1011 3425 est
1043 3373 1212 3440 fortis,
1247 3382 1471 3438 subaudi
1505 3387 1640 3443 alius
1676 3389 1819 3448 Deus
1848 3395 2100 3453 immuta-

527 3451 673 3520 bilis,
697 3455 837 3510 sicut
861 3466 916 3512 tu
941 3475 1062 3515 cum
1090 3463 1225 3520 Filio
1245 3477 1298 3522 et
1327 3469 1531 3539 Spiritu
1551 3489 1769 3533 sancto.
1789 3458 1834 3535 ll
1870 3451 2097 3540 Veluou

526 3551 609 3598 est
637 3557 856 3604 sanctus
882 3559 942 3606 ut
968 3561 1050 3608 est
1080 3557 1338 3614 Dominus
1359 3571 1413 3616 ct
1461 3562 1657 3631 justus,
1681 3577 1809 3634 etc.,
1846 3580 2096 3642 tanquam

526 3646 748 3692 sanctus
772 3649 827 3694 et
853 3645 1219 3718 sanctiﬁcans,
1257 3649 1434 3718 justus
1455 3664 1508 3709 et
1526 3657 1850 3725 justiﬁcans.
1879 3662 1991 3717 Non
2015 3677 2098 3722 est

524 3736 743 3782 sanctus
765 3741 919 3787 extra
941 3743 996 3789 et
1020 3747 1214 3804 praeter
1237 3748 1308 3804 te,
1336 3743 1462 3811 quia
1487 3761 1642 3802 nemo
1687 3749 1747 3804 ﬁt
1773 3750 1876 3806 nisi
1898 3753 1994 3808 abs
2022 3762 2094 3810 te.

523 3810 558 3864 4
666 3814 845 3872 Nolite
870 3823 1216 3893 multiplicare
1236 3810 1375 3899 loqui
2086 3825 2088 3827 i

665 3906 924 3966 Sublimia
952 3927 970 3964 :
991 3915 1290 3984 gloriantes.

605 3998 878 4094 Bantinos.
931 4004 1044 4061 Vox
1093 4009 1383 4073 Ecclesiae:
1412 4016 1592 4074 Nolite
1633 4022 1990 4094 multiplicare
2017 4025 2095 4081 lo-

521 4087 715 4182 qui,__id
741 4102 824 4147 est
851 4096 1016 4151 nolite
1035 4098 1249 4168 gloriari
1281 4104 1333 4158 in
1361 4108 1620 4176 sapientia
1646 4087 1806 4182 legis.-
1844 4115 2093 4171 sublimia

523 4174 759 4248 intellige
794 4182 979 4252 verba,
1007 4186 1317 4256 gloriantes.
1351 4174 1844 4255 EtSalomouvdicit
1876 4219 1890 4255 :
1917 4204 2093 4258 Altio-

525 4277 583 4316 ra
610 4273 660 4354 te
690 4283 757 4322 ne
806 4274 1083 4338 quaesieris
1107 4277 1297 4347 (Eccli.
1326 4283 1431 4354 ιιι),
1465 4293 1520 4340 et
1548 4287 1672 4342 alibi
1700 4307 1713 4342 :
1743 4288 1998 4346 Dominus
2039 4294 2092 4347 in

527 4353 666 4408 coelo
702 4366 755 4410 et
784 4366 838 4412 tu
876 4362 927 4414 in
963 4372 1104 4418 terra
1141 4367 1339 4438 (Eccle.
1370 4373 1424 4445 v)
1453 4393 1465 4426 :
1496 4375 1616 4431 ideo
1661 4377 1767 4432 sint
1789 4380 1946 4446 pauci
1970 4395 2088 4438 ser-

480 4474 493 4485 -
525 4457 712 4499 mones
741 4449 838 4505 tui.

523 4529 551 4556 ιιι

520 4533 553 4581 5
663 4533 919 4592 Ilcccdcus
954 4553 1118 4598 vetera
1143 4549 1206 4600 de
1225 4565 1313 4603 ore
1341 4562 1503 4606 vestro
1533 4571 1551 4608 :

666 4623 803 4689 Quia
835 4627 976 4684 Deus
1029 4637 1362 4693 scientiarum
1407 4641 1662 4706 Dominus
1690 4658 1708 4696 .'
1736 4656 1783 4700 et
1807 4647 1904 4718 ipsi
1951 4665 2085 4718 prte-

672 4721 684 4731 ‘
727 4731 984 4786 parantur
1005 4727 1358 4795 cogitationes.

589 4805 1089 4883 Recedantvctera,
1118 4818 1169 4872 id
1214 4831 1294 4875 est
1315 4832 1525 4878 veteres
1564 4828 1893 4884 traditiones.
1935 4829 2079 4895 Quo-

520 4898 667 4951 niam
691 4899 831 4956 Deus
862 4906 1206 4965 scientiarum
1240 4913 1516 4978 Dominus,
1551 4918 1602 4972 id
1653 4929 1732 4972 est
1777 4936 1879 4974 non
1906 4923 2078 4976 solum

517 4987 612 5041 dat
635 4989 915 5042 scientiam
957 5001 1157 5042 sancti:
1207 5004 1298 5042 carl
1331 5014 1379 5042 ni
1412 5006 1508 5042 inci
1537 5019 1908 5042 nu-mnnunntnn
1936 5012 2047 5042 ιιηηῖ

1471 299 1527 357 s.
1569 299 1919 359 BRUNONIS
1957 295 2496 370 llERBlPQLENSlS
2534 295 2838 369 mscert

2163 416 2214 472 Α
2240 413 2426 466 videns
2463 409 2810 481 cogitationes
2835 407 3132 473 hominum,
3163 408 3416 477 quoniam
3463 420 3621 460 vanae
3648 416 3785 460 sunt:

2117 4419 2170 4477 D

3692 293 3791 347 536

2223 505 2268 559 si
2291 503 2568 557 hominum
2593 509 2738 564 sunt,
2762 509 2818 554 et
2847 501 2916 553 ab
2959 499 3048 553 illo
3075 515 3182 554 non
3212 507 3336 553 sunt
3371 514 3400 552 a
3425 513 3534 568 quo
3566 497 3665 566 ipsi
3697 499 3784 552 ho-

2222 595 2397 650 mines
2432 601 2578 655 sunt,
2601 591 2730 646 sinit
2762 591 3024 659 superbos
3045 591 3256 655 cadere,
3288 589 3522 658 humiles
3543 588 3778 642 exaltari.

2221 681 2255 738 6
2355 680 2522 734 Arcus
2548 681 2765 749 fortium
2788 689 3063 748 superatus
3090 688 3164 732 est
3196 692 3214 730 :

2363 771 2430 824 Et
2452 770 2646 839 inﬁrmi
2673 769 2894 823 accincti
2919 780 3038 821 sunt
3061 770 3259 822 robore.

2288 862 2461 916 Arcus
2491 858 2708 914 fortium
2736 869 3018 925 superatus
3040 866 3142 920 est,
3169 857 3219 910 id
3242 867 3323 910 est
3354 854 3601 925 potentia
3625 852 3781 922 Egy-

2217 950 2454 1022 ptiorum
2478 948 2532 1002 iu
2563 947 2731 1017 signis
2757 945 2946 1015 Moysi,
2991 944 3076 1000 vel
3106 954 3344 1014 potestas
3370 943 3698 999 Judteorum.
3721 942 3780 995 Et

2217 1039 2413 1094 inﬁrmi
2437 1036 2667 1091 accincti
2707 1036 2902 1090 robore
2926 1043 3072 1097 sunt,
3103 1035 3155 1088 id
3185 1043 3286 1088 est.
3321 1033 3492 1087 Judtei
3521 1032 3731 1087 liberati
3750 1046 3776 1086 a

2214 1131 2474 1186 servitute
2503 1127 2746 1199 Egypti,
2770 1126 2854 1182 vel
2875 1126 3103 1197 gentiles
3133 1124 3445 1180 fortitudine
3468 1123 3615 1177 ﬁdei.

2215 1222 2246 1275 7
2354 1219 2552 1290 Repleti
2575 1219 2722 1289 prius
2751 1233 2844 1288 pro
2879 1218 3100 1287 panibus
3121 1233 3174 1270 se
3194 1215 3494 1271 locaverunt
3523 1203 3545 1268 ξ

2352 1309 2608 1364 Fameliei
2625 1309 2848 1376 saturati
2876 1317 3023 1363 sunt.

2285 1403 2328 1457 ll
2362 1401 2566 1471 Repleti
2594 1400 2744 1470 prius
2771 1414 2869 1470 pro
2907 1400 3138 1469 panibus
3183 1414 3241 1453 se
3266 1398 3602 1463 locaverunt,
3622 1396 3674 1450 id
3699 1403 3773 1453 est

2212 1493 2439 1562 gentiles
2461 1506 2565 1545 non
2607 1489 2868 1545 habentes
2907 1490 3060 1559 prius
3089 1489 3411 1544 doctrinam.
3442 1486 3611 1542 Judaei
3639 1485 3771 1539 enim

2213 1582 2402 1652 repleti
2457 1588 2581 1636 sunt
2621 1581 2772 1658 prius
2797 1580 3044 1650 panibus,
3072 1580 3124 1633 id
3157 1589 3240 1634 est
3285 1580 3532 1638 doctrina
3572 1576 3773 1631 Veteris

2211 1672 2561 1736 Testamenti,
2587 1679 2640 1726 et
2672 1686 2771 1741 pro
2804 1670 3031 1740 panibus
3053 1685 3112 1724 se
3146 1670 3478 1732 locaverunt,
3503 1668 3556 1722 id
3581 1675 3663 1721 est
3687 1680 3775 1734 pro

2141 1744 2184 1804 Β
2212 1762 2455 1829 doctrina
2476 1759 2676 1815 Christi
2701 1775 2760 1816 se
2780 1768 3163 1834 seperaverunt
3184 1774 3212 1811 a
3229 1757 3500 1813 consortio
3524 1755 3772 1819 ﬁdelium,

2210 1852 2402 1918 Aliter,
2433 1841 2844 1916 selocaverunt,
2893 1849 2947 1904 id
2977 1856 3060 1904 est
3087 1847 3298 1903 diabolo
3325 1845 3673 1901 tradiderunt
3720 1856 3776 1896 se

2210 1955 2309 2012 pro
2352 1940 2614 2010 doctrinis
2656 1940 2789 2005 suis,
2841 1937 3084 1995 nolentes
3127 1937 3531 1998 communicare
3569 1931 3774 2002 corpori

2209 2031 2428 2086 Christi.

2210 2120 2243 2175 8
2349 2120 2524 2175 Donec
2543 2120 2733 2175 sterilis
2755 2121 2947 2189 peperit
2975 2118 3227 2188 plurimos
3249 2131 3269 2169 :
3539 2175 3545 2180 ,

2352 2209 2420 2264 Et
2448 2227 2564 2281 qua:
2584 2211 2775 2264 multos
2801 2210 3020 2284 habebat
3050 2208 3186 2276 ﬁlios
3217 2208 3484 2276 infirmata
3511 2215 3608 2259 est.

2219 2283 2252 2298 ’ν
2281 2300 2458 2356 Donec
2504 2302 2705 2356 sterilis
2734 2301 2942 2370 peperit
2987 2301 3266 2370 plurimos,
3302 2299 3351 2351 id
3393 2305 3478 2352 est
3512 2295 3776 2367 gentilitas

2208 2395 2416 2463 peperit
2457 2395 2720 2464 plurimos
2769 2393 2927 2447 ﬁlios.
2970 2392 3037 2445 Et
3081 2391 3262 2446 Juda‘a
3302 2389 3570 2442 inﬁrmata
3597 2395 3696 2450 est,
3727 2387 3774 2438 in

2208 2485 2465 2553 pariendo
2490 2485 2625 2539 ﬁlios
2654 2485 2767 2539 Dei.
3238 2489 3243 2493 “

2207 2575 2242 2629 9
2348 2576 2601 2636 Dominus
2633 2575 2912 2643 mortiﬁcat
2936 2583 2984 2628 et
3019 2573 3238 2641 viviﬁcat
3267 2585 3284 2622 :

2346 2667 2570 2721 Deducit
2599 2668 2668 2720 ad
2699 2667 2891 2735 inferos
2918 2676 2964 2720 et
2993 2665 3206 2720 reducit.

2277 2758 2535 2814 Dominus
2565 2759 2857 2813 mortiﬁcat
2884 2765 2938 2812 et
2961 2757 3219 2818 vivilicat,
3249 2753 3411 2808 Pater
3437 2750 3774 2807 mortiﬁcavit

2205 2846 2399 2903 Filium
2441 2847 2761 2917 permittens
2795 2845 2944 2900 illum
2985 2845 3122 2898 tradi
3165 2859 3322 2913 quem
3361 2841 3656 2896 viviﬁcavit
3696 2855 3775 2892 re.-

2205 2937 2490 3006 Surgcndo.
2541 2935 2585 2989 Η
2640 2935 2866 2989 Deducit
2909 2936 2974 2987 ad
3010 2933 3210 2987 inferos
3233 2940 3286 2984 et
3329 2930 3563 2995 reducit,
3607 2929 3658 2983 id
3697 2937 3772 2981 est

2206 3025 2428 3079 deduxit
2471 3025 2706 3078 animam
2739 3024 2858 3079 Filii
2889 3039 3012 3078 cum
3040 3023 3374 3093 jucunditate
3397 3023 3464 3077 ad
3495 3020 3696 3076 inferos
3721 3028 3775 3072 et

2129 3087 2175 3148 δ
2206 3116 2438 3188 reduxit.

2206 3205 2270 3276 10
2342 3206 2597 3260 Dominus
2626 3220 2901 3275 pauperem
2932 3203 3058 3274 facit
3089 3211 3137 3256 et
3165 3203 3294 3256 ditat
3323 3216 3343 3252 :

2345 3294 2606 3349 Humiliat
2641 3305 2688 3348 et
2727 3294 2993 3348 sublimat.

2268 3387 2529 3441 Dominus
2565 3400 2854 3455 pauperem
2901 3383 3050 3453 facit,
3079 3399 3200 3438 cum
3241 3382 3409 3436 dicit:
3441 3380 3501 3436 Si
3537 3381 3622 3435 vis
3649 3394 3767 3450 per.-

2199 3473 2375 3530 fectus
2420 3489 2560 3539 esse,
2590 3474 2762 3528 vende
2803 3474 2980 3527 omnia
3009 3489 3128 3541 quae
3171 3473 3335 3526 habes
3361 3469 3580 3540 (Matth.
3633 3472 3763 3536 xu).

2200 3566 2266 3620 Et
2310 3567 2464 3629 ditat,
2507 3564 2812 3636 generando
2861 3565 2914 3619 in
2963 3565 3052 3617 illo
3105 3565 3350 3629 virtutes,
3390 3571 3446 3616 et
3497 3559 3767 3619 reddendo

2200 3655 2530 3722 centuplum.
2562 3654 2836 3719 lluntiliat,
2872 3663 3087 3708 sanctos
3113 3653 3163 3706 in
3194 3651 3467 3722 praesenti,
3505 3658 3564 3706 et
3606 3648 3764 3719 subli-

2199 3753 2331 3810 mat,
2363 3745 2414 3797 iu
2445 3744 2643 3798 futuro.

2146 3847 2150 3851 '
2200 3833 2259 3886 11
2339 3831 2609 3887 Suscitaus
2626 3833 2688 3887 de
2708 3835 2914 3904 pulvere
2939 3850 3151 3903 egenum
3181 3848 3201 3886 :

2339 3922 2407 3977 Et
2438 3925 2502 3976 tle
2529 3933 2756 3977 stercore
2781 3924 2978 3992 erigens
3009 3938 3310 3992 pauperem.

2267 4013 2312 4067 Η
2345 4012 2623 4068 Suscitans
2653 4014 2717 4068 de
2759 4013 2976 4083 pulvere
3018 4027 3264 4081 egenum,
3297 4011 3346 4064 id
3373 4019 3456 4063 est
3483 4009 3551 4063 de
3579 4023 3759 4067 corrug-

2196 4104 2381 4174 ptione
2432 4104 2728 4166 Christum,
2780 4104 2904 4172 quia
2953 4118 3080 4156 caro
3131 4100 3244 4169 ejus
3293 4116 3397 4153 non
3420 4100 3560 4154 vidit
3585 4113 3759 4153 corm-

2194 4195 2434 4264 ptionem
2462 4193 2632 4262 (Psal.
2671 4191 2785 4262 xv).
2819 4191 2894 4246 De
2925 4201 3162 4246 stercore
3187 4191 3398 4260 erigens
3435 4201 3721 4258 pauperem
3741 4224 3756 4248 ,

2198 4287 2249 4341 id
2279 4295 2363 4341 est
2392 4285 2682 4357 apostolos.
2712 4285 2901 4349 Aliter,
2936 4286 3203 4339 suscitans
3226 4299 3255 4336 a
3283 4293 3425 4336 terra
3449 4295 3756 4351 pauperem,

2198 4381 2250 4434 itl
2290 4390 2373 4435 est
2408 4379 2716 4443 Christum,
2752 4379 2842 4447 qui
2882 4387 3098 4446 propter
3121 4391 3218 4430 nos
3254 4388 3457 4445 pauper
3485 4371 3659 4428 lactus
3681 4379 3754 4425 cst

2197 4483 2318 4522 cum
2349 4469 2500 4522 dives
2528 4475 2695 4533 esset,
2725 4476 2786 4520 ut
2812 4466 3265 4536 ejus-paupertate
3294 4461 3377 4515 vel
3417 4469 3594 4515 morte
3624 4461 3753 4514 dita-

2197 4575 2379 4615 remur
2399 4559 2481 4632 (ΙΙ
2501 4557 2624 4613 Cor.
2646 4558 2787 4624 vm).
2814 4558 3023 4628 [Cgcnus
3049 4555 3243 4624 quippe
3270 4553 3407 4606 idem
3425 4551 3518 4620 qui
3541 4564 3751 4620 pauper.

2195 4649 2419 4705 Stercus
2465 4657 2665 4711 autem,
2702 4649 2842 4701 unde
2877 4655 3092 4701 erectus
3122 4655 3222 4704 est,
3259 4643 3560 4698 rectissime
3607 4639 3741 4695 intel-

2194 4739 2432 4810 liguntur
2463 4745 2834 4808 persecutores
2860 4735 3048 4790 Judaei.

2189 4830 2257 4902 12
2331 4829 2397 4884 Ut
2419 4831 2590 4885 sedeat
2617 4845 2733 4882 cum
2759 4826 3074 4896 principibus
3101 4841 3119 4878 :

2332 4919 2397 4972 Et
2419 4919 2604 4972 solium
2633 4918 2813 4986 gloria!
2835 4925 3024 4970 teneat.

2258 5011 2301 5042 11
2337 5009 2400 5042 ΠΙ
2434 5010 2611 5042 collari}
2665 5023 2784 5042 mum
2832 5006 3160 5042 nI-inl-inilulc
3214 5003 3263 5042 is"
3290 5008 3372 5042 τιεί
3393 5013 3516 5042 orum
3546 5005 3748 5042 9M8“)-

2665 5023 2784 5042 nnns
2832 5006 3160 5042 nI-int-inilulc
