3994 5370
165 235 263 291 $37

1252 238 1801 299 costuENTMt-tus
1839 242 1906 297 lN
1944 235 2256 302 castrth

3303 252 3407 310 558

163 365 348 408 eorum
382 349 556 422 (Psal.
608 349 784 421 xvtu).
816 352 881 405 Et
905 351 1083 421 posuit
1127 368 1289 422 super
1311 371 1405 410 eos
1429 358 1638 420 orbem,
1679 357 1729 411 id
1757 365 1802 420 Α
1834 358 2010 410 carnis
2047 361 2432 428 assumptione,
2473 371 2528 414 et
2575 364 2844 416 nascendo
2875 363 2942 418 de
2972 362 3136 419 Maria
3174 362 3402 435 virgine,

163 446 504 496 est'sanctam
526 442 828 496 Ecclesiam
841 456 1000 510 super
1015 443 1314 498 doctrinam
1342 445 1727 515 apostolorum.

161 559 229 622 μ
303 559 474 614 Pedes
523 568 822 613 sanctorum
864 575 1076 613 suorum
1107 560 1439 614 servabit:et
1486 562 1630 630 impii
1676 561 1731 616 in

373 649 599 702 tenebris
636 649 974 703 conticescent
1007 662 1026 700 :

299 738 443 803 Quia
466 737 642 790 nonin
679 736 985 806 fortitudine
1018 755 1114 792 sua
1147 739 1472 791 roborabitur
1493 739 1586 792 vir.

223 828 399 890 Pedes
424 837 736 882 sanctorum
762 843 1001 893 suorum,
1042 829 1094 882 id
1123 839 1204 882 est
1237 844 1428 882 sensus
1462 827 1544 881 vel
1566 843 1727 898 opera

159 916 397 970 servabit
420 930 490 970 ne
535 925 779 984 peccent.
810 916 960 985 lmpii
984 917 1036 970 in
1071 917 1306 971 tenebris
1342 917 1726 982 conticescent,

156 1005 348 1070 Judaei,
367 1006 575 1061 scilicet
592 1007 827 1061 haeretici
851 1017 906 1062 et
931 1007 1047 1062 falsi
1068 1007 1384 1070 Christiani,
1418 1009 1506 1078 qui
1533 1023 1728 1080 vagan-

158 1105 244 1150 tur
278 1095 602 1151 olfendendo
622 1137 636 1162 ,
677 1096 1094 1167 discurruntque
1124 1098 1284 1154 simul
1325 1113 1444 1152 cum
1473 1098 1727 1152 daemoni-

157 1185 274 1238 bus.
302 1184 440 1250 Quia
467 1200 573 1238 non
614 1185 670 1238 in
697 1185 1010 1240 fortitudine
1047 1201 1143 1240 sua
1173 1186 1515 1240 roborabitur
1536 1187 1638 1250 vir,
1672 1186 1726 1240 id

153 1280 237 1325 est
284 1287 446 1325 nemo
485 1272 645 1328 fortis
685 1275 738 1328 in
770 1276 983 1344 pr0pria
1023 1275 1337 1329 fortitudine
1375 1274 1720 1328 convalescit.

154 1359 342 1423 Aliter,
367 1360 536 1428 pedes
568 1370 874 1415 sanctorum
893 1401 908 1426 ,
937 1363 1037 1418 hoc
1060 1371 1142 1416 est
1174 1363 1467 1418 electorum
1505 1377 1724 1416 suorum

147 1461 335 1516 opera,
364 1448 419 1500 in
452 1447 595 1502 viam
633 1448 857 1518 justitize
881 1451 1084 1519 dirigit.
1117 1451 1182 1504 Et
1223 1452 1368 1519 impii
1406 1453 1459 1504 in
1489 1451 1725 1506 tenebris

152 1540 534 1601 conticescent,
564 1541 691 1608 quia
731 1540 1010 1594 mittentur
1049 1541 1100 1594 in
1135 1541 1384 1595 tenebras
1406 1542 1721 1605 exteriores,

153 1626 237 1679 ubi
263 1627 656 1691 conticescent,
689 1628 741 1682 id
781 1637 865 1683 est
891 1629 958 1682 ab
988 1628 1294 1699 arrogantia
1325 1629 1590 1699 superbia:
1615 1643 1725 1683 Siue

152 1716 459 1768 cessabunt.
508 1716 646 1781 Quia
689 1732 793 1771 non
837 1717 888 1770 in
919 1717 1234 1772 fortitudine
1259 1732 1354 1772 sua
1381 1718 1723 1772 roborabitur
1752 1709 1797 1769 Β

150 1806 251 1871 vir,
306 1808 412 1860 hoc
455 1807 622 1862 estin
662 1807 978 1862 fortitudine
1023 1810 1260 1878 propria,
1291 1809 1383 1863 sed
1432 1809 1483 1862 in
1523 1809 1723 1864 virtute

149 1893 328 1948 divina
356 1904 537 1964 potest
565 1910 684 1951 esse
716 1897 818 1960 vir,
852 1898 903 1950 id
935 1907 1018 1952 est
1046 1899 1271 1968 p0pulus
1294 1899 1652 1953 credentium.

150 2004 215 2067 15
284 2004 571 2059 Dominum
602 2005 957 2075 formidabant
988 2008 1277 2062 adversarii
1312 2008 1425 2077 ejus
1447 2021 1466 2059 :

281 2095 352 2149 Et
382 2112 536 2164 super
557 2097 693 2164 ipsos
715 2097 769 2150 in
799 2097 938 2151 calis
967 2098 1188 2153 tonabit.

213 2187 502 2242 Dominum
537 2187 908 2243 formidabant
938 2189 1230 2244 adversarii
1259 2187 1394 2257 ejus,
1422 2189 1471 2242 id
1500 2199 1584 2244 est
1613 2189 1723 2244 dae-

147 2292 332 2332 mones
369 2277 455 2332 vel
495 2279 741 2334 homines
789 2279 960 2349 impii.
1002 2281 1065 2333 Et
1096 2295 1256 2350 super
1302 2281 1471 2351 ipsos,
1493 2281 1715 2334 subaudi

146 2368 372 2436 impios;
421 2376 590 2432 tonat,
640 2369 692 2422 in
723 2370 972 2440 praesenti
1013 2372 1065 2425 in
1102 2371 1254 2425 libris
1280 2373 1613 2426 comminans
1639 2371 1718 2426 eis

146 2465 342 2511 aeterna
390 2457 670 2528 supplicia,
717 2459 803 2512 vel
832 2459 886 2514 in
913 2459 1092 2516 futuro
1119 2463 1410 2532 grandines
1444 2471 1498 2516 et
1532 2476 1719 2516 corus-

147 2557 406 2600 canones.

146 2662 207 2718 16
277 2665 536 2720 Dominus
549 2661 813 2736 judicabit
839 2663 967 2731 ﬁnes
990 2671 1163 2726 terrm,
1197 2672 1243 2714 et
1267 2661 1411 2715 dabit
1438 2661 1712 2730 imperium

351 2758 459 2824 regi
487 2771 581 2807 suo
611 2769 632 2809 :

275 2843 346 2898 Et
369 2844 668 2898 sublimabit
699 2859 861 2896 cornu
889 2841 1085 2896 Christi
1123 2842 1226 2896 sui.

207 2935 251 2990 Η
295 2935 554 2989 Dominus
593 2934 860 3002 judicabit
918 2933 1056 2989 ﬁnes
1111 2942 1288 2995 terrae,
1336 2933 1390 2987 in
1419 2933 1505 2987 dic
1524 2931 1711 3000 judicii

1833 456 1888 500 ct
1916 448 2187 501 diabolum
2213 463 2309 516 per
2338 460 2564 506 mortem
2597 453 2773 507 crucis
2809 453 3092 515 vincendo,
3123 471 3319 524 equum
3347 469 3404 513 et

1831 548 2170 590 ascensorem
2209 536 2504 604 dejiciendo
2544 540 2596 593 in
2624 555 2790 606 mare,
2833 541 2883 595 id
2928 549 3012 596 est
3053 542 3320 598 diabolum
3347 554 3403 600 et

1831 625 2112 681 ministros
2153 627 2270 694 ejus
2311 629 2365 682 in
2415 630 2682 685 infernum
2714 632 3036 701 dejiciendo,
3080 633 3172 686 sed
3217 649 3400 690 resuro

1830 718 2003 786 gendo
2022 727 2076 773 et
2102 719 2155 774 in
2179 719 2374 774 emlum
2395 722 2752 789 ascendendo,
2780 723 3009 792 gloriose
3030 723 3404 791 magniﬁcatus

1830 815 1934 860 est.

1827 915 1864 968 9.
1969 914 2248 971 Fortitudo
2273 934 2385 972 mea
2409 929 2456 972 et
2486 921 2604 972 laus
2626 936 2737 973 mea
2772 921 3019 976 Dominus
3044 938 3065 976 :

1971 1005 2040 1060 Et
2062 1009 2232 1075 factus
2256 1020 2330 1064 est
2356 1011 2483 1063 mihi
2511 1012 2564 1064 in
2593 1011 2834 1066 salutem.

1899 1117 2180 1172 Fortitudo
2207 1136 2322 1175 mea
2354 1121 2633 1188 Dominus,
2666 1123 2797 1178 dicit
2826 1122 3052 1195 Moyses,
3080 1125 3202 1195 quia
3235 1125 3400 1181 fortes

1827 1220 1926 1260 nos
1964 1205 2091 1260 fecit
2133 1209 2390 1264 adversus
2431 1212 2654 1267 insidias
2695 1213 3031 1268 inimicorum
3074 1223 3396 1270 nostrorum.

1827 1296 1968 1350 Laus
2003 1309 2187 1352 nostra
2216 1311 2318 1364 est,
2347 1302 2517 1369 ipsum
2544 1302 2776 1367 laudate,
2803 1304 2892 1372 qui
2921 1303 3095 1358 factus
3121 1313 3201 1358 est
3240 1305 3394 1360 nobis

1829 1385 1880 1438 in
1911 1383 2160 1451 salutem,
2185 1404 2282 1442 nos
2310 1391 2634 1449 redimendo,
2663 1391 2898 1445 liberans
2929 1407 3025 1446 nos
3054 1393 3118 1446 de
3144 1394 3398 1446 servitute

1829 1472 2143 1530 Pharaonis.
2186 1476 2552 1544 Spiritualiter
2581 1478 2838 1533 fortitudo
2868 1489 2950 1533 est
2980 1480 3236 1534 Dominus
3278 1494 3401 1532 san-

1829 1575 1927 1620 ctae
1952 1567 2228 1631 Ecclesiae,
2259 1569 2382 1636 quia
2420 1570 2590 1638 ipsam
2626 1569 2820 1625 fortem
2862 1569 2988 1625 facit
3025 1570 3091 1624 ad
3125 1569 3397 1623 toleranda

1828 1656 2052 1711 adversa
2078 1657 2236 1727 hujus
2264 1659 2466 1712 mundi.

1824 1763 1858 1816 5
1965 1763 2071 1817 Iste
2099 1763 2240 1818 Deus
2261 1782 2405 1820 meus
2427 1776 2472 1820 et
2495 1765 2798 1836 gloriﬁcabo
2821 1783 2935 1821 eum
2962 1784 2982 1822 :

1963 1853 2104 1907 Deus
2126 1856 2289 1923 patris
2319 1857 2419 1908 mei
2446 1867 2493 1908 et
2522 1856 2761 1910 exaltabo
2785 1873 2924 1910 eum.

1888 1968 1994 2022 lste
2020 1978 2101 2023 est
2141 1970 2300 2033 Deus,
2350 1971 2400 2023 id
2432 1979 2512 2025 est
2541 1970 2809 2034 Christus,
2841 1978 2893 2023 et
2939 1968 3267 2040 gloriﬁcabo,
3297 1968 3399 2021 hoc

1820 2069 1903 2118 est
1931 2059 2161 2114 laudabo
2188 2077 2331 2115 eum.
2366 2061 2508 2115 Deus
2532 2063 2704 2130 patris
2740 2063 2862 2124 mei,
2888 2061 3155 2114 Abraham
3193 2059 3400 2114 scilicet

1817 2157 1870 2202 et
1895 2148 2142 2202 exaltabo
2167 2164 2311 2213 eum,
2343 2149 2394 2202 id
2417 2158 2501 2202 est
2528 2164 2776 2218 magnum
2805 2149 3127 2218 prmdicalto.
3157 2148 3400 2200 Fuerunt

1821 2236 2060 2291 haeretici
2109 2238 2198 2305 qui
2227 2238 2479 2291 dixerunt
2513 2239 2645 2291 duos
2675 2253 2794 2291 esse
2822 2238 2971 2298 deos,
3003 2250 3165 2289 unum
3188 2235 3398 2289 Veteris

1819 2323 2179 2389 Testamenti,
2230 2325 2456 2378 alterum
2505 2324 2675 2379 Novi:
2735 2325 2900 2377 Deum
2951 2323 3162 2377 Veteris
3210 2323 3396 2375 Testa-

1816 2416 1978 2468 menti
2029 2415 2280 2469 dicebant
2319 2430 2436 2469 esse
2467 2415 2669 2485 justum
2715 2423 2770 2470 et
2812 2415 3103 2476 crudelem,
3145 2429 3209 2466 eo
3251 2411 3393 2480 quod

1809 2505 1954 2574 justo
1985 2507 2315 2575 prmeiperet,
2351 2516 2405 2560 et
2440 2522 2533 2561 eos
2557 2508 2646 2576 qui
2678 2507 2973 2575 peceahant
2999 2503 3231 2558 interimi
3261 2517 3396 2570 pra:-

1815 2595 2018 2664 ciperet
2062 2596 2283 2651 dicens:
2320 2595 2375 2650 Si
2414 2597 2534 2665 quis
2563 2596 2664 2650 hoc
2703 2595 2784 2649 vel
2818 2595 2944 2648 illud
2991 2593 3179 2648 fecerit
3219 2598 3394 2644 morte

1815 2686 2096 2740 moriatur.
2135 2687 2304 2740 Deum
2338 2701 2468 2740 vero
2499 2684 2631 2740 Novi
2666 2683 2993 2738 Testamenti
3035 2681 3284 2736 dicebant
3309 2677 3394 2746 jn-

1813 2783 1954 2828 stum
1985 2785 2040 2830 et
2073 2776 2500 2839 misericordem,
2541 2790 2606 2829 eo
2637 2774 2780 2842 quod
2819 2779 3103 2842 peccantes
3130 2769 3196 2823 ad
3224 2768 3394 2836 paeni-

1815 2865 2034 2918 tentiam
2063 2874 2380 2934 provocaret
2411 2865 2594 2919 dicens
2619 2881 2632 2916 :
2665 2862 3041 2920 Paenitentiam
3081 2859 3244 2929 agite.
3272 2857 3378 2921 Sed

1811 2971 2001 3010 omnes
2041 2956 2127 3010 isti
2182 2956 2392 3010 mentiti
2443 2963 2598 3018 sunt,
2641 2955 2958 3009 ostendente
2987 2951 3168 3021 Moyse
3218 2949 3391 3017 ipsum

143 3042 324 3082 omnes
352 3027 659 3081 habitantes
690 3027 742 3079 in
771 3034 931 3090 terra,
954 3025 1038 3079 vel
1066 3039 1501 3094 unumquemque
1521 3040 1712 3080 secun-
1737 3044 1783 3108 ρ
1817 3043 1980 3097 Deum
2013 3058 2132 3098 esse
2156 3043 2366 3096 veteris
2389 3043 2721 3098 Τεειαηιθηιί
2751 3057 2907 3111 quem
2932 3049 2986 3094 ει
3003 3039 3155 3093 Novi,

144 3118 262 3172 dum
297 3131 461 3187 Opera
490 3131 606 3181 sua,
637 3115 854 3185 quando
902 3116 968 3169 de
1011 3115 1113 3170 hac
1160 3115 1278 3170 luce
1308 3116 1618 3186 migraverit
1659 3117 1711 3169 in

141 3224 359 3278 regnum
405 3209 594 3279 patria:
617 3208 869 3263 caelestis.
897 3207 963 3261 Et
989 3207 1135 3261 dabit
1164 3208 1444 3276 imperium
1472 3207 1579 3276 regi
1599 3247 1614 3271 ,
1660 3207 1712 3260 id

140 3307 217 3351 est
235 3298 449 3367 corpori
473 3313 594 3364 suo,
635 3297 776 3367 quod
805 3306 888 3350 est
924 3295 1179 3351 Ecclesia.
1209 3296 1338 3362 Quae
1366 3304 1586 3365 pr0pter
1613 3311 1713 3348 nn-

141 3385 366 3438 ctionem
394 3385 649 3454 baptismi
676 3400 772 3439 rex
797 3384 1114 3455 appellatur,
1135 3385 1272 3438 sicut
1303 3383 1712 3453 appellabantur

139 3476 188 3528 in
233 3475 415 3530 Veteri
471 3477 818 3531 Testamento
867 3477 956 3546 qui
1003 3477 1380 3544 unguebantur
1425 3489 1597 3545 reges.
1643 3473 1711 3528 Et

140 3567 449 3621 Sublimabit
501 3583 669 3622 cornu
704 3569 906 3623 Christi
936 3567 1038 3633 sui,
1079 3569 1131 3622 id
1157 3576 1239 3623 est
1268 3568 1557 3637 potentiam
1586 3581 1709 3620 san-

140 3667 230 3710 ctae,
258 3657 538 3723 Ecclesim,
563 3673 682 3727 quae
712 3659 1020 3712 unctionem
1048 3659 1219 3712 sancti
1237 3657 1472 3726 Spiritus
1493 3657 1708 3726 accepit

138 3744 185 3797 in
239 3745 510 3815 baptismo
556 3763 746 3800 manus
797 3748 1156 3818 impositionc.
1205 3747 1394 3812 Aliter,
1443 3747 1706 3802 Dominus

136 3833 389 3901 iudicabit
451 3835 611 3900 ﬁnes,
666 3835 718 3890 id
764 3843 847 3890 est
894 3844 1136 3890 extrema
1179 3850 1340 3906 opera
1366 3835 1619 3896 hominis,
1651 3835 1704 3888 in

142 3925 330 3992 quibus
382 3926 636 3981 inventus
688 3925 873 3992 fuerit,
914 3941 1018 3980 non
1047 3925 1216 3980 solum
1240 3926 1441 3994 priora.
1467 3925 1534 3978 Et
1559 3924 1706 3979 dabit

138 4013 414 4084 imperium
447 4016 564 4086 regi
596 4030 721 4081 suo,
750 4015 856 4071 hoc
882 4025 967 4070 est
995 4015 1190 4086 pepulo
1219 4015 1552 4081 Christiano,
1577 4015 1702 4084 quia

140 4103 227 4156 dat
247 4104 323 4159 eis
349 4105 612 4159 virtutem
662 4120 765 4175 qua
797 4121 1014 4160 carnem
1039 4107 1179 4160 sicut
1209 4120 1362 4174 reges
1392 4113 1599 4176 regant.
1637 4105 1704 4159 Et

135 4193 438 4250 sublimabit
495 4212 667 4251 cornu
717 4197 906 4251 christi
941 4212 1164 4252 :omnes
1233 4198 1430 4267 quippe
1505 4207 1700 4251 unctos

84 4356 89 4363 _
136 4281 246 4351 eius
297 4287 618 4354 chrismate,
670 4298 820 4343 recte
865 4289 1099 4344 christos
1149 4291 1325 4344 dicere
1371 4305 1698 4359 possumus;

1813 3131 1846 3184 4
1951 3133 2205 3184 Dominus
2235 3133 2386 3202 quasi
2415 3133 2490 3185 vir
2517 3142 2795 3200 pugnator.
2832 3131 3168 3198 Omnipotens
3208 3143 3392 3182 nomen

2023 3220 2139 3289 ejus
2173 3237 2191 3274 :

1955 3309 2157 3362 Curras
2185 3309 2480 3364 Pharaonis
2508 3318 2555 3364 et
2593 3310 2876 3364 exercitum
2921 3308 3032 3377 ejus
3074 3305 3294 3376 projecit
3338 3304 3392 3356 in

2019 3417 2185 3455 mare.

1877 3493 2139 3548 Dominus
2161 3492 2314 3562 quasi
2341 3494 2444 3558 vir,
2475 3500 2602 3546 tunc
2630 3491 2992 3552 Pharaonem,
3031 3503 3173 3542 nunc
3199 3486 3384 3541 diabo-

1806 3582 1916 3637 lum
1952 3582 2285 3638 debellando.
2317 3581 2693 3652 Omnipotens,
2718 3581 2840 3650 quia
2888 3580 3032 3633 solus
3076 3576 3253 3631 omnia
3297 3590 3389 3642 po-

1807 3681 1932 3728 test.
1963 3675 2164 3729 Currus
2192 3674 2511 3739 Pharaonis,
2540 3681 2670 3736 etc.,
2695 3671 2874 3726 omnia
2907 3670 3123 3744 quidem
3153 3682 3270 3736 qum
3300 3667 3387 3719 hic

1805 3764 2057 3820 dicuntur
2099 3773 2154 3818 et
2205 3763 2347 3820 facta
2399 3773 2524 3819 sunt
2578 3764 2630 3816 in
2683 3763 2958 3816 Pharaone
3020 3769 3164 3823 tunc,
3215 3757 3380 3812 etiam

1803 3864 1988 3926 postea
2024 3871 2121 3926 per
2148 3857 2424 3912 Christum
2451 3856 2504 3910 in
2532 3855 2756 3924 antiquo
2777 3852 3010 3921 perfecta
3040 3857 3163 3903 sunt
3184 3850 3337 3901 hoste
3361 3865 3373 3898 :

1805 3943 1935 4011 Quae
1968 3945 2131 3998 etiam
2172 3947 2484 4014 prophetico
2527 3945 2719 4014 spiritu
2760 3943 2848 3996 hic
2888 3941 3251 4010 prazdicuntur
3300 3937 3384 3989 fu-

1803 4041 1923 4088 tura
1950 4033 2103 4102 quasi
2133 4035 2408 4103 praeterita
2432 4049 2446 4087 :

1803 4121 1836 4174 5
1946 4121 2111 4176 Electi
2168 4123 2425 4193 principes
2481 4122 2595 4192 ejus
2651 4119 2904 4175 submersi
2951 4125 3072 4171 sunt
3131 4117 3186 4169 in
3251 4114 3387 4167 mari

2014 4211 2187 4265 Rubro
2208 4229 2228 4265 :
2255 4212 2426 4280 abyssi
2455 4219 2767 4280 operuerunt
2795 4224 2880 4262 eos
2905 4223 2922 4261 :

1941 4301 2332 4356 Descenderam
2361 4303 2413 4354 in
2434 4301 2752 4371 profundum
2774 4299 2924 4369 quasi
2944 4295 3100 4364 lapis.

139 4376 270 4444 quod
307 4385 484 4434 tamen
527 4387 702 4434 totum
730 4395 857 4436 cum
883 4395 981 4436 suo
1002 4381 1178 4451 capite
1206 4395 1422 4449 corpus,
1453 4396 1590 4436 unus
1615 4387 1699 4436 est
1725 4381 1779 4442 Ι)
1872 4391 2039 4446 Electi
2086 4393 2392 4462 principes,
2434 4392 2485 4445 id
2525 4400 2607 4446 est
2644 4388 2961 4459 principalia
3009 4384 3140 4439 vitia
3182 4383 3392 4452 pariter

139 4462 363 4523 Christus

601 4561 959 4618 CANTICUM
999 4561 1233 4618 MOYSI.

620 4665 784 4708 ειοῐιι
821 4667 1084 4707 CAPITULO
1121 4667 1210 4706 XV.

139 4752 159 4804 1
256 4759 534 4816 Cantemus
583 4759 844 4816 Domino:
892 4761 1116 4832 gloriose
1161 4763 1296 4815 enim
1339 4764 1704 4833 magniﬁcatus

325 4865 398 4907 €81
410 4867 430 4904 .°

257 4939 461 5012 Equum
487 4954 536 4997 et
561 4960 886 4998 ascensorem
911 4954 1127 5014 prOjeCtl
1151 4961 1206 4998 in
1225 4961 1386 5001 mare.

195 5029 493 5099 Cantemus,
520 5034 574 5089 id
604 5043 688 5089 est
717 5034 1016 5100 laudemus,
1049 5034 1174 5104 quia
1207 5037 1579 5106 magniﬁcatus
1609 5049 1699 5093 est

139 5116 184 5172 in
230 5123 386 5194 signis
435 5124 681 5195 Egypti.
733 5124 838 5179 Sed
874 5127 1110 5196 gloriose
1157 5129 1526 5196 magniﬁcatus
1577 5139 1696 5195 est,

139 5212 325 5279 equites
366 5221 420 5269 et
461 5230 784 5270 ascensores
830 5231 1015 5271 eorum
1067 5217 1119 5270 iu
1161 5231 1310 5272 mare
1349 5220 1654 5292 dejiciendo
1679 5264 1697 5290 ,

138 5293 444 5359 Pharaonem
468 5305 722 5361 videlicet
750 5315 804 5360 et
837 5308 1135 5363 exercitum
1165 5306 1296 5370 ejus.
1329 5310 1702 5370 Spiritnaliter

1810 4496 1932 4536 cum
1978 4481 2213 4535 minimis
2241 4482 2590 4535 subruuntnr.
2613 4478 2802 4550 Abyssi
2833 4480 3158 4546 operuerunt
3185 4489 3306 4537 eos,
3339 4472 3390 4527 id

1735 4563 1744 4566 ’
1808 4577 1891 4624 est
1939 4570 2218 4639 gehenna,
2285 4569 2338 4622 in
2385 4583 2547 4636 quam
2590 4567 2741 4636 quasi
2793 4566 2925 4634 lapis
2975 4562 3388 4618 descenderunt.

1807 4659 1942 4726 Quia
1974 4667 2028 4714 et
2057 4659 2144 4713 ille
2166 4668 2220 4712 et
2248 4657 2374 4722 iste,
2402 4655 2615 4710 Pharao
2653 4654 2861 4710 scilicet
2885 4661 2938 4707 et
2966 4651 3235 4713 diabolus,
3266 4664 3394 4717 gra-

1807 4751 1917 4805 vati
1938 4751 2134 4805 duritia
2161 4758 2504 4819 pcccatorum
2531 4747 2736 4816 lapides
2763 4745 2868 4800 vivi
2906 4757 3008 4798 non
3036 4751 3215 4796 erant.

1745 4891 1752 4894 ·
1802 4864 1836 4919 6
1948 4861 2170 4915 Dextera
2197 4871 2310 4926 tua,
2353 4860 2591 4923 Domine,
2632 4856 2966 4924 magnificam
2993 4860 3072 4905 est
3105 4853 3160 4905 in
3187 4851 3400 4920 fortitu-

2020 4951 2170 5004 dine:
2193 4950 2407 5004 deattera
2422 4958 2533 5012 tua,
2557 4947 2799 5007 Domine,
2816 4942 3070 5013 percussit
3090 4941 3366 4993 inimicum
3383 4953 3402 4991 :

1947 5039 2013 5094 Et
2052 5041 2107 5095 in
2147 5040 2480 5094 multitudine
2520 5036 2701 5106 gloria:
2741 5045 2846 5089 tua:
2884 5028 3175 5100 deposuisti
3216 5026 3410 5082 adver-
3451 5080 3453 5082 .

2016 5130 2183 5183 sarias
2211 5146 2372 5184 meos.

1876 5225 2109 5279 Dextera
2145 5229 2258 5284 tua,
2309 5218 2556 5280 Domine,
2608 5215 2958 5285 magniﬁcata
3004 5215 3112 5271 est,
3147 5205 3254 5260 hoc
3297 5219 3411 5278 est,

1807 5315 2090 5370 dexteram
2125 5317 2294 5370 tuam,
2334 5307 2580 5370 Domine,
2612 5303 2664 5358 id
2691 5314 2775 5358 est
2821 5299 3018 5356 Filium
3051 5303 3205 5347 tuum
3246 5295 3416 5354 Cbri-
