3994 5370
543 334 650 402 5'39

1489 341 1548 397 ὃ.
1591 337 1941 397 BRUNONIS
1984 336 2528 394 HERBIPOLENSIS
2570 339 2873 398 EPISCOPI

3710 341 3803 402 {illi

541 437 575 491 7
616 455 642 484 ι’
683 433 876 492 Misisti
906 432 1042 489 iram
1082 439 1230 487 tuam
1265 446 1382 502 qua!
1407 430 1670 488 deuorauit
1699 448 1786 488 eos
1811 432 1942 486 sicut
1968 433 2134 500 stipu-
2161 443 2208 502 Α
2235 429 2306 484 16
2376 430 2731 487 Ascenderunt
2756 432 2934 503 populi
2959 441 3008 490 et
3031 432 3156 489 irati
3180 443 3302 490 sunt
3325 451 3347 492 :

752 526 858 579 lam
883 538 901 577 :

683 616 752 669 Et
772 617 826 669 in
852 616 1040 685 spiritu
1071 613 1270 684 furoris
1295 614 1372 668 tui
1394 622 1722 683 congregata:
1740 621 1862 668 sunt
1883 627 2058 684 aquae.

608 705 801 760 Misisti
837 706 973 760 iram
1013 713 1188 770 luam,
1227 705 1388 760 Iram.
1439 704 1494 760 id
1540 713 1625 760 est
1669 705 1985 770 vindictam,
2019 719 2129 760 non

539 808 720 854 tamen
747 797 829 851 ira
858 796 1076 852 deitatis
1105 795 1376 851 turbatur.
1402 794 1534 862 Qua:
1563 795 1842 851 devoravit
1867 809 1962 849 eos
1988 794 2132 850 sicut

533 891 814 961 stipulam,
841 889 969 959 quia
1009 889 1151 944 sicut
1181 889 1340 944 facile
1371 888 1512 960 ignis
1553 888 1807 956 stipulam
1835 887 2125 952 consumit,

535 982 617 1038 sic
645 980 804 1036 facile
832 987 952 1035 erat
979 979 1093 1035 Deo
1117 994 1213 1035 eos
1240 980 1610 1049 submergere.
1639 978 1710 1032 Et
1736 978 1789 1032 in
1817 977 2010 1048 spiritu
2045 975 2128 1031 fu-

533 1075 676 1129 roris
723 1073 820 1140 tui,
870 1071 998 1142 quia
1038 1071 1370 1142 patientibus
1415 1070 1567 1126 furor
1607 1071 1840 1136 videtur,
1889 1085 2013 1128 cum
2055 1068 2132 1126 sit

535 1180 748 1235 tequum
765 1162 1056 1233 judicium.

536 1279 571 1334 8
680 1277 836 1334 Stetit
859 1278 1002 1332 unda
1027 1278 1197 1347 ﬂuens
1221 1289 1241 1328 :

676 1369 1016 1438 Congregatte
1045 1377 1165 1421 sunt
1189 1365 1362 1436 abyssi
1390 1366 1444 1419 in
1469 1364 1639 1420 medio
1667 1365 1822 1420 mani.

605 1459 770 1514 Stetit
804 1460 942 1513 unda
975 1457 1166 1520 fluens,
1195 1457 1247 1512 id
1278 1465 1363 1510 est
1390 1456 1474 1510 vel
1499 1455 1666 1510 maris
1698 1455 1854 1510 divisi
1882 1454 1965 1510 vel
1995 1453 2122 1509 Jor-

527 1552 687 1606 danis
732 1561 792 1605 ut
842 1550 1036 1620 legitur
1105 1547 1312 1618 (Exod.
1374 1548 1532 1616 xtv).
1583 1547 1939 1617 Congregatte
1997 1555 2127 1603 sunt

527 1642 730 1714 abyssi,
760 1654 830 1695 ne
860 1648 1117 1695 nocerent
1141 1637 1318 1706 iustos
1351 1646 1406 1692 et
1438 1645 1696 1692 necarent
1727 1637 1978 1706 injustos.

526 1733 561 1789 9
670 1732 818 1786 Dixit
846 1732 1088 1785 inimicus
1109 1747 1129 1786 :
1159 1727 1458 1801 Persequar
1481 1739 1527 1783 et
1555 1727 1988 1798 comprehendam
2009 1741 2030 1782 :

665 1823 909 1877 Dividam
923 1822 1114 1889 spolia,
1138 1821 1439 1889 implebitur
1459 1821 1634 1875 anima
1663 1835 1802 1873 mea.

593 1912 740 1967 Dixit
788 1912 1059 1978 inimicus,
1102 1912 1158 1966 id
1195 1919 1280 1966 est
1323 1911 1577 1965 Pharao:
1608 1908 1934 1978 Persequar,
1986 1917 2117 1971 ete.,

524 2005 627 2059 ista
657 2004 802 2058 enim
837 2011 964 2058 sunt
1003 2003 1168 2058 verba
1214 2001 1514 2056 Pharaonis
1545 1999 1624 2053 vel
1666 1999 1891 2063 diaboli,
1925 1999 2120 2068 quibus

524 2103 705 2149 tamen
739 2093 932 2149 fortior
962 2090 1352 2162 superveniens
1379 2088 1549 2160 spolia
1579 2087 1801 2144 abstulit
1828 2086 1981 2158 (Luc.
2016 2086 2116 2157 ιχ).

522 2204 591 2259 10
665 2202 972 2272 Evaginabo
997 2199 1233 2270 gladium
1260 2213 1432 2252 meum
1458 2210 1478 2249 :

675 2293 962 2362 lnterﬁciet
991 2309 1078 2346 eos
1107 2307 1295 2346 manus
1323 2307 1459 2344 mea.

589 2389 899 2460 Evaginabo
927 2385 1163 2458 gladium
1192 2398 1397 2450 meum,
1433 2382 1487 2438 id
1515 2391 1602 2438 est
1625 2381 1854 2454 gladios,
1897 2389 1954 2436 et
1995 2395 2117 2437 ma-

519 2495 643 2544 nus,
688 2479 740 2533 id
779 2487 863 2532 est
904 2475 1147 2546 potentia
1189 2489 1311 2530 mea
1357 2473 1445 2530 vel
1472 2473 1781 2534 .multitudo
1820 2472 2117 2540 exercitus,

521 2569 815 2628 interﬁciet
841 2583 957 2624 eos.
1003 2567 1081 2622 Ita
1116 2565 1248 2621 dicit
1278 2573 1333 2620 et
1358 2564 1625 2620 diabolus.
1661 2564 1972 2634 Evaginabo
2002 2563 2117 2633 gla-

518 2661 690 2725 dium,
735 2659 786 2714 id
817 2667 922 2724 est,
969 2655 1206 2727 aperiam
1234 2669 1426 2710 omnes
1456 2652 1672 2708 fallendi
1707 2652 1918 2716 modos,
1950 2659 2005 2706 et
2035 2651 2116 2705 in-

518 2754 752 2808 terficiet
781 2766 876 2808 eos
910 2748 1266 2818 Spiritualiter
1292 2761 1484 2801 manus
1509 2759 1650 2799 mea.

521 2845 582 2898 il
664 2843 842 2896 Flavit
875 2841 1088 2910 spiritus
1115 2849 1236 2892 tuus
1261 2846 1310 2891 et
1343 2835 1546 2906 operuit
1574 2851 1662 2891 eos
1693 2851 1839 2890 mare
1862 2850 1883 2890 :

659 2933 928 2989 Submersi
954 2941 1074 2986 sunt
1101 2928 1256 3000 quasi
1280 2925 1552 2996 plumbum
1592 2928 1647 2980 in
1671 2927 1822 2996 aquis
1847 2925 2114 2982 vehemen-

730 3025 889 3079 tibus.

585 3115 764 3170 Flavit
786 3116 1011 3186 spiritus
1040 3124 1165 3170 tuus
1193 3132 1208 3168 :
1236 3112 1433 3183 spiritu
1463 3101 1605 3164 enim
1645 3101 1970 3181 fortitudinis
2002 3113 2108 3160 tua:

513 3206 783 3263 submersi
815 3178 958 3260 sunt.
1004 3205 1170 3273 Quasi
1217 3178 1501 3275 plumbum
1530 3215 1545 3251 :
1573 3197 1837 3252 flexibiles
1877 3178 1947 3251 ad
1984 3211 2105 3255 ma-
2133 3178 2179 3240 (ἶ

515 3298 647 3362 lum,
682 3307 736 3351 et
767 3297 974 3367 gravati
1011 3312 1041 3350 a
1073 3295 1304 3361 malitia,
1335 3307 1404 3348 ne
1431 3289 1642 3362 possint
1668 3288 1737 3344 ad
1761 3287 1965 3342 bonum
1996 3285 2112 3340 ani-

513 3405 660 3445 mam
691 3389 927 3444 elevare.

513 3503 582 3558 12
656 3502 786 3570 Quis
812 3501 998 3556 similis
1027 3502 1105 3554 tui
1131 3517 1184 3555 in
1213 3497 1459 3568 fortibus,
1488 3493 1731 3559 Domine,
1763 3494 1882 3564 quis
1920 3491 2108 3547 similis

725 3595 842 3649 tui?
867 3594 1174 3664 magniﬁcus
1202 3592 1256 3645 in
1288 3591 1565 3644 sanctitate
1588 3605 1607 3643 :

659 3684 930 3738 Terribilis
960 3697 1114 3753 atque
1141 3680 1428 3735 laudabilis
1459 3689 1505 3732 et
1535 3679 1733 3747 faciens
1761 3675 2045 3730 mirabilia.

582 3775 715 3842 Quis
757 3775 949 3830 similis
978 3773 1095 3828 tui?
1136 3786 1330 3842 magna
1361 3771 1568 3825 faciens
1597 3768 1747 3838 (quia
1773 3774 1998 3822 sanctus
2021 3767 2103 3838 es)

511 3865 772 3924 terribilis
815 3863 1169 3935 (iudicando),
1221 3871 1383 3930 atque
1431 3857 1714 3914 laudabilis
1761 3855 2104 3929 (dimittendo

509 3964 732 4025 peccata
757 3952 1192 4025 paenitentibus),
1216 3959 1272 4006 et
1298 3950 1503 4006 faciens
1525 3947 1797 4004 mirabilia
1823 3964 1837 4002 :
1863 3947 1918 4002 in
1939 3960 2103 4003 cruce

508 4053 565 4100 et
596 4044 649 4099 in
681 4054 1024 4114 peccatorum
1052 4041 1424 4097 conversione.

510 4153 580 4210 15
649 4154 948 4210 Extendisti
979 4171 1193 4208 manuni
1227 4165 1374 4207 tuam
1400 4189 1414 4204 .

652 4247 724 4301 Et
750 4249 1010 4302 devoravit
1038 4264 1123 4301 eos
1151 4257 1312 4300 terra.

579 4338 887 4408 Extendisti
913 4355 1153 4406 manum,
1184 4339 1235 4393 id
1261 4347 1340 4393 cst
1371 4338 1626 4392 virtutem
1660 4345 1828 4400 tuam,
1861 4344 1916 4390 et
1942 4337 2099 4391 devo-

508 4430 662 4502 ravit.
689 4444 783 4486 eos
829 4440 994 4496 terra,
1040 4432 1090 4485 id
1130 4437 1213 4486 est
1252 4445 1417 4484 arena
1459 4429 1543 4484 vel
1585 4435 1806 4499 peccata
1854 4435 2092 4483 terrena.

507 4517 554 4577 0
577 4518 674 4576 Vel
704 4528 849 4576 terra
897 4523 1246 4585 devorantur,
1272 4523 1360 4590 qui
1387 4536 1600 4590 semper
1626 4531 1838 4575 terrena
1865 4517 2090 4584 faciunt,
2125 4520 2171 4576 D

509 4607 578 4666 de
618 4620 764 4666 terra
801 4611 1113 4682 loquuntur,
1146 4613 1381 4680 litigant,
1426 4621 1624 4666 terram
1666 4611 1995 4676 desiderant,
2038 4619 2093 4665 et

505 4701 733 4764 luxuria!
764 4701 952 4767 dediti,
983 4701 1308 4770 voluptatem
1339 4711 1588 4770 qumrunt
1613 4699 1876 4769 corporis.

505 4821 572 4874 M
645 4821 770 4874 Dux
797 4812 948 4888 futin
969 4813 1022 4869 in
1047 4811 1405 4866 misericordia
1437 4820 1528 4863 tua
1557 4826 1575 4863 :

648 4910 851 4979 Populo
877 4927 1027 4980 quem
1060 4904 1344 4961 redemisti.

573 5002 652 5057 Ibi
678 5002 782 5056 dux
816 4999 963 5056 fuisti
1007 5000 1073 5054 ad
1123 5003 1321 5052 terram
1370 4993 1714 5063 promissam,
1744 4992 1834 5048 bic
1877 4993 1946 5049 ad
1989 5007 2093 5049 ca:-

503 5100 696 5149 sestem
727 5091 1063 5147 Ltcrusaletn
1094 5088 1408 5158 redemptis.

505 5210 577 5267 15
649 5211 720 5266 Et
743 5213 965 5281 portasli
991 5227 1106 5264 eum
1132 5210 1184 5261 in
1215 5207 1520 5277 fortitudine
1549 5212 1640 5258 tua
1667 5216 1687 5254 :

661 5303 730 5336 ΑΛ
761 5300 1112 5338 ΙοηΙιὸΙιιρηιησυ
1145 5309 1379 5338 cnnrlsnn
1405 5308 1571 5340 litum-

2292 567 2298 572 .
2381 522 2594 579 Dolores
2622 525 2952 581 obtinuerunt
2971 526 3292 582 habitatores
3318 524 3632 583 Philistiim.

2303 611 2677 677 Ascenderunt
2697 615 2898 685 populi,
2939 615 3128 672 Israel.
3171 617 3240 672 Et
3280 618 3403 673 irati
3433 627 3592 684 sunt,
3624 620 3677 676 id
3705 629 3800 687 est,

2231 702 2526 760 adversarii
2554 714 2742 760 contra
2779 719 2875 762 eos
2917 707 3040 761 irati
3087 715 3232 762 sunt.
3269 707 3396 764 Haec
3423 718 3606 764 autem
3636 711 3700 765 de
3724 711 3800 765 fu-

2231 800 2354 848 turo
2392 793 2782 866 intelliguntur.
2826 795 3115 851 Philistiim
3153 797 3586 867 interpretantur
3617 800 3800 853 caden-

2230 891 2306 940 tes
2331 885 2517 954 poculo
2545 901 2565 938 :
2597 885 2835 952 Idumtei,
2864 888 3008 941 rubei
3038 887 3119 942 vel
3148 890 3361 943 terreni.

2229 973 2296 1030 i7
2374 974 2519 1031 Tunc
2545 979 2840 1032 conturbati
2865 988 2985 1034 sunt
3010 979 3268 1049 principes
3299 978 3473 1034 Edam

2441 1067 2599 1121 Moab
2631 1068 2849 1122 obtinuit
2880 1078 3077 1122 tremor
3101 1083 3122 1122 :

2371 1158 2727 1229 Obriguerunt-
2749 1177 2927 1216 omnes
2953 1161 3273 1218 habitatores
3301 1162 3581 1218 Chanaan.

2228 1245 2295 1302 18
2367 1246 2548 1307 lrruat
2575 1265 2728 1317 super
2749 1267 2836 1305 eos
2863 1249 3088 1320 formido
3113 1261 3161 1306 et
3186 1269 3348 1322 patior
3373 1269 3393 1307 :

2370 1337 2438 1392 In
2467 1339 2826 1408 magnitudine
2856 1341 3056 1396 brachii
3085 1342 3181 1396 tui.

2294 1429 2492 1486 Moab:
2520 1446 2585 1484 ex
2611 1441 2758 1499 patre
2792 1434 3288 1504 interpretaturfet
3325 1435 3599 1505 significat
3624 1452 3795 1507 peca-

2227 1529 2372 1579 tores
2396 1522 2666 1594 iustorum
2707 1535 3106 1593 persecutores,
3137 1527 3227 1596 qui
3258 1526 3511 1582 inebriati
3535 1537 3663 1583 sunt
3686 1545 3794 1599 pec-

2223 1615 2363 1670 catis
2405 1623 2458 1669 et
2494 1631 2634 1669 noxa
2675 1614 2955 1671 eﬂ‘usionis
2994 1617 3272 1688 sanguinis
3309 1617 3537 1672 Christi.
3585 1617 3680 1673 Vel
3717 1619 3794 1688 qui

2226 1715 2354 1761 sunt
2399 1707 2706 1761 homicidiis
2753 1708 3040 1778 inquinati,
3083 1723 3153 1764 ex
3189 1717 3346 1778 patre
3375 1708 3593 1764 diabolo
3636 1719 3790 1764 sunt:

3514 994 3536 1044 ζ
3580 979 3799 1036 robustas

2149 1825 2196 1886 Β
2225 1795 2421 1886 quibus
2452 1797 2567 1851 hinc
2595 1795 2742 1851 salus
2775 1797 3045 1868 iustorum
3073 1806 3158 1853 est
3198 1797 3425 1864 invidia,
3453 1814 3595 1869 quos
3633 1809 3793 1854 tamen

2224 1885 2485 1940 Dominus
2510 1896 2818 1956 exsuperat.

2225 1975 2290 2031 i9
2364 1975 2525 2030 Fiant
2554 1977 2843 2034 immobiles
2865 1979 3020 2046 quasi
3048 1978 3206 2046 lapis,
3231 1990 3562 2051 pertranseat
3591 1980 3795 2051 populus

2434 2083 2578 2138 tuus,
2608 2073 2830 2130 Domine
2855 2091 2876 2129 :

2362 2163 2540 2220 Donec
2571 2177 2893 2236 pertranseat
2919 2167 3143 2238 populus
3172 2179 3292 2222 tuus
3331 2169 3429 2222 iste
3453 2184 3611 2238 quem
3639 2184 3796 2239 posse-

2431 2256 2575 2311 disti.

2287 2345 2450 2402 Fiant
2488 2347 2830 2404 immobiles:
2861 2358 3014 2420 optat
3039 2350 3122 2406 vel
3158 2358 3506 2420 pronuntiat,
3547 2349 3694 2420 quod
3724 2365 3797 2404 re-

2217 2435 2413 2495 sistere
2459 2454 2566 2493 non
2601 2441 2818 2495 valeant
2857 2441 2950 2496 Dei
2999 2441 3216 2512 populo,
3267 2441 3343 2495 illi
3394 2442 3655 2511 superius
3692 2439 3794 2508 jam

2216 2527 2478 2589 nominati
2525 2529 2726 2600 populi.
2787 2529 2832 2586 Ο
2874 2529 2972 2586 Vel
3022 2531 3252 2602 mystice
3292 2528 3464 2586 Judaei
3505 2529 3640 2586 facti
3686 2540 3800 2586 sunt

2216 2619 2520 2677 immobiles
2560 2623 2628 2677 ad
2671 2621 2874 2678 Christi
2914 2623 3073 2680 fidem
3111 2643 3126 2678 :
3164 2623 3336 2679 donec
3379 2633 3728 2695 pertranseat
3753 2633 3800 2680 et

2213 2715 2396 2769 veniat
2421 2715 2489 2770 ad
2526 2715 2684 2771 fidem
2721 2717 2896 2772 omnis
2925 2716 3155 2788 populus
3197 2717 3466 2790 gentium,
3510 2734 3678 2789 quem
3708 2718 3798 2774 Do-

2213 2803 2394 2860 minus
2424 2807 2684 2876 possidet.

2211 2895 2282 2951 20
2351 2895 2661 2953 Introduces
2692 2913 2780 2955 eos
2809 2905 2864 2954 et
2891 2895 3154 2969 plantabis
3191 2898 3247 2952 in
3279 2907 3454 2954 monte
3482 2897 3797 2956 htcreditatis

2423 2995 2529 3043 tua:
2551 3001 2570 3040 :

2305 3075 2704 3166 [Firmissimo’
2738 3078 3038 3140 habitacqu
3091 3086 3182 3134 tuo
3231 3077 3375 3151 quod
3429 3088 3682 3149 operatus
3727 3094 3795 3142 es,

2421 3150 2704 3228 Domine?

2281 3257 2598 3316 Introduces
2623 3276 2738 3328 eos,
2769 3261 2823 3316 in
2845 3269 3047 3317 terram
3077 3262 3403 3333 promissam
3429 3278 3444 3317 :
3477 3269 3534 3316 et
3560 3260 3796 3316 introdu-

2209 3358 2295 3405 cet
2327 3351 2493 3406 etiam
2522 3350 2783 3407 Dominus
2817 3362 3036 3409 sanctos
3064 3369 3194 3408 suos
3217 3353 3271 3409 in
3302 3352 3583 3408 caelestem
3613 3351 3796 3405 Hieru-

2209 3440 2396 3504 SaIem,
2449 3449 2504 3495 et
2550 3441 2814 3512 plantabit
2863 3443 2918 3499 in
2964 3453 3249 3510 aeternum,
3303 3443 3358 3499 id
3409 3453 3520 3509 est,
3573 3442 3795 3498 feliciter

2206 3530 2598 3588 viverefaciet.
2635 3532 2694 3586 In
2723 3540 2926 3600 monte,
2968 3534 3179 3589 scilicet
3210 3532 3363 3598 Sion,
3399 3541 3455 3589 et
3489 3532 3794 3588 firmissimo

2205 3619 2534 3687 babitaculo,
2568 3622 2672 3678 hoc
2697 3631 2780 3678 est
2813 3623 3172 3678 Hierusalem.
3223 3621 3594 3693 Spiritualiter
3620 3631 3792 3676 autem

2207 3712 2358 3777 Sion,
2403 3713 2915 3784 contemplationem
2941 3714 3214 3772 caelestem
3243 3731 3258 3768 :
3291 3713 3671 3769 ﬁrmissimum
3701 3715 3790 3766 ha-

2204 3801 2527 3868 bitaculum,
2558 3804 2896 3859 Ilierusalem
2924 3803 3204 3860 cmlestem
3239 3802 3415 3874 (cujus
3443 3803 3583 3858 ﬁnes
3612 3803 3789 3858 Domi-

2202 3907 2303 3947 nus
2333 3908 2519 3966 pacem
2548 3893 2879 3949 atternaliter
2914 3893 3128 3948 firmam
3165 3895 3348 3963 posuit
3383 3890 3562 3964 (Psal.
3594 3893 3788 3960 ωιτη)

2201 3983 2488 4052 significat,
2522 3983 2613 4038 ubi
2643 3982 2786 4038 nulla
2815 3981 3108 4038 infirmitas
3132 3998 3254 4038 esse
3277 3991 3478 4052 potest.

2199 4095 2263 4150 21
2341 4095 2719 4151 Sanctuarium
2761 4105 2929 4163 tuum,
2977 4094 3222 4162 Domine,
3267 4094 3406 4164 quod
3448 4093 3787 4162 firmaverunt

2409 4203 2598 4242 manus
2627 4197 2732 4242 tua:

2336 4277 2594 4332 Dominus
2625 4278 2856 4346 regnavit
2891 4278 2946 4332 in
2975 4286 3228 4332 aternum
3257 4287 3306 4332 et
3336 4275 3505 4330 ultra.

2266 4367 2312 4425 0
2355 4367 2738 4424 Sanctuarium
2803 4377 2952 4423 tuum
2995 4386 3010 4423 :
3068 4368 3172 4424 hoc
3227 4377 3313 4423 est
3365 4365 3783 4422 sanctimoniam

2197 4469 2487 4530 assumpta:
2533 4459 2920 4530 carnis:quod
2960 4474 3249 4515 nonmanu
3276 4459 3558 4514 hominum
3587 4457 3782 4512 factum

2199 4560 2304 4618 est,
2349 4551 2444 4606 sed
2475 4551 2725 4606 manibus
2747 4551 2842 4605 Dei
2881 4560 3151 4620 paratum.
3202 4550 3464 4605 Dominus
3501 4549 3778 4621 regnavit:

2201 4652 2391 4715 regnat
2413 4651 2469 4698 et
2493 4642 2742 4712 regnabit
2770 4642 2822 4696 in
2849 4641 3105 4697 saeculum
3131 4647 3185 4696 et
3209 4640 3327 4694 sine
3355 4637 3631 4693 terminali
3659 4639 3776 4692 fine.

2200 4736 2410 4789 Aliter:
2454 4733 2522 4786 Et
2576 4731 2824 4803 regnabit
2880 4732 2935 4786 in
2979 4739 3186 4785 aeterno
3230 4738 3285 4785 et
3333 4728 3522 4783 ultra:
3563 4727 3612 4782 si
3657 4726 3779 4796 quid

2199 4837 2403 4882 aeterno
2431 4824 2654 4879 ulterius
2679 4831 2781 4878 est.

2198 4919 2270 4972 22
2341 4917 2617 4987 Ingressus
2645 4924 2717 4968 est
2748 4912 2886 4968 enim
2914 4911 3130 4967 Pharao
3171 4927 3287 4966 cum
3318 4909 3562 4964 curribus
3589 4907 3706 4978 ejus
3728 4905 3775 4958 in

2409 5023 2554 5062 mare
2569 5022 2588 5058 ἰ

2332 5099 2402 5155 Et
2434 5099 2637 5153 reduxit
2665 5114 2820 5168 super
2844 5113 2931 5152 eos
2951 5081 3213 5150 Dominus
3240 5109 3402 5164 aquas
3431 5091 3619 5144 maris.

2261 5190 2326 5247 Ο.
2359 5191 2638 5261 Ingressus
2680 5190 2822 5244 enim
2852 5209 2866 5242 :
2896 5185 3256 5258 Spiritualiter
3297 5181 3652 5251 accipiendo:
3682 5176 3772 5245 Qui

2198 5281 2482 5342 Egvptius
2535 5291 2637 5342 est,
2679 5290 2735 5335 et
2784 5281 3031 5342 sequitur
3055 5277 3420 5341 Pharaonem,
3457 5273 3509 5327 ia!
3542 5281 3630 5328 est
3666 5272 3748 5325 dia
