3994 5370
165 317 264 381 541

164 519 284 589 Ipse
312 526 495 571 autem
527 516 706 572 media
733 517 820 576 via
855 517 1057 580 incedit
1083 532 1182 587 per
1205 519 1408 574 siccum
1427 561 1442 586 ,
1475 534 1754 590 usquequo

165 614 331 677 egeat
368 605 436 667 ad
470 604 779 659 libertatem
797 645 812 671 ,
841 613 896 659 et
922 605 1184 676 hymnum
1213 607 1456 662 victoriae
1485 617 1648 663 canat
1674 608 1754 662 di-

162 710 322 750 cens:
349 694 647 749 Cantemus
668 694 918 758 Domino,
947 695 1180 765 gloriose
1206 699 1348 752 enim
1377 698 1755 768 magniﬁcatus

163 790 265 844 est,
298 797 503 852 equum
553 790 610 838 et
653 797 998 839 ascensorem
1043 784 1239 853 dejecit
1274 787 1329 842 in
1378 802 1569 842 mare:
1610 789 1754 857 quod

164 875 269 930 erit
299 889 428 930 cum
454 881 582 945 post
609 884 842 932 mortem
883 877 1064 932 anima
1094 877 1262 934 caelos
1297 877 1534 949 gloriosa
1574 879 1756 950 ingre-

165 965 332 1020 ditur.

135 1085 160 1132 ,ί
233 1053 496 1118 ORATIO
534 1055 853 1116 HABACUC
891 1057 1282 1115 ΡΒΟΡΗΕΤᾸΞ
1321 1059 1458 1116 PRO
1494 1059 1683 1117 IGNOo

139 1137 144 1144 ’
813 1148 1110 1203 RANTIIS.

775 1258 1040 1299 CAPITULO
1079 1259 1161 1297 Ill.

166 1333 188 1388 ι
304 1329 556 1399 Domine,
593 1333 770 1388 audivi
800 1334 1121 1388 auditionem
1151 1343 1334 1390 tuam:

305 1421 377 1477 Et
409 1424 586 1477 timui.

235 1513 488 1578 Domine,
512 1512 690 1568 audivi
716 1531 734 1570 :
754 1511 947 1570 Omnia
975 1513 1274 1584 (discipulis
1292 1513 1464 1583 inquit
1486 1511 1754 1582 Salvator)

169 1616 290 1672 qua:
329 1601 510 1655 audivi
559 1615 590 1654 a
618 1599 780 1656 Patre
819 1600 1134 1656 annuntiavi
1162 1602 1314 1655 vobis
1345 1599 1526 1671 (Joan.
1555 1601 1674 1667 xv),
1703 1601 1754 1654 id

167 1701 272 1753 est,
315 1691 580 1762 probrosa
626 1691 964 1762 adversaque
1007 1707 1173 1747 carne
1209 1702 1487 1762 assumpta
1528 1707 1626 1761 pro
1655 1691 1755 1745 hu-

1287 296 1836 375 cbuusnnmus
1872 316 1939 374 lN
1977 301 2303 378 cam-Ias:

164 424 410 484 ambulat
450 441 466 480 :
509 439 664 496 aqua:
712 432 770 482 et
812 439 1000 482 murus
1044 425 1179 482 ﬁunt
1215 428 1437 485 dextera
1481 431 1740 500 laevaque.
1769 433 1820 493 Α
1847 428 1880 483 8

3323 316 3431 373 εις

1990 431 2303 500 Egredietur
2322 429 2566 484 diab’olus
2593 437 2716 486 ante
2737 427 2892 500 pedes
2920 427 3038 498 ejus
3052 443 3074 482 :

1989 517 2141 572 Stetit
2171 527 2219 572 et
2249 534 2456 572 mensus
2483 527 2559 572 est
2587 528 2800 572 terram.

1923 608 2246 678 Egredietur
2281 625 2295 662 :
2339 617 2573 664 exeunte
2608 610 2753 663 enim
2777 609 3006 664 Domino
3037 610 3104 664 de
3139 609 3298 679 aquis
3334 609 3432 666 ba-

1851 700 2144 770 ptismatis,
2191 699 2430 754 occurrit
2474 713 2653 764 mors,
2708 699 2760 754 id
2791 708 2877 754 est
2902 699 3187 755 diabolus:
3215 710 3272 755 et
3305 709 3431 756 ante

1851 791 2018 860 pedes
2045 789 2161 858 ejus
2189 790 2438 844 veniebat
2467 789 2688 843 coluber
2720 789 2995 860 antiquus,
3025 791 3283 860 quoniam
3315 801 3434 846 ten-

1855 884 1986 938 tavit
2013 898 2136 938 eum
2168 882 2220 937 in
2246 883 2462 938 deserto
2489 880 2702 952 (Matth.
2729 881 2827 947 tv).

1855 972 1886 1028 9
1992 972 2201 1042 Aspexit
2228 981 2276 1026 et
2299 970 2532 1026 dissolvit
2554 981 2766 1041 gentes:

1994 1062 2062 1117 Et
2097 1064 2307 1118 contriti
2348 1072 2468 1116 sunt
2507 1070 2707 1115 montes
2732 1061 2934 1123 steculi.

1923 1156 2150 1225 Aspexit
2179 1164 2235 1210 et
2262 1155 2530 1210 dissolvit.
2563 1153 2728 1209 Stans
2759 1154 3038 1220 Salvator,
3069 1165 3125 1210 et
3151 1156 3310 1211 oculo
3339 1169 3440 1210 suo

1855 1257 2050 1302 cuncta
2075 1247 2434 1316 prospiciens,
2465 1254 2522 1300 et
2568 1247 2765 1300 intuitu
2796 1260 2896 1300 suo
2923 1247 3233 1300 universum
3278 1261 3445 1300 mun-

1856 1338 1983 1392 dum
2038 1338 2288 1402 metiens,
2340 1337 2582 1406 gentium
2627 1335 3000 1390 inﬁdelitatem
3044 1336 3354 1405 dissipavit,
3412 1350 3440 1388 ιι

1857 1427 2134 1497 glacieque
2185 1441 2284 1481 sua
2337 1427 2560 1481 resolvit
2605 1441 2792 1480 eorum
2833 1426 3041 1480 corda:
3078 1432 3133 1479 et
3164 1426 3442 1478 daemones

1857 1519 2197 1588 etsuperbos
2227 1516 2352 1587 (qui
2379 1526 2590 1571 montes
2617 1517 2870 1570 dicuntur
2906 1514 3122 1587 saeculi)
3158 1513 3441 1570 contrivit.

1858 1609 1925 1664 10
2000 1608 2271 1662 Incurvati
2297 1617 2417 1661 sunt
2440 1607 2599 1661 colles
2621 1607 2804 1660 mundi
2832 1619 2852 1658 :

1996 1700 2073 1754 Ab
2111 1701 2384 1754 itineribus
2415 1700 2721 1753 wternitatis
2759 1699 2896 1768 ejus.

162 1796 334 1836 mano
379 1795 580 1851 genere
621 1782 918 1852 patior:et
946 1793 1089 1852 post,
1135 1783 1276 1837 victa
1312 1791 1507 1848 morte,
1539 1782 1751 1837 intrabo

1925 1790 2197 1845 Incurvati
2247 1798 2373 1844 sunt
2417 1789 2604 1855 colles,
2651 1789 2705 1843 id
2735 1798 2840 1854 est,
2891 1787 3108 1858 superbi
3140 1801 3237 1857 per
3267 1785 3442 1856 [ιωηί-

160 1871 215 1924 in
251 1870 481 1940 gloriam
511 1886 708 1926 meam.
742 1871 895 1926 Hanc
932 1872 1263 1928 auditionem
1297 1873 1562 1942 propheta
1599 1873 1753 1927 audi-

160 1958 241 2013 vit
276 1960 332 2014 in
357 1960 575 2030 spiritu,
602 1969 658 2016 et
694 1960 894 2016 timuit.

160 2049 196 2103 2
303 2052 554 2120 Domine,
585 2071 713 2126 opus
749 2064 896 2109 tuum

307 2142 379 2198 In
406 2146 576 2200 medio
598 2164 857 2201 annorum
883 2148 1084 2217 viviﬁca
1109 2148 1268 2204 illud.

235 2235 486 2304 Domine,
518 2253 654 2309 opus
690 2247 862 2302 tuum.
897 2240 1164 2313 Aitergo;
1201 2242 1482 2312 deprecor,
1505 2241 1750 2305 Domine,

160 2338 223 2384 ut
257 2331 404 2398 quod
433 2332 733 2401 promisisti
781 2334 1040 2404 explices,
1075 2336 1226 2390 linito
1252 2351 1468 2407 quoque
1515 2345 1754 2406 tempore

161 2422 365 2484 reddas
403 2423 679 2480 Christum
727 2434 879 2482 tuum
913 2445 929 2484 :
967 2437 1022 2483 et
1057 2444 1194 2499 opus
1223 2431 1366 2499 quod
1395 2430 1669 2500 pollicitus
1696 2446 1756 2486 es

163 2509 406 2577 viviﬁca,
430 2512 535 2568 hoc
557 2522 659 2580 est,
692 2523 844 2571 tuum
877 2517 1041 2588 imple
1064 2518 1413 2587 promissum.

164 2598 197 2652 5
273 2648 286 2666 ,
310 2599 384 2655 In
413 2603 581 2656 medio
609 2620 870 2659 annorum
904 2616 1080 2660 notum
1105 2608 1302 2677 facies:

311 2688 444 2744 Cum
465 2691 636 2746 iratus
659 2693 847 2761 fueris,
867 2696 1242 2751 misericorditr
1268 2699 1642 2752 recordaberis.

235 2777 306 2833 ln
335 2781 514 2836 medio
535 2796 826 2838 annorum.
871 2784 1007 2839 Cum
1059 2787 1294 2851 venerit,
1339 2788 1532 2857 inquit,
1579 2788 1756 2857 pleni-

167 2868 306 2929 tudo
353 2871 635 2940 temporis,
679 2881 735 2928 et
775 2887 937 2944 opere
965 2877 1232 2945 promissa
1280 2877 1588 2946 impleveris
1613 2875 1752 2950 (Gal.

161 2960 232 3031 tv)
276 2977 290 3014 :
321 2964 648 3018 monstrabis
667 2979 797 3020 vera
832 2980 954 3021 esse
979 2981 1098 3036 quae
1123 2983 1184 3023 es
1209 2968 1518 3037 pollicitus;
1547 2976 1603 3022 et
1632 2983 1754 3023 cum

160 3053 521 3117 peccantibus
552 3054 712 3111 nobis
747 3055 925 3112 iratus
963 3056 1148 3121 fueris,
1176 3059 1550 3128 paenitentiam
1578 3067 1755 3115 tamen

168 3144 484 3211 agentibus,
517 3145 908 3204 misericordiae
940 3157 1045 3205 tuae
1078 3150 1474 3206 recordaberis.

162 3229 197 3286 ι
303 3232 448 3287 Deus
476 3233 541 3287 ab
561 3235 761 3291 Austro
791 3238 988 3293 veniet:

309 3321 382 3376 Et
411 3333 627 3379 sanctus
657 3326 722 3380 de
747 3338 917 3383 monte
946 3326 1182 3385 Pharon.
1212 3330 1545 3402 Diapsalma.

233 3411 384 3469 Deus
412 3413 484 3468 ab
506 3415 745 3471 Austro:
775 3415 1020 3483 Pharan,
1051 3419 1201 3474 locus
1237 3429 1321 3475 est
1347 3421 1560 3476 vicinus
1588 3420 1754 3476 Sina:

167 3500 220 3554 in
255 3516 365 3572 quo
395 3503 516 3574 ipse
545 3505 811 3562 Dominus
858 3506 1030 3578 legem
1080 3509 1247 3574 dedit,
1298 3510 1391 3580 qui
1439 3512 1506 3566 de
1535 3512 1760 3582 Virgine

166 3594 320 3649 nasci
365 3596 628 3666 dignatus
668 3607 754 3654 est
787 3598 842 3653 in
866 3599 1184 3656 Bethleem:
1211 3609 1265 3656 et
1295 3601 1420 3656 inde
1459 3603 1526 3656 ab
1561 3603 1762 3657 Austro

165 3683 410 3750 veniens,
435 3685 867 3760 Hierosolymam
893 3706 923 3744 a
945 3691 1260 3760 parentibus
1287 3692 1480 3748 ductus
1501 3702 1581 3748 est
1606 3693 1758 3765 (Luc.

164 3771 248 3842 ιι),
287 3782 347 3828 ιιι
379 3790 478 3844 pro
504 3790 571 3832 eo
598 3778 776 3836 hostia
807 3780 1102 3835 secundum
1141 3781 1312 3852 legem
1342 3783 1582 3839 daretur.

164 3859 195 3912 5
310 3861 530 3931 Operuit
558 3866 714 3922 caelos
741 3868 915 3937 gloria
939 3869 1054 3938 ejus
1072 3882 1091 3920 :

311 3951 380 4006 Et
414 3954 593 4010 laudis
621 3958 741 4027 ejus
769 3958 924 4027 plena
953 3969 1028 4014 est
1059 3969 1222 4016 terra.

240 4041 471 4113 Operuit
501 4046 675 4108 caelos
701 4065 715 4101 :
759 4048 815 4103 in
850 4049 1084 4105 adventu
1126 4052 1271 4106 enim
1302 4051 1603 4108 Salvatoris
1629 4067 1761 4108 eun-

177 4143 262 4190 cta
299 4137 507 4206 repleta
536 4148 664 4195 sunt
694 4139 894 4210 gloria,
938 4151 1000 4196 ut
1036 4143 1090 4196 in
1124 4143 1416 4214 Evangelio
1443 4162 1456 4196 :
1484 4144 1667 4200 Gloria
1701 4146 1755 4199 in

173 4227 402 4282 excelsis
444 4227 732 4299 Deo(Luc.
758 4229 842 4301 ιι).
887 4230 956 4285 Et
1005 4231 1130 4286 alibi
1173 4248 1187 4286 :
1237 4233 1462 4288 Domine
1490 4233 1755 4288 Dominus

175 4327 376 4384 noster,
395 4333 557 4387 quam
579 4320 898 4377 admirabile
915 4331 998 4377 est
1017 4338 1212 4378 nomen
1243 4332 1392 4378 tuum
1415 4324 1468 4378 in
1496 4324 1756 4380 universa

177 4416 317 4466 terra
359 4409 536 4480 (Psal.
568 4412 711 4484 vni).
760 4414 830 4468 Et
872 4431 1132 4471 rursum:
1173 4417 1232 4471 ln
1291 4432 1505 4472 omnem
1553 4425 1755 4474 terram

176 4498 337 4555 exivit
381 4516 550 4557 sonus
578 4517 767 4559 eorum
797 4505 970 4575 (Psal.
1004 4505 1181 4575 xvm).
1223 4575 1227 4582 ἡ

175 4587 208 4642 6
309 4589 570 4657 Splendor
589 4593 704 4663 ejus
731 4606 787 4650 ut
813 4595 909 4651 lua:
936 4598 1069 4650 erit:

289 4681 527 4738 .Cornua
555 4685 610 4738 in
634 4669 881 4740 manibus
907 4687 1042 4752 ejus.

242 4771 507 4842 Splendor
529 4776 650 4846 ejus
673 4795 687 4832 :
709 4779 865 4848 quasi
896 4778 998 4844 sol,
1020 4781 1100 4835 sic
1123 4778 1204 4836 sol
1222 4777 1443 4849 iustitia:
1467 4781 1616 4838 clara
1637 4781 1756 4837 luce

181 4864 423 4922 radiahit.
471 4867 715 4938 Cornua,
745 4869 802 4925 id
827 4878 916 4927 est
942 4871 1138 4926 vexilla
1169 4885 1234 4926 ac
1269 4873 1506 4943 trophtea
1552 4873 1752 4940 crucis,

181 4954 230 5010 in
257 4960 503 5016 manibus
526 4961 668 5034 ejus.

183 5042 212 5096 7
318 5048 397 5105 Ibi
421 5053 734 5108 abscondita
757 5063 836 5108 est
857 5053 1106 5123 fortitudo
1127 5054 1242 5126 ejus
1257 5069 1277 5110 :

316 5142 438 5197 Ante
461 5144 654 5213 faciem
677 5146 796 5215 ejus
819 5144 912 5198 ibit
943 5162 1101 5202 mors.

246 5230 340 5264 ἠοξ
374 5235 685 5264 ΛΙιηΑΑσ-ιιιξοιι
721 5243 802 5264 na.
833 5237 1081 5264 ’κλαίει-,ΔΑ

1159 5236 1215 5264 In
1245 5251 1402 5264 λοι-Α-
1438 5237 1748 5264 -I.-AA-\.I=I‘

1861 1882 2082 1937 tentiam
2115 1880 2383 1936 humiliati
2415 1889 2578 1934 sunt:
2611 1879 2705 1949 qui
2747 1888 2873 1933 ante
2925 1882 3212 1932 adventum
3252 1876 3440 1930 Salva-

1858 1976 1992 2030 toris
2020 1974 2238 2043 superbi
2265 1979 2455 2038 erant,
2482 1980 2538 2026 et
2583 1987 2612 2025 a
2642 1971 2792 2026 nullo
2825 1970 2966 2026 ﬂecti
3010 1977 3283 2040 poterant.
3356 1968 3439 2022 Ab

1857 2065 2143 2120 itineribus
2172 2061 2495 2118 aeternitatis
2519 2059 2668 2129 ejus:
2693 2064 2794 2131 ‘per
2819 2075 3037 2116 carnem
3065 2059 3206 2112 enim
3230 2073 3440 2112 assmu-

1856 2164 2003 2224 ptam
2049 2163 2103 2209 et
2142 2152 2582 2222 prmdicationem
2630 2165 2784 2205 suam
2829 2159 2883 2205 et
2929 2148 3335 2217 discipulorum,
3385 2153 3440 2198 et

1859 2244 2172 2298 interiorem
2198 2241 2606 2310 inspirationem
2627 2240 2842 2308 (quibus
2856 2240 2958 2292 viis
2974 2238 3229 2291 divinitas
3251 2236 3316 2288 ad
3340 2250 3438 2287 nos

1857 2333 2042 2387 venire
2063 2332 2281 2401 dignata
2301 2330 2405 2398 est)
2432 2327 2696 2382 humiliati
2717 2337 2845 2381 sunt
2865 2336 2917 2380 et
2939 2326 3183 2380 conversi
3199 2322 3435 2395 superbi.

1860 2422 1921 2475 H
2001 2420 2110 2473 Pro
2132 2420 2407 2488 iniquitate
2437 2416 2542 2470 vidi
2578 2417 2805 2468 tentoria
2847 2415 3178 2484 rEt/tiopiw:

2001 2508 2378 2563 Turbabuntur
2399 2503 2559 2575 pelles
2601 2513 2757 2558 terra:
2786 2503 3028 2558 Madian.

1927 2599 2034 2654 Pro
2082 2598 2402 2668 iniquitate,
2450 2597 2504 2650 id
2546 2604 2631 2650 est
2667 2605 2888 2666 propter
2928 2593 3290 2662 iniquitatem.
3336 2587 3440 2655 Qui

1861 2690 2118 2760 templum
2158 2691 2252 2744 Dei
2290 2705 2410 2746 esse
2465 2691 2799 2747 debuerant:
2838 2695 3058 2757 propter
3099 2683 3436 2753 iniquitatem

1860 2780 2133 2844 avaritiae,
2168 2780 2395 2834 luxuria:
2421 2788 2476 2834 et
2503 2780 2682 2834 omnis
2724 2777 2964 2842 malitim,
3013 2774 3147 2828 ﬂunt
3189 2773 3442 2827 taberna-

1861 2871 2041 2926 culum
2079 2870 2415 2942 IEthiopum,
2462 2872 2516 2926 id
2563 2879 2646 2926 est
2687 2869 3016 2924 daemonum.
3067 2863 3440 2919 Tabernacula

1862 2972 2046 3017 autem
2079 2970 2238 3020 terra:
2266 2963 2484 3018 Madian
2531 2972 2695 3032 atque
2742 2959 3061 3027 IEthiopum
3101 2960 3321 3011 eosdem
3361 2955 3443 3007 in-

1865 3053 2045 3123 tellige
2072 3071 2085 3106 :
2110 3054 2163 3106 hi
2189 3053 2243 3106 in
2269 3053 2564 3108 novissimo
2584 3051 2788 3108 conscii
2819 3058 3167 3120 peccatorum
3197 3058 3439 3108 suorum,

1785 3151 1830 3212 (ζ
1863 3145 2135 3213 parebunt
2163 3143 2371 3213 judicio
2402 3152 2455 3196 et
2507 3143 2889 3198 turbabuntur.

1863 3232 1930 3285 η
2005 3229 2261 3303 Nunquid
2301 3233 2354 3286 in
2394 3233 2701 3302 ﬂuminibus
2728 3233 2900 3285 iratus
2925 3245 3000 3295 es,
3029 3227 3293 3282 Domine:
3347 3231 3440 3276 aut

2075 3325 2129 3378 in
2167 3325 2472 3392 fluminibus
2503 3324 2655 3393 furor
2681 3333 2801 3377 tuus
2823 3334 2854 3374 ε.

2084 3411 2176 3468 Vel
2205 3415 2258 3466 in
2290 3415 2422 3468 mari
2446 3414 2736 3483 indignatio
2769 3421 2880 3466 tua.

1932 3503 2188 3575 Nunquid
2221 3507 2274 3559 in
2298 3505 2609 3560 ﬂuminibus
2640 3524 2652 3558 :
2686 3504 2966 3560 ﬂuminum
2995 3509 3051 3556 et
3078 3499 3247 3554 maris
3276 3511 3438 3552 voca-

1859 3594 1988 3650 bulo
2019 3597 2184 3650 corda
2224 3597 2602 3664 exprimuntur
2629 3595 2944 3658 inﬁdelium,
2978 3607 3097 3661 qua:
3129 3598 3240 3644 toto
3263 3589 3440 3641 inten-

1865 3685 2028 3739 tionis
2077 3686 2281 3756 impetu
2326 3687 2392 3740 ad
2441 3685 2696 3740 inferiora
2738 3685 3042 3753 rapiuntur.
3081 3679 3218 3734 Sunt
3255 3686 3435 3731 autem

1859 3773 2080 3829 ﬂumina
2104 3777 2272 3841 bona,
2308 3785 2437 3830 sunt
2465 3786 2522 3830 et
2550 3775 2690 3830 mala
2717 3793 2730 3828 :
2759 3776 2900 3829 unde
2930 3775 3109 3828 littera
3132 3773 3234 3827 ista
3262 3777 3440 3838 potest

1859 3874 1916 3920 et
1942 3866 2047 3920 ista
2074 3857 2434 3938 interrogatio
2463 3867 2783 3922 aﬂirmative
2812 3873 2867 3921 et
2906 3865 3151 3935 negative
3189 3860 3433 3927 intelligi.

1861 3953 1980 4010 Non
2007 3956 2152 4010 enim
2195 3958 2351 4013 bonis
2378 3959 2690 4014 ﬂuminibus
2715 3957 2967 4012 irascitur
2995 3958 3158 4018 Deus,
3187 3951 3440 4004 irascitur

1860 4056 2042 4104 autem
2065 4049 2260 4102 malis:
2309 4059 2364 4104 et
2406 4065 2555 4104 mare
2602 4050 2854 4104 similiter
2903 4049 2955 4100 in
3005 4046 3147 4099 bono
3193 4049 3249 4095 et
3295 4039 3437 4093 malo

1861 4138 2034 4206 accipi
2063 4146 2263 4207 potest.
2296 4139 2561 4193 Mundana
2603 4139 2688 4193 vel
2731 4138 2983 4192 haeretica
3028 4131 3334 4203 eloquentia
3381 4139 3437 4184 et

1859 4229 2050 4293 verba,
2100 4228 2302 4282 malum
2349 4228 2588 4283 ﬂumen:
2639 4229 2734 4283 Dei
2762 4228 2924 4282 verba
2961 4235 3018 4280 et
3045 4222 3356 4294 prmdicalio
3384 4228 3438 4275 et

1861 4329 2222 4388 sacramenta,
2275 4322 2477 4377 bonum
2528 4320 2766 4386 ﬂumen,
2815 4320 2871 4374 in
2927 4319 3124 4389 quibus
3183 4322 3438 4386 peccator

1863 4412 2116 4469 abluitur.

1780 4494 1832 4553 Ι)
1865 4505 1928 4560 1⁵5
2005 4504 2110 4571 Qui
2140 4507 2385 4562 ascendes
2413 4521 2570 4577 super
2593 4521 2748 4576 equos
2777 4514 2929 4560 tuos:

2003 4595 2074 4651 Et
2095 4599 2367 4669 quadriga:
2405 4609 2512 4653 tute
2543 4597 2785 4652 saluatio.

1931 4689 2036 4758 Qui
2057 4691 2324 4748 ascendes
2354 4706 2518 4761 super
2539 4704 2710 4760 equos
2735 4706 2748 4742 :
2782 4702 2889 4742 non
2918 4687 2973 4741 in
3005 4683 3219 4738 illorum
3249 4679 3434 4738 corda,

1859 4783 2056 4852 quibus
2082 4782 2253 4837 iratus
2285 4783 2488 4838 dicitur
2511 4779 2799 4850 superius:
2831 4777 2926 4832 sed
2959 4775 3014 4829 in
3045 4773 3210 4827 corda
3240 4769 3440 4822 electo-

1859 4890 1982 4931 rum
2034 4883 2250 4929 tuorum
2295 4872 2579 4937 ascendes,
2625 4885 2724 4941 per
2766 4863 3217 4923 illuminationem
3254 4855 3444 4928 gratia:

1864 4973 1970 5022 tua:
1997 4967 2080 5036 (ut
2101 4962 2493 5033 apostolorum)
2528 4963 2581 5016 in
2609 4957 2966 5014 hiscurribus
2987 4949 3244 5016 equitans
3265 4954 3444 5036 totum

1863 5033 2153 5113 illustravit
2182 5056 2446 5110 mundum
2478 5061 2533 5106 et
2567 5048 2813 5104 salvavit.
2848 5043 2946 5098 Vel
2983 5047 3217 5108 quatuor
3265 5033 3447 5087 Evan-

1862 5147 1998 5217 gelia
2038 5144 2304 5214 quadriga
2330 5153 2458 5200 sunt
2487 5139 2696 5196 salutis.

1864 5237 1884 5264 ι
1905 5237 1924 5264 ι
2013 5233 2282 5264 Quodn"..-
2316 5230 2588 5264 ..ηηέιηιιὶο
2611 5241 2791 5264 nrt-sin)
2825 5234 2970 5264 tnui)!
2989 5232 3008 5264 .'
