3994 5370
540 344 646 401 545

1455 345 1516 400 s.
1557 345 1904 404 enuuoms
1941 347 2479 432 HERBIPOLENSIS
2518 349 2822 408 EPlSCOPl
3047 320 3055 329 ’
3305 367 3333 391 θ

3672 349 3777 407 su

540 469 597 513 et
641 455 880 526 implevit
915 471 1035 526 qua:
1060 441 1312 526 promis-it
1341 451 1588 514 tribubus
1615 467 1828 529 patrum
1859 462 2106 532 antiquo-
2137 466 2186 524 Α
2210 470 2393 517 autem
2441 462 2793 533 intelligimus
2842 462 3064 534 impium
3124 463 3647 527 Nabuchodonosor,
3699 444 3779 522 vel

539 560 680 598 rum.

540 633 609 687 15
678 631 894 687 Fluvios
921 632 1126 686 scindes
1164 643 1316 689 teme
1337 650 1356 689 :
1398 636 1638 690 viderunt
1677 646 1727 692 te
1755 653 1907 709 aqua
1938 648 1986 694 et
2013 638 2110 697 do.-

677 722 887 776 luerunt
918 733 1114 778 montes
1135 737 1156 788 _:

745 810 946 880 Gurges
973 829 1232 878 aquarum
1261 815 1470 876 transit.

605 899 826 956 Fluvios
852 901 1086 966 scindes,
1114 903 1165 956 id
1192 912 1276 956 est
1308 918 1462 974 reges
1485 913 1645 962 terra:
1673 907 1933 966 adversus
1955 917 2108 965 tuum

534 989 789 1059 populum
839 991 1159 1046 dimicantes
1210 993 1417 1049 divides
1461 1004 1626 1065 atque
1676 998 1978 1069 disperges.
2030 1000 2107 1066 Te

533 1081 783 1135 viderunt
830 1082 1041 1135 excelsa
1088 1098 1274 1153 regna,
1323 1093 1379 1139 et
1417 1085 1679 1142 sublimes
1727 1089 1888 1157 hujus
1922 1092 2104 1146 smculi

535 1178 830 1240 potestates
881 1180 1234 1226 tremuerunt.
1283 1173 1513 1247 Gurges,
1562 1177 1615 1230 id
1644 1186 1747 1242 est,
1800 1180 2106 1248 persecutio

535 1275 722 1315 eorum
753 1261 845 1330 qui
876 1263 1145 1316 vexabant
1177 1265 1429 1334 pbpulum
1461 1275 1612 1322 tuum
1640 1271 1872 1333 transiit.

535 1347 602 1402 l6
677 1349 832 1403 Dedit
858 1351 1075 1420 abyssus
1124 1368 1293 1407 vocem
1333 1369 1525 1411 suam:

674 1438 916 1492 Altitudo
957 1457 1141 1495 atauus
1180 1459 1303 1500 suas
1349 1445 1552 1502 letavit.

605 1528 766 1582 Dedit
796 1529 1022 1598 abyssus
1051 1548 1064 1584 :
1116 1532 1217 1588 hoc
1264 1543 1350 1588 est
1396 1545 1680 1607 postquam
1710 1555 1904 1610 gurges
1933 1558 2104 1613 aqua-

533 1633 678 1683 rum,
719 1619 770 1672 id
807 1629 890 1674 est
918 1624 1353 1689 persecutionum
1386 1630 1625 1696 transiit,
1654 1631 1708 1685 id
1737 1642 1823 1687 est
1847 1637 2102 1701 cessavit,

533 1707 586 1761 id
610 1717 691 1762 est
716 1718 836 1776 post
879 1711 1184 1778 passionem
1219 1721 1386 1777 tuam.
1421 1716 1670 1786 Christe,
1710 1721 1894 1786 inferi,
1926 1724 1978 1778 id
2023 1734 2106 1782 est

2210 565 2401 607 omnes
2430 552 2790 618 adversarios,
2817 553 2908 624 qui
2931 563 3193 609 venerunt
3221 563 3281 608 ut
3312 554 3468 608 turbo
3495 563 3556 608 ut
3583 555 3780 625 disper-

2209 648 2400 710 gerent
2455 657 2577 709 me,
2637 642 2692 706 id
2737 651 2820 698 est
2863 654 2924 708 ut
2974 652 3280 709 everterent
3317 645 3483 712 Israel
3535 648 3780 718 etcapti-

2205 737 2418 784 varent.

2206 815 2277 882 22
2348 818 2647 875 Exsultatio
2687 839 2865 878 eorum
2889 842 2908 880 :

2351 908 2496 964 Sicut
2525 912 2636 980 ejus
2661 914 2751 979 qui
2773 913 2988 968 devorat
3011 931 3286 985 pauperem
3307 918 3361 974 in
3388 919 3714 976 abscondito.

2276 1000 2580 1057 Exsultatio
2600 1017 2785 1057 eorum
2813 1020 2826 1058 :
2846 1005 3198 1061 Exsultabunt
3217 1023 3508 1080 pauperem
3527 1013 3781 1068 devoran-

2207 1098 2288 1146 tes
2334 1100 2388 1146 et
2413 1091 2708 1160 subjectum
2754 1096 2852 1150 sibi
2880 1097 3150 1166 populum,
3182 1101 3360 1155 ethoc
3386 1105 3545 1170 quasi
3579 1104 3633 1157 in
3662 1105 3780 1159 abs-

2206 1182 2424 1236 condito
2465 1183 2688 1247 facient.
2733 1186 2785 1240 id
2841 1195 2924 1242 est
2971 1190 3128 1261 quasi
3182 1200 3258 1256 tu,
3312 1192 3474 1257 Deus,
3531 1195 3776 1248 nescires.

2205 1271 2410 1330 Venisti
2439 1275 2603 1344 igitur
2624 1275 2690 1330 ad
2717 1277 2962 1346 praelium
2987 1293 3084 1348 pro
3108 1280 3300 1349 populo
3328 1289 3439 1344 tuo,
3485 1290 3543 1336 et
3571 1283 3782 1351 quadri-

2207 1377 2302 1431 gas
2325 1365 2546 1420 mittens
2577 1367 2628 1420 in
2652 1377 2820 1436 aquas
2851 1368 2927 1438 (id
2958 1377 3041 1424 est
3067 1371 3118 1422 iu
3148 1377 3335 1440 gentes
3363 1370 3585 1442 multas)
3611 1371 3779 1428 fecisti

2204 1455 2283 1510 eis
2310 1456 2469 1522 viam,
2497 1466 2605 1514 etc.

2203 1547 2274 1601 23
2350 1541 2503 1602 Viam
2535 1550 2702 1619 fecisti
2724 1551 2779 1605 in
2803 1551 2940 1605 mari
2964 1553 3107 1622 equis
3134 1553 3236 1607 tuis
3253 1568 3276 1607 .'

2349 1638 2416 1693 In
2443 1639 2552 1694 luto
2579 1651 2834 1712 aquarum
2869 1644 3177 1697 multarum.

2279 1729 2433 1784 Viam
2495 1729 2689 1786 fecisti.
2761 1732 2895 1800 Equi
2947 1740 3074 1786 sunt
3124 1731 3297 1787 sancti
3352 1732 3779 1802 praedicatores:

532 1797 707 1893 sancti
737 1799 790 1851 in
823 1798 990 1893 limbo
1021 1813 1233 1870 patrum
1262 1802 1624 1865 laudaverunt
1659 1818 1732 1867 te.
1765 1812 1830 1867 Et
1858 1814 2101 1880 altitudo,
2134 1809 2182 1868 B
2207 1821 2403 1889 quibus
2460 1820 2635 1876 fecisti
2688 1797 2838 1877 viam
2859 1823 2911 1876 in
2940 1822 3150 1893 populis
3168 1797 3468 1887 nationum,
3492 1832 3547 1878 et
3573 1825 3626 1877 in
3653 1839 3781 1891 quo-

530 1887 586 1943 id
614 1899 699 1944 est
729 1891 906 1959 angeli
945 1901 996 1947 te
1027 1897 1355 1951 resonabant
1379 1913 1500 1955 esse
1533 1901 1796 1958 victorem
1823 1921 1836 1958 :
1869 1913 1924 1961 et
1954 1908 2108 1976 quasi

529 1977 720 2048 plausu
749 1997 1005 2038 manuum
1042 1984 1380 2042 elevatarum
1408 1997 1462 2044 te
1493 1990 1779 2060 victorem,
1812 1995 2110 2067 triumpha-

536 2079 821 2139 toremque
860 2082 1251 2132 monstrarunt.
1307 2089 1310 2092 '

531 2159 599 2212 i7
674 2159 768 2214 Sol
791 2171 838 2214 et
869 2161 995 2216 luna
1019 2173 1271 2220 steterunt
1295 2166 1349 2220 in
1385 2167 1686 2224 habitacula
1707 2188 1802 2226 suo
1825 2189 1846 2226 :

670 2249 740 2304 lu
778 2250 894 2305 luce
939 2257 1254 2323 sagittarum
1289 2266 1502 2314 tuarum
1533 2259 1722 2317 ibunt:
1753 2265 1806 2317 in
1835 2264 2112 2335 splendore

738 2339 887 2410 fulgu
897 2346 1064 2397 rantis
1090 2346 1257 2400 hasne
1286 2355 1411 2402 tuaz.

599 2427 689 2482 Sol
718 2438 772 2483 et
806 2430 930 2486 luna
967 2450 981 2486 :
1013 2443 1135 2502 post
1156 2437 1465 2503 passionem
1493 2454 1650 2496 suam
1677 2450 1734 2498 et
1760 2449 2108 2502 resurrectio.

530 2534 651 2574 ucm
683 2521 925 2578 elevatus
969 2533 1053 2579 est
1081 2526 1375 2594 Dominus,
1406 2530 1486 2584 sol
1527 2531 1777 2587 videlicet
1797 2535 2022 2604 justitiae
2051 2538 2106 2592 in

530 2614 748 2679 costum,
782 2624 836 2670 et
866 2618 1066 2673 emisso
1094 2618 1300 2688 Spiritu
1339 2621 1964 2694 illustravitEcclesiam,
1987 2644 2108 2698 quae

528 2703 726 2758 dicitur
757 2705 921 2760 luna:
954 2723 1075 2776 quae
1114 2718 1243 2765 tunc
1282 2711 1360 2766 ita
1405 2714 1585 2779 stetit,
1630 2717 1825 2771 robore
1870 2716 2106 2788 Spiritus

525 2803 768 2863 accepto,
822 2805 880 2850 ut
925 2811 1024 2852 nec
1061 2809 1288 2855 mortem
1343 2803 1577 2858 timeret.
1611 2805 1832 2874 Sagittae
1870 2816 1994 2874 tuae,
2051 2809 2104 2863 id

523 2893 609 2941 e‘st
639 2887 810 2956 plagae
850 2897 955 2945 tua:
994 2901 1049 2948 et
1079 2896 1336 2960 eruditio,
1377 2898 1575 2966 p0pulo
1624 2908 1715 2954 tuo
1762 2901 1939 2957 lumen
1967 2919 2108 2972 pra:-

522 2974 778 3033 buerunt.
812 2979 872 3037 In
922 2983 1036 3039 sole
1065 2985 1212 3041 enim
1263 2986 1535 3056 Christus,
1586 2991 1641 3044 in
1681 2991 1807 3048 luna
1859 2996 2098 3061 Ecclesia

526 3065 864 3138 designatur.

526 3157 594 3212 i8
664 3158 734 3214 In
757 3163 970 3230 fremitu
993 3167 1321 3225 conculcabis
1352 3180 1545 3228 terram
1568 3185 1590 3227 .°

662 3249 733 3304 In
762 3252 944 3320 furore
971 3261 1350 3328 obstupefacies
1374 3272 1572 3332 gentes.

591 3337 651 3392 In
691 3339 911 3398 fremitu
947 3349 1287 3406 conculcabis
1316 3367 1330 3406 :
1363 3353 1584 3422 quando
1619 3353 1873 3422 iniuriam
1925 3357 2104 3427 populi

523 3427 602 3480 tui
634 3429 958 3502 vindicabis,
1007 3445 1217 3493 terrena
1245 3456 1408 3511 regna
1433 3445 1799 3511 conculcabis,
1836 3454 1892 3500 et
1915 3462 2105 3505 omnes

521 3525 710 3584 gentes
749 3520 1006 3579 admirari
1031 3525 1215 3585 facies.

522 3604 590 3660 l9
651 3607 919 3679 Egressus
945 3631 999 3670 es
1023 3618 1080 3672 in
1111 3619 1334 3676 salutent
1356 3624 1531 3693 populi
1557 3626 1636 3680 tui
1663 3641 1684 3680 :

659 3697 730 3753 In
752 3702 974 3758 salutent
995 3723 1114 3760 cum
1143 3708 1348 3765 Christo
1379 3721 1491 3766 tuo.

585 3787 853 3858 Egressus
876 3809 976 3850 es:
1025 3799 1131 3853 hoc
1156 3799 1305 3854 Patri
1363 3803 1565 3858 dictum
1599 3805 1937 3876 intelligitur,
1975 3809 2105 3875 quia

523 3879 719 3934 exierit
769 3882 839 3939 ad
887 3885 1204 3942 salvandum
1263 3892 1519 3960 p0pulum
1571 3909 1728 3949 suum
1780 3909 1878 3966 per
1921 3896 2105 3952 Jcsum

521 3966 796 4025 Christum
820 3971 1020 4030 Filium
1044 3991 1239 4033 suum:
1268 3979 1411 4037 Deus
1445 3984 1591 4038 enim
1623 3995 1743 4040 erat
1771 3987 1826 4041 in
1862 3986 2101 4053 Christo,

521 4061 778 4115 mundum
817 4064 1176 4122 reconcilians
1223 4068 1327 4125 sibi
1361 4070 1447 4141 (ΙΙ
1476 4072 1601 4129 Cor.
1624 4074 1698 4145 v).
1731 4075 1827 4131 Vel
1852 4092 2105 4148 egressus

521 4161 552 4201 a
580 4165 854 4224 synagoga
882 4153 1191 4213 Judaeorum
1223 4161 1291 4216 ad
1321 4170 1534 4231 gentes.

519 4234 589 4291 20
631 4248 634 4254 '
661 4241 975 4300 Percussisti
1003 4258 1159 4316 caput
1191 4251 1255 4304 de
1281 4251 1436 4306 domo
1457 4253 1608 4322 impii
1633 4268 1652 4308 :

654 4330 949 4388 Denudasti
975 4336 1375 4404 fundamentum
1404 4358 1568 4412 usque
1595 4343 1664 4398 ad
1691 4345 1906 4401 collum.

2210 1925 2329 1964 rum
2375 1910 2752 1980 praedicatione
2781 1911 3008 1966 turbatae
3030 1921 3156 1966 sunt
3199 1926 3389 1982 aqum:
3423 1913 3528 1970 hoc
3551 1922 3637 1968 est
3665 1928 3783 1981 gen-

2213 1997 2342 2053 tium
2384 1999 2566 2053 corda.
2626 1999 2773 2055 Mare
2819 2000 2966 2054 enim
3001 1999 3358 2069 spiritualiter
3394 2002 3631 2055 mundus
3659 2009 3779 2056 est:

2210 2087 2403 2152 lutum,
2430 2097 2649 2158 peccata
2679 2097 2736 2144 et
2765 2105 2910 2145 curae
2935 2104 3085 2145 vanae
3112 2107 3126 2144 :
3165 2104 3318 2162 aqua:
3348 2090 3556 2156 multae,
3607 2089 3781 2161 populi

2209 2175 2382 2230 multi.
3219 2163 3227 2166 ξ
3668 2185 3671 2188 ’

2205 2265 2276 2329 Ἡ
2347 2265 2538 2320 Audiui
2557 2275 2604 2320 et
2625 2266 2962 2321 conturbatus
2989 2273 3064 2321 est
3082 2275 3256 2320 venter
3280 2282 3424 2321 meus
3449 2279 3471 2319 :

2349 2354 2389 2406 Α
2430 2371 2551 2408 voce
2575 2355 2996 2409 contremuerunt
3022 2355 3161 2409 labia
3191 2371 3327 2414 mea.

2275 2442 2468 2500 Audivi
2493 2451 2547 2497 et
2588 2443 2943 2506 conturbatus
2967 2452 3050 2498 est
3070 2451 3260 2498 venter
3283 2457 3434 2497 meus
3465 2459 3480 2497 :
3519 2441 3600 2498 Ad
3636 2456 3780 2498 com-

2207 2532 2575 2598 minatiouem,
2604 2533 2779 2601 inquit
2805 2533 3092 2602 propheta,
3146 2541 3312 2595 tuam,
3354 2541 3466 2587 toto
3495 2539 3706 2596 ventre,
3734 2532 3782 2586 id

2205 2631 2288 2688 est
2316 2623 2496 2678 animo
2543 2622 2902 2678 contremisco
2929 2641 2942 2677 :
2986 2623 3251 2678 labiorum
3280 2623 3424 2677 enim
3457 2631 3662 2677 tremor
3695 2621 3782 2675 de-

2207 2715 2385 2783 signat
2466 2729 2724 2784 pavorem
2777 2713 2998 2782 trepidae
3056 2713 3274 2768 mentis.
3363 2713 3562 2766 Audivi
3628 2711 3782 2782 igitur

2205 2803 2499 2858 vindictam
2547 2813 2694 2857 tuam
2742 2803 2796 2856 in
2826 2811 3137 2872 peccatores
3167 2803 3348 2872 (quam
3375 2801 3552 2856 fecisti
3581 2801 3694 2865 hic,
3731 2808 3782 2852 et

2205 2907 2365 2964 quam
2414 2891 2644 2961 amplius
2695 2891 2860 2946 facies
2906 2891 2961 2945 in
2982 2889 3468 2962 extremojudicio)
3496 2897 3554 2944 et
3582 2897 3787 2946 contre-

2206 2982 2373 3037 misco
2402 3001 2414 3037 :
2448 2997 2516 3037 ne
2538 2990 2591 3036 et
2613 2996 2714 3052 ego
2736 2983 2998 3052 reprobus
3021 2982 3283 3037 inveniar.

2202 3073 2274 3127 ‘25
2346 3072 2682 3142 Ingrediatur
2705 3074 2925 3140 putredo
2946 3075 3001 3128 in
3024 3074 3224 3132 ossibus
3256 3074 3382 3128 meis
3413 3087 3433 3125 :

2347 3164 2415 3218 Et
2444 3164 2620 3218 subter
2648 3181 2730 3218 me
2757 3174 2974 3219 scatent.

2278 3255 2613 3327 lugrcdiatur
2666 3257 2916 3325 putredo,
2944 3256 2996 3310 id
3026 3264 3128 3320 est,
3157 3271 3263 3311 non
3294 3255 3470 3311 solum
3500 3256 3650 3310 hunc
3676 3263 3782 3309 tre-

2208 3362 2413 3400 morem
2442 3347 2672 3402 libenter
2694 3348 2886 3416 patior,
2916 3363 3104 3402 verum
3129 3349 3292 3403 etiam
3319 3348 3463 3416 quod
3489 3345 3787 3416 passus'est

2205 3433 2307 3499 Job
2345 3435 2466 3505 (Job
2521 3437 2558 3504 ι)
2614 3436 2844 3490 libenter
2899 3436 3174 3490 sustinebo
3215 3437 3290 3507 (id
3320 3445 3403 3491 est
3449 3435 3788 3506 putredinem

2205 3523 2492 3591 corporis:
2528 3524 2600 3576 ita
2656 3531 2718 3578 ut
2766 3523 3069 3578 innumeris
3120 3533 3326 3579 scateat
3363 3525 3646 3580 vermibus
3667 3538 3788 3579 caro

2211 3614 2367 3680 mea)
2401 3622 2455 3667 et
2486 3626 2677 3668 omnes
2707 3613 2985 3683 angustias
3011 3623 3066 3670 et
3097 3614 3473 3671 tribulationes
3505 3615 3596 3671 liic
3616 3615 3672 3669 iu
3689 3615 3785 3670 hac

2209 3705 2337 3759 vita.

2205 3796 2275 3850 26
2350 3794 2415 3852 Ut
2438 3797 2757 3868 requiescam
2785 3813 2840 3852 tn
2872 3799 2957 3851 dte
2981 3797 3334 3852 tribulationis
3364 3814 3385 3852 :

2351 3885 2419 3941 Ut
2446 3888 2726 3942 ascendam
2754 3888 2825 3941 ad
2847 3888 3095 3959 populum
3115 3888 3407 3943 accinctum
3433 3899 3694 3942 nostrum.

2278 3976 2349 4033 Ut
2377 3977 2732 4046 requiescam,
2758 3978 2810 4033 id
2829 3987 2914 4033 est
2935 3988 2995 4033 ut
3006 3978 3096 4033 hic
3117 3994 3148 4032 a
3161 3978 3296 4033 meis
3316 3977 3572 4044 munder,
3602 3987 3660 4035 et
3679 3981 3782 4034 eri-

2206 4068 2322 4139 piar
2341 4067 2600 4137 peccatis,
2627 4077 2683 4122 et
2703 4068 2756 4123 in
2780 4068 2868 4123 die
2896 4068 3282 4135 tribulationis,
3311 4068 3416 4124 hoc
3432 4076 3518 4125 est
3535 4083 3786 4126 consum-

2207 4157 2464 4214 mationis
2508 4158 2692 4214 saeculi
2717 4165 2774 4214 et
2792 4157 2982 4226 judicii
3013 4157 3090 4229 (in
3115 4157 3222 4223 die,
3252 4157 3459 4213 scilicet
3479 4158 3600 4226 ira,
3643 4159 3783 4214 cala-

2207 4246 2410 4304 mitatis
2437 4256 2495 4301 et
2535 4246 2786 4319 miseriae)
2816 4246 3174 4316 requiescam,
3204 4254 3369 4316 atque
3389 4247 3684 4302 ascendam
3719 4248 3782 4302 ad

2205 4336 2536 4392 consortium
2581 4351 2772 4392 eorum
2821 4336 2913 4405 qui
2955 4334 3011 4390 in
3035 4334 3250 4390 Christo
3275 4344 3695 4405 pmcesserunt,
3732 4344 3784 4389 et

588 4420 912 4480 Percussisti
939 4438 1101 4496 caput
1129 4447 1142 4482 :
1176 4432 1430 4487 veniente
1457 4442 1636 4489 autem
1666 4436 1804 4492 Filio
1837 4447 1945 4503 tuo,
1975 4454 2100 4509 per-
2132 4473 2174 4530 υ
2203 4425 2555 4489 “Commmini
2581 4440 2640 4481 se
2668 4425 2736 4481 ad
2765 4425 3107 4525 ρυεηειηάυιιξ
3129 4431 3316 4480 εοηίη
3340 4437 3535 4530 “Plias
3549 4433 3781 4526 P0l?5“:

519 4509 740 4564 cussisti
784 4513 1178 4572 Antichristum
1217 4519 1285 4575 de
1329 4523 1490 4578 domo
1517 4525 1686 4593 impii,
1713 4527 1766 4580 id
1795 4536 1881 4583 est
1909 4529 1966 4583 in
1995 4531 2100 4586 hoc

520 4603 746 4693 sacculo:
773 4607 898 4673 quia
919 4608 973 4660 in
990 4610 1224 4680 maligno
1251 4615 1483 4670 mundus
1507 4618 1714 4684 positus
1727 4627 1810 4674 est
1838 4620 2000 4690 (Joan
2019 4622 2096 4693 v).

516 4691 586 4744 Et
617 4693 931 4748 abscondita
961 4695 1079 4763 ejus
1105 4711 1293 4769 aperta
1322 4702 1522 4770 fecisti,
1573 4722 1745 4775 usque
1795 4709 1851 4763 in
1900 4691 2100 4780 sempi-

517 4789 752 4839 ternum.
783 4785 1154 4844 Fundamenta
1182 4794 1328 4848 enim
1357 4795 1470 4850 sive
1493 4797 1809 4853 abscondita
1831 4797 1949 4867 ejus
1971 4809 2100 4856 sunt

517 4875 868 4943 cogitationes
890 4918 904 4944 ,
959 4895 1079 4949 quae
1108 4885 1380 4939 nudantur
1412 4885 1496 4941 vel
1519 4887 1573 4940 in
1593 4887 1800 4957 judicio
1819 4890 2095 4959 omnibus,

516 4966 598 5021 vel
624 4967 714 5023 hic
757 4985 854 5040 per
905 4973 1325 5041 confessionem,
1362 4992 1535 5048 usque
1563 4971 1631 5034 ad
1679 4981 1898 5047 collum,
1927 4983 1980 5038 id
2010 4992 2096 5039 est

515 5071 687 5200 usqtlile
741 5061 808 5115 ad
861 5065 1028 5120 verba
1074 5075 1132 5123 et
1180 5081 1364 5138 opera.
1401 5067 1494 5125 Vel
1520 5085 1618 5140 per
1658 5080 1820 5142 caput
1847 5072 2093 5130 diabolus

515 5156 628 5200 inte
677 5151 857 5200 initur-

515 5151 857 5200 intellieiltir-

2207 4528 2286 4569 tes
2338 4523 2394 4570 et
2436 4515 2617 4570 omnia
2665 4515 2798 4570 vitia
2849 4515 3017 4570 armis
3052 4513 3312 4572 virtutum
3350 4514 3595 4583 undique
3622 4515 3779 4569 cincti

2203 4612 2256 4663 ct
2281 4603 2518 4674 expediti
2553 4621 2566 4657 :
2593 4620 2714 4659 cum
2741 4603 2848 4659 illis
2868 4605 3154 4659 ascendam
3177 4604 3232 4658 in
3258 4603 3450 4674 gaudia
3477 4602 3776 4667 beatorum,

2202 4702 2258 4747 et
2279 4693 2334 4747 in
2362 4692 2466 4747 hac
2496 4693 2606 4746 vita
2638 4693 2704 4748 de
2727 4693 2927 4748 virtute
2951 4693 3004 4747 in
3030 4695 3288 4754 virtutem
3331 4690 3507 4763 (Psal.
3530 4691 3779 4762 Lxmn).

2201 4783 2362 4839 Ficus
2387 4783 2532 4838 enim
2569 4798 2674 4838 nou
2696 4782 2932 4849 ﬂorebit,
2955 4798 3055 4851 ego
3083 4791 3263 4840 autem
3287 4781 3535 4838 ﬂoream.

2199 4875 2268 4929 ‘27
2341 4873 2506 4930 Ficus
2531 4875 2667 4929 enim
2683 4891 2786 4930 non
2811 4876 3015 4944 ﬂorebit
3047 4890 3066 4936 ς

2341 4965 2412 5020 Et
2440 4981 2543 5020 non
2570 4966 2666 5019 erit
2700 4981 2905 5035 germen
2931 4966 2982 5019 in
3001 4965 3186 5020 vineis.

2267 5060 2429 5116 Ficus
2449 5061 2592 5116 enim
2618 5076 2725 5114 non
2749 5059 2998 5120 ﬂorebit:
3025 5062 3180 5130 licus,
3208 5062 3367 5118 vinea
3385 5069 3444 5122 et
3464 5061 3636 5128 oliva,
3666 5071 3778 5117 erat

2198 5168 2463 5200 svnagmra
2515 5153 2818 5200 Judmnrum
2850 5171 2864 5200 ε
2925 5157 3179 5200 ntinniam
3231 5155 3567 5200 (ιιιΙι-ηιίηρηι
3629 5156 3777 5200 Mure
