3994 5370
201 181 308 238 515

1299 179 1841 240 COMMENTARIUS
1878 180 1945 237 IN
1984 180 2298 240 CANTICA.

3349 191 3454 248 διο

199 291 475 358 facientis,
524 292 756 348 dicentis
803 292 872 348 ad
922 291 1143 363 Moysen
1175 289 1407 346 :Omnia
1440 306 1776 362 quaecunque
1802 297 1855 358 Α
1879 292 1950 365 3}
2022 293 2188 359 Quasi
2211 294 2372 348 imber
2391 309 2546 364 super
2584 293 2795 350 herbam
2827 309 2846 349 :
2874 306 2923 352 et
2940 298 3094 369 quasi
3114 299 3271 356 stillae
3298 317 3456 374 super

199 383 404 439 dixerit
429 381 692 438 Dominus
720 383 980 438 faciemus
1024 383 1221 455 (Exod.
1255 384 1404 454 ntv)
1432 401 1446 437 :
1471 394 1525 438 et
1547 383 1781 439 nolentis

198 475 252 528 in
279 490 408 530 eum
436 475 662 530 credere
692 475 781 544 qui
821 490 851 529 a
888 475 1072 546 Moyse
1115 475 1440 545 praedicatus
1478 485 1564 530 est
1599 474 1776 546 (Deut.

198 564 360 636 xm).
410 566 554 620 Arva
587 580 824 636 quoque,
866 565 920 620 id
947 575 1029 620 est
1057 567 1194 636 agri,
1221 566 1273 619 id
1310 574 1394 620 est
1428 564 1634 630 Judrea,
1661 579 1781 635 qua:

196 655 325 710 olim
356 654 413 710 in
440 657 716 711 montibus
747 657 974 722 sanctis,
1005 672 1148 710 nunc
1173 656 1225 710 in
1248 655 1408 725 plano
1421 657 1780 724 sita,depres—

196 745 368 801 sionis
426 746 703 801 exsiccata
748 746 1004 814 peccatis,
1045 761 1152 799 non
1192 743 1295 799 fert
1333 746 1533 808 cibum,
1561 759 1660 800 nec
1683 759 1777 814 pe-

196 835 333 899 cori,
361 835 418 891 id
440 845 528 891 est
554 836 912 905 simplicibus,
937 850 1037 892 nec
1073 836 1353 902 armentis,
1385 837 1438 890 id
1471 845 1555 892 est
1583 836 1776 907 praela-

196 927 298 993 tis;
343 934 400 982 et
436 927 559 982 ideo
594 927 962 983 abscindetur.

193 1036 262 1090 29
336 1035 693 1090 Abscindetur
721 1037 786 1090 de
807 1036 933 1091 ovili
955 1053 1110 1106 pecus
1136 1049 1156 1088 :

334 1125 406 1178 Et
437 1142 540 1179 non
567 1127 666 1181 erit
694 1137 989 1182 armentum
1011 1128 1065 1180 in
1086 1128 1424 1196 prtesepibus.

261 1218 654 1290 Abscindetur)
675 1219 741 1274 de
775 1219 903 1273 ovili
938 1236 951 1272 :
983 1219 1137 1288 Apud
1166 1218 1382 1275 Iudaeos
1426 1229 1553 1275 sunt
1579 1235 1775 1289 praese-

193 1311 280 1380 pia
316 1311 630 1365 litterarum
679 1311 1003 1376 cmlestium,
1051 1312 1146 1366 sed
1171 1312 1295 1380 quia
1337 1312 1588 1383 pabulum
1613 1314 1779 1368 coele-

192 1399 292 1453 stis
316 1399 623 1455 intellectus
652 1400 708 1454 in
736 1401 822 1455 his
853 1405 960 1455 non'
998 1402 1235 1471 sapiunt,
1266 1403 1356 1472 qui
1379 1401 1568 1473 jugum
1601 1403 1774 1456 Evan-

191 1490 312 1560 gelii
330 1491 798 1560 bajulentabsunt.
825 1491 1144 1546 Armeutum
1173 1494 1316 1546 enim
1345 1494 1499 1563 quasi
1521 1509 1773 1548 aramen-

190 1586 303 1632 tum
336 1565 558 1646 dicitur,
579 1581 703 1649 quia
725 1581 892 1636 aratri
905 1581 1037 1653 jugo
1062 1592 1261 1637 terram
1288 1593 1403 1639 aret
1429 1599 1445 1650 ;
1480 1584 1561 1639 vel
1590 1584 1660 1638 ab
1685 1599 1771 1638 ar-

2096 385 2336 454 gramina
2365 403 2384 440 :

2025 471 2162 538 Quia
2192 490 2379 527 nomen
2412 474 2617 530 Domini
2646 475 2916 533 invocabo.

1950 561 2114 628 Quasi
2141 562 2313 617 imber
2340 563 2440 618 iste
2490 579 2680 620 versus
2716 568 2966 636 superius
3019 584 3236 625 sensum
3263 573 3453 638 habet,

1877 653 2004 723 quia
2036 667 2232 707 nomen
2260 653 2471 708 Domini
2503 655 2790 724 invocabo,
2820 659 2872 714 id
2895 669 2978 716 est
2998 660 3066 718 de
3080 665 3454 721 Dominomibi

1878 756 2059 796 sermo
2085 750 2190 796 est.

1876 829 1912 884 4
2018 830 2154 885 Date
2196 833 2640 902 magniﬁcentiam
2693 837 2802 892 Deo
2852 850 3068 894 nostro:
3097 842 3194 898 Dei
3222 845 3456 914 perfecta

2089 930 2210 974 sunt
2248 939 2404 990 opera
2430 939 2449 977 .‘

2020 1011 2087 1066 Et
2121 1030 2296 1069 omnes
2328 1016 2422 1069 vita
2451 1017 2566 1087 ejus
2585 1018 2814 1088 judicia.

1949 1102 2084 1157 Date
2126 1105 2603 1175 magniﬁcentiam,
2659 1110 2710 1163 id
2737 1120 2821 1166 est
2851 1113 3009 1182 digne
3037 1128 3160 1169 eum
3191 1116 3454 1174 honorate

1877 1191 1981 1248 fide
2011 1202 2065 1247 et
2088 1194 2365 1262 operibus.
2402 1195 2498 1250 Dei
2524 1196 2765 1266 perfecta
2795 1207 2920 1254 sunt
2944 1215 3129 1272 Opera,
3159 1205 3283 1272 quia
3304 1221 3450 1260 sum-

1877 1296 1964 1336 me
2017 1280 2291 1351 perfectus
2332 1293 2434 1338 est.
2482 1284 2549 1338 Et
2571 1300 2760 1342 omnes
2790 1288 2888 1341 viae
2928 1287 3065 1356 ejus,
3105 1291 3264 1347 idest
3286 1307 3450 1361 opera

1875 1370 1994 1441 ejus
2017 1373 2238 1442 judicia,
2274 1373 2328 1427 id
2354 1383 2437 1428 est
2471 1389 2593 1429 cum
2645 1377 2970 1433 discretione
3006 1378 3251 1445 rationis,
3292 1381 3345 1435 id
3371 1390 3455 1434 est

1873 1464 2346 1536 providentissima
2392 1466 2602 1522 ratione
2645 1477 2701 1522 et
2744 1469 3074 1526 discretione
3117 1471 3374 1541 disposita
3401 1479 3456 1525 et

1875 1551 2042 1610 facta.
2712 1563 2717 1568 ’

189 1667 292 1721 mis
334 1640 615 1723 cornuu'm'
657 1669 858 1724 diem".
903 1640 1229 1736 ξιηςωηωηι,
1285 1681 1339 1725 ει
1366 1640 1648 1740 prgam,“
1685 1673 1772 1730 vel
1800 1640 1846 1700 Β
1873 1642 1908 1698 5
2013 1643 2158 1698 Deus
2188 1643 2360 1712 ﬁdelis
2400 1656 2446 1699 et
2488 1645 2684 1717 absque
2726 1647 2836 1702 ulla
2874 1649 3149 1720 iniquitate
3187 1651 3364 1721 justus
3403 1659 3455 1707 et

187 1757 483 1825 quemlibet
506 1757 708 1814 Christi
726 1758 913 1831 jugum
940 1760 1202 1817 ferentem
1227 1762 1518 1831 significat.

189 1866 258 1920 30
329 1867 445 1937 Ego
467 1879 646 1923 autem
672 1871 727 1923 in
749 1869 977 1924 Domino
1002 1871 1237 1940 gaudebo
1261 1887 1280 1926 :

329 1955 398 2009 Et
434 1957 709 2011 easnltabo
744 1959 798 2011 in
832 1958 936 2012 Deo
958 1959 1085 2013 Jesu
1111 1977 1242 2014 meo.

254 2044 368 2116 Ego
397 2056 580 2100 autem
607 2047 662 2101 in
705 2045 957 2113 Domino,
990 2049 1042 2102 id
1073 2058 1157 2104 cst
1186 2066 1290 2104 non
1319 2052 1371 2106 in
1395 2068 1513 2108 mea
1538 2053 1766 2122 justitia,

187 2137 280 2191 sed
338 2139 391 2191 in
439 2138 543 2192 fide
595 2139 790 2193 divina:
827 2141 1184 2209 protectionis
1213 2144 1477 2211 gaudebo.
1516 2144 1591 2198 Illi
1625 2146 1768 2200 enim

190 2229 302 2282 haec
352 2230 648 2297 patientur,
679 2243 780 2302 ego
808 2240 987 2287 autem
1012 2233 1257 2302 gaudebo
1298 2233 1383 2302 (Il
1407 2233 1530 2289 Cor.
1562 2235 1598 2307 ι)
1633 2254 1645 2288 :
1671 2251 1771 2306 ego

185 2333 504 2388 compassus
533 2321 622 2375 hic
649 2319 777 2376 Jesu
801 2338 942 2388 meo,
975 2325 1218 2393 gaudebo
1257 2327 1384 2380 alibi
1417 2343 1538 2381 cum
1561 2343 1662 2383 eo:
1695 2328 1769 2382 illi

190 2410 275 2463 hic
320 2410 374 2464 in
435 2410 677 2478 profanis
723 2412 914 2481 gavisi,
966 2413 1095 2468 alibi
1127 2413 1399 2482 patientur
1421 2415 1766 2471 aeternaliter.

191 2499 294 2570 Ego
324 2510 502 2556 autem
544 2502 634 2558 hic
691 2503 974 2559 tribui-atus
999 2519 1097 2574 pro
1135 2505 1262 2560 Jesu
1301 2521 1439 2570 meo,
1469 2516 1591 2576 post
1626 2508 1769 2561 hanc

187 2589 353 2643 vitam
383 2589 439 2644 in
463 2607 539 2654 re,
567 2593 713 2647 sicut
758 2609 898 2647 nunc
931 2594 982 2647 in
1015 2609 1108 2664 spe
1136 2596 1382 2665 gaudebo
1408 2605 1462 2650 et
1485 2597 1768 2652 exsultabo

187 2679 241 2733 in
280 2679 390 2734 Deo
441 2679 566 2736 Jesu
608 2698 752 2738 meo.
790 2684 1071 2739 Exsultent
1101 2685 1189 2739 alii
1226 2687 1278 2739 iu
1336 2686 1492 2741 idolis
1520 2688 1768 2752 suis,alii

191 2770 240 2822 in
263 2771 488 2839 divitiis,
516 2773 567 2826 in
607 2777 926 2839 honoribus,
972 2776 1063 2829 alii
1093 2785 1146 2830 et
1195 2777 1433 2842 libidine,
1465 2794 1563 2850 ego
1589 2780 1769 2834 exsul-

191 2861 312 2916 tabo
355 2861 414 2916 in
465 2863 844 2934 redemptione.
898 2881 1040 2932 mea,
1097 2866 1154 2920 in
1210 2867 1490 2924 Salvatore
1541 2881 1594 2923 et
1638 2868 1768 2926 Jesu

190 2965 326 3006 meo.

190 3059 247 3114 51
323 3061 583 3118 Dominus
614 3063 758 3118 Deus
790 3065 1046 3134 fortitudo
1070 3083 1186 3122 mea
1212 3083 1230 3122 :

327 3152 398 3205 Et
427 3165 578 3223 ponet
607 3157 764 3226 pedes
789 3173 927 3221 meos
947 3160 1096 3228 quasi
1117 3174 1406 3212 cervorum.

251 3243 395 3297 Deus
436 3245 695 3301 Dominus
722 3247 1014 3302 fortitudo:
1041 3249 1097 3303 in
1131 3251 1223 3305 illo
1255 3251 1453 3320 quippe
1487 3265 1574 3306 me
1598 3251 1766 3306 virtu-

192 3338 292 3385 tem
325 3332 504 3388 facere
530 3335 764 3390 confido.
790 3337 856 3391 Et
878 3339 1016 3394 sicut
1040 3342 1186 3395 cervi
1213 3342 1429 3411 spinosa
1459 3350 1764 3410 transeunt,

192 3423 258 3477 ita
277 3439 376 3493 ego
397 3427 633 3495 pericula
656 3429 979 3485 delictorum
1014 3431 1225 3487 Domini
1255 3434 1457 3489 auxilio
1483 3443 1763 3490 transven-

193 3514 308 3569 dam
329 3518 532 3571 omnia.

192 3625 256 3679 32
325 3625 394 3681 Et
424 3648 581 3701 super
607 3632 808 3687 excelsa
830 3651 945 3688 mea
968 3634 1180 3689 deducet
1201 3652 1282 3690 me
1310 3636 1470 3691 victor
1498 3652 1516 3690 :

329 3719 396 3774 In
421 3724 638 3792 psalmis
667 3735 959 3781 canentem.

257 3811 324 3864 Et
342 3827 504 3882 super
532 3816 768 3882 excelsa,
811 3816 864 3871 id
885 3825 968 3872 est
993 3833 1208 3872 omnem
1247 3819 1573 3873 mundanam
1596 3820 1764 3874 subli-

198 3905 429 3960 unitatem
491 3910 955 3979 contemplatione
1010 3912 1315 3967 cmlcstium
1385 3914 1766 3968 transcendere

197 3993 321 4050 facit
361 4014 477 4065 me,
515 4001 803 4056 victoriam
842 4002 959 4071 ejus
1000 4015 1162 4074 atque
1206 4005 1535 4074 triumphum
1562 4020 1764 4059 canen-

199 4094 324 4138 tem.

661 4181 1014 4238 CANTICUM
1056 4183 1285 4240 MOYSI.

498 4305 601 4345 πυ
611 4306 907 4347 τεκοηοιίιι
945 4309 1210 4350 CAPITULO
1250 4310 1422 4351 XXXII.

202 4395 222 4447 1
329 4397 514 4453 Audite
533 4401 649 4454 creti
676 4418 794 4472 qua:
825 4402 1017 4472 loquar
1043 4416 1060 4456 :

327 4487 517 4543 Audiat
548 4501 691 4544 terra
731 4493 883 4546 verba
915 4494 1021 4547 oris
1058 4493 1183 4547 mei.

262 4579 472 4646 Audite,
497 4585 644 4638 caeli.
670 4584 904 4639 Maxima
929 4585 1196 4641 elementa
1214 4588 1266 4641 in
1288 4589 1650 4646 testimonium
1674 4607 1766 4645 vo-

204 4677 302 4734 cat,
326 4680 386 4725 ut
407 4672 675 4728 intentum
705 4673 870 4729 faciat
892 4676 1221 4743 auditorem,
1247 4686 1302 4732 et
1327 4678 1596 4750 significet
1617 4695 1676 4734 se
1699 4682 1764 4735 de

204 4764 400 4831 magnis
422 4763 752 4821 locuturunt.

206 4872 237 4925 2
333 4877 640 4934 Concrescat
669 4879 726 4932 in
751 4880 925 4950 pluvia
955 4882 1198 4937 doctrina
1221 4901 1334 4939 mea
1358 4899 1378 4938 :

335 4965 491 5024 Fluat
518 4980 576 5023 ut
613 4986 703 5024 ros
731 4970 990 5042 eloquium
1009 4987 1216 5026 meum.

267 5074 585 5135 Concrescat
626 5079 682 5132 in
716 5079 889 5149 pluvia
924 5081 1174 5139 doctrina
1203 5095 1491 5154 mea,elc.,
1526 5086 1668 5141 sicut
1689 5085 1771 5140 in-

209 5171 546 5225 numerabiles
569 5179 704 5224 sunt
725 5171 1017 5240 pluviarum
1047 5181 1215 5244 gutta:
1230 5181 1284 5226 et
1314 5178 1471 5242 roris,
1494 5179 1573 5232 sic
1595 5175 1647 5228 in
1668 5177 1772 5231 hoc

208 5261 421 5318 carmine
474 5265 542 5318 de
600 5263 1041 5321 inscrutabilibus
1082 5263 1305 5331 judiciis
1332 5269 1426 5323 Dei
1459 5269 1768 5337 diSpuIabo.

206 5348 290 5370 ".‘
344 5355 372 5370 ,³
449 5366 458 5370 -
537 5356 549 5370 I
637 5355 647 5366 ⁸
750 5365 759 5370 -
939 5367 946 5370 .
1187 5354 1208 5370 Β
1278 5359 1287 5370 ο
1424 5361 1444 5370 Α
1562 5359 1612 5370 αἱ

1796 4339 1907 4416 Ds

2086 1746 2256 1792 rectus
2287 1753 2305 1792 :

2016 1825 2374 1882 Peccauerunt
2396 1829 2444 1882 ei
2472 1844 2575 1882 non
2603 1828 2703 1897 ﬁlii
2728 1829 2841 1900 ejus
2870 1831 2926 1884 in
2953 1833 3219 1886 sordibus.

1943 1919 2086 1975 Deus
2111 1919 2286 1974 fidelis
2325 1920 2379 1974 in
2419 1921 2670 1976 omnibus
2700 1921 3012 1992 promissis;
3045 1924 3098 1978 in
3119 1921 3338 1991 judiciis
3361 1921 3451 1993 ju-
3533 1976 3535 1980 Α

1872 2019 1988 2068 stus
2010 2019 2066 2066 et
2089 2019 2290 2066 rectus.
2321 2009 2438 2066 Non
2468 2011 2584 2078 lilii,
2616 2013 2742 2082 quia
2768 2013 3230 2084 degeneraverant
3258 2030 3292 2069 a
3319 2029 3449 2070 vero

1869 2113 2046 2174 patre,
2097 2111 2388 2173 sequentes
2444 2103 2582 2158 idola
2609 2119 2624 2168 ;
2650 2103 2729 2158 sic
2759 2113 2814 2158 et
2838 2088 2982 2160 nunc
3001 2105 3094 2175 qui
3132 2113 3350 2175 peccata
3367 2119 3454 2160 se-

1871 2202 2136 2264 quuntur,
2172 2194 2328 2263 quasi
2358 2193 2653 2264 degeneres
2684 2202 2811 2249 sunt
2841 2195 2982 2265 quod
3018 2204 3231 2264 patrem
3250 2195 3448 2251 bonum

1870 2302 1976 2340 non
2007 2286 2308 2340 imitantur.

1871 2373 1904 2426 ϐ
2009 2370 2285 2428 Generatio
2317 2391 2479 2444 prava
2507 2386 2660 2445 atque
2683 2392 2920 2445 perversa
2945 2391 2964 2430 :

2011 2463 2260 2520 Hreccine
2303 2465 2478 2520 reddis
2524 2464 2776 2532 Domino,
2796 2464 2985 2538 popule
3026 2464 3184 2519 stulte
3226 2473 3275 2518 et
3319 2465 3450 2520 insi-

2085 2556 2254 2625 piens.

1939 2644 2227 2700 Generatio
2278 2661 2439 2716 prava
2461 2655 2515 2702 et
2552 2662 2808 2717 perversa
2830 2655 2934 2713 est,
2967 2647 3176 2702 scilicet
3203 2661 3363 2702 sensu
3397 2655 3451 2701 et

1869 2751 2050 2806 Opere.
2101 2738 2351 2792 limccine
2377 2739 2578 2803 reddis,
2605 2739 2662 2793 id
2693 2747 2774 2795 est
2801 2740 2919 2794 bare
2949 2755 3038 2804 ne,
3067 2738 3273 2794 scilicet
3301 2738 3445 2794 mala

1871 2835 1983 2892 tua,
2003 2826 2084 2880 vel
2107 2841 2284 2882 nonne
2312 2829 2427 2883 haec
2449 2829 2473 2881 ‘l
2496 2827 2703 2884 Stultus
2725 2829 2922 2884 dicitur
2947 2838 3002 2883 et
3023 2829 3297 2898 insipiens.
3324 2829 3450 2897 quia

1872 2915 2152 2972 beneficiis
2172 2916 2386 2972 Domini
2403 2918 2646 2988 ingratus
2667 2918 2850 2973 existit
2877 2929 2928 2972 et
2965 2919 3190 2984 exstitit,
3215 2918 3297 2974 vel
3319 2933 3444 2987 pra-

1793 2975 1840 3039 θ’
1871 3021 1937 3061 va
1971 3005 2193 3072 affectu,
2221 3007 2305 3062 vel
2333 2975 2589 3077 perviarsa
2629 3008 2925 3064 intellectu.
2966 3008 3201 3078 Populus
3235 2975 3449 3072 stultus,

1869 3085 2066 3165 putans
2119 3097 2250 3152 utile
2304 3099 2446 3167 quod
2486 3106 2571 3152 est
2617 3100 2910 3160 nocivum;
2951 3107 3006 3153 et
3036 3099 3314 3169 insipiens,
3342 3113 3448 3153 non

1869 3185 2174 3256 intelligens
2195 3186 2244 3241 ei
2267 3201 2387 3241 esse
2417 3186 2548 3240 utile
2570 3187 2713 3257 quod
2739 3197 2824 3242 est
2845 3188 2995 3242 utile.

1866 3276 1899 3330 7
2009 3275 2266 3346 Nunquid
2297 3292 2402 3330 non
2436 3277 2543 3344 ipse
2565 3287 2639 3331 est
2663 3287 2812 3346 pater
2843 3287 2964 3332 tuus
2993 3294 3013 3332 .°

1905 3346 1969 3366 μ
2012 3366 2116 3432 Qui
2141 3367 2366 3436 possedit
2391 3377 2437 3420 et
2462 3367 2582 3435 fecit
2612 3377 2659 3420 et
2683 3369 2872 3420 crearit
2901 3368 2989 3420 te?

1937 3451 2196 3520 Nunquid
2227 3471 2332 3509 non
2385 3455 2499 3524 ipse
2535 3463 2620 3508 est
2664 3462 2819 3524 pater
2850 3455 3018 3510 tuus?
3068 3470 3256 3512 omnes
3302 3457 3445 3511 enim

1869 3546 2114 3600 homines
2138 3544 2302 3600 Deum
2319 3546 2534 3600 Patrem
2560 3545 2759 3599 habent
2783 3545 3126 3610 naturaliter,
3151 3547 3276 3616 quia
3306 3546 3448 3602 Deus

1867 3651 2128 3706 generare
2161 3636 2362 3707 aliquid
2395 3637 2612 3702 dicitur,
2641 3649 2764 3689 cum
2807 3636 3020 3690 noviter
3049 3636 3134 3690 vel
3191 3637 3257 3691 de
3309 3651 3449 3692 novo

1873 3729 2167 3798 producit,
2233 3729 2377 3782 unde
2436 3728 2656 3782 dicitur.
2717 3726 2839 3781 istae
2889 3736 3014 3782 sunt
3069 3729 3448 3798 generationes

1867 3818 1991 3872 caeli
2021 3826 2075 3871 et
2105 3815 2429 3885 terrm(Gen.
2457 3816 2519 3887 ιι)
2548 3830 2563 3869 :
2593 3832 2699 3871 non
2731 3816 2873 3884 quod
2899 3830 2962 3868 ea
2991 3817 3237 3885 genuerit
3262 3830 3328 3868 ex
3351 3830 3446 3870 sua

1867 3906 2190 3970 substantia,
2222 3905 2315 3959 sed
2344 3905 2488 3973 quod
2532 3921 2670 3958 nova
2710 3905 3045 3972 produxerit.
3086 3905 3185 3970 Qui
3212 3904 3452 3972 possedit

1868 4002 1922 4048 et
1951 3993 2077 4048 fecit
2103 4002 2160 4047 et
2186 3993 2393 4047 creavit
2426 4001 2498 4060 te,
2522 4007 2552 4046 e
2580 3993 2853 4047 contrario
2898 3992 3180 4061 legendum
3214 4000 3316 4061 est,
3345 3993 3451 4048 sci-

1868 4084 1996 4138 licet
2029 4083 2124 4148 ita,
2158 4093 2215 4136 ut
2242 4083 2383 4152 quod
2411 4083 2584 4153 primo
2610 4083 2875 4137 creaverit
2901 4082 3235 4152 disponendo
3281 4092 3340 4136 ut
3366 4082 3451 4136 fa-

1870 4185 2034 4241 ceret,
2065 4175 2254 4230 fecerit
2285 4177 2586 4232 formando.
2626 4176 2683 4230 in
2708 4192 2815 4247 quo
2840 4177 2983 4231 enim
3014 4177 3317 4246 possideret
3339 4177 3448 4232 nisi

1869 4268 2018 4337 prius
2044 4266 2284 4322 crearet?

2015 4361 2275 4415 Memento
2303 4360 2505 4415 dierum
2546 4363 2880 4432 antiquorum
2906 4377 2926 4416 :

2016 4451 2200 4522 Cogita
2216 4453 2574 4523 generationes
2594 4451 2850 4522 singulas.

1943 4541 2208 4596 Memento
2232 4542 2462 4608 dierum,
2484 4551 2756 4599 memento
2781 4542 3050 4612 quomodo
3070 4542 3275 4600 electus
3303 4544 3379 4598 sis
3399 4544 3454 4600 in

1871 4623 2217 4701 patriarcbis,
2247 4638 2303 4684 et
2356 4631 2530 4701 cogita
2561 4631 2830 4699 quomodo
2863 4631 3160 4697 Abraham,
3191 4630 3346 4687 Isaac
3395 4642 3454 4687 et

1871 4719 2059 4784 Jacob,
2089 4729 2144 4774 et
2163 4719 2420 4789 plurimos
2444 4719 2579 4774 alios
2605 4719 2848 4790 elegerit.

1875 4813 1908 4868 9
2013 4811 2286 4880 Interroga
2313 4821 2514 4880 patrem
2542 4822 2690 4865 tuum
2712 4821 2759 4865 et
2783 4810 3113 4866 annuntiabit
3139 4808 3231 4862 tibi
3260 4823 3281 4862 :

2019 4900 2250 4969 Majores
2271 4909 2387 4953 tuos
2424 4911 2472 4954 et
2496 4900 2667 4965 dicent
2693 4900 2806 4952 tibi.

1947 4992 2217 5061 Interroga
2247 5000 2481 5059 patrem,
2515 4991 2789 5059 interroga
2816 4987 3153 5059 spiritualem
3183 4986 3460 5042 doctorem

1873 5090 1929 5136 et
1953 5095 2046 5134 eos
2070 5082 2159 5149 qui
2189 5074 2425 5145 majores
2443 5087 2572 5134 sunt
2600 5079 2848 5133 scientia.

1875 5171 1944 5226 10
2018 5171 2241 5236 Quando
2263 5171 2525 5223 dividebat
2554 5169 2856 5222 Altissimus
2890 5174 3063 5237 gentes
3102 5176 3122 5213 :

2021 5258 2243 5323 Quando
2276 5258 2552 5326 separabat
2581 5257 2718 5326 ﬁlios
2739 5256 2929 5309 Adam.

1947 5349 2166 5370 n..-_-l_
2246 5347 2514 5370 .I:..:.l..l...e
2659 5344 2862 5370 ...εἷκε-,ιι
2936 5343 2988 5370 ἔνι
3057 5341 3466 5370 ΛΑηοΙηιηίΞΛ-υι
