3994 5370
584 313 690 378 διν

1560 321 1621 380 S.
1659 323 2006 384 BRUNOSIS
2043 323 2597 384 HERBIPOLENNIS
2635 322 2942 383 EPISCOPI

3743 330 3840 387 548

582 438 753 496 maris
781 437 975 509 Rubri,
998 431 1216 510 quando
1249 438 1432 498 divisit
1454 455 1550 499 eos
1577 444 1648 500 ab
1673 440 1943 516 Aegyptiis
1972 440 2169 516 (Exod.
2200 449 2250 510 Α
2277 449 2430 496 ratus
2457 453 2562 508 est,
2587 456 2641 498 et
2667 441 2911 498 humeris
2935 456 3047 498 sua:
3071 441 3428 513 protectionis
3453 457 3564 502 nos
3606 443 3844 504 tu!

582 532 717 604 xw).

583 623 645 677 il
722 620 1004 677 Constituit
1023 625 1271 680 terminos
1292 625 1602 696 populorum
1628 641 1648 683 :

718 711 887 766 Juxta
915 730 1186 768 numerum
1205 714 1436 783 filiorum
1477 715 1666 771 Israel.

647 803 962 872 Constituit,
1016 807 1363 877 hyperbolice
1419 809 1682 879 loquitur,
1713 811 1839 880 quia
1873 821 1973 878 tot,
2007 813 2158 879 dicit,

580 895 861 948 constituit
911 897 1168 951 terminos
1196 897 1536 966 populorum,
1565 899 1617 952 id
1637 909 1740 964 est,
1768 897 2006 967 singulas
2034 916 2162 970 gen-

582 993 682 1049 tes,
711 994 1013 1053 quoterant
1031 986 1255 1055 singula:
1282 999 1524 1056 persona:
1550 988 1603 1043 in
1633 991 1829 1060 p0pulo'
1853 990 2040 1046 Israel.
2065 991 2186 1047 γει·

580 1075 711 1128 dicit
727 1082 803 1128 tot
816 1090 934 1129 esse
959 1075 1198 1145 singulas
1213 1085 1400 1147 gentes
1411 1079 1756 1148 constitutas,
1775 1089 1903 1149 quot
1918 1080 2164 1138 homines

583 1165 815 1232 ingressi
845 1175 974 1219 sunt
998 1167 1064 1221 de
1084 1166 1280 1236 populo
1306 1167 1468 1223 Israel
1496 1170 1550 1223 in
1576 1169 1951 1241 Egyptumjd
1977 1182 2061 1228 est
2084 1189 2164 1229 se-

579 1257 859 1326 ptuaginta
879 1256 1031 1329 (Gen.
1047 1260 1375 1328 n.vn).Quod
1393 1269 1570 1316 autem
1589 1263 1692 1317 alia
1711 1265 1990 1320 translatio
2010 1264 2161 1332 dicit,

577 1347 765 1399 statuit
794 1347 1052 1402 terminos
1084 1349 1322 1418 gentium
1352 1349 1507 1418 juxta
1532 1363 1817 1407 numerum
1849 1354 2164 1424 angelorum

578 1439 697 1506 Dei,
730 1439 808 1494 sic
835 1440 1169 1510 intelligitur,
1205 1445 1346 1512 quod
1391 1444 1534 1498 sicut
1560 1445 1853 1515 unicuique
1884 1446 2165 1502 hominum

577 1529 1130 1600 custodem‘angelum
1154 1531 1379 1602 legimus
1403 1535 1714 1603 deputatum
1743 1534 1959 1605 (Matth.
1985 1538 2161 1607 XVIII):

589 1617 656 1672 sic
684 1628 738 1671 et
767 1619 986 1690 angelos
1013 1622 1288 1692 principes
1318 1625 1558 1694 gentium
1591 1626 1878 1682 credamus
1904 1628 2165 1682 constitu-

581 1715 683 1761 tos.
714 1707 848 1762 Nam
869 1710 942 1771 in
984 1710 1204 1768 Daniele
1231 1712 1461 1783 legimus
1488 1714 1808 1770 Michacletn
1862 1717 2162 1787 principem

2263 539 2320 588 et
2347 531 2546 586 Judeos
2567 531 2696 586 olim
2722 532 2795 586 ita
2831 533 3085 603 portavit.
3116 533 3284 604 Aptat
3327 542 3513 589 autem
3543 548 3607 589 se
3635 534 3712 590 ita
3741 535 3846 592 Do-

2263 622 2442 678 minus
2473 623 2726 690 inﬁrmis,
2759 633 2820 678 ut
2841 623 3205 694 intelligamus
3231 610 3358 692 ejus.
3373 639 3472 694 pro
3503 624 3668 680 nobis
3700 640 3840 680 com-

2261 712 2589 783 passionem,
2621 712 2713 783 qui
2740 713 2906 768 etiam
2939 714 2992 768 in
3023 713 3317 785 Evangelio
3343 712 3558 784 gallina:
3603 728 3665 770 se
3711 715 3841 770 assi-

2262 803 2488 858 mulavit
2515 802 2727 874 (Matth.
2766 805 2947 874 um).

2265 892 2330 946 17
2405 891 2656 946 Dominus
2683 893 2827 947 solus
2849 894 2960 948 dua:
2987 906 3100 964 ejus
3127 897 3267 965 fuit;

2405 982 2473 1036 Et
2502 999 2605 1038 non
2626 992 2736 1038 erat
2759 1001 2877 1038 cum
2907 1001 2966 1040 eo
2989 985 3134 1040 Deus
3161 987 3384 1042 alienus.

2335 1075 2595 1130 Dominus
2631 1075 2816 1130 solus:
2865 1077 2988 1146 quia
3012 1077 3184 1132 solum
3213 1078 3331 1148 ejus
3367 1080 3585 1134 virtutis
3615 1083 3841 1147 erat,sic

2265 1163 2504 1235 gloritice
2535 1164 2791 1234 populum
2826 1181 2982 1221 suum
3025 1167 3279 1236 educere,
3308 1155 3453 1240 quod
3497 1169 3680 1227 nullus
3718 1172 3838 1226 alio-

2267 1269 2387 1306 rum
2417 1254 2642 1307 deorum
2668 1252 2852 1310 facere
2881 1255 3069 1310 valuit.

2266 1343 2334 1398 i8
2406 1341 2686 1396 Constituit
2713 1360 2830 1397 eum
2851 1361 3008 1414 super
3032 1348 3291 1400 excelsam
3317 1357 3513 1404 terram
3530 1354 3569 1401 :3

2409 1432 2476 1487 Ut
2502 1435 2786 1489 comederet
2811 1437 3013 1504 [ructus
3037 1455 3306 1507 agrorum.

2339 1524 2649 1591 Constituit,
2675 1536 2818 1580 terra
2839 1527 2983 1581 enim
3006 1528 3444 1597 repromissionis
3459 1538 3649 1584 vertex
3669 1531 3836 1583 mundi

2265 1630 2389 1670 esse
2439 1615 2659 1681 dicitur,
2690 1617 2832 1670 unde
2878 1625 2933 1670 et
2982 1615 3319 1672 Hierusalem
3353 1618 3647 1673 umbilicus
3692 1629 3837 1674 terra:

2266 1720 2386 1760 esse
2418 1706 2652 1760 videtur.
2681 1706 2886 1760 Ferunt
2908 1716 3088 1763 autem
3116 1708 3388 1777 sapientes
3415 1708 3626 1773 tnundi,
3654 1719 3838 1762 terram

577 1799 774 1868 populo
805 1840 822 1866 ,
878 1809 933 1856 et
1004 1802 1252 1872 angelum
1329 1805 1618 1860 Persarum
1685 1807 1772 1861 vel
1849 1808 2162 1864 Grmcorum
2193 1791 2240 1850 Β
2269 1795 2427 1866 ϐιοδο
2477 1795 2732 1862 Similem:
2791 1797 3033 1866 υηάίίίυθ
3079 1811 3396 1861 conveni“:
3437 1807 3628 1852 "05"“
3676 1808 3838 1851 amem

577 1886 742 1958 (Dan.
771 1890 852 1958 ι).

578 1977 647 2031 12
720 1976 858 2033 Pars
890 1990 1064 2035 autem
1087 1981 1302 2035 Domini
1325 1982 1549 2052 populus
1571 1984 1682 2054 ejus
1707 2001 1726 2040 :

715 2067 882 2124 Iacob
907 2070 1174 2139 funiculus
1196 2074 1518 2127 hwreditatis
1541 2075 1676 2142 ejus.

645 2159 782 2214 Pars
809 2171 986 2215 autem
1020 2162 1254 2228 Domini,
1283 2178 1444 2232 quam
1476 2164 1639 2231 elegit
1665 2166 2007 2223 de‘omnibus
2045 2169 2166 2223 ιειὶε

577 2251 786 2320 populis
813 2261 868 2306 et
913 2255 1245 2317 nationibus,
1279 2265 1334 2308 et
1363 2255 1628 2309 mirabilia
1671 2273 1768 2311 sua
1801 2259 2056 2325 ostendit,
2113 2269 2167 2314 et

577 2343 870 2412 singularia
899 2345 1157 2400 beneficia
1172 2346 1437 2411 exhibuit,
1462 2346 1562 2400 fuit
1589 2349 1817 2418 populus
1842 2350 1979 2418 ejus,
2011 2352 2163 2406 scili-

576 2442 663 2487 cet
687 2433 1016 2489 Judazorum.
1044 2435 1170 2490 llaec
1199 2436 1329 2490 dicit
1349 2445 1408 2490 ut
1430 2437 1662 2491 validius
1683 2439 1763 2493 eis
1787 2440 2043 2494 bcncticia
2070 2441 2164 2496 Dei

576 2525 1002 2588 commendaret,
1028 2526 1174 2595 quod
1226 2534 1373 2582 tanta
1414 2530 1479 2584 de
1509 2531 1850 2587 multitudine
1900 2534 2164 2602 gentium,

575 2613 678 2668 sibi
704 2629 796 2669 eos
831 2616 1104 2685 elegisset,
1137 2617 1229 2687 qui
1261 2618 1327 2673 de
1356 2617 1523 2674 Jacob
1558 2620 1725 2688 stirpe
1751 2621 2162 2688 descenderant,

576 2712 636 2757 ut
674 2714 857 2759 essent
895 2705 1167 2763 funiculus
1197 2711 1533 2768 hazreditatis
1581 2712 1720 2782 ejus,
1769 2715 1822 2768 id
1866 2723 1968 2780 εει,
2009 2716 2164 2786 quasi

576 2790 916 2846 hereditaria
941 2797 1210 2863 possessio
1240 2801 1375 2866 ejus.

577 2879 645 2935 15
718 2881 922 2936 Invenit
949 2901 1068 2938 eum
1105 2886 1320 2942 interra
1355 2889 1563 2944 deserta
1585 2935 1598 2947 .

718 2972 785 3027 1η
804 2973 917 3029 loco
939 2977 1175 3033 horroris
1195 2990 1243 3031 et
1280 2991 1442 3035 vasta:
1464 2984 1786 3039 solitudinis.

639 3061 1006 3139 lnveniteum
1039 3067 1093 3121 in
1147 3076 1292 3122 terra
1323 3055 1560 3137 deserta,
1606 3073 1659 3127 id
1713 3083 1818 3140 est,
1871 3075 1924 3130 in
1983 3087 2164 3133 monte

579 3134 726 3216 Sina,
757 3154 848 3208 ubi
876 3154 1024 3210 illum
1057 3156 1264 3228 legibus
1289 3160 1402 3215 suis
1429 3134 1749 3218 constrinxit
1805 3134 2004 3236 (Exod.
2045 3168 2160 3238 xx).
2193 3134 2238 3196 Ε

579 3241 634 3296 In
664 3245 781 3299 loco
806 3247 1048 3303 horroris
1074 3258 1129 3303 et
1154 3259 1321 3305 vasta:
1362 3252 1691 3323 solitudinis,
1721 3257 1773 3311 id
1813 3267 1900 3313 cst
1926 3258 2164 3328 Arabian,

577 3353 696 3404 qua”:
725 3338 869 3392 circa
895 3339 1170 3395 desertum
1202 3352 1305 3396 εει.

581 3427 649 3482 id
723 3427 1226 3487 Circumduxiteum
1264 3443 1312 3488 et
1349 3435 1527 3489 docuit

720 3519 787 3574 Et
813 3523 1088 3577 custodiuit
1119 3527 1272 3594 quasi
1292 3527 1544 3596 pupillam
1575 3529 1714 3582 oculi
1735 3531 1837 3585 sui.

646 3607 1061 3676 Circumduxit,
1128 3613 1180 3665 id
1233 3621 1365 3680 est,
1426 3630 1523 3684 per
1583 3617 1727 3670 viam
1787 3620 1986 3675 montis
2043 3621 2168 3676 Seir

577 3697 874 3753 duxiteum
907 3698 1083 3771 (Deut.
1118 3702 1201 3773 ιι).
1230 3703 1298 3756 Ει
1346 3704 1566 3770 docuit,
1594 3707 1801 3762 scilicet
1854 3712 2168 3779 patientiam

578 3788 664 3842 vel
690 3789 834 3859 leges
864 3792 1000 3860 ejus.
1029 3793 1096 3846 Et
1141 3794 1281 3848 sicut
1329 3797 1586 3865 pupillam
1619 3799 1780 3857 oculi.
1819 3803 1890 3854 ita
1927 3803 2169 3872 diligenti

578 3892 710 3932 cura
749 3882 988 3935 servavit
1014 3897 1159 3936 eum.
1193 3883 1401 3954 Pupilla
1429 3887 1575 3941 enim
1621 3891 1874 3946 omnibus
1912 3893 2172 3948 membris

577 3967 792 4023 cautius
807 3972 1016 4025 custodi
1030 3980 1137 4026 tur.

578 4055 646 4111 15
719 4057 869 4113 Sicut
895 4062 1072 4132 aquila
1093 4079 1380 4133 provocans
1401 4066 1470 4120 ad
1498 4067 1780 4122 volandum
1802 4071 1976 4141 pullos
2011 4090 2134 4128 suos
2151 4088 2170 4125 :

719 4148 789 4202 Et
828 4167 984 4221 super
1009 4170 1096 4208 eos
1121 4157 1365 4211 volitans.

648 4235 802 4291 Sicut
826 4239 1004 4307 aquila
1049 4256 1357 4309 provocans
1388 4245 1457 4299 ad
1488 4247 1777 4302 volandum
1801 4251 1977 4319 pullos
2023 4268 2169 4319 suos,

575 4334 629 4379 et
662 4327 884 4397 reliqua.
938 4330 1142 4387 Ferunt
1189 4335 1398 4406 physici
1435 4339 1672 4407 aquilam
1735 4342 1912 4410 pullos
1974 4357 2170 4400 contra

578 4413 744 4468 solem
771 4432 992 4484 ponere,
1020 4429 1077 4474 et
1106 4437 1267 4490 quem
1298 4425 1494 4480 viderit
1521 4429 1694 4483 aciem
1744 4430 1797 4484 in
1854 4433 2005 4487 radio
2036 4436 2168 4490 solis

578 4503 793 4559 fortiter
831 4505 1018 4575 figere,
1050 4510 1200 4565 illum
1238 4516 1435 4580 nutrit;
1481 4533 1642 4585 quem
1691 4535 1819 4575 vero
1864 4532 2168 4592 torpentem

577 4593 794 4659 viderit,
827 4597 1055 4652 dimittit
1083 4619 1096 4653 :
1128 4603 1208 4656 sic
1252 4612 1309 4657 et
1355 4605 1614 4662 Dominus
1643 4610 1800 4665 docet
1829 4628 1926 4667 nos
1955 4629 2170 4684 semper

575 4680 732 4736 oculo
752 4682 1125 4756 intelligentia:
1141 4691 1306 4746 solem
1327 4693 1524 4750 divinae
1541 4698 1839 4766 majestatis
1863 4680 2162 4757 intendere.

576 4770 708 4837 Quae
738 4774 905 4829 etiam
928 4792 1093 4848 super
1112 4797 1206 4835 eos
1232 4781 1462 4839 volitans
1492 4799 1748 4854 provocat
1775 4790 1949 4858 pullos
1978 4793 2043 4845 ad
2073 4808 2165 4848 vo-

577 4862 803 4919 landum
836 4867 953 4922 :ita
1005 4869 1186 4924 divina
1239 4873 1411 4940 pietas
1473 4877 1588 4932 vult
1637 4894 1737 4934 nos
1787 4883 2048 4951 prolicere
2098 4884 2164 4939 de

577 4955 778 5011 virtute
810 4958 863 5012 in
890 4961 1169 5018 virtutem.

580 5044 648 5099 i6
721 5045 991 5119 Expandit
1030 5055 1145 5110 alas
1167 5073 1290 5111 suas
1327 5068 1374 5112 et
1397 5061 1676 5126 assumpsit
1700 5079 1816 5116 eum
1842 5078 1862 5117 .'

720 5140 886 5188 Atrme
909 5149 1127 5188 nnrtnnit
1151 5148 1202 5188 δυ
1227 5150 1453 5188 Ιιιηηυνῖο
1477 5154 1556 5188 «ηε

2269 1897 2434 1953 terra,
2485 1887 2541 1942 id
2584 1896 2686 1954 est,
2735 1887 2997 1957 Ecclesia,
3041 1890 3293 1946 omnibus
3341 1890 3529 1945 mundi
3562 1890 3840 1946 virtutibus

2265 1979 2530 2034 excelsior
2558 1987 2663 2034 est.

2237 2115 2239 2117 .
2268 2069 2334 2124 i9
2407 2067 2476 2122 Ut
2507 2078 2711 2139 sugeret
2739 2069 2840 2124 mel
2869 2071 2934 2126 de
2959 2081 3143 2142 petra:

2407 2157 2475 2214 Et
2498 2160 2670 2214 oleum
2699 2161 2762 2214 de
2790 2178 2918 2216 saxo
2945 2163 3248 2218 durissimo.

2339 2249 2410 2306 Ut
2459 2260 2700 2322 sugeret,
2724 2261 2942 2323 prepter
2973 2252 3299 2309 allluentiam
3323 2256 3567 2311 omnium
3591 2256 3840 2311 bonorum

2266 2341 2490 2406 dicitur,
2519 2341 2642 2411 quia
2666 2342 2915 2410 quamvis
2950 2342 3162 2412 rupibus
3190 2359 3402 2414 aspera,
3449 2355 3598 2400 terra
3627 2345 3779 2400 melle
3794 2355 3842 2398 et

2265 2429 2388 2484 oleo
2417 2427 2749 2484 abundabat.
2781 2428 3047 2485 Caeterum
3077 2431 3145 2486 de
3171 2442 3324 2502 petra
3355 2433 3534 2499 melle,
3577 2435 3633 2488 id
3655 2445 3756 2498 est,
3784 2436 3841 2489 de

2267 2519 2489 2575 Christo
2518 2517 2746 2574 dulcedo
2783 2519 3044 2575 doctrina:
3074 2531 3200 2577 ante
3248 2523 3556 2592 passionem
3611 2523 3841 2579 ﬁdelibus

2271 2611 2331 2667 in
2376 2611 2481 2665 ista
2517 2619 2661 2665 terra
2705 2612 3012 2666 ministrata
3039 2620 3140 2667 est.
3190 2611 3379 2668 Oleum
3415 2622 3597 2668 autem
3629 2615 3697 2669 de
3728 2628 3841 2668 saxo

2267 2700 2582 2766 durissimo,
2611 2700 2665 2755 id
2695 2710 2800 2766 est,
2830 2711 2952 2770 post
2988 2704 3466 2769 resurrectionem,
3498 2706 3718 2772 quando
3738 2703 3839 2771 jam

2267 2792 2587 2847 immortalis
2614 2793 2837 2849 ell'ectus
2861 2804 2964 2850 est.
3007 2794 3195 2852 Oleum
3233 2796 3470 2867 Spiritus
3499 2799 3678 2854 sancti
3706 2798 3841 2853 Chri-

2266 2893 2384 2938 stus
2409 2884 2595 2953 e/fudit
2629 2885 2683 2938 in
2706 2887 2901 2940 eadem
2933 2897 3098 2942 terra.
3777 2880 3782 2885 ’

2276 2973 2348 3029 εο
2422 2973 2680 3044 Butyrum
2708 2977 2771 3030 de
2805 2988 3060 3041 armento,
3089 2987 3136 3031 et
3160 2989 3243 3032 tac
3273 2980 3337 3033 de
3369 2981 3553 3034 ovibus
3577 2997 3599 3035 :

2413 3064 2545 3118 Cum
2573 3067 2726 3132 adipe
2757 3082 3012 3136 agnorum
3038 3078 3084 3121 et
3107 3069 3328 3122 arietant
3354 3068 3590 3137 ﬁliorum
3622 3070 3809 3124 Basan.

2339 3155 2598 3227 Butyrum
2621 3165 2675 3210 et
2696 3155 2780 3210 lac
2810 3173 2823 3208 :
2863 3159 3249 3214 abundantiam
3281 3175 3465 3216 rerum
3499 3161 3839 3224 demonstrat,

2268 3265 2395 3305 nam
2424 3259 2478 3304 et
2509 3257 2653 3304 terra
2703 3249 2879 3304 Basan
2911 3249 3246 3306 fertilissima
3293 3254 3362 3308 ad
3409 3253 3639 3309 alendos
3670 3269 3841 3325 greges

2267 3352 2425 3410 erat;
2469 3344 2609 3398 unde
2659 3343 2945 3398 Rubenitis
2972 3354 3026 3398 et
3055 3345 3320 3410 Gadditis,
3367 3347 3456 3416 qui
3489 3347 3729 3416 plurima
3757 3361 3838 3416 ρετ

2268 3451 2397 3490 cora
2446 3436 2735 3501 habebant,
2774 3435 2864 3490 illa
2893 3446 3035 3489 terra
3083 3437 3272 3491 tradita
3303 3447 3387 3492 est
3432 3436 3629 3507 (Nam.
3660 3439 3836 3504 nan).

2268 3525 2435 3581 Nobis
2475 3536 2656 3579 autem
2683 3525 2930 3595 butyrum
2962 3525 3029 3580 de
3053 3535 3318 3592 armento,
3351 3527 3404 3580 id
3449 3535 3556 3591 est,
3584 3528 3741 3581 fortis
3763 3527 3841 3579 do-

2269 3617 2443 3669 ctrina
2468 3614 2623 3668 nobis
2654 3615 2718 3668 de
2743 3615 3070 3683 patriarchis
3107 3623 3163 3668 et
3191 3615 3467 3684 prophetis
3493 3615 3836 3670 ministratur.

2269 3711 2336 3764 Et
2371 3710 2454 3764 lac
2504 3711 2568 3764 de
2597 3709 2806 3774 ovibus,
2840 3708 3012 3762 leuior
3057 3709 3300 3762 doctrina
3345 3708 3698 3778 simplicium,
3733 3721 3837 3760 cum

2270 3802 2430 3871 adipe
2461 3817 2745 3871 agnorum,
2778 3809 2832 3854 et
2855 3801 3110 3864 arietum,
3142 3800 3193 3854 id
3219 3809 3321 3864 est,
3347 3812 3444 3868 per
3471 3800 3716 3869 exempla
3740 3813 3838 3852 ma-

2271 3893 2565 3963 gistrorutn
2595 3899 2650 3944 ct
2683 3891 3022 3945 subditorum
3057 3889 3382 3944 desiderium
3418 3891 3682 3958 spiritale,
3713 3887 3838 3958 quod

2288 3983 2342 4037 in
2393 3983 2550 4052 adipe
2610 3983 2877 4051 signatur,
2929 3991 3238 4052 praestatur.
3300 3981 3473 4036 Basan
3531 3981 3835 4052 interpreta-

2273 4084 2361 4128 tur
2412 4073 2694 4152 pinguedo,
2737 4075 2866 4143 quia
2901 4074 3074 4130 sancti
3121 4073 3507 4144 pinguedinem
3558 4073 3829 4128 charitatis

2279 4165 2590 4219 ostendunt.

2272 4255 2336 4309 2|
2417 4257 2487 4310 Et
2511 4257 2684 4311 hircos
2710 4274 2827 4310 cum
2851 4257 3080 4312 medulla
3108 4259 3269 4311 tritici
3296 4273 3314 4312 :

2361 4395 2364 4398 .
2416 4347 2484 4416 Et
2507 4347 2812 4417 sanguinem
2837 4365 2951 4402 uva:
2973 4350 3160 4402 biberet
3191 4349 3632 4404 meracissimum.

2281 4417 2316 4432 ”
2347 4435 2414 4489 Ει
2439 4435 2642 4501 hircos,
2669 4451 2766 4506 per
2793 4437 2972 4491 hircos
2998 4439 3438 4508 pmnitentiarum
3485 4439 3728 4508 exempla
3756 4437 3831 4490 in-

2275 4525 2600 4596 telligimus;
2630 4528 2803 4582 sancti
2834 4529 2978 4582 enim
3025 4529 3104 4583 sic
3133 4529 3321 4583 vivunt
3368 4529 3422 4582 in
3452 4530 3677 4594 mundo,
3697 4527 3832 4597 quasi

2271 4632 2488 4686 semper
2513 4627 2733 4688 peccata
2785 4619 3036 4673 deﬂeant.
3085 4619 3271 4684 Qualis
3307 4630 3390 4673 est
3418 4621 3833 4675 eremitarumet

2269 4722 2523 4763 verorum
2557 4708 2944 4764 monachorum
2994 4708 3124 4763 vita.
3173 4708 3402 4764 Medulla
3449 4709 3618 4764 tritici
3649 4717 3701 4764 et
3725 4722 3834 4760 san-

2271 4797 2392 4867 guis
2421 4813 2578 4852 uvw:
2621 4813 2818 4867 corpus
2853 4806 2910 4852 ει
2961 4798 3275 4868 sanguinem
3323 4797 3527 4853 Christi
3563 4799 3831 4870 signiﬁcat,

2271 4889 2716 4955 meracissimum,
2741 4891 2794 4944 id
2823 4899 2927 4955 est,
2950 4891 3317 4960 purissimum.

2270 4982 2341 5036 22
2409 4982 2742 5038 lncrassatus
2770 4997 2845 5039 est
2871 4985 3087 5039 dilectus
3106 4996 3153 5039 et
3185 4985 3568 5040 recalcitravit:

2417 5072 2773 5138 lncrassatus,
2804 5076 3180 5145 impinguatus,
3210 5076 3481 5140 dilatatus,

2271 5160 2339 5186 οι
2424 5159 2699 5186 n.--l:....:.
2755 5162 2906 5186 'l--._.-
2947 5164 3133 5186 θυαμ-.
3165 5182 3186 5183 ,,
