3994 5370
126 308 239 366 M9

127 423 336 490 Deum,
363 425 522 496 quasi
550 425 668 496 ejus
690 426 890 484 auxilio
927 443 1035 484 non
1059 429 1328 501 indigeret
1350 443 1595 505 amplius.

125 513 198 568 25
279 513 707 572 Provocaverunt
745 535 864 574 cum
889 521 944 574 in
976 521 1079 575 diis
1114 522 1300 578 alienis
1329 539 1350 579 :

277 603 347 658 Et
398 606 454 659 in
511 607 984 663 abominationibus
1010 609 1080 663 ad
1122 610 1454 666 iracundiam
1493 612 1721 666 concita-

344 706 556 750 verunt.
1157 698 1162 703 ’

194 783 647 842 Provocaverunt
671 802 818 853 eum,
851 787 904 841 id
929 796 1012 844 est
1037 788 1105 843 ad
1144 788 1476 844 iracundiam
1502 799 1557 845 et
1602 792 1721 846 vin-

125 872 330 929 dictam
378 876 581 931 talibus
630 879 778 933 ausis
825 878 1194 933 irritaverunt.
1244 880 1337 934 llle
1365 895 1580 950 quoque
1624 897 1719 952 qui

123 973 250 1029 post
270 966 600 1034 baptismum
622 967 690 1021 ad
715 967 1070 1022 idololatriam
1091 971 1444 1036 convertitur,
1459 971 1545 1025 vel
1575 972 1718 1027 vitiis

125 1052 206 1104 vel
237 1053 493 1125 malignis
520 1057 802 1126 spiritibus
847 1073 968 1114 sese
1009 1061 1301 1130 mancipat,
1336 1061 1550 1116 Domini
1599 1063 1717 1117 viu-

126 1143 328 1198 dictam
356 1145 411 1199 in
446 1161 507 1202 se
534 1148 746 1202 incitat.

123 1252 192 1308 25
267 1255 682 1313 Immolaverunt
704 1259 975 1314 daemoniis
999 1270 1045 1314 et
1070 1277 1174 1314 non
1202 1260 1313 1316 Deo
1340 1277 1361 1317 .'

266 1347 383 1403 Diis
406 1367 538 1419 quos
573 1352 911 1421 ignorabant.

194 1434 639 1506 Immolaverunt,
671 1442 774 1497 hoc
801 1442 1146 1497 manifestum
1183 1451 1287 1498 est.

126 1543 192 1598 26
264 1546 404 1603 Novi
430 1561 759 1620 recentesque
787 1562 1032 1606 venerunt
1059 1566 1076 1603 :

265 1637 411 1703 Quos
442 1656 546 1693 non
579 1641 851 1694 coluerunt
880 1653 1054 1711 patres
1085 1659 1282 1696 eorum.

1268 314 1815 378 COMMENTARIUS
1851 321 1922 377 IN
1958 324 2274 382 CANTICA.
2337 347 2340 350 ’

3303 337 3412 394 550

1749 447 1800 500 Α
1825 437 1895 490 δι
1967 439 2349 509 Devorabitque
2371 450 2567 496 terram
2594 456 2712 495 cum
2733 442 2965 512 germine
2987 460 3086 500 suo
3101 461 3124 502 :

1967 524 2036 578 Et
2064 527 2319 581 montium
2351 527 2695 598 fundamenta
2730 533 3017 589 comburet.

1893 614 2293 684 Devorabitque
2330 625 2557 685 terram,
2577 619 2628 673 id
2652 628 2735 674 est
2759 632 3076 690 peccatores
3119 640 3244 682 cum
3273 643 3406 699 ope-

1821 705 1970 760 ribus
1991 707 2104 762 suis
2130 707 2438 762 devorabit:
2467 717 2522 764 et
2535 711 2820 778 montium,
2838 712 2889 767 id
2920 723 3003 770 est
3023 718 3398 787 superborum,

1818 795 2173 864 COgitationes
2197 806 2252 853 et
2277 793 2662 854 conﬁdentiam
2688 801 2950 858 destruet.

1818 887 1888 942 55
1962 888 2298 960 Congrcgabo
2323 907 2481 961 super
2509 909 2594 947 eos
2625 890 2767 949 mala
2785 909 2804 947 :

1953 981 2023 1034 Et
2046 983 2265 1052 sagittas
2289 1000 2431 1037 meas
2455 984 2715 1053 complebo
2747 988 2801 1041 in
2840 989 2936 1046 eis.

1886 1072 2272 1142 Congregabo:
2311 1066 2459 1128 Mala
2480 1087 2600 1130 sunt
2649 1091 2843 1146 meum,
2872 1095 2990 1149 qua:
3017 1081 3400 1141 sull‘erentibus

1813 1161 1968 1217 malae
1997 1164 2268 1230 videntur,
2292 1166 2386 1221 sed
2401 1165 2564 1235 justze
2587 1168 2728 1238 apud
2761 1169 3103 1228 inferentem.
3139 1175 3208 1230 Et
3232 1178 3398 1248 sagit-

1815 1262 1928 1310 tas:
1963 1255 2016 1310 id
2040 1265 2124 1310 est
2148 1257 2416 1312 vindictas
2437 1260 2726 1315 exercebo.

1811 1367 1881 1422 36
1954 1365 2340 1423 Consumentur
2361 1369 2533 1438 fame:

1952 1479 2022 1534 Et
2051 1482 2371 1536 decorabant
2399 1499 2486 1537 eos
2507 1500 2626 1537 aves
2652 1501 2831 1539 morsu
2864 1488 3220 1544 amarissimo.

1879 1569 2316 1627 Consumentur:
2338 1574 2484 1642 quod
2508 1574 2614 1628 illis
2640 1573 2846 1630 factum
2880 1577 3132 1646 legimus,
3163 1595 3392 1648 quorum

1809 1661 2075 1714 cadavera
2101 1662 2348 1718 volucres
2373 1674 2430 1718 et
2450 1654 2636 1719 bestia:
2657 1667 3032 1732 comederunt,
3065 1683 3201 1737 quos
3224 1669 3397 1725 fames

191 1726 326 1830 Νοξί
357 1739 736 1800 recentesque.
768 1733 821 1786 id
857 1742 957 1797 εει,
998 1735 1124 1802 (lilia
1153 1734 1374 1788 Slabiles
1419 1751 1524 1790 ηοη
1549 1744 1706 1791 erant
1736 1772 1778 1830 Β
1808 1762 1872 1802 ac
1897 1747 2106 1818 gladius
2131 1763 2605 1821 consumpserunt.
2623 1755 3030 1810 Consumuntur
3060 1726 3224 1812 etiam
3249 1775 3395 1814 nunc

127 1816 176 1870 in
203 1818 416 1874 cultura
447 1821 567 1887 Dei,
595 1837 755 1892 quam
783 1838 813 1876 a
857 1823 1102 1892 patribus
1132 1824 1451 1891 didicerant,
1497 1828 1706 1882 noviter

127 1910 454 1966 accedebant
500 1914 566 1967 ad
601 1914 732 1968 deos
768 1913 1045 1980 colendos,
1083 1931 1218 1984 quos
1264 1932 1371 1972 non
1421 1917 1706 1974 coluerunt

127 2007 300 2067 patres
326 2017 536 2057 eorum.
1382 1991 1398 2006 ’

125 2109 207 2165 27.
279 2113 445 2168 Deum
475 2116 562 2185 qui
593 2126 643 2170 te
664 2119 840 2186 genuit
867 2116 1187 2188 dereliquisti
1220 2132 1238 2170 :

256 2202 325 2256 Et
350 2205 540 2261 oblitus
563 2223 616 2260 es
644 2207 858 2261 Domini
878 2210 1126 2262 creatoris
1147 2210 1245 2262 tui.

186 2293 352 2348 Deum
374 2297 467 2364 qui
500 2306 551 2350 te
572 2299 779 2367 genuit,
807 2299 860 2352 id
881 2300 1065 2368 estqui
1092 2309 1144 2354 te
1173 2300 1423 2356 formavit
1446 2312 1505 2357 ut
1527 2318 1698 2362 esses.

129 2379 227 2435 Sed
257 2391 312 2436 et
333 2399 432 2440 nos
463 2385 626 2440 aliter
677 2394 903 2456 generat
933 2404 1030 2457 per
1059 2389 1386 2458 baptismum
1422 2391 1476 2446 iu
1507 2394 1699 2449 remis-

123 2471 319 2528 sionem
338 2484 707 2543 peccatorum.

125 2581 186 2638 28
263 2583 401 2639 Vidit
423 2586 685 2642 Dominus
707 2596 756 2642 et
776 2588 846 2641 ad
868 2589 1201 2644 iracundiam
1227 2592 1520 2647 concitatus
1545 2603 1620 2648 est
1638 2608 1658 2646 .'

255 2675 393 2742 Quia
411 2690 826 2747 prouocauerunt
851 2697 970 2733 eum
994 2680 1095 2748 ﬁlii
1125 2683 1207 2734 sui
1229 2691 1278 2736 tt
1296 2682 1442 2750 ﬁliae.

187 2764 330 2822 Vidit
359 2769 624 2824 Dominus
658 2785 818 2839 quem
846 2770 982 2825 nihil
1010 2771 1177 2826 latere
1207 2783 1408 2842 potest,
1442 2786 1496 2830 et
1518 2778 1693 2832 corri-

128 2857 230 2924 puit
255 2873 345 2914 eos
359 2871 580 2931 propter
604 2873 917 2931 peccatum:
952 2865 1079 2932 quia
1105 2880 1226 2918 eum
1261 2878 1693 2933 provocaverunt

130 2949 174 3002 in
198 2951 396 3007 cultura
421 2956 666 3020 deorum,
696 2970 829 3024 quos
873 2955 1225 3024 adoptaverat
1263 2957 1317 3010 in
1363 2958 1502 3015 ﬁlios
1554 2969 1609 3015 et
1638 2961 1694 3015 in

129 3037 273 3096 tilias.

128 3150 187 3206 29
251 3154 318 3209 Et
339 3157 436 3210 ait.
455 3157 788 3210 Abscondunt
813 3157 998 3225 [aciem
1017 3173 1179 3211 meam
1207 3157 1270 3210 ab
1292 3159 1398 3211 eis:

250 3245 314 3298 Et
340 3248 682 3301 considerabo
709 3250 985 3302 novissima
1007 3265 1210 3303 eorum.

127 3335 184 3390 50
250 3338 528 3394 Generatio
555 3342 693 3394 enim
714 3357 952 3410 perversa
985 3351 1057 3394 est
1075 3357 1092 3392 :

250 3428 313 3482 Et
340 3429 576 3497 inﬁdeles
589 3429 712 3498 ﬁlii.

185 3517 248 3572 Et
274 3521 366 3584 ait,
396 3520 726 3574 abscondam
753 3519 891 3589 (hoc
920 3528 1004 3574 est
1043 3520 1357 3574 subtraham
1395 3521 1688 3586 auxilium,

127 3616 173 3660 et
208 3610 557 3665 considerabo
585 3610 882 3665 novissima
931 3625 1148 3665 eorum:
1179 3611 1232 3664 id
1272 3619 1356 3665 est
1385 3611 1451 3665 ad
1477 3612 1690 3680 qualem

128 3697 271 3755 ﬁnem
293 3703 635 3771 perveniant.

127 3805 179 3862 5!
248 3811 357 3881 Ipsi
382 3830 465 3866 me
486 3831 711 3882 provoca
722 3823 901 3867 verunt
929 3812 983 3867 in
1007 3830 1065 3866 co
1085 3815 1174 3882 qui
1196 3831 1296 3868 non
1317 3824 1427 3868 erat
1443 3813 1584 3868 Deus
1601 3830 1620 3869 :

247 3902 311 3956 Et
333 3905 673 3958 irritaverant
693 3905 748 3957 in
766 3905 1083 3958 vanitatibus
1106 3907 1232 3958 suis.

185 3992 285 4062 Ipsi
321 4009 406 4047 me
432 4003 903 4063 provocaverunt:
939 3994 1091 4048 Sicut
1112 3997 1254 4048 enim
1287 3996 1361 4049 illi
1393 4011 1478 4049 me
1502 4011 1688 4060 unum,

129 4081 373 4142 inmultis
399 4083 506 4138 diis
541 4093 1008 4154 provocaveruut:
1054 4085 1126 4138 ita
1165 4094 1218 4138 et
1267 4101 1367 4155 ego
1417 4101 1687 4140 assumam

126 4174 295 4230 multas
320 4185 523 4244 gentes,
549 4185 600 4231 et
627 4176 764 4231 hanc
790 4192 1056 4246 respuam.

125 4281 180 4337 δί
242 4285 308 4338 Ει
337 4303 428 4356 ego
447 4286 740 4356 provocabo
761 4303 846 4339 eos
865 4287 917 4340 in
947 4304 1004 4340 eo
1027 4289 1116 4356 qui
1141 4304 1242 4341 non
1265 4295 1340 4340 est
1354 4285 1579 4357 populus
1597 4300 1616 4338 :

247 4376 310 4431 Et
334 4378 388 4432 in
418 4389 565 4448 gente
587 4378 751 4432 stulta
787 4379 1008 4432 irritabo
1046 4379 1186 4432 illos.

1808 1851 2145 1910 peccatores,
2164 1842 2307 1898 {ante
2328 1845 2475 1899 verbi
2493 1845 2588 1900 Dei
2609 1863 2622 1899 :
2650 1857 2705 1900 et
2730 1847 3062 1903 devorantur
3082 1851 3150 1906 ab
3181 1851 3394 1918 avibus,

1805 1929 1861 1985 id
1886 1940 1968 1986 est
1993 1947 2023 1984 a
2055 1932 2305 2001 malignis
2330 1934 2608 2003 spiritibus
2643 1935 2974 1990 lacerantur.

1804 2019 1872 2073 57
1944 2020 2136 2076 Dentes
2151 2022 2435 2076 bestiarum
2459 2023 2735 2076 immittam
2754 2025 2809 2078 in
2834 2041 2920 2079 eos
2937 2038 2958 2078 .'

1946 2109 2078 2165 Cum
2110 2113 2290 2180 furore
2312 2114 2629 2168 trahentium
2644 2131 2798 2184 super
2811 2124 3005 2168 terram
3018 2124 3171 2187 atque
3182 2134 3394 2187 serpen-
3438 2162 3441 2164 .

2009 2203 2160 2254 tium.

1875 2291 2077 2346 Dentes
2105 2289 2438 2345 bestiarum:
2465 2291 2670 2345 saevitia
2696 2291 2896 2346 diaboli
2942 2293 3266 2348 immittetur
3289 2295 3390 2361 eis,

1801 2381 1892 2448 qui
1918 2395 2014 2435 eos
2040 2379 2092 2433 in
2119 2380 2301 2436 furore
2316 2380 2412 2434 Dei
2437 2381 2620 2435 trahat
2653 2396 2814 2450 super
2841 2391 3062 2450 terram,
3117 2384 3172 2439 id
3205 2394 3288 2440 est
3331 2385 3390 2440 in

1799 2471 2087 2526 mundanis
2102 2472 2384 2526 desideriis
2407 2472 2651 2528 subruat.

1799 2557 1869 2616 38
1939 2559 2100 2634 oris
2125 2562 2348 2614 vastabit
2379 2578 2466 2616 eos
2489 2562 2732 2633 gladius:

1940 2650 2010 2704 Et
2043 2653 2183 2705 intus
2211 2667 2392 2722 pavor.

1868 2742 2024 2802 Foris
2049 2741 2424 2807 vastabiteos;
2449 2742 2577 2813 quia
2626 2758 2818 2814 poenas
2851 2746 3209 2814 sustinentes,
3255 2762 3388 2804 con-

1797 2832 2022 2888 scientia
2045 2832 2262 2902 prupria
2295 2839 2615 2901 torquentur
2651 2833 2807 2904 (lsai.
2859 2834 3039 2906 vai):
3091 2839 3231 2892 unde
3255 2838 3386 2893 dici-

1799 2932 1918 2978 tur:
1953 2923 2098 2992 Ignis
2125 2938 2313 2977 eorum
2344 2939 2450 2978 non
2478 2925 2872 2994 esstiuguetur,
2894 2936 2950 2981 et
2970 2929 3171 2983 vermis
3197 2943 3385 2984 eorum

1797 3030 1905 3070 non
1934 3015 2197 3070 morietur
2219 3013 2414 3083 (Marc.
2447 3015 2544 3086 ix).

1724 3108 1772 3172 (ζ
1801 3105 1870 3159 59
1941 3103 2190 3158 Juvenem
2212 3103 2368 3158 simul
2389 3121 2450 3157 ac
2473 3105 2756 3174 virginem:

1939 3193 2238 3246 Lactentem
2264 3210 2382 3245 cum
2404 3194 2612 3247 homine
2640 3211 2780 3248 sene.

1866 3282 2125 3336 Juvenem
2144 3281 2327 3347 simul,
2352 3283 2402 3337 id
2435 3293 2516 3337 est
2546 3283 2678 3338 nulli
2704 3285 3026 3340 vindicando
3047 3294 3235 3356 parcet
3253 3295 3384 3341 reta-

1798 3372 1855 3426 ti.
1888 3373 2188 3442 Allegorice
2211 3381 2390 3424 autem
2427 3372 2481 3425 in
2506 3371 2724 3440 juvene,
2765 3374 3142 3440 libidinosum;
3176 3375 3232 3428 in
3263 3375 3374 3428 vir-

1794 3463 1939 3533 gine,
1964 3477 1993 3514 a
2016 3462 2171 3516 bonis
2197 3463 2450 3531 operibus
2474 3464 2743 3526 sterilem;
2766 3464 2815 3517 in
2837 3464 3089 3530 lactente,
3105 3466 3377 3532 hebetem;

1793 3553 1847 3606 in
1876 3567 2026 3616 sene,
2057 3552 2298 3606 inutilem
2347 3554 2435 3607 diu
2467 3569 2562 3621 per
2585 3554 2856 3622 pigritiam
2888 3556 3134 3623 accipere
3184 3571 3379 3624 possu-

1795 3660 1913 3698 mus
1938 3661 1949 3696 :
1978 3658 2111 3712 quos
2134 3657 2324 3698 omnes
2351 3645 2586 3699 vindicta
2628 3645 2723 3699 Dei
2757 3653 3056 3699 consumet.

1791 3735 1861 3788 49
1933 3735 2002 3788 Et
2036 3735 2178 3787 dixi:
2199 3733 2420 3789 Ubinam
2447 3743 2568 3788 sunt

1929 3824 2145 3880 Cessarc
2173 3827 2367 3895 faciam
2390 3843 2454 3880 ea:
2479 3828 2776 3880 hominibus
2805 3827 3111 3881 memoriam
3133 3843 3340 3884 eorum.

1862 3916 1930 3970 Et
1957 3918 2086 3980 dixi,
2113 3916 2492 3971 ubinam‘iNon
2521 3931 2618 3987 per
2639 3919 2995 3988 ignorantiam
3019 3920 3376 3986 interrogans,

1791 4008 1887 4062 sed
1913 4008 2048 4063 alios
2078 4009 2289 4063 discere
2319 4007 2537 4063 faciam.
2562 4010 2789 4064 Cessare
2816 4010 3014 4064 faciam
3038 4025 3103 4064 ex
3135 4010 3374 4063 homini-

1789 4101 1891 4156 bus
1913 4116 2099 4156 eorum
2135 4102 2474 4166 memoriam,
2508 4101 2716 4156 scilicet
2768 4111 2895 4156 tunc
2947 4117 3068 4156 cum
3096 4101 3266 4154 Judaei
3315 4100 3369 4153 in

1815 4203 1939 4242 erra
1969 4189 2409 4258 repromissionis
2433 4206 2538 4244 non
2566 4201 2861 4259 apparent:
2913 4190 2996 4243 vel
3039 4191 3161 4243 cum
3205 4188 3374 4258 iniqui

1791 4281 1857 4334 de
1904 4280 2284 4336 communione
2313 4289 2622 4334 sanctorum
2651 4280 3054 4346 discernentur,
3087 4289 3141 4334 et
3162 4294 3260 4348 pro
3291 4279 3376 4333 ni-

1791 4370 1901 4424 hilo
1931 4379 2281 4440 reputautur:
2316 4369 2468 4440 cujus
2497 4372 2572 4426 rei
2605 4371 2772 4425 multa
2803 4371 3050 4441 exempla
3086 4380 3234 4426 sunt.

181 4465 242 4520 Et
265 4483 363 4538 ego
385 4483 478 4523 eos
504 4469 832 4538 provocabo,
868 4469 920 4522 in
945 4483 1010 4522 eo
1035 4469 1125 4537 qui
1159 4484 1264 4523 non
1288 4478 1371 4523 est
1409 4469 1638 4538 populus
1660 4488 1694 4557 ε1

1831 4487 1849 4538 ι
1929 4484 2036 4540 Sed
2060 4494 2270 4555 propter
2295 4485 2430 4537 iram
2457 4485 2789 4538 inimicorum
2820 4483 3043 4537 distuli:

125 4568 209 4623 per
231 4573 382 4627 quem
415 4559 668 4628 populum
701 4558 972 4629 signiﬁcat
993 4573 1182 4613 omnes
1202 4567 1419 4627 gentes:
1457 4575 1576 4628 qua:
1608 4558 1675 4612 ad

125 4650 557 4718 comparationem
579 4651 780 4705 Israel:
813 4650 967 4718 quasi
989 4666 1092 4704 non
1123 4659 1322 4714 essent,
1353 4650 1680 4718 reputaban-

129 4745 229 4791 tur:
255 4740 334 4793 vel
379 4741 507 4810 quia
533 4751 723 4808 gentes
752 4741 890 4796 idola
923 4741 1189 4807 colentes,
1223 4757 1330 4796 non
1361 4741 1680 4798 dicebantur

128 4827 205 4881 Dei
232 4831 466 4900 populus.

129 4933 186 4987 53
248 4937 386 5008 Ignis
412 4956 692 4997 succensus
715 4952 793 4995 est
817 4943 870 4997 in
900 4942 1083 5012 furore
1101 4957 1212 4995 meo
1233 4954 1252 4992 :

251 5029 312 5085 Et
334 5034 532 5088 ardebit
571 5051 734 5104 usque
753 5035 821 5087 ad
847 5033 1044 5103 inferni
1068 5032 1367 5086 novissima.

194 5123 316 5196 Ignis
338 5144 633 5184 succensus
660 5136 773 5181 est:
810 5129 1050 5184 vindicta
1075 5139 1192 5178 mea
1223 5125 1276 5178 iu
1304 5126 1404 5180 hoc
1438 5134 1680 5194 tempore

131 5211 318 5244 :nnin:-o
365 5228 414 5244 Α.
451 5217 666 5244 διο-..-ιίιῖο
698 5231 860 5244 ..αι-..Α
901 5217 967 5244 ιιι.
1025 5211 1219 5244 :ul'onn:
1251 5215 1538 5244 nAIv:on:-nn
1625 5217 1676 5244 τι.

1927 4575 2008 4629 Ne
2030 4574 2162 4645 forte
2182 4578 2389 4646 superbi
2395 4586 2503 4628 rent
2535 4577 2708 4630 hostes
2730 4593 2936 4630 eorum.

1783 4665 1858 4720 42
1922 4664 1991 4718 Et
2022 4665 2246 4719 dicerent
2279 4681 2298 4718 :
2322 4663 2513 4719 Manus
2537 4677 2714 4719 nostra
2745 4664 2983 4719 excelsa:
3059 4715 3065 4722 .

1933 4754 2001 4808 Et
2036 4772 2138 4809 non
2166 4754 2421 4809 Dominus
2445 4755 2564 4823 fecit
2591 4756 2701 4808 lucc
2732 4756 2930 4808 omnia.

1865 4846 1971 4900 Sed
2001 4853 2240 4914 propter.
2267 4844 2360 4898 Isti
2385 4845 2493 4898 duo
2517 4842 2770 4898 versiculi
2788 4838 3226 4910 suntjungcndi;
3254 4836 3376 4892 ideo

1785 4938 1928 4993 enim
1963 4951 2105 5003 saepe
2117 4934 2356 5005 priorem
2388 4934 2644 5006 populum
2671 4933 2947 4995 sustinuit,
2972 4945 3037 4982 ne
3059 4936 3248 4998 gentes
3271 4927 3380 4980 cir-

1784 5027 2119 5096 cumpositae,
2151 5026 2269 5094 ejus
2319 5041 2521 5083 nomen
2569 5025 3039 5094 blasphemarent:
3082 5023 3163 5074 sic
3192 5027 3246 5072 et
3279 5033 3382 5072 nos

1781 5120 2014 5177 sustinet
2043 5129 2378 5188 peccatores,
2442 5133 2544 5171 nec
2572 5117 2758 5170 statim
2795 5122 3079 5185 peccantes
3118 5110 3379 5174 damnat;

2439 5208 2452 5244 ἰ
2485 5205 2706 5244 eniritnc
2745 5205 2798 5244 in
2832 5201 3128 5244 nartlilinne
3169 5203 3377 5244 nostra-

1784 5229 1849 5244 nn
1882 5209 2182 5244 «In-viantiu-
2226 5209 2452 5244 πησιΙῖηιιῖ
