3994 5370
619 341 720 397 551

1579 334 1637 389 s.
1679 320 2028 388 BRUNONIS
2063 317 2606 386 llEltBlPOLENSlS
2642 319 2946 386 EPISL‘OPI

3781 332 3884 389 552

619 454 736 508 sine
759 441 985 509 consilio
1013 447 1204 505 salutis
1226 454 1338 504 est:
1369 445 1496 504 auia
1526 444 1582 501 in
1607 445 1848 501 futurum
1873 442 1976 501 sibi
2005 442 2201 516 praevi-
2231 443 2281 504 Α
2307 441 2378 496 55
2447 442 2719 496 Iudicabtt
2743 442 2999 497 Dominus
3032 443 3284 514 populum
3308 458 3494 499 suum:

619 547 746 600 dere
765 543 1030 598 nesciunt.

620 655 686 710 Η
762 653 1033 720 Quomodo
1061 651 1465 721 persequebatur
1498 665 1635 701 unus
1658 645 1835 702 mille:

754 741 824 796 Et
851 742 954 794 duo
986 741 1227 810 fugerent
1251 739 1426 792 decem
1455 737 1665 790 millia?

618 835 686 890 45
754 835 944 889 Nonne
972 835 1086 886 ideo
1115 831 1238 900 quia
1269 829 1410 883 Deus
1434 845 1560 882 suus
1587 828 1814 882 vendidit
1848 843 1970 880 eos:

760 925 827 978 Et
860 924 1113 977 Dominus
1140 919 1392 974 conclusit
1419 918 1579 972 illos?

688 1016 967 1086 Quomodo
1008 1013 1452 1083 persequebatur.
1498 1009 1613 1064 Non
1642 1010 1904 1080 potuisset
1951 1007 2090 1072 fieri,
2145 1014 2204 1061 ut

619 1123 756 1162 unus
782 1093 1017 1160 hostium
1052 1102 1195 1156 mille
1249 1101 1554 1155 Iudaeorum
1607 1106 2054 1168 persequeretur:
2101 1098 2202 1152 nisi

619 1195 875 1251 Dominus
901 1208 1030 1247 suus
1053 1189 1383 1244 vendidisset”
1395 1203 1510 1253 eos,
1536 1189 1587 1242 id
1607 1197 1690 1242 est
1724 1204 1754 1240 a
1779 1203 1836 1242 se
1863 1186 2203 1258 projecisset,

617 1296 671 1340 et
697 1299 893 1340 exosos
917 1283 1163 1348 haberet,
1193 1290 1249 1335 et
1271 1279 1616 1340 concluderet
1643 1294 1738 1334 eos
1765 1277 1818 1332 in
1856 1293 2051 1333 manus
2098 1278 2204 1332 ini-

617 1378 902 1432 micorum.

613 1487 683 1540 46
759 1487 883 1541 Non
903 1488 1039 1542 enim
1062 1497 1136 1541 est
1161 1486 1300 1541 Deus
1323 1495 1498 1540 noster
1522 1494 1578 1538 ut
1606 1484 1680 1538 dii
1697 1499 1911 1538 eorum:

752 1577 819 1630 Et
850 1578 1048 1631 inimici
1075 1577 1238 1630 nostri
1257 1587 1376 1630 sunt
1418 1575 1640 1650 iudices.

687 1663 804 1720 Non
850 1667 992 1720 enim
1017 1676 1098 1720 est
1144 1667 1286 1721 Deus
1315 1676 1521 1721 noster.
1570 1665 1831 1720 Dominus
1872 1666 2016 1720 enim
2063 1667 2204 1722 Deus

615 1765 799 1812 noster
827 1771 988 1811 verax
1011 1767 1063 1811 et
1084 1756 1292 1825 justus;
1325 1757 1464 1812 idola
1492 1767 1668 1811 autem
1689 1757 1948 1826 gentium,

615 1846 846 1899 inutilia.
879 1846 944 1899 Et
966 1846 1170 1900 inimici
1192 1847 1363 1900 nostri
1385 1855 1510 1901 sunt
1534 1845 1766 1916 judices,
1792 1846 1845 1900 id
1891 1854 1976 1900 est
2002 1861 2200 1916 appro-

614 1935 853 1990 batores.
879 1936 1078 1990 Omnes
1106 1936 1250 1990 enim
1276 1945 1461 2005 gentes
1491 1937 1771 2007 (quamvis
1818 1936 1968 1990 varia
2021 1937 2203 1992 colant

614 2023 790 2094 idola)
824 2025 983 2079 unius
1013 2025 1107 2079 Dei
1135 2025 1374 2094 potentia
1399 2024 1658 2079 mundum
1684 2024 1797 2092 regi
1821 2026 2174 2081 confitentur.

611 2135 681 2188 47
756 2135 834 2188 De
855 2136 1003 2188 vinea
1026 2135 1376 2190 Sodomorum
1399 2135 1573 2188 vinum
1596 2150 1810 2188 eorum:

759 2225 823 2279 Et
849 2227 912 2279 de
933 2227 1248 2280 suburbanis
1271 2225 1598 2279 Gomorrlia'.

683 2315 759 2370 De
787 2317 945 2370 vinea
980 2315 1361 2370 Sodomorum.
1396 2315 1548 2383 Saepe
1587 2317 1638 2367 in
1696 2315 1998 2385 Scripturis
2042 2332 2203 2388 syna-

614 2420 752 2474 goga
785 2404 870 2459 vel
920 2404 1279 2468 Hierusalem,
1313 2404 1559 2458 Sodoma:
1587 2417 1933 2474 comparatur
1983 2405 2198 2476 (Ezech.

611 2499 745 2566 xvi);
779 2498 905 2566 quia
929 2497 1070 2551 sicut
1097 2496 1170 2550 illi
1197 2495 1336 2549 male
1362 2495 1513 2549 abusi
1539 2505 1666 2549 sunt
1689 2497 1844 2551 donis
1872 2496 1990 2561 Dei,
2039 2499 2119 2552 sic
2147 2506 2203 2552 et

612 2588 697 2641 isti
726 2587 1001 2642 beneﬁciis
1033 2587 1125 2640 Dei
1150 2601 1364 2654 semper
1393 2586 1590 2656 ingrati
1619 2587 1965 2642 exstiterunt.
1998 2587 2200 2643 Pecca-

612 2687 726 2730 tum
757 2677 933 2747 primo
964 2685 1046 2730 est
1072 2677 1124 2730 in
1171 2679 1333 2731 corde
1362 2692 1460 2746 per
1489 2692 1835 2741 consensum,
1871 2679 2107 2732 secundo
2147 2679 2201 2732 in

617 2767 864 2821 interiori
888 2765 1285 2821 machinatione
1315 2767 1382 2820 ad
1403 2781 1538 2834 opus
1559 2768 1999 2834 perpetrandum,
2038 2769 2202 2823 tertio

613 2857 667 2910 in
691 2864 812 2909 actu
843 2856 1098 2910 exteriori
1137 2865 1477 2926 perpetrato:
1511 2857 1743 2925 primum
1777 2857 1866 2911 hic
1891 2857 2067 2921 vinea,
2119 2871 2204 2912 sc-

612 2945 844 2999 cundum
874 2961 995 3009 uva,
1021 2946 1236 2999 tertium
1269 2945 1450 2998 vinum
1475 2945 1694 2998 dicitur.

610 3057 680 3112 48
754 3056 866 3111 Uva
903 3074 1080 3110 eorum
1097 3075 1194 3111 uva
1217 3056 1390 3125 fellis:

754 3147 821 3200 Et
846 3149 1023 3202 botrus
1050 3148 1436 3200 amarissimus.

683 3240 800 3296 Uva
823 3255 1042 3294 eorum:
1067 3239 1224 3293 vinea
1249 3239 1404 3306 (qua:
1425 3246 1508 3292 est
1532 3237 1724 3293 domus
1747 3239 1943 3309 lsrael)
1968 3255 2197 3295 conver-

611 3345 670 3385 sa
704 3330 755 3384 in
783 3330 1194 3384 amaritudinem
1221 3327 1377 3398 (Isai.
1407 3328 1483 3396 v),
1509 3329 1559 3384 id
1582 3330 1731 3384 estin
1753 3341 1976 3384 mortem
2001 3332 2198 3387 (Emisti

612 3421 959 3492 conspirans)
991 3430 1047 3475 et
1080 3419 1336 3490 pendenti
1382 3420 1436 3473 in
1467 3435 1627 3474 cruce
1653 3429 1865 3473 acetum
1897 3421 2020 3477 felle
2065 3423 2198 3477 mis-

615 3519 725 3564 tum
747 3520 1107 3580 porrexerunt
1129 3509 1312 3581 (Joan.
1343 3509 1480 3578 xix),
1505 3518 1558 3564 et
1584 3511 1798 3564 botrqu
1849 3512 2067 3566 malitiae
2089 3528 2199 3567 sua:

611 3603 949 3671 protulerunt
977 3603 1399 3657 amarissimum.

610 3695 678 3748 49
755 3693 850 3748 Fel
876 3695 1165 3748 draconum
1191 3695 1366 3746 vinum
1392 3709 1572 3746 eorum
1600 3708 1620 3746 :

749 3785 817 3839 Et
843 3803 1091 3841 venenum
1119 3787 1360 3857 aspidum
1385 3786 1700 3840 insanabile.

682 3876 777 3932 Fel
805 3877 1135 3946 draconum;
1187 3879 1326 3932 sicut
1371 3877 1442 3931 fel
1468 3878 1755 3940 dracones,
1788 3886 1842 3930 et
1867 3875 2079 3944 aspides
2105 3891 2197 3932 ve-

612 3985 750 4024 nena
770 3969 1042 4036 occultat;
1076 3969 1148 4024 ita
1176 3969 1511 4025 conscientia
1553 3985 1740 4024 eorum
1780 3968 1934 4039 plena
1963 3979 2045 4024 est
2082 3984 2197 4024 nia-

609 4059 744 4116 lilia.

609 4149 680 4204 50
753 4149 943 4206 Nonne
963 4151 1076 4206 ha’c
1100 4152 1313 4206 condita
1337 4161 1456 4206 sunt
1484 4151 1622 4221 apud
1646 4164 1758 4204 me:

752 4239 820 4293 Et
851 4243 1058 4311 signata
1082 4243 1135 4294 in
1163 4241 1423 4295 thesauris
1455 4241 1613 4294 meis:

681 4327 869 4384 Nonne
895 4331 1009 4384 haec
1030 4332 1245 4385 condita
1271 4341 1417 4396 sunt,
1445 4331 1496 4384 id
1526 4340 1608 4385 est
1633 4331 1747 4385 haec
1775 4340 1900 4385 sunt
1921 4339 2195 4386 reservata

613 4422 752 4486 apud
779 4435 884 4485 me,
913 4437 1014 4476 nec
1032 4422 1286 4476 oblivioni
1324 4421 1521 4475 tradita
1549 4439 1562 4474 :
1597 4422 1730 4484 lucc,
1759 4423 1963 4475 sellicet
2010 4435 2196 4490 pecea-

613 4517 666 4560 ta
698 4519 896 4574 vestra,
931 4527 1038 4565 non
1083 4513 1225 4564 enim
1269 4512 1391 4580 quia
1442 4512 1718 4566 vindicare
1771 4512 1951 4566 distuli
1998 4512 2196 4566 oblitus

613 4615 755 4665 sum,
779 4602 872 4654 sed
908 4603 1184 4656 recondita
1207 4611 1332 4656 sunt
1359 4619 1528 4671 usque
1550 4604 1603 4658 in
1634 4603 1774 4657 diem
1811 4602 2050 4657 ultionis.

610 4689 673 4743 5|
753 4689 874 4743 Mea
895 4700 970 4744 est
1000 4690 1129 4744 ultio
1157 4701 1202 4744 et
1233 4709 1324 4761 ego
1349 4693 1634 4745 retribuam
1657 4693 1730 4745 eis
1753 4695 1806 4746 in
1833 4703 2094 4762 tempore:

755 4779 821 4834 Ut
843 4781 1057 4835 labatur
1075 4800 1163 4852 pes
1185 4799 1386 4836 eorum.

683 4871 796 4926 Mea
819 4881 902 4928 est
952 4873 1106 4935 ultio,
1141 4873 1192 4926 id
1229 4882 1330 4937 est,
1369 4874 1660 4928 retribuam
1691 4873 1795 4927 illis
1851 4874 1904 4928 in
1952 4884 2192 4945 tempore

2224 4472 2276 4532 D

2443 533 2508 586 Et
2534 535 2588 587 in
2606 535 2764 588 servis
2798 534 2908 588 suis
2940 535 3285 588 miserebitur.

2371 623 2642 679 Judicabit
2674 626 2951 688 Dominus,
2976 626 3027 680 id
3071 635 3154 680 est
3197 627 3470 682 discernet
3514 637 3735 683 sanctos
3759 645 3879 685 suos

2303 714 2372 768 ab
2401 715 2602 784 impiis.
2627 714 2762 768 Nam
2781 714 3042 782 judicium
3072 717 3123 769 in
3166 718 3493 773 discretione
3541 719 3628 773 vel
3670 719 3876 774 damna-

2305 804 2458 859 tione
2483 806 2655 875 accipi
2685 816 2883 875 potest.
2912 806 2977 861 Et
3006 809 3058 860 in
3082 809 3254 863 servis
3282 809 3395 883 suis
3433 811 3797 876 miserebitur,
3830 811 3876 866 id

2303 905 2385 950 est
2411 897 2840 951 misericordiam
2863 900 3113 954 ostendet
3144 900 3194 953 in
3224 899 3311 954 die
3339 900 3593 955 ultionis:
3620 903 3712 966 qui
3741 905 3872 957 enim

2303 987 2354 1042 ei
2391 988 2620 1042 fideliter
2642 989 2968 1055 servierunt,
2997 1005 3100 1043 non
3133 1005 3198 1043 ex
3228 992 3485 1059 operibus
3513 991 3608 1044 sed
3638 992 3808 1060 gratia
3827 1002 3877 1046 et

2305 1078 2676 1134 misericordia
2708 1081 2966 1149 recipient
2987 1089 3188 1134 zcterna
3214 1082 3456 1150 praunia,
3480 1083 3612 1150 quid
3632 1084 3774 1136 enim
3791 1083 3877 1136 hs-

2303 1166 2400 1220 bes
2424 1169 2566 1235 quod
2593 1184 2698 1222 non
2734 1169 2986 1237 accepisti
3009 1170 3031 1223 ?
3052 1169 3102 1240 (Ι
3131 1169 3252 1223 Cor.
3285 1169 3385 1239 Iv.)

2305 1256 2373 1310 54
2425 1256 2620 1310 Videbit
2647 1259 2786 1328 quod
2810 1259 3080 1326 inﬁrmata
3106 1261 3170 1314 sit
3193 1276 3380 1316 manus
3398 1279 3415 1317 :
3432 1270 3480 1314 et
3501 1261 3674 1316 clausi
3692 1278 3874 1333 quoque

2516 1347 2815 1415 defecerunt
2855 1352 2876 1401 ἐ

2447 1435 3086 1513 Residuique‘consumpti
3118 1449 3259 1492 sunt.

2379 1523 2598 1580 Videbit
2631 1527 2774 1595 quod
2802 1527 3077 1581 infirmata
3107 1528 3178 1582 sit
3208 1540 3438 1594 manus,-
3485 1529 3539 1583 id
3589 1535 3672 1584 est
3721 1528 3876 1583 videri

2307 1612 2505 1679 faciet,
2556 1615 2700 1683 quod
2746 1630 2908 1684 opera
2965 1616 3232 1670 malorum
3278 1615 3495 1670 infirma
3549 1616 3771 1671 fuerint.
3815 1615 3876 1670 Et

2308 1703 2474 1758 clausi
2522 1722 2738 1774 quoque
2767 1706 3085 1760 deiecerunt
3118 1723 3131 1760 :
3172 1706 3227 1760 id
3273 1717 3357 1761 est
3386 1708 3532 1776 quod
3563 1708 3631 1760 ab
3663 1706 3876 1760 inimicis

1993 1757 2215 1868 '_“_'_?j‘_f"
2241 1785 2288 1843 Β
2315 1798 2490 1867 capti,
2534 1757 2768 1868 propriis
2806 1799 3013 1853 viribus
3043 1798 3376 1854 defecerunt.
3404 1757 3664 1864 itesidui,
3710 1798 3761 1852 id
3802 1808 3876 1851 est

2301 1887 2426 1955 quia
2475 1887 2545 1941 ab
2597 1887 2698 1942 hac
2729 1888 2839 1941 vita
2886 1897 3178 1955 exeuntes,
3210 1903 3319 1944 non
3351 1889 3556 1944 habent
3584 1895 3766 1959 postea
3789 1885 3879 1940 alia

2301 1979 2429 2046 quid
2456 1978 2689 2034 faciendi
2720 1980 3060 2034 facultatem.

2301 2070 2370 2124 55
2413 2069 2479 2123 Et
2513 2071 2684 2123 dicent
2718 2084 2737 2123 :
2769 2069 2868 2123 Ubi
2901 2080 3021 2124 sunt
3051 2070 3127 2123 dii
3151 2087 3329 2125 eorum
3356 2078 3378 2127 τ’

2445 2159 2510 2212 In
2541 2160 2729 2230 quibus
2761 2159 3019 2213 habebant
3045 2159 3338 2227 ﬁduciam?

2372 2247 2437 2302 Et
2471 2249 2680 2314 dicent,
2706 2249 3004 2304 adversarii
3030 2263 3215 2303 eorum
3249 2249 3341 2318 qui
3370 2263 3465 2303 eos
3493 2247 3830 2317 captivarum
3856 2265 3869 2302 :

2301 2347 2357 2392 et
2383 2339 2654 2396 daemones
2681 2338 2835 2392 malis
2861 2337 3186 2393 Christianis
3227 2339 3482 2411 (quorum
3513 2339 3657 2393 Deus
3676 2348 3684 2352 ·
3704 2345 3874 2391 venter

2301 2441 2355 2486 et
2382 2433 2554 2487 honor
2576 2439 2631 2485 et
2654 2431 2853 2489 divitiae
2873 2440 2991 2486 erat
3016 2429 3236 2502 (Philip.
3269 2429 3359 2499 ιη)
3387 2431 3572 2484 dicent
3601 2436 3722 2498 post
3745 2443 3873 2484 mor-

2301 2529 2412 2576 tem
2440 2530 2495 2575 et
2522 2521 2575 2582 in
2621 2529 2795 2580 morte
2815 2560 2830 2585 ,
2870 2520 2974 2576 Ubi
3003 2560 3018 2585 ,
3045 2530 3149 2575 etc.
3186 2519 3310 2575 :‘vel
3339 2521 3504 2574 etiam
3525 2517 3661 2586 justi
3686 2527 3740 2573 et
3761 2517 3872 2573 boni

2301 2609 2596 2664 vindictam
2609 2619 2664 2664 et
2689 2607 2784 2663 Dei
2811 2610 2946 2662 iram
2975 2609 3224 2664 videntes
3250 2609 3457 2673 dicent,
3481 2607 3615 2673 Ubi,
3647 2615 3750 2662 etc.

2302 2700 2369 2756 κδ
2443 2701 2520 2755 De
2548 2717 2770 2772 quorum
2801 2701 3022 2754 victimis
3062 2699 3398 2754 comedebant
3429 2699 3613 2768 adipes
3640 2711 3661 2750 ε

2445 2792 2513 2846 Et
2543 2792 2781 2846 bibebant
2799 2793 2968 2846 vinum
2991 2790 3319 2844 libaminum.

2374 2884 2449 2938 De
2471 2897 2700 2952 quorum
2728 2883 2963 2937 victimis
2996 2900 3010 2936 :
3044 2882 3096 2936 in
3126 2881 3214 2936 his
3239 2880 3424 2936 verbis
3449 2894 3644 2936 omnes
3673 2875 3866 2933 vanita-

2305 2983 2387 3029 tes
2405 3014 2420 3040 ,
2445 2990 2579 3051 quas
2606 2983 2911 3044 sequuntur
2937 2973 3185 3030 homines
3229 2971 3642 3042 comprehendit
3670 2969 3870 3025 idolols‘

2307 3066 2421 3118 tria:
2441 3064 2526 3118 vel
2553 3073 2901 3134 peccatorum
2929 3063 3356 3132 :exprobrantur
3380 3061 3531 3117 enim
3547 3060 3868 3126 malisvaaa,

2304 3154 2356 3208 in
2391 3155 2586 3223 quibus
2628 3155 2902 3210 vivebant.

2300 3242 2368 3296 57
2444 3244 2678 3314 Surgunt
2709 3254 2755 3297 et
2797 3242 3120 3313 epitulentur
3146 3243 3286 3298 vobis
3312 3261 3331 3298 .'

2442 3329 2510 3384 Et
2542 3334 2594 3384 in
2630 3333 2936 3388 necessitate
2966 3349 3052 3386 vos
3081 3342 3353 3402 protegant

2372 3419 2604 3477 Veniant
2631 3423 2772 3476 idola
2793 3463 2807 3488 ,
2837 3437 2954 3492 quae
2984 3422 3248 3477 colebatis
3266 3463 3281 3489 ,
3315 3431 3372 3478 et
3394 3431 3596 3479 eruant
3621 3437 3732 3478 vos.

2299 3513 2368 3568 58
2455 3512 2635 3568 Videte
2663 3515 2802 3584 quod
2834 3531 2927 3584 ego
2958 3515 3055 3568 sim
3083 3514 3227 3569 solus
3261 3530 3278 3569 :

2441 3602 2508 3656 Et
2538 3621 2642 3658 non
2669 3605 2733 3656 sit
2762 3603 2900 3657 alius
2929 3605 3069 3658 Deus
3095 3615 3289 3674 praeter
3317 3621 3420 3659 me.

2371 3694 2583 3759 Videte,
2607 3693 2658 3749 id
2684 3703 2766 3749 est
2795 3695 3098 3765 intelligite,
3123 3696 3266 3764 quod
3287 3713 3387 3768 ego
3412 3712 3534 3751 sum
3563 3697 3708 3753 solus
3722 3698 3860 3752 Deus.

2298 3778 2368 3840 59
2441 3783 2555 3854 Ego
2586 3785 2820 3838 occidam
2852 3795 2898 3838 et
2929 3801 3020 3854 ego
3049 3787 3211 3840 vivere
3239 3786 3437 3856 faciam
3471 3804 3489 3841 :
3523 3792 3862 3859 percutiamet

2513 3894 2606 3947 ego
2641 3877 2837 3931 sonabo
2865 3893 2883 3931 :

2440 3967 2507 4022 Et
2536 3986 2638 4023 non
2667 3980 2739 4024 est
2765 3971 2854 4040 qui
2883 3969 2946 4024 de
2976 3986 3136 4026 manu
3171 3989 3285 4026 mea
3312 3983 3476 4042 possit
3507 3989 3706 4028 eruere.

2367 4058 2483 4128 Ego
2511 4057 2754 4112 occidam
2790 4075 2802 4110 :
2849 4058 3056 4114 duobus
3097 4061 3273 4114 modis
3303 4062 3538 4127 occidit,
3583 4071 3638 4116 et
3678 4054 3858 4116 duobus

2299 4149 2473 4202 modis
2502 4149 2736 4202 viviﬁcat
2777 4166 2790 4201 :
2829 4149 2956 4217 quia
2986 4149 3120 4204 alios
3168 4150 3223 4203 in
3267 4150 3542 4204 infernum
3575 4151 3788 4204 damnat
3816 4158 3858 4203 et

2299 4239 2367 4292 ad
2403 4240 2568 4292 vitam
2598 4239 2732 4293 alios
2760 4249 3019 4293 aeternam
3049 4240 3314 4294 sublevat.
3359 4240 3536 4296 Aliter
3564 4242 3853 4297 occiditve-

2300 4335 2471 4382 tercm
2503 4330 2808 4390 hominem,
2836 4338 2896 4382 ut
2924 4329 3160 4384 viviﬁcet
3193 4345 3413 4384 novum.
3439 4330 3507 4384 Et
3537 4314 3645 4386 non
3681 4339 3764 4386 est
3783 4327 3854 4399 qui

2300 4420 2364 4472 de
2392 4436 2552 4472 manu
2580 4436 2693 4472 mea
2720 4420 2892 4489 possit
2917 4435 3108 4476 eruere
3129 4462 3143 4487 ,
3177 4422 3229 4477 id
3250 4431 3334 4477 est
3353 4423 3442 4492 qui
3465 4423 3721 4492 potentia:
3746 4434 3854 4476 mw

2297 4511 2469 4580 possit
2490 4511 2766 4565 resistere.

2297 4601 2366 4654 60
2438 4599 2641 4654 Levabo
2668 4599 2735 4654 ad
2766 4601 2946 4653 malum
2979 4617 3193 4654 manum
3225 4617 3392 4656 meam
3425 4615 3446 4655 :

2441 4690 2506 4744 Et
2539 4690 2707 4743 dicam
2738 4689 2903 4743 :Vivo
2929 4707 3020 4759 ego
3053 4693 3105 4743 in
3132 4703 3406 4744 a'ternum.

2368 4779 2582 4833 Levabo
2613 4779 2680 4833 ad
2731 4783 2926 4833 coelum
2945 4817 2960 4844 ,
2993 4779 3047 4834 id
3093 4787 3177 4834 est
3205 4779 3486 4834 ostendam
3517 4779 3849 4835 mter-nitatem

2292 4873 2548 4942 potentiae
2575 4884 2724 4924 mese.

610 4961 862 5016 vindicta:
881 4975 1000 5031 qua:
1022 4971 1322 5017 merentur.
1353 4961 1423 5018 Ut
1447 4963 1660 5016 labatur
1685 4977 1778 5017 oes
1805 4977 2010 5029 τες-κεῖ,
2032 4938 2082 5017 id
2113 4975 2193 5020 est
2291 4938 2353 5022 lii
2431 4965 2490 5020 Si
2519 4981 2708 5018 acuero
2737 4973 2792 5016 ut
2827 4963 3006 5032 fulgur
3030 4938 3272 5033 ςιαάὶιιηί
3290 4979 3464 5017 meum
3492 4977 3513 5016 :
