3994 5370
172 185 282 241 553

169 300 246 356 οδ
319 294 849 375 Ιηεὺγὶεὸοὶηρῐηαε
880 323 1023 363 meas
1057 312 1311 380 sanguine
1338 355 1351 367 .

316 394 386 449 Et
420 394 632 465 gladius
659 415 799 452 meus
825 401 1090 455 derorabit
1117 420 1319 458 carnes.

238 486 530 542 lnehriabo
557 490 818 561 sagittas,
852 492 903 546 id
946 503 1031 547 est
1063 494 1116 548 in
1161 500 1541 565 peccatoribus
1577 512 1760 559 osten-

164 579 293 635 dam
328 581 601 637 vindictas
630 599 800 649 meas,
828 596 883 640 et
907 585 1120 656 gladius
1147 605 1298 646 meus
1327 593 1609 650 devorahit
1635 612 1758 651 car-

166 686 294 735 nes,
330 670 381 724 id
412 680 500 725 est
524 673 773 728 carnales
791 674 1055 745 judicium
1085 694 1263 734 meum
1292 694 1594 739 consumet.

164 761 234 816 64
326 761 404 818 De
432 781 619 819 cruore
647 766 935 822 occisorum
963 781 983 821 .‘

307 853 378 907 Et
402 855 468 908 de
496 858 797 925 captivitate
829 860 1014 914 nudati
1048 862 1380 920 inimicorum
1418 869 1629 939 capitis.

233 943 314 1000 De
340 960 540 1015 cruore
566 948 873 1003 occisorum
908 963 923 1003 :
971 952 1316 1020 subauditur,
1352 956 1633 1013 inebriabo
1662 975 1749 1014 sa-

161 1036 325 1105 gittas
347 1051 530 1099 meas.
557 1037 612 1092 id
639 1046 723 1092 est
755 1039 807 1093 in
838 1042 1144 1111 perditione
1169 1044 1566 1102 damnatorum.
1601 1050 1657 1104 Et
1685 1051 1751 1105 de

162 1130 480 1199 captivitate
523 1133 710 1186 nudati
760 1132 1106 1190 inimicorum
1150 1138 1341 1208 capitis
1389 1157 1403 1191 :
1452 1145 1747 1197 secumlum

171 1220 410 1274 litteram
423 1223 729 1291 captivitati
747 1225 1174 1282 tondebanturet
1199 1230 1569 1287 vendebantur
1584 1234 1746 1303 (quod

158 1323 241 1367 est
269 1312 372 1367 sub
394 1328 598 1368 corona
646 1315 930 1387 vendere),
979 1318 1334 1387 spiritualiter
1376 1332 1559 1377 autem
1606 1327 1747 1380 anti-

159 1404 738 1475 christus,impiornm
786 1417 978 1477 caput.
1040 1425 1136 1480 per
1190 1411 1391 1465 Christi
1446 1406 1753 1481 potentiam

157 1498 470 1552 destruetur
500 1500 849 1555 vindicantis.
879 1502 1057 1556 Aliter
1090 1513 1311 1569 exercet
1341 1504 1598 1559 Dominus
1626 1506 1742 1559 vin-

156 1587 356 1641 dictam
382 1588 449 1642 de
473 1588 790 1657 captivitate
817 1590 1161 1646 inimicorqu
1194 1593 1408 1661 capitis.
1435 1611 1557 1648 cunt
1587 1609 1742 1649 arro-

1299 191 1843 257 COMMESTARIUS
1878 201 1945 256 ΙΝ
1982 203 2302 262 CANTICA.

3331 219 3438 276 εει

1787 323 1837 383 Α
1864 322 2003 377 eatis
2039 322 2290 379 liberavit
2320 344 2332 379 :
2375 334 2429 381 et
2470 329 2739 398 captivum
2785 331 3036 407 redemit,
3075 336 3200 406 quia
3228 353 3257 392 a
3282 350 3435 409 pote-

1863 421 2003 466 state
2050 414 2319 471 diabolica
2360 416 2666 485 abstraxit,
2713 430 2769 476 et
2798 424 3112 480 redimendo
3147 427 3271 485 fecit
3308 449 3434 489 eum

1860 517 2039 558 suum.
2069 503 2131 559 Β.
2162 505 2462 562 Notandum
2509 527 2640 565 vero
2681 513 2825 569 circa
2858 515 3020 572 istum
3068 535 3282 577 versum
3326 536 3429 591 est.

1859 597 2002 665 (μιοά
2040 598 2231 653 beatus
2256 600 2548 657 Zacharias
2578 606 2894 675 prophetico
2922 623 3073 665 more
3092 614 3232 681 quod
3254 616 3433 672 adhue

1858 687 1911 742 iu
1948 690 2139 759 spiritu
2166 690 2404 747 futurum
2430 702 2484 750 et
2506 699 2750 765 proxime
2778 698 3083 759 faciendum
3111 709 3433 775 przeviderat

1856 792 2041 835 narrat
2083 783 2235 852 quasi
2286 783 2513 852 factum,
2548 786 2767 857 dicens,
2798 792 2925 861 quia
2976 794 3229 863 visitavit,
3268 798 3320 854 id
3346 808 3431 857 est

1855 868 2167 925 incarnatus
2196 880 2300 929 est.

1851 957 1888 1012 Ω
1996 958 2061 1013 Et
2089 964 2251 1015 erexit
2273 979 2437 1018 cornu
2468 965 2655 1021 salutis
2687 969 2834 1024 nobis

1993 1051 2059 1107 In
2089 1054 2244 1108 domo
2273 1054 2445 1110 Dauid
2476 1058 2628 1127 pueri
2652 1060 2756 1114 sui.

1921 1144 1961 1198 Β
1992 1144 2057 1199 Ει
2098 1146 2272 1200 erexit
2305 1162 2474 1201 cornu
2521 1150 2712 1205 salutis
2741 1168 2755 1205 :
2787 1152 3000 1210 ﬁrmam
3048 1158 3425 1219 ci-lsitudiaem

1845 1234 2038 1289 salutis
2067 1236 2217 1291 dicit.
2245 1236 2434 1291 Omnia
2467 1241 2612 1294 enim
2642 1256 2785 1305 ossa,
2820 1260 2984 1300 carne
3014 1247 3248 1305 involuta
3274 1263 3420 1321 sunt,

1844 1340 2013 1379 cornu
2043 1336 2223 1381 autem
2252 1330 2465 1385 excedit
2498 1346 2716 1388 carnem
2749 1344 2842 1389 :et
2872 1337 2991 1392 ideo
3022 1354 3192 1395 cornu
3229 1343 3422 1401 salutis

1845 1430 2067 1486 regnum
2119 1415 2417 1475 Salvatoris
2465 1420 2668 1479 Christi
2712 1436 2939 1481 vocatur
2969 1443 2984 1481 :
3012 1444 3118 1499 quo
3161 1435 3424 1492 vocabulo

1843 1507 2136 1576 spiritalis,
2188 1518 2239 1563 et
2284 1527 2405 1582 qua:
2447 1515 2630 1569 carnis
2671 1518 2864 1587 gaudia
2911 1532 3161 1590 superet,
3192 1524 3423 1584 altitudo

1845 1596 2127 1651 nuntiatur
2157 1616 2170 1651 :
2199 1607 2254 1654 et
2281 1616 2388 1671 quo
2435 1617 2601 1673 regno
2630 1607 2863 1664 mundus
2912 1619 2968 1665 et
3012 1613 3191 1669 carnis
3221 1617 3417 1689 gaudia

154 1679 393 1746 gantiam
424 1680 626 1734 mentis
657 1680 959 1746 malorum,
994 1691 1049 1736 et
1097 1682 1357 1737 malitiam
1388 1685 1730 1741 destruxerit.
1769 1670 1812 1728 Β
1840 1696 2184 1754 superantur.

138 1756 241 1823 θῖν’
293 1768 534 1825 Laudate
563 1783 741 1841 gentes
769 1772 1019 1843 populum
1054 1774 1169 1845 ejus
1197 1791 1215 1828 :

291 1860 431 1926 Quia
457 1864 765 1933 sanguinem
797 1880 1062 1918 servorum
1092 1882 1310 1919 suorum
1339 1867 1639 1922 ulciscatur.

219 1949 461 2004 Laudate
486 1961 680 2021 gentes
703 1954 959 2024 populum
984 1955 1120 2024 ejus,
1148 1957 1201 2013 id
1226 1968 1306 2012 est
1334 1968 1554 2014 sanctos
1572 1980 1585 2011 l
1597 1958 1690 2031 jus
1717 1979 1732 2015 :

148 2043 274 2111 quia
304 2044 623 2115 sanguinem
658 2057 954 2118 martyrum
988 2064 1209 2105 suorum
1240 2049 1551 2106 ulcTscetur.

148 2131 219 2187 66
290 2133 358 2188 Et
390 2136 678 2191 uindictam
704 2138 949 2193 retribuet
976 2140 1029 2192 in
1054 2139 1224 2194 hostes
1253 2157 1430 2194 eorum
1462 2158 1481 2198 :

140 2232 143 2239 '
285 2222 358 2276 Et
382 2226 645 2295 propitius
670 2228 771 2280 erit
801 2238 957 2284 terra:
984 2230 1168 2300 pOpuli
1193 2232 1299 2284 sui.

213 2312 281 2368 Et
306 2314 606 2371 vindictam
657 2319 921 2375 retribuet
950 2320 1003 2374 in
1033 2321 1221 2376 hostes
1263 2338 1451 2378 eorum
1471 2363 1485 2385 .
1525 2325 1729 2382 scilicet

144 2403 199 2457 in
223 2405 515 2462 haereticos
547 2416 713 2478 atque
758 2410 1003 2467 inﬁdeles
1038 2422 1093 2467 et
1123 2424 1519 2483 persecutores.
1551 2417 1727 2489 Atque

140 2496 408 2564 propitius
433 2498 541 2552 erit
564 2508 720 2554 terra:
745 2501 923 2572 populi
948 2505 1031 2557 sui
1063 2521 1076 2557 :
1104 2504 1157 2559 id
1181 2511 1268 2561 est
1295 2504 1574 2574 Ecclesize,
1600 2525 1724 2565 cum

140 2585 573 2643 misericordiam
604 2605 757 2645 suam
792 2591 867 2646 illi
895 2596 1154 2650 ostendit.

423 2699 472 2755 ll
483 2700 717 2759 YMNUS
765 2704 982 2762 TRIUM
1020 2708 1108 2765 PU
1119 2710 1426 2769 EDORUM.

603 2810 849 2852 DANIELIS
883 2813 1147 2857 ωνιτυιο
1186 2818 1267 2858 Ill.

275 2882 583 2940 Benedicite
605 2889 780 2942 omnia
807 2906 964 2959 opera
992 2890 1202 2947 Domini
1232 2894 1475 2958 Domino,
1503 2907 1606 2953 etc.

200 2992 457 3050 Geuerali
493 2996 803 3054 laudatione
835 3002 1136 3069 praemissa,
1166 3005 1308 3076 quod
1349 3009 1526 3064 omnis
1548 3025 1715 3065 .crea-
1744 3023 1789 3086 ρ

136 3091 254 3139 tura
282 3087 479 3142 debeat
503 3088 728 3145 laudate
754 3091 921 3147 Deum
946 3094 1069 3165 (al.,
1097 3096 1424 3166 Dominum),
1450 3100 1503 3153 in
1526 3116 1719 3155 conse-

136 3177 426 3244 quentibus
465 3194 565 3248 per
600 3190 787 3250 partes
838 3184 1047 3254 singula
1101 3186 1415 3243 cohortatur
1444 3188 1563 3259 (al.,
1601 3192 1715 3244 sin-

134 3264 348 3334 gulares
394 3271 729 3341 eoarctatur)
771 3289 786 3325 :
831 3273 1082 3345 angelus,
1119 3286 1174 3331 et
1207 3279 1413 3344 caelos,
1449 3296 1618 3350 aquas
1661 3292 1717 3337 et

134 3356 383 3424 virtutes,
410 3359 580 3415 solem
611 3369 667 3417 et
712 3361 917 3431 lunam,
958 3366 1186 3421 imbrem
1232 3377 1288 3423 et
1329 3386 1527 3437 rorem,
1557 3373 1717 3441 spiri-

135 3457 266 3515 tum,
304 3451 485 3521 ignem
512 3462 569 3507 et
599 3463 816 3521 iustum,
848 3456 1015 3528 frigus
1040 3467 1094 3513 et
1120 3467 1388 3527 aestatem,
1418 3471 1472 3517 et
1497 3473 1712 3530 ca-tera,

132 3552 247 3606 qua:
268 3539 488 3611 longum
514 3552 597 3597 est
621 3551 822 3609 texere,
840 3545 913 3600 ita
938 3556 997 3602 ut
1018 3546 1195 3604 fontes
1219 3565 1435 3621 quoque
1462 3564 1516 3608 et
1543 3556 1712 3610 maria

130 3637 183 3683 et
204 3638 412 3695 cetum,
438 3633 690 3690 volucres
732 3635 1042 3709 bestiasque
1084 3650 1137 3695 et
1173 3657 1367 3711 pecora
1404 3644 1469 3699 ad
1500 3644 1710 3702 laudem

134 3716 344 3775 Domini
392 3735 653 3793 provocat
684 3736 740 3782 et
788 3728 928 3785 ﬁlios
966 3730 1267 3788 hominum.
1304 3735 1372 3790 Et
1402 3745 1523 3805 post
1554 3754 1713 3793 oume

134 3808 411 3866 hominum
436 3829 609 3884 genus
638 3815 893 3873 lsraclem
911 3860 927 3885 ,
952 3830 1003 3875 et
1034 3821 1101 3877 de
1130 3823 1245 3894 ipso
1286 3823 1483 3881 lsraele
1525 3843 1710 3882 sacer-

133 3899 280 3958 dotes
312 3911 373 3958 et
413 3918 603 3962 servos
641 3907 886 3974 Domini,
916 3912 1141 3982 spiritus
1184 3915 1502 3986 animasque
1538 3916 1714 3985 justo-

135 4006 287 4061 rum,
334 4006 556 4052 sanctos
597 4009 653 4053 et
696 4000 930 4058 humiles
969 4004 1172 4070 corde,
1214 4015 1270 4061 et
1296 4008 1361 4061 ad
1407 4018 1709 4063 extremum

135 4074 684 4149 AnaniamyAzariam
710 4098 766 4144 et
786 4089 1080 4160 Misaelem,
1108 4096 1197 4164 qui
1222 4098 1426 4166 potenti
1450 4099 1711 4154 beneﬁcio

135 4171 191 4224 ad
220 4172 440 4230 laudem
472 4176 685 4234 Domini
718 4194 1100 4250 provocanlur.
1134 4186 1322 4242 Omnis
1349 4196 1530 4242 autem
1562 4204 1713 4244 crea-

138 4269 248 4321 tura
277 4282 383 4322 non
418 4284 572 4335 voce,
593 4273 691 4328 sed
720 4288 884 4343 opere
913 4274 1094 4331 laudat
1124 4278 1441 4347 Dominum;
1473 4281 1599 4350 quia
1640 4296 1708 4336 ex

136 4359 394 4414 creaturis
421 4359 650 4418 Creator
687 4366 1002 4436 frequenter
1045 4369 1365 4441 intelligitur
1388 4381 1445 4427 et
1480 4374 1707 4443 singulis
1741 4381 1787 4439 ι)

135 4449 379 4517 operibus
405 4461 571 4524 atque
595 4454 877 4512 effectibus
908 4458 1002 4514 Dei
1037 4462 1434 4533 magniﬁcentia
1475 4466 1704 4519 detnon-

136 4543 349 4597 stratur.
378 4540 657 4616 (Sequitur
682 4556 856 4602 textus
881 4548 1231 4615 Bsnsmcrrs,
1262 4554 1391 4606 nihil
1421 4571 1453 4608 a
1495 4553 1703 4625 vulgato

135 4631 362 4689 recedens
385 4645 581 4705 printer
606 4653 745 4692 vers.
774 4638 842 4693 67
874 4639 1040 4710 frigus
1075 4651 1123 4695 et
1148 4643 1349 4716 restas.)

518 4749 873 4808 CANTICUM
912 4755 1304 4814 ZACHARLE.

648 4858 799 4899 LUCzE
838 4859 1106 4903 CAPITULO
1144 4863 1181 4901 1.

140 4920 162 4976 ί
264 4925 574 4987 Benedictus
603 4931 863 4990 Dominus
893 4935 1037 4991 Deus
1067 4936 1238 4992 Israel
1256 4931 1287 4991 :'

264 5041 394 5110 Quia
419 5046 653 5101 uisitauit
681 5056 728 5101 et
748 5046 868 5119 fecit
899 5050 1302 5120 redemptionem
1331 5055 1493 5123 plebis
1518 5071 1650 5111 sua'.

164 5128 509 5210 Benedictus
541 5154 555 5190 :
584 5137 691 5192 duo
716 5140 859 5194 enim
879 5139 1035 5205 dicit,
1069 5140 1293 5198 visitare
1324 5155 1378 5201 et
1411 5149 1697 5206 redimere.

144 5215 346 5284 visitare
388 5246 637 5300 namque
672 5231 1032 5298 inﬁrmorum,
1064 5233 1330 5292 redimere
1360 5256 1490 5297 vero
1520 5240 1696 5309 capti-

141 5325 302 5370 verum
347 5331 434 5370 est
468 5341 482 5370 ε
515 5338 643 5370 num
685 5324 791 5370 dum
836 5326 1074 5370 lmmnnn
1119 5329 1298 5370 nenm-i
1348 5341 1653 5370 l-nnnrnllnl

1836 1772 1872 1827 5
1979 1774 2126 1831 Sicut
2154 1777 2360 1835 locutus
2386 1790 2462 1835 est
2486 1800 2580 1852 per
2612 1803 2667 1840 os
2702 1800 3002 1846 sanctorum
3025 1806 3045 1844 :

1985 1867 2089 1933 Qui
2112 1887 2145 1923 α
2178 1872 2374 1926 εατιιιο
2398 1884 2521 1929 sunt
2541 1878 2910 1948 prop/telarum
2941 1882 3073 1952 ejus.
3392 1940 3401 1949 ,

1907 1957 2059 2013 Sicut
2086 1959 2298 2018 locutus
2320 1972 2422 2018 est.
2443 1966 2489 2019 A
2514 1968 2729 2033 seculo.
2748 1970 2945 2041 inquit,
2971 1985 3251 2045 propterea
3271 1982 3419 2051 quod

1834 2057 1947 2102 tota
1994 2053 2194 2107 veteris
2242 2055 2588 2113 instrumenti
2642 2059 2957 2131 Scriptura,
3015 2069 3296 2138 prophetia
3347 2074 3414 2128 de

1831 2138 2054 2200 Christo
2084 2145 2380 2211 praecessit,
2417 2162 2523 2201 non
2551 2148 2651 2204 soli
2690 2151 2833 2204 enim
2869 2151 3132 2210 Jeremias
3160 2168 3215 2213 et
3243 2160 3415 2233 lsaias

1830 2228 2118 2299 exterique
2144 2234 2423 2302 propheta:
2443 2236 2510 2290 de
2527 2237 2647 2308 ejus
2671 2240 2903 2296 adventu
2930 2246 3217 2302 manifeste
3242 2228 3411 2307 locuti

1828 2327 1955 2372 sunt
1995 2335 2009 2372 :
2042 2334 2228 2375 vermn
2258 2323 2372 2393 ipse
2401 2334 2558 2393 pater
2576 2326 2770 2395 Adam,
2800 2331 2933 2388 Abel
2971 2342 3027 2390 et
3053 2334 3258 2405 Enoch,
3286 2338 3407 2409 ejus

1827 2407 2215 2480 dispensationi
2250 2415 2617 2472 testimonium
2646 2420 2901 2477 reddunt.

1823 2496 1860 2553 4
1968 2497 2207 2555 Salutem
2231 2518 2298 2556 ea:
2329 2504 2556 2561 inimicis
2583 2510 2776 2562 nostris
2803 2526 2823 2564 :

1967 2586 2036 2641 Et
2063 2590 2127 2644 de
2151 2608 2312 2646 manu
2338 2594 2571 2648 omnium
2596 2598 2686 2667 qui
2715 2596 2936 2656 oderunt
2960 2619 3075 2658 nos.

1896 2678 2136 2736 Salutem
2166 2700 2180 2735 :
2201 2680 2535 2755 jungendum
2563 2696 2646 2741 est
2670 2691 2937 2759 superiori
2970 2694 3254 2752 versiculo.
3274 2698 3409 2757 Ere-

1823 2770 1901 2825 xit
1928 2772 2107 2837 nobis,
2133 2775 2338 2831 scilicet
2359 2776 2588 2833 salutem
2608 2795 2673 2835 ex
2702 2782 2938 2840 inimicis
2960 2790 3180 2845 nostris.
3205 2791 3406 2849 Omnes

1822 2870 2005 2915 autem
2035 2864 2127 2933 qui
2155 2864 2390 2921 oderunt
2422 2883 2523 2923 nos
2554 2887 2568 2922 :
2599 2871 2682 2926 vel
2710 2872 2959 2933 homines
2982 2894 3293 2950 perversos,
3321 2884 3404 2941 vel

1820 2950 2127 3009 its-mundos
2156 2957 2376 3025 spiritus
2412 2959 2703 3030 signiﬁcat.

1961 3043 2045 3098 Ad
2088 3047 2385 3115 faciendam
2430 3049 2845 3107 misericordiam
2873 3069 2993 3109 cum
3030 3042 3270 3127 patribus
3306 3078 3409 3120 no:

2033 3140 2156 3194 stris
2186 3153 2206 3191 :

1958 3229 2025 3284 Et
2054 3232 2332 3286 memorari
2360 3235 2654 3288 testamenti
2678 3236 2763 3289 sui
2792 3239 2980 3294 smcti.

1886 3324 1968 3377 Ad
2005 3323 2307 3378 faciendam
2346 3324 2771 3381 misericordiam
2805 3329 3062 3385 :dixerat
3087 3333 3252 3396 enim,
3288 3337 3399 3393 Do-

1816 3414 2022 3469 minum
2052 3415 2208 3485 juxta
2247 3414 2460 3485 eloquia
2504 3419 2892 3487 prophetarum
2938 3420 2993 3476 in
3037 3422 3196 3479 domo
3230 3425 3400 3484 David

1816 3505 2152 3560 nasciturum
2181 3524 2195 3560 :
2239 3514 2295 3561 et
2324 3507 2398 3560 ita
2440 3508 2869 3564 misericordiam
2897 3510 3098 3567 factam
3129 3529 3253 3570 cum
3293 3517 3398 3587 eis,

1814 3614 1937 3652 cum
1975 3597 2254 3667 impletum
2282 3608 2426 3653 esset
2451 3602 2800 3668 proruissum.

1813 3687 1846 3742 6
1951 3688 2339 3759 Jusjurandum
2376 3690 2515 3761 quod
2535 3689 2737 3762 juravit
2780 3693 2849 3747 ad
2891 3693 3155 3751 Abraham
3196 3708 3407 3769 patress

2026 3790 2261 3834 nostrum
2288 3795 2308 3833 :

1954 3871 2216 3925 Daturum
2242 3888 2296 3926 se
2326 3872 2472 3927 nobis
2494 3887 2513 3925 :

1882 3960 2264 4029 Jusjurandum
2293 3980 2307 4017 :
2336 3964 2465 4018 dicit
2492 3966 2739 4020 eumdem
2767 3966 3065 4033 Christum,
3092 3970 3252 4041 juxta
3276 3971 3395 4041 jus.

1806 4052 2100 4123 jurandum
2138 4056 2282 4125 quod
2314 4056 2453 4110 Deus
2474 4055 2703 4127 juravit,
2733 4075 2831 4114 nos
2865 4075 2984 4115 esse
3015 4061 3391 4130 liberaturum,

1814 4149 1881 4201 ad
1908 4145 2231 4217 eripiendum
2266 4157 2645 4202 testamentum
2672 4151 2816 4219 quod
2846 4151 3076 4206 Abrahze
3107 4154 3390 4224 disposuit.

1813 4237 1948 4303 Quia
1983 4237 2231 4291 vilelicet
2278 4238 2363 4292 his
2407 4238 2675 4307 praecipue
2718 4242 3043 4309 patriarehis
3081 4245 3146 4298 de
3175 4260 3273 4299 suo
3302 4261 3392 4301 se-

1817 4328 1961 4382 mine
1984 4369 2000 4392 ,
2031 4328 2115 4382 vel
2161 4330 2509 4401 congregatio
2538 4331 2812 4402 gentium,
2847 4333 2929 4387 vel
2970 4334 3274 4393 incarnatio
3308 4347 3394 4399 est

1816 4418 2164 4488 rcpromissa.

1812 4506 1843 4561 7
1930 4506 2156 4564 -Ulsiue
2192 4510 2377 4567 timore
2421 4512 2485 4567 de
2515 4526 2674 4567 manu
2715 4514 3048 4571 inimicorum
3093 4530 3394 4577 nostrorum

2024 4602 2229 4657 liberati
2256 4619 2275 4658 :

1955 4693 2253 4750 Serviamns
2280 4696 2380 4751 illi.

1885 4786 1957 4842 Ut
1986 4786 2103 4840 sine
2137 4786 2329 4842 timore
2360 4805 2374 4841 :
2411 4803 2534 4842 nam
2564 4788 2655 4859 qui
2692 4791 2778 4845 vel
2812 4801 2934 4846 ante
2977 4801 3204 4847 mortem
3235 4811 3264 4848 a
3291 4797 3394 4851 Do-

1812 4877 1948 4934 mini
1977 4877 2198 4932 servitio
2225 4877 2474 4944 discedit,
2504 4881 2590 4935 vel
2622 4896 2817 4938 coram
2845 4883 3151 4938 hominibus
3182 4894 3395 4941 tantum

1810 4977 1865 5025 et
1913 4981 2022 5020 non
2069 4979 2253 5020 coram
2300 4966 2409 5023 Deo
2455 4978 2675 5022 sanctus
2716 4971 3040 5038 perdurare
3072 4974 3397 5027 cuntcnlit:

1810 5057 2044 5114 necdum
2092 5056 2156 5109 de
2198 5071 2358 5110 manu
2406 5058 2730 5127 spiritalium
2801 5060 3131 5117 inimicorum
3163 5062 3401 5127 perfecte

1807 5149 2073 5205 liberatus
2102 5145 2327 5202 Domino
2356 5148 2524 5200 servit
2555 5144 2660 5217 (IV
2684 5144 2830 5218 Reg.
2861 5146 3010 5213 xvu),
3039 5146 3129 5198 sed
3154 5139 3413 5217 eseiuplo'

1808 5237 2275 5296 Samaritanorum
2303 5236 2409 5294 diis
2436 5238 2674 5308 gentium
2708 5241 2930 5305 pariter
2947 5246 3001 5290 et
3029 5235 3256 5293 Domino
3289 5253 3401 5294 set»

1803 5337 1927 5370 νὲνιδ
1956 5336 2195 5370 annalium
