3994 5370
578 249 691 315 ὗθδ

1503 249 1564 311 8.
1604 248 1950 313 BRUNONIS
1989 242 2525 303 HEBBIPOLENS‘S
2556 239 2862 297 EPISCOPI

3718 233 3825 288 556

572 375 730 429 mino
754 370 1093 427 serviendum
1120 368 1381 449 designat,
1410 366 1657 422 videlicet
1691 366 1744 420 in
1775 364 2058 419 sanctitate
2098 368 2153 416 et
2182 365 2227 421 Α
2255 356 2398 411 enim
2426 363 2484 410 ut
2509 355 2649 411 sicut
2670 370 2767 425 per
2791 353 3111 449 superbiant
3142 346 3604 449 prim.e_parentis
3627 357 3825 449 nostra

571 460 809 531 iustitia,
839 471 895 515 et
916 474 1097 515 coram
1122 458 1316 522 ipsaet
1338 455 1588 511 omnibus
1612 456 1800 510 diebus
1828 452 2047 508 nostris.
2130 500 2134 504 .

579 553 614 600 (δ
720 552 791 607 Et
821 562 900 615 tu,
929 568 1080 620 puer,
1102 551 1348 620 propheta
1379 549 1634 603 .lltissimi
1657 549 1942 603 vocaberis.

722 638 946 692 Prtribis
990 640 1124 692 enim
1169 648 1291 692 ante
1331 637 1521 707 faciem
1564 635 1780 691 Domini
1817 648 2008 706 parare
2042 635 2154 690 vias

788 747 903 800 ejus
929 744 947 781 :

653 825 719 879 Et
749 834 802 880 tu
832 839 986 894 puer.
1005 822 1237 879 Pulchre
1280 838 1402 878 cum
1445 822 1513 877 de
1544 814 1785 876 'Domino
1824 818 2154 888 loqueretur,

480 944 485 951 ~
578 917 649 971 ad
695 917 1013 987 prophetam
1055 923 1277 986 repente
1302 930 1395 970 sua
1425 915 1586 969 verba
1615 913 1885 968 convertit
1921 930 1934 966 :
1969 920 2027 965 ut
2056 911 2158 966 hoc

558 1018 796 1077 -“quoque
840 1007 1164 1063 beneﬁcium
1198 1021 1318 1063 esse
1354 1005 1567 1061 Domini
1620 1004 1946 1075 designaret.
1978 1002 2025 1056 Α
2051 1001 2159 1057 Sed

581 1098 854 1166 quomodo
880 1098 1076 1168 alloqui
1106 1113 1332 1167 puerum
1361 1105 1597 1167 poterat,
1629 1112 1751 1151 cum
1792 1110 1916 1150 eum
1945 1093 2029 1149 vel
2058 1109 2158 1148 au-

578 1190 698 1243 dire
741 1189 826 1245 vel
869 1189 1171 1261 intelligere
1217 1204 1325 1243 non
1356 1188 1630 1259 potuerit?
1658 1186 1750 1243 sed
1786 1193 2000 1257 poterat
2035 1200 2157 1239 eum

582 1281 903 1353 intelligere,
926 1281 1055 1351 ’quia
1100 1280 1302 1351 Spiritu
1328 1287 1517 1335 sancto
1543 1278 1732 1348 plenus
1756 1287 1874 1332 erat
1901 1294 1915 1330 :
1943 1277 1986 1329 si
2015 1275 2158 1330 enim

2258 448 2382 502 Eva:
2409 461 2555 503 mors
2585 446 2807 501 intravit
2857 445 2909 499 in
2951 440 3207 498 tnundum
3238 457 3252 493 :
3283 441 3353 493 ita
3383 439 3561 492 denuo
3592 452 3701 507 per
3726 437 3828 494 hn-

2256 536 2541 592 militatem
2572 534 2763 589 Mariae
2784 534 2904 588 vita:
2924 531 3185 587 introitus
3213 528 3564 599 panderetur.

2255 622 2293 681 4
2400 625 2540 691 Quia
2564 625 2682 695 fecit
2712 624 2840 678 mihi
2871 638 3059 693 magna
3082 621 3171 692 qui
3203 629 3383 690 potem
3413 627 3512 672 est.

2403 715 2468 769 Et
2485 724 2724 768 sanctum
2761 729 2945 767 nomen
2971 711 3105 781 ejus.

2327 806 2462 875 Quia
2488 804 2654 860 fecit:
2685 803 2797 859 sola
2847 803 3045 873 quippe
3087 800 3176 855 illa
3203 799 3382 854 anima
3413 817 3427 854 :
3459 799 3549 855 cui
3579 798 3833 855 Dominus

2256 914 2452 969 magna
2503 897 2683 952 facere
2727 896 3002 966 dignatur,
3032 891 3209 964 dignis
3252 907 3373 947 eum
3402 891 3691 962 praeconiis
3718 907 3829 943 una-

2257 989 2517 1060 gnilicare
2553 995 2752 1058 potest.
2784 985 3043 1041 Sanctum
3074 991 3251 1038 autem
3297 996 3491 1036 nomen
3535 979 3654 1049 ejus
3682 996 3832 1034 voca-

2259 1089 2363 1139 tur,
2392 1079 2533 1149 quod
2579 1075 2871 1148 singularis
2924 1073 3159 1129 culmine
3199 1071 3453 1141 potentia:
3502 1069 3834 1124 transcendit

2259 1182 2471 1222 omnem
2493 1176 2818 1228 creaturam,
2834 1172 2994 1234 atque
3014 1163 3080 1217 ab
3103 1159 3369 1217 universis
3389 1173 3511 1230 qua:
3529 1158 3659 1214 fecit
3680 1158 3833 1225 longe

2259 1264 2593 1328 segregatur.

576 1376 760 1430 adhuc
795 1386 949 1429 utero
996 1376 1185 1429 matris
1228 1374 1444 1428 clausus
1485 1373 1775 1427 adventum
1820 1368 2033 1424 Domini
2070 1382 2161 1422 co-
2250 1348 2294 1403 5
2399 1347 2468 1401 δι
2498 1347 2855 1401 misericordi“
2878 1346 2994 1417 91"“
3026 1361 3058 1399 α
3094 1338 3338 1416 ιινοςεηῖε
3362 1344 3416 1397 δη
3441 1336 3735 1413 imiimi“.

576 1464 788 1533 gnovit,
812 1464 923 1535 jam
953 1473 1112 1520 natus
1137 1465 1435 1534 intelligere
1462 1463 1698 1519 valebat.

569 1573 654 1626 ~10
724 1573 808 1627 Ad
829 1572 1060 1628 dandam
1090 1575 1360 1630 scientiam
1384 1575 1573 1629 salutis
1597 1574 1734 1644 plebi
1763 1572 1878 1644 ejus
1903 1589 1921 1627 :

707 1662 809 1719 uin-
826 1668 1179 1720 remissionem
1202 1677 1532 1734 peccatorum
1553 1682 1755 1721 eorum.

639 1742 737 1809 ‘Ad
767 1754 996 1809 dandam
1027 1756 1311 1812 scientiam
1343 1771 1465 1811 cum
1493 1755 1723 1811 dandam
1753 1767 1963 1809 comme

560 1858 656 1906 me
683 1851 955 1908 carnalem
990 1852 1451 1923 temporalemque
1475 1852 1737 1924 ~promitti
1785 1850 2010 1907 salutem
2059 1864 2160 1920 pu-

586 1952 753 2007 tares,
781 1943 833 1997 in
862 1945 1237 2000 remissionem
1268 1945 1447 2014 inquit
1478 1956 1822 2015 peccatorum
1853 1958 2061 1999 eorum.

581 2033 651 2086 Ἠ
730 2032 837 2088 Per
860 2035 1055 2089 viscera
1071 2035 1449 2089 misericordia:
1476 2034 1572 2089 Dei
1594 2035 1765 2089 nostri
1802 2049 1824 2089 :

731 2123 799 2179 In
829 2125 1014 2196 quibus
1038 2127 1258 2181 visitavit
1288 2143 1380 2181 nos
1407 2128 1580 2181 oriens
1608 2140 1673 2181 ea:
1700 2126 1827 2181 alto.

582 2230 587 2235 ·
664 2213 769 2269 Per
798 2216 1004 2271 viscera
1039 2233 1053 2271 :
1103 2218 1310 2273 viscera
1341 2232 1446 2273 non
1498 2218 1670 2273 solum
1700 2218 1878 2274 vitalia
1912 2218 2168 2275 dicuntur

579 2305 867 2361 interioris
895 2307 1159 2376 corporis,
1188 2321 1376 2362 verum
1416 2308 1579 2364 etiam
1623 2324 1785 2365 omne
1815 2310 1958 2379 quod
2012 2311 2165 2365 corio

580 2404 644 2448 et
667 2394 803 2464 pelle
831 2396 1026 2466 tegitur
1051 2414 1065 2450 :
1103 2404 1158 2451 et
1185 2411 1280 2466 per
1305 2398 1538 2463 viscera,
1566 2400 1774 2454 occulta
1806 2400 1922 2468 ejus
1948 2402 2169 2456 misera-

593 2487 670 2540 tio
712 2486 1046 2557 designatur.
1086 2486 1142 2541 In
1185 2488 1401 2557 quibus,
1435 2490 1644 2545 scilicet
1670 2492 1901 2547 occultis
1938 2492 2167 2547 misera-

567 2578 834 2633 itionibus
867 2579 1107 2633 visitavit
1151 2595 1251 2634 nos
1276 2581 1457 2636 oriens
1482 2596 1550 2635 ex
1582 2582 1709 2635 alto.
1743 2582 1844 2649 Qui
1879 2583 2000 2637 ideo
2025 2592 2171 2639 recte

587 2667 775 2721 oriens
805 2673 1028 2721 vocatur
1056 2683 1070 2720 :
1118 2668 1259 2736 quod
1289 2668 1446 2723 nobis
1483 2678 1661 2723 ortum
1694 2685 1833 2724 vera:
1876 2669 2010 2725 lucis
2045 2686 2173 2742 ape-

582 2757 760 2821 riens,
798 2756 936 2811 lilios
961 2758 1139 2812 noctis
1175 2768 1231 2812 et
1254 2760 1621 2825 tenebrarum,
1652 2759 1786 2815 lucis
1812 2759 1991 2816 eli'ecit
2033 2761 2172 2817 lilios

590 2844 648 2913 (ι
680 2844 859 2900 Thess.
890 2845 969 2916 v).
2148 2850 2153 2853 ·

586 2935 665 2989 42
734 2935 1048 2992 Itluminare
1069 2939 1149 2993 his
1176 2939 1266 3009 qui
1285 2940 1341 2993 in
1364 2940 1586 2995 tenebris
1608 2950 1657 2995 et
1693 2941 1749 2995 iis
1779 2942 1962 2996 umbra
1988 2942 2171 2998 mortis

802 3026 982 3083 sedent
1011 3044 1031 3083 :

726 3116 821 3170 ςΛά
857 3118 1158 3189 dirigendos
1174 3120 1328 3190 pedes
1351 3129 1555 3177 nostros
1589 3122 1642 3177 in
1670 3123 1804 3177 viam
1829 3124 1994 3193 pacis.

656 3207 1018 3265 ~llluminare:
1055 3211 1262 3267 Domini
1287 3212 1610 3281 illuminare,
1632 3223 1716 3269 est
1738 3215 1821 3270 his
1842 3216 1933 3285 qui
1965 3217 2016 3270 in
2050 3231 2170 3286 pec-

594 3299 738 3354 catis
766 3308 821 3355 et
839 3300 1155 3371 ignorantia:
1169 3303 1410 3358 caecitate
1442 3305 1694 3371 vixerint,
1720 3305 2176 3376 agnitionisamo—

587 3390 785 3459 risque
828 3392 910 3445 sui
957 3392 1139 3447 radios
1188 3391 1433 3465 infigere.
1478 3394 1650 3451 Pedes
1691 3406 1868 3451 autem
1907 3397 2078 3452 nostri
2121 3397 2173 3451 in

590 3483 745 3536 viam
788 3484 938 3552 pacis
969 3476 1277 3556 diriguntur
1314 3499 1329 3539 :
1375 3501 1496 3541 cum
1547 3487 1818 3542 actionum
1869 3498 2175 3543 nostrarum

590 3575 705 3628 iter
744 3590 843 3643 per
888 3576 1069 3629 omnia
1094 3591 1218 3631 cum
1269 3576 1644 3648 Redemptoris
1693 3578 2177 3649 illuminatorisque

598 3667 774 3721 nostri
797 3668 968 3737 gratia
988 3671 1302 3725 concordat.

625 3779 986 3837 CANTICUM
1016 3781 1309 3838 ὃΑΝιΙΤΑΞ
1344 3784 1585 3840 ΜΑΒΙᾹΞ
1622 3786 1714 3839 AD
1753 3785 2138 3843 VESPERAM.

1128 3890 1279 3930 ιυωε
1305 3891 1569 3953 εΑΡιτιιιο
1609 3893 1646 3931 Ι.

601 3967 630 4021 1
747 3965 1053 4038 Magni/ient
1083 3968 1261 4022 anima
1287 3985 1422 4022 mea.
1445 3968 1750 4024 Dominum.

677 4058 982 4131 Magnilicat
1003 4060 1182 4115 anima
1214 4077 1334 4115 mea
1370 4078 1384 4115 ε
1417 4070 1565 4117 tanto
1593 4062 1765 4132 inquit
1812 4077 1896 4116 me
1918 4062 2178 4119 Dominus

593 4162 857 4222 tanquam
889 4153 1130 4207 inaudito
1154 4169 1374 4209 munere
1394 4155 1879 4225 sublimavit,quod
1908 4155 2051 4209 uullu
2075 4157 2179 4212 lin-

597 4259 722 4313 gnte
751 4242 927 4299 ollicio
956 4244 1238 4314 explicari,
1266 4246 1359 4299 sed
1387 4245 1576 4299 intimo
1600 4246 1833 4315 pectoris
1858 4244 2052 4300 affectu
2094 4247 2180 4300 vix

606 4334 784 4389 valeat
811 4335 1194 4403 comprehendi
1234 4352 1250 4390 :
1283 4335 1346 4389 Et
1375 4336 1497 4390 ideo
1542 4343 1684 4390 totas
1726 4338 1918 4392 animae
1948 4338 2091 4393 vires
2126 4339 2178 4392 in

602 4425 827 4494 agendis
853 4426 1150 4496 gratiarum
1182 4425 1427 4479 laudibus
1462 4423 1649 4480 oll'em.

609 4516 647 4569 2
756 4514 826 4568 Et
847 4515 1122 4577 exsultavit
1145 4516 1359 4592 spiritus
1384 4532 1547 4570 meus.

746 4606 817 4661 In
843 4606 951 4660 Deo
979 4606 1200 4660 salutari
1232 4623 1365 4660 meo.
1426 4594 1429 4597 λ

678 4701 746 4755 Et
765 4700 1058 4755 exsultavit
1083 4701 1307 4770 spiritus
1333 4714 1486 4754 meus
1509 4699 1665 4769 :quia
1697 4709 1751 4754 et
1771 4701 2008 4771 ejusdem
2030 4700 2181 4767 Jesn,

607 4792 663 4847 id
692 4801 774 4847 est
801 4792 1058 4847 salutaris
1086 4800 1288 4846 aeterna
1317 4791 1599 4846 divinitate
1632 4791 1854 4861 Spiritus
1899 4809 2051 4847 meus
2093 4794 2181 4847 la:-

606 4898 787 4942 tatur:
812 4884 928 4954 ejus
949 4901 1065 4941 mea
1093 4901 1221 4941 caro
1247 4885 1523 4955 temporali
1553 4885 1903 4954 conceptione
1926 4885 2179 4941 fecunda-

598 4987 717 5032 tur.
750 4977 848 5033 Cui
895 4977 1070 5032 simile
1101 4989 1185 5033 est
1232 4977 1548 5031 Psalmistaa.
1583 4976 1777 5031 Anima
1826 4986 2005 5030 autem
2062 4991 2179 5029 mea

607 5069 901 5123 estsultabit
948 5068 1000 5122 in
1029 5068 1258 5123 Domino
1288 5078 1342 5123 et
1372 5065 1725 5122 delectabitur
1770 5080 1931 5134 super
1962 5064 2180 5121 salutari

609 5175 708 5213 suo
738 5157 909 5230 (Psal.
948 5160 1159 5230 xxxiv).

590 5248 644 5302 '5
752 5250 890 5316 Quia
918 5250 1134 5321 respexit
1167 5248 1518 5303 humilitatem
1542 5244 1751 5299 ancillis
1772 5262 1900 5298 sum.

764 5342 890 5370 ιη.--
918 5343 1048 5370 ,Αιέιμ
1077 5358 1136 5370 ηι-
1158 5342 1253 5370 Ιιιυι
1276 5340 1475 5370 Ιιοηιηηι
1501 5355 1580 5370 mn
1601 5338 1768 5370 ιΙῖιῃηιΙ
1786 5353 1959 5370 nsnnao
1976 5352 2160 5370 nonor:-

2211 4414 2260 4472 D

2403 1436 2725 1491 Timentibus
2753 1451 2890 1489 eum.

2331 1529 2400 1583 Et
2431 1527 2803 1583 misericordia
2834 1543 2849 1579 :
2879 1524 3034 1595 quasi
3070 1524 3275 1579 diceret
3299 1522 3437 1577 sicut
3464 1536 3631 1591 supra
3656 1534 3744 1575 me
3771 1518 3836 1574 ti-

2261 1630 2500 1675 mentem
2524 1618 2672 1673 venit
2697 1615 3069 1675 misericordia
3097 1612 3233 1682 ejus,
3265 1613 3338 1666 ita
3367 1625 3421 1667 et
3452 1627 3618 1680 supra
3651 1624 3834 1663 omnes

1967 1756 2158 1818 mor“,
2194 1722 2235 1780 Β
2268 1712 2538 1767 timentes.
2573 1708 2617 1761 Α
2651 1707 2966 1778 specialibus
2994 1707 3151 1761 enim.
3173 1721 3235 1760 se
3259 1703 3438 1768 donis,
3468 1704 3536 1756 ad
3564 1700 3834 1773 generalia

2086 1789 2100 1806 '
2266 1805 2303 1818 -ι
2344 1804 2355 1816 ο
2384 1802 2397 1814 ο
2458 1803 2488 1818 ιο
2529 1801 2541 1814 ι
2645 1816 2657 1818 Α
2687 1817 2720 1818 η
2751 1809 2848 1818 _d__
2876 1816 2916 1818 η
2966 1799 3124 1818 .__,___
3155 1796 3376 1818 L___‘_,
3403 1796 3613 1818 -Δ--ΑῌΞΛ
3641 1802 3832 1818 ...Δ-..Μ

2263 1804 2359 1859 Dei
2376 1801 2575 1872 judicia
2603 1809 2941 1862 convertens,
2966 1799 3127 1854 totius
3155 1796 3376 1851 humani
3399 1796 3615 1867 generis
3640 1802 3836 1847 statqu

2263 1890 2523 1948 describit
2550 1907 2564 1945 :
2597 1890 2803 1961 etquid
2829 1888 3067 1958 superbi,
3089 1887 3217 1957 quid
3246 1886 3478 1941 humiles
3506 1893 3838 1947 mereantur,

2265 1982 2393 2051 quid
2426 1980 2519 2035 lilii
2567 1981 2799 2035 Abrahrc
2818 1995 2924 2050 per
2972 1978 3202 2034 liberum
3241 1976 3562 2040 arbitrium,
3594 1975 3724 2044 quid
3748 1973 3840 2028 lilii

2266 2072 2360 2128 Dei
2391 2074 2499 2129 sint
2527 2087 2622 2143 per
2646 2068 2895 2143 gratiam,
2912 2070 3136 2126 alternis
3159 2071 3401 2124 versibus
3425 2068 3687 2138 explicat.
3720 2067 3837 2123 Non

2266 2179 2414 2234 ergo,
2441 2164 2642 2233 inquit,
2672 2164 2769 2219 soli
2819 2164 2948 2218 mihi
2987 2162 3117 2218 fecit
3140 2175 3334 2232 magna
3362 2159 3452 2229 qui
3485 2168 3680 2230 potens
3712 2169 3838 2214 est:

2266 2257 2363 2312 sed
2399 2265 2455 2311 et
2504 2255 2558 2310 in
2606 2256 2751 2310 otnni
2781 2264 2940 2326 gente
2982 2263 3037 2309 et
3064 2253 3338 2324 progenie.
3368 2251 3459 2320 qui
3502 2249 3843 2311 timotheum

2267 2358 2321 2403 et
2340 2357 2597 2419 operatur
2618 2346 2908 2416 justitiam,
2933 2354 3185 2416 acceptus
3208 2352 3294 2398 est
3326 2343 3401 2396 illi
3437 2342 3583 2412 (Act.
3604 2349 3685 2410 ι),

2273 2438 2307 2491 6
2413 2435 2562 2491 Fecit
2588 2438 2870 2508 potentiam
2898 2438 2951 2490 in
2981 2435 3193 2489 brachio
3214 2450 3331 2488 suo.
3512 2431 3517 2434 ⁴

2414 2528 2669 2599 Dispersit
2696 2528 2941 2598 superbos
2962 2536 3133 2581 mente
3153 2527 3326 2580 cordis
3349 2527 3455 2581 sui.

2340 2620 2496 2675 Fecit
2518 2610 2814 2689 potentiam
2849 2636 2862 2673 :
2888 2634 3031 2673 nunc
3056 2618 3122 2673 de
3149 2617 3260 2672 Deo
3288 2616 3451 2671 Patre
3464 2614 3734 2685 loquitur,
3755 2612 3842 2682 qui

2274 2712 2404 2769 fecit
2448 2712 2745 2784 potentiam
2786 2711 2839 2766 in
2886 2709 3111 2765 brachio
3143 2724 3274 2773 suo,
3305 2707 3357 2762 id
3382 2716 3467 2762 est
3518 2707 3575 2762 in
3609 2707 3722 2775 ipso
3750 2720 3844 2759 suo

2272 2803 2432 2868 Filio,
2481 2802 2624 2858 sicut
2653 2801 2797 2855 enim
2830 2810 2979 2854 tuum
3010 2797 3294 2854 brachium
3322 2805 3404 2851 est
3433 2795 3696 2866 perquod
3726 2807 3845 2861 ope-

2274 2897 2437 2960 raris,
2459 2895 2538 2950 sic
2559 2895 2651 2951 Dei
2682 2893 2960 2949 brachium
2990 2893 3191 2947 dictum
3216 2898 3299 2944 est
3316 2888 3432 2959 ejus
3455 2888 3705 2952 verbum,
3723 2883 3846 2954 quis

2275 3003 2374 3058 per
2407 2987 2632 3041 verbum
2670 2994 2926 3055 operatus
2949 2991 3034 3037 est
3059 2980 3337 3035 mundum.
3378 2977 3420 3031 Β
3444 2976 3536 3032 Vel
3564 2976 3846 3031 brachium

2202 3063 2246 3126 ε
2279 3094 2465 3141 suum,
2491 3084 2734 3147 potestas
2767 3084 2822 3129 et
2861 3074 2994 3128 ditio
3016 3070 3143 3140 ejus
3180 3069 3395 3123 virtutis
3430 3067 3634 3122 dicitur
3666 3084 3681 3119 :
3726 3065 3847 3134 quia

2278 3184 2382 3223 non
2414 3168 2590 3222 alieno
2614 3167 2679 3221 ad
2705 3165 3034 3236 operandam
3058 3161 3256 3216 auxilio
3272 3160 3501 3231 indiget.

2274 3262 2306 3313 7
2416 3259 2664 3330 Deposuit
2691 3268 2918 3329 potentes
2939 3256 3005 3310 de
3027 3256 3166 3310 sede.

2419 3346 2486 3402 Et
2508 3348 2754 3403 exultavit
2786 3346 3028 3399 humiles.

2350 3440 2610 3509 Deposuit
2650 3448 2941 3508 :poteutes
2984 3436 3127 3491 enim
3152 3434 3505 3504 appellantur
3528 3433 3679 3497 elati,
3719 3432 3851 3486 sicut

2273 3531 2447 3588 .ludzci
2481 3545 2497 3584 :
2529 3530 2619 3599 qui
2651 3528 2877 3597 depositi
2918 3535 3042 3581 sunt
3067 3528 3132 3582 de
3162 3527 3288 3581 sede
3320 3524 3489 3595 regni,
3521 3539 3617 3578 seu
3659 3522 3852 3576 intelli-

2279 3622 2457 3691 gentia
2495 3629 2806 3675 sanctarum
2856 3618 3278 3688 Scripturarum.
3311 3615 3354 3670 Β
3393 3617 3737 3685 Eosdemqne
3764 3629 3852 3683 po-

2283 3720 2477 3776 tentes,
2509 3725 2646 3779 quos
2668 3715 2792 3763 ante
2819 3710 3082 3777 superlos
3110 3707 3340 3771 dixerat,
3380 3704 3635 3775 appellat,
3667 3715 3850 3774 poten-

2284 3814 2364 3860 tes
2390 3804 2569 3875 igitur,
2600 3818 2703 3856 non
2729 3802 2854 3870 quia
2886 3816 3013 3855 vere
3067 3800 3177 3854 sint
3221 3806 3503 3868 potentes,
3556 3797 3846 3850 dicuntur:

2282 3895 2376 3951 seil
2410 3896 2535 3965 quia
2565 3892 2898 3949 conﬁdentes
2950 3891 3002 3946 in
3033 3891 3233 3945 virtute
3272 3905 3392 3954 sua,
3423 3888 3727 3942 conditoris
3769 3884 3851 3938 sui

2282 3986 2536 4039 auxilium
2591 3998 2834 4054 quterere
2866 3983 3187 4038 detrectant.
3232 3978 3308 4033 Illi
3354 3988 3536 4032 autem
3588 3991 3716 4030 vere
3764 3989 3853 4045 po-

2283 4089 2457 4134 tentes
2476 4088 2624 4141 sunt,
2648 4076 2739 4147 qui
2779 4090 2900 4131 cum
2928 4073 3186 4144 Apostolo
3212 4072 3396 4126 dicere
3425 4080 3656 4141 possunt
3681 4088 3695 4122 :
3728 4067 3850 4123 01η-

2283 4169 2373 4223 nia
2420 4183 2641 4237 possum
2678 4168 2734 4222 in
2784 4183 2849 4222 eo
2877 4167 2969 4236 qui
3016 4179 3101 4219 me
3144 4160 3414 4218 confortat
3458 4160 3589 4216 Jesu
3641 4158 3851 4215 Christo

2284 4256 2451 4331 (Phil.
2483 4257 2581 4327 IV).

2284 4349 2318 4404 8
2427 4346 2731 4402 Esurientes
2760 4345 2984 4416 implerit
3011 4348 3179 4401 bonis.

2426 4438 2494 4491 Et
2524 4439 2707 4492 divites
2742 4438 2937 4491 dimisit
2973 4437 3173 4490 inanes.

2275 4561 2280 4565 υ
2354 4530 2736 4584 BEsurientcs
2786 4529 3057 4595 caelestia,
3107 4527 3400 4599 implentur
3438 4528 3530 4582 hic
3574 4526 3858 4582 virtutibus

2281 4622 2616 4683 caelestibus,
2644 4631 2699 4675 et
2728 4630 2848 4689 post
2893 4630 3122 4675 mortem
3151 4630 3352 4676 :eterna
3386 4621 3765 4675 beatitudine:
3806 4627 3857 4673 et

2283 4714 2373 4785 qui
2401 4714 2632 4767 terrenis
2658 4712 2863 4767 divitiis
2891 4712 2971 4767 vel
3006 4712 3302 4766 honoribus
3320 4710 3649 4781 gloriantur,
3672 4710 3858 4780 quibus

2283 4804 2517 4857 refertos
2563 4816 2622 4855 se
2669 4810 2890 4865 norunt,
2940 4800 3095 4856 vacui
3140 4800 3520 4868 relinquuntur
3553 4800 3856 4861 virtutibus,

2283 4902 2338 4947 et
2369 4902 2489 4964 pol
2520 4894 2659 4947 hanc
2688 4893 2849 4945 vitam
2879 4902 3079 4945 (eterna
3109 4891 3431 4946 laborabunt
3459 4892 3668 4962 inopia.

2284 4986 2318 5040 9
2426 4984 2663 5052 Suscepit
2688 4982 2856 5036 Israel
2877 4999 3093 5052 puerum
3123 4999 3296 5035 suum.

2432 5074 2752 5127 Recordatus
2777 5074 3156 5128 misericordia!
3185 5089 3316 5127 stuc.

2360 5167 2611 5235 Suscepit
2645 5166 2842 5220 Israel:
2877 5165 3065 5228 Israel,
3097 5165 3150 5219 id
3194 5175 3280 5220 est
3324 5165 3506 5219 omnis
3540 5167 3733 5221 videns
3770 5180 3859 5236 per

2293 5257 2455 5314 ﬁdrm
2498 5256 2687 5320 Deum,
2745 5256 3040 5324 suscipitur
3065 5272 3094 5310 a
3142 5255 3290 5321 Deo;
3325 5257 3452 5309 dum
3484 5273 3645 5324 puer,
3692 5261 3742 5311 id
3783 5266 3857 5312 est

2292 5352 2359 5370 Ι..-
2400 5348 2506 5370 .212-
2546 5356 2591 5370 ...Δ
2627 5348 2877 5370 -.Ι.-.Ιῖ...-..
2915 5350 3064 5370 ολ--..ῗι
3137 5347 3383 5370 Ω--,.Α-.-ξι
3418 5349 3508 5370 2.-Ῐι

3033 5351 3064 5370 ξι
3137 5347 3383 5370 Ω--,.Α-.-ξι
3418 5349 3585 5370 2.-Ῐι---
3625 5351 3692 5370 n-
3722 5366 3760 5370 __
3787 5349 3827 5370 Ι-
