3994 5370
149 296 254 351 557
1045 292 1398 349 COMMENT.
1441 288 1508 344 1N
1547 283 1726 342 ORAT

1839 287 1945 345 ίΕιι
1988 296 2384 367 οοιιιΝιεΑΜ,
2425 275 2584 352 £ch
2729 320 2732 322 ~
2924 359 2936 370 ,
3309 293 3416 350 διε

147 426 278 465 sena
325 409 520 465 univit.
555 408 618 463 Et
652 409 756 464 hoc
783 423 890 463 non
941 410 1150 463 meritis
1194 409 1394 463 nostris
1433 418 1528 460 aut
1559 408 1722 476 ipsius
1753 423 1798 474 Α
1826 406 1861 460 2
1973 407 2112 472 Quia
2144 409 2377 463 viderunt
2406 407 2544 462 oculi
2581 405 2698 461 mei.

146 501 314 555 lsrael
363 503 518 568 pueri
576 501 682 564 sui,
731 499 824 554 sed
874 499 1245 554 misericordia
1299 514 1394 554 sua
1445 496 1724 562 iudicibili,
1970 501 2218 554 Sututare
2249 513 2419 555 tuum.

145 590 303 658 crijtts
336 589 655 642 recordatus
679 596 782 642 est.
1898 588 2037 655 Quia
2066 589 2320 644 viderunt
2362 607 2374 642 :
2417 589 2569 643 Beati
2601 586 2742 641 oculi
2777 585 2868 655 qui
2903 585 3087 640 vident
3131 581 3284 653 (Luc.
3317 599 3345 637 Σ
3381 587 3396 650 )

149 680 216 734 10
289 678 438 733 Sicut
479 678 684 733 locutus
716 691 790 733 est
816 679 883 732 ad
906 689 1081 749 patres
1121 689 1344 733 nostros.
1830 694 1949 748 quae
1981 679 2198 732 Simeou
2226 679 2381 732 vidit.
2424 677 2574 733 Beati
2599 677 2690 747 qui
2720 690 2825 731 non
2852 674 3108 730 viderunt
3137 682 3193 730 et
3223 673 3414 730 cretii-

293 771 567 824 A'raham
599 781 646 824 et
671 771 857 824 semini
885 770 999 840 ejus
1022 771 1076 824 in
1097 770 1314 824 sazcula.
1831 769 2026 822 derunt
2059 767 2241 838 (Joan.
2278 771 2395 839 xx).

215 859 377 914 Sicut
417 859 632 916 locutus
661 872 746 914 est
795 861 863 915 ad
913 872 1096 929 patres
1142 871 1358 915 nostrOs
1403 877 1416 914 :
1451 861 1555 916 hoc
1587 861 1732 914 enim
1832 859 1867 914 5
1976 860 2130 927 Quod
2156 861 2378 931 parasti.
2413 863 2545 916 Ante
2584 862 2772 931 facient
2800 863 3032 916 omnium
3073 859 3411 930 populorum.

150 950 215 1003 ad
248 958 434 1017 patres
478 959 534 1003 et
565 951 860 1018 prophetas
911 950 1252 1020 laquehatur,
1303 951 1446 1020 quod
1491 950 1734 1004 facturus
1905 949 2058 1018 Quod
2103 952 2330 1020 parasti.
2383 949 2516 1008 Illud
2568 952 2744 1021 inquit
2796 953 2972 1021 ipsum
3003 951 3145 1020 quod
3179 957 3418 1017 postmo-

151 1050 297 1094 esset
340 1042 484 1095 hanc
528 1042 959 1098 misericordiam
996 1042 1231 1098 Abraha:
1275 1053 1334 1098 et
1373 1042 1565 1098 semini
1595 1041 1733 1110 ejus,
1836 1039 1962 1093 dum
2008 1041 2262 1095 omnibus
2303 1039 2558 1110 gentibus
2605 1049 2660 1093 et
2690 1039 2904 1109 populis
2934 1047 2989 1092 ct
3015 1036 3213 1107 linguis
3242 1046 3422 1090 mente

153 1134 207 1188 id
232 1143 321 1186 est
347 1132 497 1186 omni
529 1132 689 1186 [idem
731 1148 883 1187 suam
929 1133 1182 1188 imitanti.
1838 1145 1903 1185 ac
1931 1131 2034 1186 [ide
2057 1132 2495 1202 conspiciendum
2524 1133 2754 1200 parasti,
2799 1139 2856 1184 et
2898 1144 2992 1198 spe
3039 1143 3102 1182 ac
3127 1127 3424 1182 dilectione

575 1223 928 1279 CANTICUM
967 1223 1307 1280 SlMEONiS.
1838 1223 2187 1292 quaerendum
2227 1222 2546 1292 prmvidisti,
2577 1222 2694 1291 ipse
2725 1220 2815 1275 diu
2858 1218 3252 1281 desideratum,
3280 1231 3423 1268 nunc

683 1331 833 1371 ιυωε
875 1332 1140 1371 currum
1176 1333 1217 1370 ι.
1840 1326 1894 1370 et
1924 1316 2106 1370 carnis
2130 1323 2184 1370 et
2215 1315 2396 1369 cordis
2421 1314 2594 1369 oculis
2617 1323 2767 1368 tuum
2799 1312 3037 1368 salutare
3064 1307 3416 1378 contemplor.

189 1404 218 1460 1
297 1401 459 1460 Nune
488 1405 708 1460 dimittis
731 1423 932 1460 servum
969 1417 1142 1472 luunt,
1182 1406 1422 1462 Domine.
1842 1406 1875 1461 4
1985 1405 2184 1460 Lumen
2207 1405 2276 1458 ad
2300 1403 2662 1458 reuelationem
2685 1403 2943 1473 gentium.

298 1494 606 1551 Secundum
638 1496 846 1550 verbum
872 1506 1020 1550 tuum
1056 1497 1110 1551 in
1133 1513 1280 1565 pace.
1986 1495 2054 1551 Et
2076 1498 2298 1569 gloriam
2322 1497 2484 1567 plebis
2512 1507 2616 1550 tum
2641 1496 2832 1551 Israel.

233 1587 388 1642 Nunc
419 1587 648 1642 dimittis
679 1605 693 1640 :
729 1588 880 1642 vides
909 1605 1014 1643 non
1057 1589 1228 1643 solum
1251 1587 1405 1653 Novi,
1438 1588 1532 1643 sed
1563 1587 1742 1644 etVe-
1913 1589 2143 1653 Lumen,
2184 1587 2364 1641 lumen
2395 1587 2616 1656 quidem
2663 1587 2878 1654 utrique
2922 1585 3140 1657 p0pttlo,
3189 1583 3428 1639 salutare

160 1680 294 1735 teris
322 1678 657 1734 Testamenti
683 1678 880 1748 justas,
905 1695 1003 1749 spe
1033 1679 1228 1736 futura:
1257 1682 1382 1735 vita:
1411 1681 1741 1735 desiderium
1847 1679 1968 1744 Dei,
2000 1679 2053 1733 id
2080 1686 2164 1732 est
2204 1677 2459 1732 Christus
2507 1693 2536 1730 a
2567 1675 2680 1731 Deo
2713 1687 2935 1745 paratus
2963 1685 3067 1730 est.
3100 1674 3202 1743 Qui
3251 1683 3428 1728 tamen

158 1770 417 1824 habuisse
464 1769 797 1824 dissolvendi
844 1787 873 1824 a
923 1786 1154 1842 corpore
1196 1790 1209 1826 :
1261 1773 1369 1826 imo
1419 1773 1569 1842 pacis
1605 1772 1744 1826 viam
1779 1762 1819 1820 Β
1849 1768 2018 1838 gloria
2048 1767 2220 1836 magis
2260 1767 2460 1821 dicitur
2493 1765 2682 1830 Israel,
2712 1766 2797 1820 cui
2827 1766 2916 1820 diu
2963 1774 3215 1836 speratur
3245 1762 3425 1834 (Rom.

163 1861 476 1928 deputasse,
518 1861 792 1915 sarcinam
843 1861 1113 1931 deponere
1166 1870 1504 1926 terrestrem,
1558 1870 1746 1930 utputa
1848 1860 1948 1930 ιι),
1979 1869 2034 1914 et
2064 1875 2129 1914 ex
2161 1873 2269 1928 quo
2314 1857 2703 1928 pronuntiatus
2737 1857 2975 1912 advenit.
3013 1855 3266 1911 Gentium
3299 1867 3428 1908 vero

157 1948 249 2016 qui
279 1963 341 2002 se
367 1949 421 2001 in
454 1948 574 2003 sinu
609 1949 844 2004 Abraha:
876 1952 1117 2022 requiem
1147 1967 1252 2008 nou
1290 1950 1602 2007 dubitarent
1646 1953 1744 2007 ha-
1850 1951 2134 2017 revelatio,
2165 1965 2300 2021 quas
2345 1949 2570 2004 visitare
2602 1957 2654 2002 et
2698 1947 2972 2002 illustrare
3003 1947 3209 2020 pariter
3236 1944 3428 2018 digna-

156 2037 370 2094 bituros
405 2054 528 2094 esse
553 2051 894 2111 perpetuam.
1851 2051 1938 2098 tus
1965 2051 2069 2097 est.

958 2408 1630 2530 SANCTI
1705 2409 2630 2525 BRUNONIS

1346 2622 1652 2678 EPISCOPI
1693 2622 2258 2680 HEBBIPOLENSIS.

167 2243 1392 2276 Μ

1579 2236 3422 2287 W

1575 2801 1976 2816 -—-.————‘

1246 2937 2378 3076 COMMENTARIUS

431 3146 534 3247 ΙΝ
594 3148 1168 3248 ΟΒΛΤΙΟΝΕΜ
1245 3149 1822 3276 DOMINIGAM,
1879 3151 2394 3250 SYMBOLUM
2467 3152 3169 3252 APOS'I‘OLORUM

1775 3374 1851 3416 ΕΤ

1340 3539 1435 3614 FI
1458 3538 1660 3616 DEM
1723 3537 2319 3616 ATHANASII.

633 3845 894 3901 ORATIO
942 3845 1290 3901 DOMlNlCA.
1790 3852 1833 3911 C
1865 3848 2028 3910 enim,
2063 3857 2120 3900 ut
2148 3847 2398 3902 Christus
2429 3857 2615 3918 regnet
2642 3847 2693 3902 in
2732 3848 2903 3912 nobis,
2932 3857 2985 3902 et
3013 3864 3115 3902 non
3161 3850 3426 3916 (liabolu‘,

413 3952 692 3992 ιι.ιττιι.ει
731 3952 998 3992 CAPITULO
1041 3953 1090 3990 vt
1129 3954 1200 3992 ετ
1239 3952 1386 3991 LUCJ-I
1425 3952 1503 3990 ιι.
1690 3985 1692 3988 .
1861 3939 1912 3993 id
1942 3955 1990 3992 es

1861 3939 1912 3993 id
1942 3950 2027 3993 est
2061 3939 2303 3994 Ecclesia
2331 3939 2534 3994 Christi
2582 3954 2798 4010 semper
2825 3951 3060 4003 crescat,
3109 3941 3158 3994 in
3205 3959 3308 4012 qua
3347 3962 3430 3996 rc-

192 4038 214 4091 ι
315 4027 478 4082 Pater
509 4039 689 4081 noster
709 4028 800 4098 qui
825 4045 878 4082 es
900 4029 952 4080 in
978 4027 1136 4081 castis.
1859 4039 1989 4096 gnat
2027 4029 2165 4083 Deus
2192 4047 2206 4082 :
2253 4038 2308 4082 et
2332 4029 2448 4084 dies
2484 4029 2670 4099 judicii
2704 4030 2974 4091 adveniat,
3005 4032 3132 4100 quia
3163 4041 3289 4088 tunc
3318 4034 3433 4085 ἀίει-

246 4117 578 4186 Discipulus.
626 4117 684 4171 In
713 4119 963 4171 oratione
1011 4119 1287 4173 Douiinica
1317 4128 1444 4189 quot
1471 4120 1759 4190 petitiones
1858 4119 2013 4173 bolus
2051 4134 2278 4188 regnare
2317 4119 2372 4172 in
2415 4119 2616 4175 mundo
2659 4119 2898 4186 desistit,
2941 4130 2992 4175 et
3036 4122 3285 4177 Christus
3315 4141 3436 4178 rtun

173 4208 485 4264 habentur?
512 4207 787 4278 Magister.
845 4207 1085 4277 Septem.
1143 4210 1202 4263 D.
1255 4209 1384 4276 Qua:
1412 4219 1496 4264 est
1545 4209 1759 4278 prima?
1860 4211 2062 4265 sanctis
2088 4212 2200 4265 suis
2230 4211 2284 4264 in
2313 4221 2577 4265 azternum
2620 4211 2868 4281 regnabit
2914 4211 2965 4280 (I
2996 4212 3117 4266 Cor.
3149 4218 3264 4284 XV).

174 4299 246 4353 ll.
310 4298 702 4378 Sanctificetur
757 4314 955 4353 nomen
1008 4310 1180 4354 tuum.
1237 4301 1301 4355 Ι).
1353 4301 1465 4357 lloc
1509 4303 1649 4370 quod
1705 4302 1751 4355 in

1717 4318 1757 4355 ,ιι
1856 4300 1892 4354 4
1999 4299 2123 4353 Fiat
2154 4300 2390 4354 voluntas
2427 4310 2519 4353 tua
2547 4302 2678 4353 sicut
2703 4301 2757 4352 in
2785 4301 2911 4354 rwlo
2957 4313 3002 4356 et
3042 4303 3095 4356 in
3137 4314 3294 4358 terra.

180 4392 358 4458 capite
403 4399 521 4453 est,
551 4389 716 4444 Pater
747 4391 1054 4458 nosterqati.
1096 4406 1157 4446 es
1186 4391 1239 4445 in
1270 4391 1442 4454 cmlis,
1489 4393 1759 4461 quomodo
1930 4395 1973 4447 D
2002 4393 2131 4460 Quae
2168 4402 2252 4448 est
2295 4392 2500 4447 tertia?
2545 4392 2615 4446 Μ.
2649 4390 2767 4446 Fiat
2811 4394 3058 4447 voluntas
3091 4402 3178 4448 tua
3208 4395 3378 4451 sicuti
3411 4411 3436 4454 ξι

174 4479 534 4549 intelligitur?
567 4478 639 4532 M.
688 4478 765 4534 lbi
805 4480 950 4534 enim
1001 4482 1274 4539 invocatio
1308 4483 1608 4538 divinitatis
1635 4492 1718 4538 cst
1742 4524 1757 4548 ,
1859 4487 1998 4539 ctelo
2028 4496 2083 4540 et
2114 4487 2166 4539 in
2210 4495 2374 4540 terra.
2417 4485 2479 4540 D.
2507 4485 2786 4552 Quomodo
2821 4496 2905 4540 est
2935 4486 3323 4556 intelligenda?
3354 4488 3435 4545 M;

173 4572 304 4624 dum
338 4569 558 4624 Patrem
591 4585 690 4626 nos
737 4571 940 4625 habere
993 4571 1314 4639 proﬁtemur
1369 4575 1576 4628 Deam:
1630 4574 1758 4644 quia
1860 4577 2012 4630 Sicut
2039 4576 2212 4646 angeli
2247 4576 2297 4629 in
2345 4575 2484 4630 caalo
2517 4587 2620 4630 tua:
2649 4576 2912 4631 obediunt
2951 4577 3235 4643 voluntati,
3281 4580 3355 4633 ita
3385 4596 3444 4633 θ’

171 4676 368 4714 omnes
395 4660 593 4716 fratres
622 4676 833 4726 sumus,
871 4669 924 4715 et
954 4661 1126 4715 Deum
1167 4660 1382 4718 Patrem
1415 4664 1676 4720 habemus
1704 4663 1760 4718 in
1853 4669 1985 4739 justi
2031 4668 2083 4721 iu
2119 4678 2260 4721 terra
2312 4665 2511 4721 faciant
2542 4685 2555 4721 :
2590 4675 2644 4721 et
2674 4665 2815 4721 sicut
2857 4669 2910 4721 in
2941 4669 3168 4734 sanctis,
3203 4671 3276 4724 ita
3303 4679 3355 4723 et
3387 4669 3446 4725 iu

175 4753 329 4807 malis
361 4753 572 4821 (Matth.
615 4754 777 4822 nm)
1861 4757 2235 4826 peccatoribus
2267 4766 2355 4809 tua
2384 4756 2634 4810 voluntas
2663 4755 2976 4825 impleatur.

79 4903 87 4909 _
175 4843 212 4894 2
319 4842 692 4912 Sanctiﬁcetur
732 4859 920 4897 nomen
948 4854 1120 4899 tuum.
1861 4846 1894 4899 5
2002 4844 2201 4900 Panem
2234 4855 2466 4898 nostrum
2493 4844 2865 4915 quotidianum
2896 4845 2963 4897 da
2994 4843 3138 4896 nobis
3166 4844 3324 4899 hodie
3361 4860 3380 4895 :

248 4931 314 4986 ι).
353 4931 407 4984 ln
436 4933 614 5001 prima
659 4932 924 5002 petitione
949 4948 1113 5002 quam
1145 4932 1350 4998 dixisti,
1385 4935 1514 5004 quid
1560 4935 1759 4992 iutelli-
1929 4939 1974 4992 D
2008 4938 2138 5005 Quae
2175 4947 2261 4993 est
2289 4938 2521 5008 quarta?
2553 4936 2625 4992 Μ.
2659 4934 2870 4994 Panem
2903 4942 3143 4988 nostrum
3186 4934 3465 5000 quotidia-

184 5023 411 5054 nhnglllrn
439 5025 554 5054 no.9
585 5023 635 5054 ΙΙ
699 5024 723 5054 Α
765 5023 977 5054 ρῑυιῖοοη
1010 5023 1156 5054 ιιῇῖοη
1179 5022 1514 5054 Pis-datin“..-
1548 5027 1726 5054 ειη-2....

1901 5045 1987 5054 --.ηη
2041 5029 2101 5054 .l-
2156 5027 2308 5054 ..Λιιτη
2362 5025 2519 5054 quit“
2594 5025 2638 5054 n
2705 5023 2860 5054 n..‘..l
2903 5023 2956 5054 ιη
3002 5033 3062 5054 εισι
3105 5018 3471 5054 ἶιιιιιὶὶῖηἶοιιντ
