3994 5370
564 255 681 314 τάδε

1529 263 1584 320 S.
1622 263 1968 322 BRUNONIS
2006 261 2544 322 llERBlPOLENSlS
2579 263 2881 320 EPISCOPI

3732 259 3820 316 ιιι

575 374 784 434 nostra,
814 369 953 424 sicut
980 377 1032 424 ct
1077 384 1176 426 nos
1205 369 1526 428 dimittimus
1560 374 1894 430 debitoribus
1935 375 2152 430 nostris.
2186 377 2230 435 Α
2261 374 2422 443 cepit.
2463 375 2524 428 D.
2564 375 2702 442 Quid
2750 384 2868 443 post
2913 374 3068 429 haec?
3105 371 3172 428 Μ.
3202 373 3439 429 sub..illo
3482 372 3627 428 enim
3671 376 3821 427 cruci'

572 458 636 515 D.
669 459 805 526 Quid
837 461 890 515 in
923 462 1007 514 illa
1035 463 1374 517 sentiendum
1407 465 1530 519 est?
1568 465 1633 519 Μ.
1667 465 1962 522 Pret-anmr
1997 468 2158 521 etiam

559 557 632 602 ut
677 548 756 602 sic
797 548 1035 602 dimittat
1079 549 1234 605 nobis
1276 563 1496 620 peccata
1546 563 1748 622 nostra,
1793 557 1933 610 sicut
1970 564 2026 610 et
2063 571 2161 610 nos

571 638 900 694 dimittimus
925 639 1258 696 debitoribus
1289 643 1505 698 nostris.

560 747 596 799 7
714 744 783 800 Et
816 763 879 801 ne
909 764 1003 802 nos
1030 749 1250 804 inducas
1277 751 1330 804 in
1360 754 1716 808 teutationem.

645 838 708 891 D.
747 837 877 905 Qum
907 847 991 893 cst
1035 841 1228 894 sexta?
1264 840 1332 894 M.
1371 841 1436 895 Et
1464 858 1530 897 ne
1560 859 1658 898 nos
1687 845 1908 901 inducas
1955 847 2006 901 in
2039 854 2160 901 ten-

571 927 855 982 tationem.
889 927 950 982 D.
984 917 1266 995 Quomodo
1311 931 1412 986 hoc
1444 931 1795 1004 intelligitur?
1826 934 1894 988 Μ.
1923 935 2040 989 Non
2071 951 2162 1006 pe-

571 1019 739 1073 timus
769 1029 826 1073 ut
855 1035 960 1074 non
1005 1030 1294 1084 tentantur,
1329 1023 1453 1090 quia
1500 1025 1590 1093 qui
1625 1043 1729 1079 non
1777 1037 1860 1081 est
1897 1035 2160 1091 tentatus,

575 1125 681 1164 non
713 1120 796 1164 est
821 1113 1078 1180 probatus
1111 1111 1292 1183 (Rom.
1323 1115 1399 1182 v),
1430 1117 1521 1168 sed
1553 1131 1837 1184 precamur
1866 1133 1932 1170 ne
1957 1134 2054 1172 nos
2079 1119 2161 1172 in-

575 1201 738 1255 ducat
771 1203 823 1256 in
863 1204 1215 1258 tcutationcm
1238 1245 1250 1268 ,
1284 1220 1443 1274 quam
1489 1205 1715 1262 sull'erre
1759 1223 1861 1261 non
1896 1210 2162 1276 possimus

550 1289 627 1361 ~(l
655 1289 778 1346 Cor.
812 1291 894 1362 ιι),
925 1292 974 1346 id
1019 1303 1101 1348 est
1151 1309 1254 1348 non
1287 1294 1432 1348 sinat
1482 1311 1578 1348 nos
1614 1295 1663 1349 in
1715 1299 2009 1352 tentatione
2041 1315 2162 1368 pec-

548 1394 719 1435 "care.
771 1381 1028 1437 lnduccre
1075 1385 1219 1438 enim
1266 1384 1462 1439 dici.Ur
1504 1385 1683 1452 Deus,
1729 1403 1854 1442 cum
1900 1390 2159 1444 auxilium

565 1471 868 1525 subtrahit.

573 1563 608 1617 8
723 1562 826 1616 Sed
851 1563 1013 1617 libera
1042 1582 1135 1620 nos
1159 1583 1192 1619 α
1218 1566 1376 1621 malo.
1403 1567 1586 1622 Amen.

645 1651 708 1704 Ι).
751 1649 881 1718 Qua:
909 1664 993 1708 est
1027 1655 1292 1725 septima?
1323 1655 1391 1710 Μ.
1440 1657 1545 1712 Sed
1589 1657 1759 1714 libera
1795 1675 1892 1715 nos
1924 1677 1952 1715 a
1996 1661 2158 1716 malo.

575 1741 638 1795 D.
673 1741 952 1809 Quomodo
980 1757 1063 1801 est
1096 1747 1536 1818 intelligendum?
1564 1748 1632 1803 Μ.
1665 1749 1720 1805 id
1750 1760 1833 1806 est
1866 1769 1894 1806 a
1927 1754 2160 1820 diabolo,

577 1849 610 1887 a
655 1846 904 1904 peccato,
936 1846 991 1890 et
1033 1837 1100 1892 ab
1146 1839 1292 1893 omni
1329 1840 1472 1895 malo
1508 1849 1858 1897 tentameuto.
1901 1844 1960 1897 Ι).
1990 1847 2162 1899 Amen

559 1923 719 1992 quod
750 1925 802 1978 in
837 1925 944 1982 line
973 1937 1076 1993 est,
1107 1931 1376 1998 quomodo
1409 1932 1726 2002 intelligitur
1754 1935 1833 1988 vel
1874 1935 2027 2003 cujus
2059 1937 2164 1990 lin-

549 2032 694 2084 --ειιω
737 2019 974 2075 dicitur?
1023 2021 1089 2076 M.
1136 2025 1305 2080 Amen
1358 2024 1622 2080 llebraice
1663 2028 1881 2092 dicitur,
1929 2031 2072 2099 quod
2113 2030 2165 2084 in

548 2109 828 2165 «Latinum
865 2128 1099 2178 versum,
1130 2133 1242 2170 rere
1272 2126 1327 2172 et
1357 2118 1584 2185 ﬁdeliter
1613 2119 1951 2190 intellisitur.

895 2224 1272 2284 SYMBOLUM
1311 2230 1846 2288 APOSTULORUM.

581 2340 609 2392 1
704 2335 890 2395 "Credo
928 2340 980 2395 in
1015 2341 1176 2396 Deum
1209 2341 1422 2398 Patrem
1457 2347 1854 2416 omnipotente»:
1893 2364 1915 2400 ξ

724 2431 1024 2486 Creatorem
1052 2435 1166 2487 εωιί
1187 2446 1232 2488 et
1261 2446 1433 2490 terrte.

659 2522 722 2576 Ι).
764 2523 866 2578 ista
899 2526 1154 2596 suscipio,
1186 2527 1280 2581 sed
1313 2529 1590 2596 quoniam,
1617 2529 1755 2583 sicut
1787 2531 1948 2594 nosti,
1980 2543 2167 2584 omnes

587 2629 686 2668 nos
723 2630 818 2683 per
846 2615 1002 2670 tidem
1029 2616 1223 2670 salvari
1256 2617 1547 2682 credimus,
1574 2634 1704 2689 rogo
1731 2629 1787 2673 ut
1823 2621 1973 2674 dicas
2013 2619 2166 2683 mihi,

585 2706 857 2772 quomodo
887 2704 1045 2758 ﬁdem
1079 2716 1222 2759 tuam
1257 2707 1542 2776 intelligas,
1578 2709 1657 2762 vel
1706 2710 1868 2763 etiam
1913 2711 1964 2764 in
2008 2725 2166 2778 quem
2226 2753 2240 2765 .

583 2795 796 2852 credes.
830 2797 896 2850 Μ.
925 2798 1036 2867 Ego
1062 2799 1225 2853 credo
1267 2800 1317 2854 in
1352 2800 1541 2864 Deum,
1586 2801 1802 2856 Patrem
1831 2803 2169 2873 omnipoten-

580 2899 716 2953 tem,
746 2900 1042 2945 creatorem
1071 2891 1192 2946 caeli
1222 2902 1275 2946 et
1303 2901 1480 2946 terrae.
1518 2895 1576 2946 Ι).
1607 2895 1786 2961 Quare
1817 2895 2012 2949 dicitur
2045 2911 2166 2950 om-

586 2979 856 3048 nipotens,
889 2989 943 3034 et
972 2997 1144 3050 quare
1178 2983 1426 3036 creator?
1458 2981 1526 3035 Μ.
1555 2982 1910 3054 Omnipotens
1947 2971 2164 3053 dicitur,

2263 465 2400 518 tixus
2429 473 2532 529 est,
2563 473 2618 520 et
2646 464 2698 518 in
2726 463 2914 519 eadem
2955 480 3116 520 cruce
3147 474 3414 530 mortuus,
3444 465 3640 519 deinde
3664 464 3821 534 sepub

2264 563 2348 609 IIIS
2381 563 2482 610 εει.

2263 645 2296 700 5
2404 647 2676 705 Descendit
2705 651 2774 705 ad
2805 650 3009 720 inferna
3051 669 3064 705 :

2407 737 2582 793 Tertia
2611 741 2698 794 die
2728 745 3010 794 resurrexit
3044 757 3075 793 a
3106 741 3342 794 mortuis.

2333 829 2399 884 Et
2429 839 2680 886 manente
2718 846 2947 900 corpore
2981 831 3032 884 in
3073 831 3320 900 sepulcro
3346 871 3360 893 ,
3400 829 3580 883 anima
3625 826 3737 896 ejus
3772 827 3823 882 ad

2265 921 2474 976 inferna
2520 924 2822 980 descendit.
2873 927 2948 980 De
2994 941 3100 994 quo
3129 924 3341 980 inferno
3369 935 3590 978 sanctos
3619 923 3826 994 patriar—

2263 1014 2417 1078 cllas,
2447 1016 2676 1080 scilicet,
2708 1017 3012 1080 Abraham,
3041 1017 3190 1071 Isaac
3234 1026 3287 1071 et
3323 1015 3492 1070 Iacob
3536 1025 3592 1070 et
3635 1025 3827 1068 sanctos

2264 1105 2552 1173 prophetas
2602 1106 2817 1171 Isaiam,
2840 1104 3154 1168 Jeremiam,
3183 1116 3236 1159 et
3267 1107 3524 1175 reliquos,
3549 1115 3602 1158 et
3627 1114 3830 1159 ceteros

2261 1209 2451 1249 euntes
2473 1211 2607 1264 quos
2631 1195 2816 1266 elegit,
2843 1196 3266 1251 misericorditer
3295 1196 3567 1251 liberavit.
3595 1195 3663 1250 Et
3692 1194 3828 1248 tertia

2264 1283 2349 1338 die
2404 1285 2577 1338 victor
2630 1288 2945 1340 resurrexit.
2977 1285 3039 1339 D.
3069 1285 3362 1354 Postquam
3393 1284 3689 1340 resurrexit
3717 1285 3828 1352 quid

2261 1371 2429 1428 fecit?
2457 1373 2529 1428 M.
2565 1373 2691 1431 Post
2739 1375 3128 1430 nobilissimam
3181 1385 3236 1429 et
3282 1375 3681 1430 sanctissimam
3729 1373 3834 1442 ejus

2264 1469 2750 1534 resurrectionem,
2786 1479 3136 1523 conversatus
3167 1478 3249 1523 est
3275 1467 3632 1538 quadraginta
3660 1466 3830 1521 diebus

2264 1567 2310 1609 et
2358 1559 2708 1628 quadraginta
2759 1559 3006 1614 noctibus
3063 1576 3184 1612 cum
3236 1559 3514 1629 discipulis
3562 1558 3677 1612 suis
3724 1566 3828 1611 εει

2267 1648 2613 1703 manducavit
2644 1663 2766 1703 cum
2814 1648 2918 1702 illis
2939 1689 2954 1714 ,
2998 1647 3163 1702 multa
3207 1646 3409 1702 docens
3433 1657 3489 1702 ct
3527 1646 3744 1717 loquens
3775 1647 3834 1698 de

2196 1717 2236 1773 Β
2269 1751 2434 1806 regno
2465 1739 2555 1792 Dei
2585 1738 2724 1810 (Act.
2757 1740 2816 1810 ι).

2263 1846 2297 1900 6
2405 1847 2649 1902 Ascendit
2684 1849 2754 1902 ad
2787 1847 2938 1902 caelos
2975 1862 2995 1901 :
3145 1909 3147 1911 _

2407 1937 2562 1993 Sedet
2592 1940 2662 1993 ad
2689 1941 2955 1993 dexteram
2983 1939 3076 1994 Dei
3105 1938 3282 1993 Patris
3311 1941 3696 2007 omnipotentis.

2336 2028 2396 2082 Ι).
2428 2029 2563 2095 Quid
2597 2030 2818 2100 postea?
2845 2029 2914 2084 Μ.
2946 2029 3072 2085 Post
3098 2031 3210 2085 haec
3235 2045 3364 2086 vero
3390 2028 3692 2083 videntibus
3722 2029 3835 2092 illis,

2266 2117 2523 2172 Ascendit
2554 2118 2606 2172 in
2640 2119 2870 2183 ςωΙιιιιι,
2915 2120 3003 2173 ubi
3050 2121 3318 2189 quomodo
3361 2119 3476 2174 vult
3521 2128 3575 2173 et
3623 2119 3839 2190 qualiter

2266 2209 2400 2276 vult,
2435 2210 2586 2265 sedet
2614 2211 2680 2264 ad
2711 2211 2990 2266 dexteram
3023 2210 3201 2266 Patris
3229 2212 3642 2280 omnipotentis.

2269 2315 2300 2368 7
2414 2315 2546 2370 Inde
2576 2328 2819 2372 venturus
2847 2328 2922 2373 est
2949 2337 2968 2374 :
2998 2318 3251 2373 Judicare
3274 2319 3408 2372 vivos
3431 2329 3478 2372 et
3505 2330 3748 2372 mortuos.

2338 2410 2401 2464 D.
2441 2409 2579 2477 Quid
2611 2420 2733 2480 post
2763 2412 2878 2466 haec
2917 2411 3159 2466 facturus
3189 2411 3326 2465 erit?
3355 2410 3426 2464 Μ.
3454 2410 3637 2464 Finito
3670 2409 3837 2463 mundi

2267 2502 2525 2564 termino,
2574 2517 2696 2556 cum
2747 2503 2866 2573 ipso
2915 2518 3163 2572 corpore,
3196 2517 3317 2556 cum
3359 2517 3468 2570 quo
3513 2502 3747 2556 ascendit
3793 2502 3838 2553 in

2269 2592 2488 2658 ccelum,
2515 2603 2778 2650 venturus
2805 2604 2883 2650 est
2921 2593 3168 2662 judicare
3203 2595 3354 2648 vivos
3393 2601 3447 2647 et
3483 2601 3742 2647 mortuos.
3780 2591 3837 2643 Ι).

2271 2683 2407 2749 Quid
2443 2694 2568 2738 sunt
2596 2687 2698 2739 vivi
2737 2694 2792 2740 et
2835 2686 2962 2756 quid
2994 2693 3120 2740 sunt
3148 2684 3386 2740 mortui?
3413 2683 3484 2738 M.
3519 2684 3651 2750 vivi,
3679 2683 3837 2754 justi;

2271 2772 2489 2838 mortui,
2520 2784 2854 2844 peccatores.

2268 2883 2302 2940 8
2410 2884 2576 2938 Credo
2608 2886 2660 2939 in
2689 2885 2946 2956 Spiritum
2973 2896 3232 2940 sanctum.

2415 2974 2660 3030 Sanctam
2689 2976 2974 3032 Ecct'esiam
3001 2978 3330 3030 catholicam.

576 3070 715 3138 quia
767 3071 947 3124 omnia
997 3080 1174 3140 potest
1223 3087 1554 3141 quaecunque
1596 3074 1746 3139 vult;
1781 3085 2048 3141 creator,
2101 3092 2168 3131 eo

2343 3066 2406 3122 D.
2445 3068 2633 3123 Credis
2677 3069 2728 3122 in
2775 3069 3035 3136 Spiritum
3081 3067 3373 3124 sanctum?
3410 3066 3480 3120 Μ.
3517 3065 3699 3121 "Credo
3739 3067 3842 3120 sine

589 3159 734 3227 quod
780 3161 960 3215 omnia
1003 3163 1247 3230 creavit,
1300 3162 1496 3217 ccelum
1546 3174 1601 3219 et
1649 3173 1888 3233 terram,
1933 3183 2082 3222 mare
2117 3178 2174 3223 et

585 3250 794 3303 omnia.

584 3339 619 3392 2
735 3339 796 3392 Et
822 3339 875 3393 in
899 3339 1080 3395 Iesum
1113 3341 1374 3396 Christum
1398 3339 1600 3398 Filium
1629 3361 1741 3414 ejus
1768 3347 1976 3400 unicum
2009 3359 2028 3400 :

656 3441 664 3449 '
730 3427 1014 3484 Dominum
1054 3442 1310 3487 nostrum.

664 3518 726 3572 D.
765 3520 955 3576 Credis
985 3521 1036 3575 in
1067 3521 1248 3577 .lesum
1276 3523 1592 3578 Christum?
1635 3524 1704 3578 Μ.
1737 3523 1970 3580 Omnino
2011 3527 2174 3581 credo

573 3615 644 3667 ‘in
677 3612 858 3667 .lesum
889 3613 1165 3670 Christum
1208 3616 1399 3671 Filium
1430 3616 1546 3686 ejus
1591 3619 1844 3684 unicum,
1887 3620 2172 3674 Dominum

591 3714 869 3769 nostrum,
903 3707 1108 3774 quiest
1151 3723 1314 3762 verus
1363 3709 1504 3763 Deus
1551 3719 1609 3764 et
1657 3725 1818 3765 verus
1870 3713 2051 3765 homo.
2110 3712 2170 3764 Ι).

575 3795 872 3861 Quomodo
902 3796 1061 3862 Deus,
1092 3807 1148 3851 et
1189 3801 1460 3867 quomodo
1487 3815 1646 3855 verus
1687 3802 1892 3856 homo?
1931 3803 2001 3858 Μ.
2035 3804 2176 3858 Deus

579 3899 754 3942 verus
799 3889 1093 3958 cst,‘quia
1140 3889 1206 3944 de
1252 3889 1458 3959 Spiritu
1502 3902 1688 3946 sancto
1734 3902 2027 3962 conceptus
2067 3903 2172 3960 est,

575 3972 755 4026 homo
785 3986 964 4038 verus,
996 3974 1119 4042 quia
1147 3989 1212 4030 ex
1245 3974 1412 4029 Maria
1441 3975 1646 4046 virgine
1676 3987 1834 4033 natus
1861 3987 1960 4034 est.

583 4081 624 4134 3
735 4083 839 4148 Qui
860 4095 1135 4154 conceptus
1159 4095 1235 4140 est
1264 4086 1328 4140 de
1362 4084 1559 4156 Spiritu
1590 4097 1770 4142 sancto
1802 4101 1823 4142 :

736 4175 911 4230 Natus
947 4194 1012 4231 ea:
1043 4177 1218 4231 Maria
1246 4179 1460 4249 virgine.

666 4270 730 4324 Ι).
773 4271 910 4328 Ecce
947 4274 1094 4328 illum
1139 4283 1346 4329 natum.
1395 4276 1531 4342 Quid
1569 4286 1756 4347 postea
1810 4278 2010 4334 factum
2046 4279 2178 4334 est?

577 4361 666 4416 ΓΜ.
699 4364 826 4418 Post
851 4377 1097 4420 sanctam
1128 4367 1271 4420 enim
1307 4368 1423 4438 ejus
1459 4369 1796 4425 nativitatem
1823 4380 1982 4425 attate
2007 4381 2062 4426 et
2090 4387 2178 4426 sa-

2275 3153 2440 3214 tiabio
2487 3161 2539 3214 in
2594 3159 2851 3230 Spiritum
2900 3168 3164 3213 sanctum.
3205 3159 3264 3212 D.
3292 3158 3428 3224 Quid
3459 3159 3579 3214 est?
3615 3158 3682 3211 Μ.
3719 3157 3842 3210 Deus

2276 3259 2360 3304 est
2393 3259 2447 3304 et
2478 3251 2527 3304 in
2561 3249 2824 3306 Trinitate
2856 3251 3010 3304 tertia
3039 3266 3290 3319 persona,
3321 3252 3445 3319 quia
3476 3250 3580 3304 alia
3604 3261 3693 3304 est
3729 3265 3840 3317 pcr-

2278 3358 2407 3398 sona
2457 3343 2654 3408 Patris,
2700 3343 2802 3396 alia
2840 3343 2998 3407 Filii,
3027 3343 3130 3396 alia
3179 3341 3412 3412 Spiritus
3441 3341 3637 3395 sancti.
3666 3340 3722 3394 in
3748 3354 3840 3408 qua

2280 3434 2548 3489 Trinitate
2580 3450 2742 3488 unum
2773 3433 2941 3488 Deum
2981 3433 3202 3488 onmino
3230 3448 3348 3487 esse
3392 3429 3558 3486 cr'edo
3591 3443 3650 3486 et
3693 3431 3842 3484 contio

2279 3537 2414 3582 tcor.
2446 3529 2504 3582 Ι).
2537 3529 2724 3582 Credis
2751 3529 2801 3581 in
2833 3536 3074 3582 sanctam
3108 3527 3402 3582 Ecclesium
3432 3525 3771 3582 catholicam.
3796 3531 3843 3574 et

2277 3635 2303 3674 s
2331 3630 2589 3674 .nctornm
2615 3618 3083 3671 communionem?
3113 3616 3180 3669 Μ.
3208 3617 3379 3670 Credo
3401 3625 3644 3670 sanctam
3675 3613 3843 3666 Eccle-

2277 3713 2444 3775 siam,
2477 3710 2568 3763 sed
2601 3725 2704 3763 non
2742 3709 2794 3762 in
2843 3709 2988 3762 illam
3037 3708 3220 3770 credo,
3267 3709 3392 3776 quia
3425 3724 3530 3761 non
3565 3707 3728 3768 Deus,
3762 3703 3842 3758 sed

2279 3804 2596 3858 convocatio
2623 3802 2703 3858 vel
2730 3803 3078 3872 congregatio
3097 3801 3533 3856 Chrisrianorum
3573 3810 3629 3852 et
3667 3799 3842 3851 domus

2281 3893 2374 3948 Dei
2411 3902 2515 3948 est.
2561 3893 2620 3947 D.
2650 3893 2888 3948 Ecclesia
2917 3909 3020 3962 qua
3053 3892 3232 3963 lingua
3264 3891 3500 3946 dicitur?
3536 3889 3608 3944 Μ.
3645 3889 3840 3944 Gneca.

2278 3983 2342 4038 D.
2369 3983 2508 4051 Quid
2543 3985 2932 4054 interpretatur
2959 3983 3168 4038 Latine.
3196 3983 3264 4036 M.
3290 3983 3590 4037 conrocatio
3619 3997 3711 4036 seu
3735 3996 3842 4033 con-

2277 4076 2508 4146 gregatio
2536 4075 2990 4138 Christianorum,
3017 4073 3160 4129 sicut
3189 4073 3438 4142 superius
3469 4071 3600 4126 dixi.
3634 4069 3696 4124 D.
3720 4065 3841 4134 Quid

2278 4176 2362 4222 est
2391 4167 2696 4221 catholica?
2729 4165 2798 4219 Μ.
2834 4164 3197 4230 Universalis,
3234 4164 3288 4218 id
3331 4171 3413 4216 cst
3445 4177 3542 4232 per
3573 4170 3742 4216 totum
3768 4175 3843 4211 ur-

2278 4261 2400 4316 bem
2432 4261 2642 4316 diffusa.

2423 4351 2733 4408 Sanctorum
2768 4352 3200 4406 communionem.

576 4454 796 4522 fidentia
831 4471 1120 4522 crescens,
1149 4459 1369 4528 triginta
1399 4475 1567 4514 annos
1607 4461 1847 4530 implevit
1889 4462 2038 4531 (Luc.
2067 4462 2169 4534 ιιι).

2351 4447 2671 4501 Sanctorum
2719 4461 2934 4515 quoque
2980 4443 3414 4499 communionem
3441 4481 3457 4505 ,
3510 4439 3562 4494 id
3613 4447 3699 4491 est
3735 4451 3839 4490 cum

581 4545 651 4599 .ln
681 4561 784 4615 qua
812 4546 974 4600 etiam
1021 4557 1180 4601 aetate
1211 4565 1238 4602 a
1268 4548 1478 4603 Joanne
1513 4549 1754 4619 Baptista
1801 4552 2052 4620 dignatus
2094 4563 2176 4608 est

581 4635 878 4707 baptizari,
910 4646 966 4693 ct
1007 4647 1130 4708 post
1173 4640 1497 4709 baptismum
1535 4643 1706 4696 tribus
1739 4643 1894 4696 annis
1921 4654 1976 4698 ct
2013 4645 2175 4698 dimi-

585 4731 684 4784 .dio
711 4731 910 4786 docuit.
937 4731 1006 4786 Et
1032 4731 1343 4801 przedicavit
1361 4733 1552 4786 onmia
1575 4748 1695 4803 qua:
1722 4733 1788 4788 ad
1819 4734 1986 4788 vitam
2017 4745 2174 4790 mter-

593 4839 720 4876 nam
752 4825 1043 4890 pertinent.

589 4912 626 4966 ἧ
741 4913 936 4970 Passus
959 4919 1055 4972 sub
1081 4916 1270 4972 Pontio
1297 4917 1470 4972 Pilato
1511 4936 1524 4972 :

736 5006 1056 5079 Cruci/imus,
1095 5023 1329 5066 mortuus
1359 5023 1407 5066 et
1435 5013 1688 5082 sepultus.

668 5097 728 5151 D.
769 5097 898 5154 Post
931 5103 1069 5156 hanc
1099 5103 1533 5172 praedicationem
1564 5103 1688 5172 quid
1723 5100 1923 5156 factum
1947 5102 2068 5156 est?
2106 5100 2174 5154 Μ.

595 5188 651 5240 1;ι
704 5191 816 5259 ipsa
870 5195 1254 5262 praedicatione
1301 5185 1723 5264 comprehensus
1771 5205 1853 5247 est
1906 5210 1934 5246 a
1980 5193 2179 5248 Judmis

597 5277 796 5347 iniquis
817 5291 869 5334 et
898 5283 1134 5350 perﬁdis,
1159 5299 1187 5336 a
1218 5285 1413 5353 quibus
1435 5293 1651 5354 propter
1675 5284 1925 5336 invidiam
1960 5283 2174 5336 illorum

2279 4537 2478 4592 sanctis
2533 4535 2848 4590 societatem
2906 4544 2962 4588 et
3006 4533 3451 4588 communionem
3511 4545 3598 4583 me
3662 4526 3843 4581 habere

2279 4625 2472 4690 credo,
2507 4624 2550 4679 si
2580 4625 2738 4678 [idem
2768 4623 2995 4678 ﬁrmiter
3026 4632 3249 4676 tenuero
3287 4629 3344 4675 et
3383 4617 3637 4690 operibus
3678 4629 3843 4670 serva-

2281 4733 2341 4770 γε)
2349 4733 2428 4770 1⁷0.

2280 4812 2313 4866 9
2425 4809 2797 4864 "emissionem
2826 4817 3175 4878 peccatorum.

2351 4900 2412 4952 D.
2450 4899 2638 4954 Credis
2678 4899 2728 4952 in
2779 4897 3153 4952 remissionem
3191 4891 3575 4964 peccatorum?
3611 4887 3680 4943 Μ.
3719 4885 3838 4945 Non.

2279 4990 2371 5043 sed
2399 5003 2518 5042 esse
2548 4988 2915 5042 remissionem
2953 4995 3297 5054 peccatorum
3337 4984 3524 5044 credo,
3554 4983 3680 5050 quia
3729 4991 3839 5046 pro-

2275 5092 2398 5148 pter
2428 5079 2528 5132 hoc
2557 5079 2806 5148 dignatus
2849 5087 2929 5130 est
2963 5077 3054 5130 Dei
3106 5075 3272 5130 Filius
3311 5089 3528 5129 carnem
3559 5079 3837 5125 assumere.

2278 5179 2341 5224 ut
2373 5184 2469 5222 nos
2495 5169 2584 5236 qui
2617 5177 2832 5236 propter
2859 5176 3076 5234 peccata
3108 5175 3292 5218 nostra
3322 5164 3450 5218 salvi
3478 5177 3602 5216 esse
3632 5176 3730 5214 non
3756 5172 3839 5225 po-

2283 5269 2540 5322 teramus,
2571 5255 2686 5322 ejns
2717 5257 3080 5311 misericordia
3110 5256 3460 5310 salvaremur.
