3994 5370
116 360 216 415 561

120 568 477 623 reddituram.

121 679 181 733 ll
259 678 330 733 Et
370 680 534 734 vitam
577 686 853 735 teternam.
888 680 1075 737 Amen.

189 771 373 828 Vitam
404 782 667 827 aeternam
698 788 827 830 vero
855 774 975 830 sine
1002 774 1166 830 dubio
1198 790 1298 830 nos
1326 784 1714 830 consecuturos

119 861 405 917 credimus
427 880 444 915 :
476 863 522 917 si
556 862 659 917 ista
687 878 808 933 qua:
838 864 1118 935 hucusque
1146 866 1515 936 exposuimus,
1541 865 1715 921 tinni-

123 964 204 1009 ter
228 963 514 1009 teneamus
547 963 603 1011 et
630 955 888 1025 operibus
917 956 1256 1027 impleamus.

427 1085 707 1143 LAUDES
743 1086 921 1145 POST
959 1086 1410 1147 NOCTURNUML

123 1206 346 1257 Ιιιιιιως
379 1216 524 1265 ουειι
564 1216 800 1257 δικοτιῖε
831 1218 1128 1260 AMBROSIUS
1164 1219 1234 1260 ET
1270 1218 1505 1260 SANC'I'US
1542 1219 1714 1263 ηαυ-

472 1309 661 1350 STINDS
709 1310 925 1350 “NICEI
959 1310 1331 1353 CONDIDERUNT

509 1404 790 1478 (Sequitur
821 1417 993 1463 textus
1028 1408 1104 1464 Tt:
1140 1410 1342 1481 DEUI.)

227 1517 429 1575 FlDES
485 1517 872 1576 CATIIOLICA
932 1520 1181 1578 SANC'II
1236 1521 1631 1583 ATHANASIL

764 1612 1092 1670 EPISCOPI.

127 1726 167 1781 t
266 1725 581 1797 Quicunque
618 1724 725 1780 rult
763 1725 939 1781 salvus
978 1744 1088 1782 esse
1120 1746 1155 1787 ι,

267 1816 403 1871 Ante
432 1818 770 1887 omnia'opus
798 1828 874 1873 est
913 1828 968 1873 ut
1007 1828 1177 1874 teneat
1205 1820 1517 1876 catholicam
1538 1820 1716 1892 ﬁdem.
1752 1847 1796 1906 ι)

197 1923 297 1981 llic
338 1926 533 1980 beatus
559 1924 890 1982 Athanasius
919 1927 1151 1984 liberum
1193 1929 1476 1986 arbitrium
1522 1932 1722 2003 posuit,

129 2018 271 2073 sicut
301 2019 434 2075 dicit
464 2021 518 2074 in
547 2020 753 2091 psalmo
779 2036 794 2075 :
827 2020 957 2090 Quis
990 2034 1076 2079 est
1104 2025 1387 2095 homo—qui
1414 2024 1527 2080 vult
1555 2026 1723 2080 vitam

130 2109 304 2183 (κρίσι.
338 2112 558 2183 sunt),
602 2122 659 2167 et
697 2112 891 2169 iterum
941 2115 994 2169 in
1032 2114 1320 2188 Erangebo
1360 2117 1477 2187 ipsa
1512 2118 1727 2172 Veritas

127 2202 263 2259 dicit
296 2223 310 2259 ε
342 2204 446 2273 Qui
477 2204 588 2259 vult
620 2214 742 2274 post
781 2222 867 2262 me
896 2207 1083 2263 venire
1111 2208 1328 2278 (Matth.
1351 2210 1487 2277 ιιι).
1520 2209 1725 2265 Simili-

129 2305 214 2350 ter
236 2305 296 2351 et
337 2297 449 2353 hic.
480 2298 803 2370 Quicunque
845 2299 962 2355 vult
1005 2300 1188 2357 salvus
1228 2316 1370 2357 esse.
1414 2300 1530 2356 Non
1573 2301 1723 2368 dicit,

129 2387 262 2441 velis
288 2397 384 2443 aut
425 2406 558 2454 non,
595 2389 779 2445 salvus
804 2390 1060 2457 cris,.sed
1091 2392 1402 2462 quicunque
1431 2392 1563 2457 vult,
1599 2392 1725 2463 quia

131 2479 275 2534 Deus
319 2480 668 2551 omnipotens
705 2481 910 2537 nullum
953 2482 1225 2537 hominem
1258 2484 1484 2539 invitum
1513 2492 1605 2537 aut
1634 2499 1727 2539 co-

131 2578 312 2623 actum
357 2568 523 2622 trahit
562 2570 629 2624 ad
682 2569 863 2625 ﬁdem.
917 2569 1024 2627 Sed
1067 2573 1377 2642 quicunque
1408 2571 1521 2627 vult
1548 2571 1729 2627 salvus

131 2660 466 2715 :eternaliter
486 2675 607 2717 esse
643 2663 697 2718 in
725 2679 956 2733 corpore
983 2663 1065 2718 v.l
1104 2666 1156 2718 in
1189 2664 1371 2718 anima
1389 2704 1404 2727 ,
1433 2663 1729 2720 necessitas

132 2748 207 2803 illi
245 2758 332 2804 est
368 2759 427 2804 ut
458 2759 641 2807 teneat
666 2753 990 2809 catbclicam
1030 2753 1208 2809 ﬁdem.
1237 2752 1373 2820 Quia
1415 2764 1542 2808 ante
1568 2767 1729 2809 omne

132 2856 269 2911 opus
307 2858 530 2900 necesse
579 2852 661 2900 est
705 2853 766 2901 ut
808 2845 944 2901 lides
988 2846 1291 2917 praecedat;
1344 2852 1471 2901 ante
1512 2860 1727 2901 omnem

133 2933 528 3001 operationem,
562 2944 689 2991 ante
718 2950 935 2992 omnem
972 2936 1395 3002 inchoationem,
1422 2945 1547 2990 ante
1572 2951 1732 2992 omne

134 3026 465 3096 principium
494 3028 787 3099 unicuique
824 3044 961 3099 opus
989 3039 1071 3083 est
1101 3036 1158 3083 ut
1189 3036 1371 3083 teneat
1410 3026 1729 3083 catholicam

135 3120 297 3174 tidem
320 3161 335 3184 ,
368 3121 584 3177 dicente
612 3122 869 3191 Apostolo
898 3137 914 3176 :
949 3121 1078 3177 Sine
1123 3121 1228 3177 lide
1272 3120 1606 3191 impossibile
1647 3128 1732 3176 est

975 357 1332 416 count-2m.
1368 360 1436 416 IN
1473 360 1877 417 ORATIONEM
1917 336 2322 430 uenustam,
2364 362 2518 419 me.

120 478 223 531 lem
260 475 451 538 credo,
480 482 537 530 et
568 486 666 544 pro
696 472 972 529 consortio
994 471 1132 543 ejus,
1163 475 1400 529 animam
1443 474 1707 533 rationem
1737 479 1786 540 Α
1814 477 1847 531 3

3287 361 3394 421 56!

1956 475 2118 532 Fides
2146 489 2323 531 autem.
2349 478 2605 532 catholica
2626 477 2737 532 lure
2759 487 2834 531 est
2856 490 2879 529 ξ

1962 565 2027 622 L’t
2053 584 2212 622 unum
2245 568 2406 622 Deum
2438 569 2491 624 in
2518 569 2751 623 trinitate
2770 610 2784 635 ,
2809 580 2857 622 et
2885 568 3170 624 trinitatem
3197 570 3249 625 in
3281 571 3397 627 uni-

2025 668 2131 711 tate
2169 674 2435 712 reneremu
2446 674 2489 712 Γ.

1887 748 2040 804 Nune
2069 747 2377 802 manifestat
2402 747 2529 819 quid
2559 757 2641 805 est
2672 749 2825 815 ﬁdes,
2849 748 2933 805 rel
2968 749 3204 821 qualiter
3234 766 3419 807 unne-

1817 839 2047 910 quisque
2073 854 2193 894 eam
2225 838 2448 893 credere
2475 838 2685 895 debeat.
2712 837 2778 894 Ut
2812 856 2979 895 unum
3012 841 3179 896 Deum
3216 842 3273 897 in
3307 843 3422 897 lt‘ir

1818 932 1989 986 nitate
2009 939 2066 986 et
2092 930 2389 985 trinitatem
2424 931 2476 985 in
2506 933 2715 988 unitate
2744 948 3085 997 veneremur,
3117 933 3170 988 id
3199 943 3282 988 est
3308 933 3404 989 de-

1818 1021 2010 1077 bemus
2046 1022 2271 1078 credere
2303 1022 2501 1077 lrinum
2524 1031 2579 1077 et
2607 1039 2804 1089 unum;
2857 1039 3022 1078 unum
3062 1024 3114 1078 in
3155 1010 3406 1080 substan-

1820 1113 1918 1179 tia,
1953 1113 2261 1185 trinumque
2298 1114 2350 1170 in
2381 1116 2664 1186 personis;
2701 1131 2800 1173 nec
2840 1127 3060 1187 propter
3101 1117 3401 1185 trinitatem

1819 1204 2077 1262 debemus
2106 1205 2379 1261 dimittere
2409 1206 2695 1272 unitatem,
2726 1221 2826 1262 nec
2864 1218 3100 1278 prapter
3144 1208 3401 1263 unitatem

1820 1295 2079 1350 debemus
2106 1296 2381 1352 dimittere
2423 1297 2742 1351 trinitatem.
2784 1297 2856 1354 Ut
2888 1298 3061 1369 ipsum
3087 1312 3244 1367 quem
3274 1297 3408 1352 coli-

1822 1403 1974 1453 mus,
2004 1403 2169 1443 unum
2211 1402 2531 1443 veneremur
2572 1399 2626 1445 et
2670 1382 2909 1453 trinum;
2967 1405 3134 1444 unutn
3187 1401 3409 1461 propter

1824 1478 2085 1533 unitatem
2130 1479 2480 1545 substantiae;
2542 1480 2743 1534 trinum
2798 1488 3020 1550 propter
3047 1495 3408 1551 personarum

1822 1566 2105 1636 vocabula,
2134 1583 2479 1634 veneremur,
2515 1567 2567 1624 id
2594 1578 2679 1625 est
2720 1569 3009 1627 adoremus
3060 1580 3221 1640 atque
3271 1568 3429 1627 cola~

1824 1676 1875 1715 Ill
1883 1676 1962 1715 llS.

1823 1752 1859 1807 4
1966 1752 2150 1825 Neque
2178 1754 2554 1825 confundentes
2583 1774 2833 1826 personas
2866 1776 2885 1813 :
2910 1788 2919 1793 -

1966 1841 2151 1916 Neque
2179 1845 2525 1901 substantiam
2551 1862 2872 1917 separarum.

1897 1933 2238 1990 Conlundere
2289 1945 2373 1993 est
2420 1939 2791 2007 commiscere,
2840 1940 2967 2012 quia
2997 1955 3107 1995 non
3149 1939 3425 1995 debemus

1827 2034 2035 2080 tantum
2070 2042 2230 2082 unam
2257 2042 2541 2098 personam
2571 2032 2813 2098 credere,
2843 2032 2985 2087 sicut
3010 2031 3277 2088 Sabellins
3300 2032 3417 2085 ha}-
3456 2074 3459 2075 ν

1829 2118 2030 2173 reticus
2060 2134 2163 2174 ass
2187 2121 2359 2186 rebat,
2390 2123 2485 2177 sed
2517 2131 2649 2190 tres,
2673 2124 2725 2178 id
2759 2133 2841 2179 est
2869 2125 3087 2180 Patrem
3129 2134 3183 2180 et
3213 2123 3423 2179 Filium
3464 2166 3467 2171 γ

1826 2216 1882 2262 et
1934 2206 2196 2277 Spiritum
2253 2220 2536 2278 sanctum,
2567 2229 2665 2268 nec
2708 2215 3067 2269 substantiam
3116 2229 3370 2284 separare
3399 2226 3464 2271 ζ

1827 2305 1885 2351 ιιι
1913 2296 2077 2352 Arius
2111 2297 2401 2354 hmrcticus
2428 2305 2741 2368 asserebat;
2805 2302 3021 2359 diccbat
3076 2303 3242 2366 enim,
3271 2302 3416 2371 quod

1826 2385 1967 2439 sicut
1992 2393 2148 2441 erant
2176 2395 2285 2442 tres
2310 2402 2575 2456 persona},
2595 2389 2669 2443 ita
2691 2389 3055 2460 fuissenttres
3076 2390 3417 2445 substantias.

1830 2475 2046 2532 Patrem
2095 2479 2375 2534 asserebat
2415 2477 2676 2548 majorem
2729 2481 2890 2547 Filio,
2920 2480 3117 2537 Filium
3150 2481 3429 2536 minorem.

1829 2571 2017 2637 Patre,
2043 2572 2303 2643 Spiritum
2333 2583 2576 2629 sanctum
2614 2576 2920 2631 ministrum
2950 2590 3134 2631 corunt
3179 2574 3421 2630 diccbat.

1830 2663 2144 2719 Subslantia
2180 2665 2399 2730 dicitur,
2424 2681 2490 2721 co
2517 2667 2657 2737 quod
2689 2682 2752 2721 ex
2798 2652 3086 2737 semetipsa
3138 2664 3430 2730 subsistit;

1830 2756 2131 2812 substantia
2163 2772 2294 2812 VCI‘O
2321 2774 2609 2813 commune
2630 2768 2715 2813 εει
2740 2774 2935 2814 nomen
2966 2753 3208 2815 omnium
3240 2772 3427 2813 rerum

1831 2861 1952 2916 qum
1979 2854 2124 2908 sunt,
2150 2846 2368 2911 cmlum,
2399 2847 2501 2913 sol,
2522 2847 2670 2914 luna,
2698 2858 2867 2914 terra,
2890 2849 3143 2915 arbores;
3174 2848 3427 2903 homines

1832 2935 1997 2989 etiam
2027 2935 2347 2991 substantia:
2378 2938 2654 2993 dicuntur.
2709 2939 2852 2993 Deus
2901 2938 3067 3010 igitur
3115 2938 3422 2993 substantia

1830 3034 1935 3090 est,
1964 3035 2020 3081 et
2049 3042 2257 3082 summa
2285 3028 2612 3094 substantia,
2640 3038 2696 3085 et
2734 3030 2907 3100 prima
2937 3038 2990 3085 et
3018 3031 3259 3086 omnium
3290 3028 3429 3083 θυι»-

1834 3115 2159 3170 stantiarum
2189 3119 2525 3189 causa,qnia
2556 3119 2798 3174 omnium
2848 3136 3027 3174 rerum
3076 3130 3290 3175 creator
3342 3129 3429 3174 est

136 3208 353 3279 placere
380 3211 488 3266 Deo
512 3211 701 3282 (Hebr.
729 3216 829 3284 χι),
857 3211 1008 3269 Unde
1036 3211 1289 3268 llabacuc
1315 3212 1576 3284 propheta
1606 3211 1684 3266 ait
1714 3228 1727 3266 ς
1758 3194 1803 3259 C
1837 3207 2034 3277 (Exod.
2065 3208 2169 3279 111).
2212 3209 2463 3264 Esscntia
2511 3210 2675 3280 igitur
2712 3212 2927 3281 proprie
2973 3210 3039 3265 de
3067 3210 3176 3265 Deo
3207 3210 3436 3273 dicitur.

134 3296 324 3354 Justus
369 3312 552 3357 autem
600 3317 668 3357 ex
721 3302 828 3359 fide
854 3303 988 3358 vivit
1023 3301 1255 3373 (Habar.
1288 3303 1381 3371 ιι).
1424 3302 1729 3369 Catholica,

135 3387 361 3446 Graecus
403 3406 586 3447 sermo
626 3402 749 3458 est,
796 3391 991 3449 Latine
1036 3382 1430 3463 interpretatur
1475 3391 1733 3464 generalis

136 3481 253 3541 sive
283 3484 626 3549 anirersalis;
657 3485 952 3554 generalis,
983 3485 1218 3554 pertinet
1244 3484 1312 3539 ad
1338 3499 1529 3540 omnes
1563 3484 1735 3539 homi-

138 3585 268 3636 nes;
302 3573 647 3638 universalis,
672 3574 809 3643 quia
829 3589 928 3645 per
956 3574 1273 3631 universum
1302 3574 1490 3630 orbem
1520 3583 1604 3629 est
1634 3573 1737 3629 dif-

139 3661 283 3723 fusa.
327 3664 492 3719 Fides
540 3666 833 3722 credulitas
876 3675 952 3721 est
1013 3683 1159 3739 qua,
1215 3666 1425 3722 scilicet
1469 3666 1738 3722 veraciter

140 3756 439 3819 credimus,
470 3757 522 3811 id
550 3757 692 3828 quod
720 3773 1063 3830 nequaquam
1088 3758 1272 3825 videre
1293 3757 1554 3813 valemus.
1584 3756 1739 3815 Unde

142 3848 433 3918 Apostolus
478 3850 557 3904 ait
599 3868 612 3904 :
660 3850 821 3909 Fides
866 3860 950 3905 est
996 3851 1385 3922 sperandamm
1434 3849 1737 3907 substantia

147 3949 327 3994 rerum
352 3981 368 4003 ,
420 3950 800 4012 argumentum
850 3956 956 3997 non
1004 3941 1380 4013 apparentium
1417 3939 1604 4011 (Hebr.
1635 3940 1737 4013 XI).

146 4031 354 4087 Dicitur
379 4048 613 4103 namque
636 4033 874 4100 lides,eo
890 4038 1033 4106 quod
1061 4038 1118 4089 lit
1148 4036 1291 4091 inter
1307 4035 1475 4090 Deum
1493 4042 1548 4090 et
1569 4035 1741 4090 homi-

146 4137 261 4179 nes.
310 4123 476 4180 Istam
523 4126 735 4195 ﬁdem,
775 4128 933 4183 istam
966 4127 1342 4183 credulitatem
1388 4137 1514 4183 ante
1559 4129 1741 4185 omnia

146 4232 283 4287 opus
306 4226 394 4273 est
424 4218 627 4275 habere
660 4219 836 4283 nobis,
872 4220 998 4289 quia
1045 4219 1181 4275 ﬁdes
1207 4219 1622 4274 fundamentum
1660 4227 1745 4275 est

147 4308 388 4363 omnium
412 4309 697 4375 virtutum,
740 4321 797 4366 et
840 4310 962 4366 ideo
996 4310 1148 4381 prius
1188 4310 1522 4366 aedificamus
1558 4310 1740 4375 ﬁdem,

149 4414 271 4469 qua:
297 4412 382 4456 est
411 4402 842 4469 fundamentum,
871 4414 927 4460 et
963 4421 1127 4476 super
1167 4420 1287 4461 eam
1326 4414 1550 4461 ca'teras
1575 4405 1745 4461 virtu-

155 4502 257 4555 tes,
282 4492 409 4562 quia
439 4494 558 4548 sine
587 4496 692 4550 tide
718 4494 897 4550 utullus
927 4496 1111 4551 salvus
1143 4510 1265 4551 esse
1302 4505 1499 4565 potest.
1538 4496 1745 4551 Dirilttt'

1835 3313 1957 3367 quae
1978 3313 2193 3369 semper
2217 3306 2301 3355 est
2329 3300 2474 3371 quod
2504 3308 2586 3355 est
2606 3341 2621 3366 ,
2654 3301 2785 3372 quia
2839 3299 3298 3357 incommutabilis
3344 3309 3485 3361 est-

1836 3388 1980 3461 (Jac.
2013 3390 2075 3459 l).

1842 3480 1877 3535 5
1981 3480 2104 3534 Alia
2132 3491 2207 3536 est
2229 3482 2367 3538 enim
2396 3499 2619 3553 persona
2645 3482 2825 3538 Patris
2852 3501 2893 3539 :-

1980 3572 2098 3626 Alia
2126 3569 2272 3638 Filii,
2305 3573 2413 3627 alia
2442 3573 2672 3644 Spiritus
2693 3575 2881 3629 sancti.

1911 3663 2012 3740 llic
2044 3672 2233 3719 contra
2264 3664 2563 3719 Sabellium
2610 3673 2735 3719 sunt
2773 3680 3015 3734 persome
3054 3664 3260 3733 dirism,
3290 3679 3435 3735 quas-

1840 3758 2038 3813 asscrit
2063 3773 2185 3813 esse
2211 3774 2403 3827 unam,
2420 3759 2544 3828 quia
2575 3758 2738 3812 Pater
2760 3758 2812 3811 in
2841 3774 2935 3812 sua
2960 3773 3188 3828 persona
3213 3773 3317 3813 non
3344 3767 3433 3813 est

1841 3851 2028 3914 Filius.
2052 3852 2144 3907 sed
2183 3862 2390 3907 tantum
2420 3851 2610 3916 Pater;
2661 3866 2763 3907 nec
2789 3850 2958 3905 Filius
2988 3851 3040 3905 in
3072 3865 3166 3905 sua
3196 3865 3429 3919 persona

1842 3954 1922 4000 est
1956 3943 2136 4009 Pater,
2167 3944 2260 3998 sed
2288 3952 2497 3998 tantum
2532 3942 2723 4006 Filius,
2747 3953 2799 3997 et
2830 3942 3065 4012 Spiritus
3106 3950 3330 3996 sanctus
3374 3941 3427 3994 in

1843 4050 1939 4089 sua
1991 4049 2222 4104 persona
2268 4049 2372 4089 non
2420 4043 2504 4090 est
2538 4034 2721 4100 Pater,
2748 4048 2845 4088 nec
2871 4033 3059 4095 Filius.
3088 4031 3184 4086 sed
3217 4040 3433 4087 tantum

1845 4124 2084 4196 Spiritus
2132 4133 2379 4190 sanctus,
2426 4140 2493 4179 ex
2536 4134 2770 4195 utroque
2814 4122 3135 4194 procedens.
3191 4119 3442 4178 Persona

1843 4217 1988 4273 dicta
2018 4198 2123 4279 est,
2144 4232 2211 4272 eo
2239 4215 2377 4285 quod
2406 4231 2503 4287 per
2537 4231 2597 4271 sc
2619 4224 2793 4271 sonat.

1846 4306 1880 4363 6
1990 4304 2097 4362 Sed
2130 4306 2304 4360 Patris
2342 4316 2390 4361 et
2430 4305 2561 4361 Filii
2609 4316 2656 4361 et
2704 4305 2931 4376 Spiritus
2971 4306 3141 4361 sancti
3189 4321 3299 4361 una
3355 4314 3435 4359 est

2057 4388 2303 4450 divinitas
2335 4411 2354 4451 :

1988 4485 2236 4557 Αῖιιυαιὶδ
2264 4486 2452 4556 gloria,
2484 4498 2741 4543 coa'terna
2769 4498 3034 4559 majestas.

154 4579 320 4651 igitur
368 4579 503 4639 ﬁdes
524 4624 538 4645 .
590 4584 888 4640 credulitas
933 4586 1050 4641 sive
1098 4564 1395 4641 credentia.
1444 4585 1744 4651 Catholica,
1776 4564 1824 4623 D
1920 4579 2028 4635 Sed
2059 4578 2234 4633 Patris
2256 4588 2310 4633 et
2339 4579 2458 4633 Filii
2491 4588 2545 4635 et
2566 4579 2801 4650 Spiritus
2827 4581 2998 4636 sancti
3029 4596 3135 4635 una
3168 4591 3253 4637 est
3293 4582 3434 4637 divi-
3516 4581 3524 4589 '

155 4673 474 4729 universalis
511 4674 733 4737 dicitur.
765 4676 819 4731 id
853 4686 932 4732 est
974 4685 1142 4740 recta,
1171 4693 1331 4745 quam
1366 4677 1616 4732 universa
1646 4677 1746 4731 Ec-

157 4762 314 4816 clesia
348 4773 533 4820 tenere
559 4767 747 4821 debet.
782 4766 1023 4822 Ecclesia
1054 4783 1181 4822 rera
1217 4767 1563 4838 congregatio
1589 4765 1749 4821 Chri-

157 4853 453 4910 stianorum
484 4856 603 4911 sive
627 4868 935 4914 conventus
954 4857 1276 4930 populorum
1305 4857 1525 4912 dicitur.

158 4942 193 4996 2
298 4945 470 5012 Quam
500 4948 605 5001 nisi
633 4950 849 5020 quisque
884 4951 1145 5021 integram
1185 4950 1593 5022 inriolatamque
1631 4965 1747 5004 scrc-

364 5040 561 5092 uaveril
590 5051 612 5090 :

296 5128 502 5199 Absque
538 5128 702 5182 dubio
737 5130 790 5184 in
826 5143 1088 5190 internum
1125 5130 1327 5199 peribit.

1850 4670 2017 4737 nitas,
2046 4671 2149 4725 hoc
2175 4678 2257 4725 est
2293 4685 2400 4724 una
2439 4669 2764 4725 substantia.
2815 4670 3061 4741 eqtalis
3108 4671 3300 4740 gloria,
3340 4688 3440 4726 co~

1851 4771 2051 4818 aeterna
2083 4759 2362 4829 maiestas,
2379 4761 2432 4815 id
2457 4769 2542 4816 est
2571 4762 2884 4832 comqualis,
2908 4762 3025 4817 sine
3047 4760 3204 4816 initio
3228 4771 3283 4817 et
3312 4760 3436 4825 line,

1850 4861 1905 4906 et
1935 4851 2126 4924 gloria,
2154 4859 2208 4906 et
2235 4860 2493 4920 potestas.

1853 4944 1885 4997 Ἰ
1995 4943 2182 5012 Qualis
2210 4944 2374 4999 Pater
2397 4944 2516 4999 talis
2545 4943 2715 4998 Filius
2739 4958 2758 4997 :

1995 5035 2142 5091 Talis
2166 5046 2212 5089 et
2242 5036 2468 5106 Spiritus
2488 5044 2699 5088 sanctus
2723 5047 2743 5087 ε

1925 5127 2061 5195 Quia
2126 5125 2270 5179 sicut
2324 5126 2488 5180 Pater
2533 5132 2785 5181 aeternus
2830 5136 2913 5184 est
2970 5119 3053 5174 vel
3116 5124 3471 5193 omnipotens
