3994 5370
581 270 682 332 563

1552 275 1609 343 Β.
1652 282 1998 345 BRUNOSIS
2038 288 2579 353 HERBIPOLENSIS
2618 292 2924 354 EPISCOPI

3740 277 3837 362 ssi

576 411 697 480 Ipse
724 418 807 467 est
826 413 1066 466 omnium
1105 413 1298 482 factor,
1332 426 1386 470 et
1418 432 1446 471 a
1476 420 1623 475 nullo
1649 420 1843 477 factus.
1885 424 2144 480 lncrcatut

2263 408 2468 465 buisset
2507 409 2725 476 Filium,
2759 429 3034 485 nunquam
3082 415 3359 471 habuisset
3408 432 3610 473 nomen
3644 418 3827 487 Patris,

578 500 766 568 Filius,
784 504 1056 561 increatus
1078 517 1132 563 et
1153 507 1388 579 Spiritus
1408 522 1647 569 sanctus.
1667 515 1942 571 lncrcatus
1968 517 2158 582 Filius,

576 604 682 649 n'on
711 605 982 660 creatura,
1010 598 1151 654 sicut
1184 600 1348 658 Arius
1376 602 1613 665 dicebat.
1642 606 1771 673 quia
1799 608 1976 660 omnia
2001 608 2157 661 simul

573 686 780 742 creavit
813 703 937 743 cum
974 688 1158 756 Patre,
1188 691 1441 748 similiter
1465 705 1521 749 et
1541 694 1775 765 Spiritus
1799 708 2036 751 sanczus.

574 775 609 830 9
718 775 1020 834 Inmtcnsus
1045 779 1223 848 Pater,
1256 783 1541 839 immensus
1570 784 1617 839 F
1621 784 1741 840 ilius
1766 801 1784 837 :

723 868 1018 925 lmmeusus
1040 870 1270 941 Spiritus
1294 887 1528 929 sanctus.
1775 865 1779 870 ’

637 959 956 1017 ιιηηιειιειιε,
996 960 1198 1027 Pater,
1246 964 1381 1032 ‘quia
1432 964 1551 1035 ejus
1600 967 2023 1036 magnitudinem
2078 972 2166 1023 vel

570 1049 929 1116 quantitatem
968 1050 1149 1107 nullus
1178 1067 1499 1111 mensurare
1544 1065 1742 1125 potest,
1765 1073 1887 1127 qua:
1913 1060 2052 1116 cmlo
2078 1073 2160 1115 est

567 1139 853 1205 excelsior,
884 1150 1027 1197 terra
1071 1142 1392 1213 profundior
1416 1156 1471 1201 et
1506 1147 1666 1202 latior
1696 1150 1830 1204 mari
1861 1149 2003 1217 (Job.
2037 1162 2113 1221 XI)
2141 1170 2157 1206 :

567 1241 622 1284 et
673 1241 759 1286 est
808 1233 1339 1306 incircumscriptus,
1403 1238 1781 1309 incorporeus,
1828 1242 2152 1303 inlocabilis.

571 1319 773 1389 ubique
801 1331 985 1378 totus:
1012 1334 1068 1379 et
1093 1342 1198 1380 non
1223 1337 1306 1383 est
1336 1329 1485 1384 locus
1512 1332 1598 1385 ubi
1625 1347 1731 1385 non
1753 1333 1844 1395 sit.
1862 1333 2001 1387 sicut
2027 1335 2159 1389 dicit

571 1408 625 1461 in
652 1411 885 1479 psalmo.
914 1412 972 1468 Si
1010 1418 1312 1473 ascendero
1346 1418 1401 1473 in
1436 1420 1654 1485 cultum,
1701 1432 1754 1476 tu
1811 1422 1922 1478 illic
1971 1441 2060 1490 es;
2110 1428 2155 1481 si

569 1501 898 1560 descendero
928 1507 1000 1560 ad
1025 1507 1313 1575 infernum,
1340 1513 1499 1579 ades;
1533 1523 1586 1568 et
1608 1515 1652 1569 si
1682 1516 1793 1570 icro
1820 1520 1885 1571 ad
1910 1529 2153 1575 εχει-ηιμ

571 1591 762 1659 maris,
794 1593 865 1647 ibi
903 1610 991 1650 me
1020 1596 1244 1653 dextera
1286 1609 1373 1654 tua
1417 1604 1622 1658 tenebit
1679 1603 1852 1673 (Psal.
1900 1608 2153 1680 xxxvm).

565 1677 684 1746 Ipse
708 1690 796 1738 est
826 1683 969 1739 intra
995 1687 1197 1749 omnia.
1216 1698 1270 1743 et
1293 1703 1398 1745 non
1421 1692 1740 1758 conclusus;
1766 1705 1916 1749 extra
1949 1677 2149 1763 omnia,

565 1777 621 1822 et
648 1772 1054 1830 nouexclusus.
1087 1775 1353 1834 Similiter
1387 1790 1445 1835 et
1489 1782 1675 1844 Filius,
1705 1786 1795 1853 qui
1850 1788 2067 1858 attingit
2123 1805 2151 1843 a

568 1857 673 1914 line
691 1876 873 1932 .usque
902 1866 969 1919 ad
996 1866 1158 1922 linem
1187 1868 1402 1926 fortiter
1428 1872 1584 1944 (δίῳ.
1619 1875 1762 1947 vui),
1789 1878 1856 1932 de
1884 1857 2153 1948 quoscri-

568 1961 717 2043 ptum
729 1965 832 2010 est.
849 1956 1028 2014 Verbo
1042 1959 1253 2015 Domini
1269 1964 1391 2019 caeli
1412 1966 1606 2020 lirmati
1630 1980 1751 2023 sunt
1770 1969 1941 2039 (Psal.
1962 1975 2151 2043 usu).

565 2041 688 2096 Pari
718 2048 881 2101 modo
900 2057 957 2101 et
982 2047 1218 2118 Spiritus
1245 2062 1485 2108 sanctus.
1525 2055 1676 2110 [Inde
1710 2057 1908 2112 dicitur
1940 2078 1952 2113 :
1987 2041 2153 2129 Spiri-

574 2144 659 2220 tus
682 2133 894 2190 Domini
928 2139 1151 2209 replevit
1172 2143 1358 2198 orbem
1389 2154 1654 2200 terrarum
1687 2147 1842 2219 (δίῳ.
1872 2150 1932 2220 ι).

572 2219 642 2276 10
711 2223 970 2282 [Eamus
995 2228 1176 2294 Pater.
1201 2244 1427 2289 a‘ternus
1460 2234 1634 2291 Filius
1659 2251 1678 2290 .'

701 2310 962 2375 ﬁtentur:
991 2321 1224 2393 Spiritus
1246 2336 1461 2381 sanctus
1486 2342 1507 2380 .'

635 2402 736 2461 Hic
770 2416 1028 2476 aeternus,
1056 2418 1157 2482 pro
1185 2417 1517 2486 sempiterno
1548 2419 1808 2477 debemus
1831 2423 2154 2492 intelligere.

561 2495 812 2554 Eternus
840 2501 1044 2558 dicitur
1073 2507 1214 2561 Deus
1260 2506 1443 2576 Pater,
1468 2510 1595 2579 quia
1625 2512 1743 2567 sine
1767 2514 1925 2569 initio
1952 2525 2007 2569 et
2037 2519 2155 2572 sino

558 2585 669 2641 ﬁne
716 2600 952 2667 constat,
995 2595 1251 2653 similiter
1291 2610 1344 2652 et
1375 2599 1544 2655 Filius
1565 2610 1615 2654 et
1646 2603 1880 2672 Spiritus
1912 2618 2149 2671 sanctus,

566 2679 696 2747 quia
720 2681 859 2737 sicut
885 2700 1160 2755 nunquam
1207 2704 1313 2743 non
1364 2689 1543 2757 Pater,
1599 2692 1671 2746 ita
1719 2710 1992 2765 nunquam
2044 2715 2151 2753 non

556 2764 730 2824 Filius
755 2783 820 2825 ac
858 2770 1106 2840 Spiritus
1128 2780 1372 2833 sanctus.
1850 2764 1861 2765 ί
2124 2783 2131 2789 ’

559 2856 621 2911 11
697 2856 768 2913 Et
796 2869 969 2917 tamen
993 2880 1096 2918 non
1124 2877 1228 2920 tres
1254 2870 1436 2922 αἰενηὶ
1461 2885 1481 2923 :

696 2950 804 3007 Sed
828 2970 965 3008 unus
994 2965 1243 3012 aeternus.

626 3040 696 3098 Et
719 3053 894 3101 tamen
920 3064 1024 3103 non
1052 3057 1163 3105 tres
1191 3053 1403 3119 (εισι-υἱ,
1435 3055 1528 3109 εει]
1556 3068 1693 3111 unus
1720 3063 2143 3124 mteruus,se't‘i-

557 3146 644 3191 cet
674 3137 726 3192 in
755 3139 1081 3197 substantia.
1242 3212 1253 3221 κ

556 3227 624 3281 12
699 3228 849 3284 Sicut
875 3244 978 3286 non
1005 3243 1109 3288 tres
1136 3234 1355 3290 increati
1386 3250 1479 3291 nec
1503 3247 1605 3292 tres
1632 3242 1870 3297 immensi
1886 3253 1905 3294 :

700 3322 809 3378 Sed
839 3342 975 3380 unus
1021 3329 1288 3383 inerealus
1326 3342 1372 3385 et
1411 3348 1546 3386 unus
1582 3326 1891 3390 immensus.

627 3409 764 3479 Quia
790 3422 1038 3469 unus-est
1071 3417 1209 3471 Deus
1239 3418 1290 3472 in
1315 3434 1408 3472 sua
1442 3421 1767 3476 substantia.

556 3499 623 3552 15
692 3497 948 3556 Similiter
975 3507 1299 3574 omnipotens
1347 3507 1528 3573 Pater,
1578 3512 1912 3580 omnipotens
1930 3511 1979 3566 F
1983 3514 2145 3571 ilius:

711 3590 1048 3657 Omnipotens
1067 3606 1113 3648 et
1148 3594 1375 3664 Spiritus
1397 3609 1631 3651 sanctus.

633 3678 988 3750 Omnipotens
1015 3684 1215 3745 dicitur
1240 3685 1422 3749 Pater.
1442 3688 1567 3757 quia
1583 3690 1762 3743 omnia
1791 3699 1965 3760 potest
1989 3708 2003 3758 ;
2036 3708 2141 3748 non

559 3781 589 3820 a
633 3770 911 3838 patiendo,
962 3776 1247 3842 quodnon
1290 3778 1429 3838 vult.
1458 3778 1554 3832 sed
1599 3794 1628 3831 a
1686 3778 1935 3835 faciendo
1963 3784 2142 3837 omnia

562 3874 902 3932 qutecunque
933 3865 1065 3929 vult,
1111 3876 1161 3919 et
1190 3867 1324 3922 nihil
1351 3868 1424 3922 illi
1460 3869 1792 3939 impossibile
1817 3880 1920 3926 est.
1952 3871 2140 3927 Omni-

551 3964 747 4025 potens
776 3966 834 4012 ct
866 3958 1054 4024 Filius,
1103 3962 1231 4031 quia
1258 3963 1519 4032 quidquid
1544 3972 1719 4033 potest
1749 3963 1929 4028 Pater,
1963 3976 2142 4035 potest

556 4056 612 4101 et
639 4048 807 4104 Filius
832 4066 853 4116 ;‹
886 4052 1238 4108 nihilominus
1277 4065 1328 4108 et
1358 4053 1594 4124 Spiritus
1641 4064 1882 4110 sanctus.
1925 4056 2066 4126 Ergo
2091 4059 2137 4112 si

552 4139 737 4194 munia
769 4150 962 4210 potest.
1006 4144 1132 4211 quid
1181 4154 1263 4197 est
1301 4147 1574 4213 quodnon
1619 4148 1841 4214 potest?
1895 4149 1996 4202 hoc
2030 4165 2136 4203 nou

551 4237 753 4296 potest,
787 4233 937 4301 quod
958 4249 1062 4288 non
1090 4240 1347 4290 convenit
1375 4238 1733 4306 omnipotenti
1774 4254 1950 4307 posse.
1982 4239 2122 4294 Falli.

555 4334 663 4372 non
693 4331 893 4389 potest,
920 4326 1044 4392 quia
1074 4328 1276 4381 veritas
1306 4338 1359 4382 et
1400 4330 1665 4399 sapientia
1691 4341 1771 4384 est
1800 4349 1811 4383 :
1844 4330 2136 4402 Αἰθιοπίη-ε

2264 499 2512 555 similiter
2547 513 2603 557 et
2644 502 2878 573 Spiritus
2915 516 3135 562 sanctus
3162 524 3267 564 non
3313 526 3344 563 a
3375 526 3458 575 se,
3492 511 3589 566 sed
3615 513 3829 581 alicujus

2266 586 2500 658 Spiritus
2528 602 2630 647 est.
2678 595 2772 649 Est
2805 604 2859 650 et
2888 596 3031 650 aliud
3080 600 3422 666 vocabulum,
3464 602 3562 655 ubi
3612 602 3832 673 Spiritus

2264 686 2482 734 sanctus
2497 680 2719 737 relative
2741 684 2961 750 dicitur,
2985 685 3195 740 scilicet
3218 688 3449 754 donum,
3474 689 3676 744 dicitur
3697 694 3827 747 enim

2263 766 2459 822 donum
2479 768 3235 838 donatoris,etdonatordoui.
3254 778 3578 834 Douatoret
3592 780 3713 835 dico
3725 797 3832 835 esse

2262 857 2500 927 Patrem,
2528 861 2724 921 donum
2756 879 2883 919 vero
2904 864 3165 935 Spiritum
3190 879 3458 932 sanctum,
3477 871 3681 925 donum
3714 887 3831 928 vero

2263 947 2497 1003 refertur
2531 951 2598 1005 ad
2627 952 2943 1008 donatorem
2985 966 3038 1011 et
3069 957 3297 1012 donator
3341 960 3408 1012 ad
3432 961 3667 1014 donum.
3699 960 3829 1018 Ecce

2262 1055 2367 1109 qua
2395 1041 2604 1097 ratione
2632 1042 2869 1113 Spiritus
2896 1056 3117 1099 sanctus
3142 1047 3367 1103 relative
3391 1049 3616 1105 dicitur.

2263 1130 2331 1185 15
2402 1131 2490 1186 Ita
2522 1134 2660 1189 Dens
2692 1134 2884 1195 Pater:
2933 1140 3075 1196 Deus
3100 1141 3271 1197 Filius
3293 1160 3313 1197 :

2402 1222 2545 1279 Deus
2581 1240 2628 1279 et
2663 1226 2891 1297 Spiritus
2915 1244 3149 1287 sanctus.

2331 1311 2475 1369 Deus
2498 1317 2775 1385 proprium
2801 1335 2995 1375 nomen
3024 1332 3109 1376 est
3139 1323 3444 1390 Trinitatis,
3472 1324 3751 1394 pertinens
3771 1326 3829 1381 ad

2257 1404 2473 1462 Patrem
2501 1417 2556 1462 et
2580 1408 2773 1464 Filium
2805 1421 2860 1467 et
2898 1412 3160 1484 Spiritqu
3216 1426 3498 1480 sanetum,
3522 1418 3828 1470 translatum

2257 1510 2322 1551 ex
2362 1496 2549 1552 (ἱκεσία
2580 1499 2956 1569 appellatione.
2986 1502 3121 1557 Nam
3172 1505 3313 1559 Deus
3341 1504 3531 1560 Graece
3581 1507 3726 1560 thcos
3762 1506 3830 1558 di-

2257 1588 2419 1653 citur,
2475 1590 2523 1643 id
2568 1600 2652 1646 est.
2682 1593 2863 1647 timor.
2913 1592 3068 1650 Unde
3127 1606 3334 1651 tractus
3379 1606 3462 1651 est
3509 1598 3676 1660 Deus,
3702 1597 3831 1666 quod

2257 1691 2378 1731 eum
2410 1680 2713 1736 colentibus
2739 1683 2809 1736 sit
2838 1666 3015 1738 timor.
3050 1685 3331 1756 Proprium
3373 1702 3502 1741 vero
3531 1702 3729 1741 nomen
3757 1692 3832 1739 est

2258 1767 2456 1835 Patris,
2500 1771 2623 1840 quia
2682 1772 2832 1828 solus
2860 1785 2944 1829 est
2987 1775 3183 1841 Pater;
3218 1786 3275 1832 et
3319 1778 3604 1846 proprium
3647 1792 3827 1831 nomen

2256 1872 2338 1914 est
2369 1860 2513 1924 Filii,
2539 1846 2665 1932 quia
2698 1865 2843 1919 solus
2874 1866 3047 1922 Filius
3074 1878 3155 1922 est
3179 1885 3208 1922 a
3240 1869 3355 1924 solo
3385 1867 3547 1923 Patre
3579 1885 3594 1934 ;
3628 1877 3684 1922 et
3720 1884 3828 1938 pro-

2257 1951 2431 2021 prium
2465 1970 2659 2008 notncn
2700 1967 2785 2010 est
2825 1957 3062 2026 Spiritus
3105 1960 3300 2023 sancti,
3330 1960 3455 2029 quia
3511 1958 3583 2012 ab
3616 1970 3832 2027 utroque

2255 2044 2519 2112 procedit.
2556 2046 2695 2100 Deus
2716 2057 2799 2103 est
2827 2049 3154 2119 Pater,.quia
3189 2052 3303 2122 ipse
3344 2063 3428 2107 est
3455 2051 3579 2106 l‘ons
3606 2061 3660 2106 et
3690 2052 3828 2120 origo

2255 2134 2509 2198 deitatis;
2551 2138 2801 2205 similiter
2846 2150 2902 2195 et
2948 2141 3118 2197 Filius
3145 2143 3284 2197 Deus
3331 2154 3436 2207 est,
3488 2142 3662 2197 ethoc
3681 2155 3829 2194 nona

2254 2226 2568 2295 semetipso,
2602 2229 2729 2298 quia
2773 2246 2876 2283 non
2917 2240 3001 2284 est
3031 2245 3059 2283 a
3100 2246 3187 2296 se,
3218 2231 3311 2285 sed
3347 2246 3376 2284 a
3404 2229 3523 2285 solo
3548 2229 3713 2284 Patre
3755 2236 3830 2282 est

2254 2316 2469 2384 genitus
2490 2334 2504 2376 :
2535 2321 2653 2387 pari
2687 2322 2845 2375 modo
2870 2331 2923 2374 ει
2966 2320 3201 2390 Spiritus
3223 2330 3465 2387 sanctus,
3491 2337 3600 2378 non
3621 2336 3652 2374 a
3673 2333 3731 2374 se
3754 2325 3830 2372 est

2254 2406 2415 2471 Deus,
2451 2410 2542 2463 sed
2574 2427 2601 2463 a
2631 2410 2790 2466 Patre
2810 2422 2866 2466 et
2894 2411 3028 2466 Filio
3059 2413 3356 2483 procedens
3375 2422 3479 2468 est.

2263 2497 2331 2552 16
2408 2501 2475 2553 Et
2499 2511 2672 2557 tamen
2706 2520 2807 2557 non
2836 2514 2939 2558 (res
2964 2505 3074 2559 dii:

2397 2592 2505 2648 Sed
2531 2611 2668 2648 unus
2700 2607 2775 2650 est
2803 2595 2963 2650 Deus.

2397 2680 2481 2735 Ita
2512 2682 2770 2738 Dominus
2799 2683 2990 2752 Paterr
3015 2686 3280 2741 Dominus
3297 2684 3514 2744 Filias:

2394 2767 2649 2825 Dominus
2681 2774 3169 2843 Spiritus-sanctus.

2393 2860 2461 2914 Et
2485 2872 2658 2917 tamen
2681 2880 2784 2918 non
2822 2875 2925 2919 tres
2960 2865 3203 2920 Domini:

2312 2986 2317 2991 -
2393 2951 2497 3007 Sed
2524 2971 2658 3009 unus
2691 2965 2766 3009 est
2801 2956 3064 3010 dominus.

2324 3041 2479 3099 Sicut
2521 3047 2779 3115 scriptam
2829 3056 2913 3100 est
2939 3061 2961 3099 :v
2991 3046 3128 3099 Audi
3167 3046 3349 3109 lsracl,
3400 3049 3664 3105 Dominus
3695 3053 3829 3107 Deus

2175 3104 2220 3166 δ
2255 3141 2377 3188 tuus
2402 3150 2542 3190 unus
2563 3104 2646 3190 εει
2695 3136 2874 3207 (Deut.
2910 3137 3007 3207 vr).
3060 3137 3329 3192 Dominus
3365 3139 3568 3195 dicitur
3618 3144 3771 3198 Pater
3794 3160 3827 3197 τι

2252 3226 2651 3292 dominatione,
2669 3243 2733 3281 eo
2761 3228 2902 3296 quod
2930 3238 3237 3284 creaturam
3261 3246 3413 3285 suam
3454 3245 3646 3303 regnat
3672 3248 3825 3303 atque

2250 3320 2532 3388 gubernet,
2571 3320 2820 3374 similiter
2848 3330 2903 3375 et
2927 3319 3096 3375 Filius
3126 3331 3180 3375 et
3206 3321 3441 3390 Spiritus
3462 3335 3702 3379 sanctus.

2250 3414 2317 3469 17
2393 3413 2531 3480 Quia
2564 3416 2697 3468 sicut
2732 3415 3037 3484 singillatim
3070 3432 3489 3488 unamquamque
3507 3434 3777 3488 personam
3796 3428 3823 3472 ε’

2394 3503 2561 3558 Deum
2601 3516 2648 3558 et
2680 3504 2962 3559 Dominum
3002 3504 3240 3573 conﬁteri
3289 3504 3594 3560 Christiana
3623 3508 3822 3561 ueritate

2458 3595 2843 3665 campellmmr.

2318 3687 2459 3756 Quia
2479 3687 2621 3742 sicut
2652 3686 3011 3758 singillatim,
3061 3686 3114 3741 id
3141 3696 3226 3741 cst
3280 3688 3425 3743 sient
3466 3687 3721 3742 distincte
3746 3685 3821 3739 vel

2251 3778 2542 3848 separatim
2597 3791 3031 3846 unamquamque
3070 3791 3353 3846 personam
3394 3777 3518 3832 dico
3561 3778 3724 3831 Dento
3769 3785 3819 3829 et

2245 3869 2698 3938 Dmnimun,.quia
2733 3868 2775 3921 si
2809 3882 2892 3921 me
2916 3868 3333 3937 interrogaveris
3377 3869 3506 3935 quid
3532 3880 3618 3923 est
3653 3867 3814 3927 Pater,

2243 3975 2346 4031 ego
2374 3961 2694 4030 respondeo,
2721 3959 2862 4013 D‘eus
2890 3967 2945 4011 et
2974 3959 3231 4013 Dontinus
3254 3975 3268 4024 ;
3304 3959 3558 4013 similiter
3581 3959 3627 4013 si
3659 3960 3812 4011 intrr-

2243 4052 2541 4123 rogaveris,
2572 4051 2699 4120 quid
2732 4058 2814 4104 est
2850 4049 3037 4113 Filius,
3082 4063 3181 4120 ego
3216 4050 3358 4112 dico,
3391 4048 3545 4103 Deus
3561 4058 3616 4102 et
3645 4047 3813 4104 Domi-

2243 4156 2380 4207 nus;
2413 4150 2463 4195 et
2497 4142 2540 4194 si
2584 4140 2721 4194 dicis
2747 4138 2876 4209 quid
2906 4149 2995 4193 est
3046 4138 3285 4207 Spiritus
3328 4146 3571 4197 sanctus,
3615 4153 3715 4207 ego
3742 4153 3817 4188 re-

2240 4231 2502 4302 spondeo,
2538 4231 2677 4284 Deus
2702 4239 2758 4284 et
2806 4229 3087 4292 Dominus,
3130 4241 3187 4283 et
3214 4237 3392 4282 tamen
3423 4229 3475 4282 in
3526 4229 3612 4282 his
3656 4228 3813 4281 trltms

2240 4323 2510 4393 personis,
2538 4338 2645 4376 non
2684 4330 2792 4375 tres
2823 4320 2977 4383 Deos,
3029 4336 3127 4374 nec
3185 4329 3292 4373 tres
3332 4319 3619 4381 Dominus,
3650 4318 3738 4373 sed
3764 4317 3811 4367 iu

553 4417 648 4462 aut
675 4410 933 4467 inﬁrmari
967 4430 1069 4468 non
1098 4426 1298 4485 potest,
1323 4420 1446 4486 quia
1475 4421 1681 4473 sanitas
1710 4431 1792 4474 est
1820 4440 1831 4473 :
1862 4421 1994 4476 Mori
2029 4440 2133 4476 non

2257 4415 2436 4477 ribus,
2466 4414 2605 4467 sicut
2629 4413 2739 4483 jam
2770 4426 2930 4481 supra
2975 4411 3175 4464 dictum
3210 4421 3313 4472 est,
3356 4426 3524 4463 unum
3567 4408 3730 4463 Deum
3757 4413 3807 4461 et

552 4506 752 4566 potest,
784 4502 909 4571 quia
941 4502 1263 4559 immortalis
1293 4519 1412 4561 est:
1440 4507 1608 4561 Fiuiri
1647 4524 1750 4562 non
1784 4520 1981 4581 poteSt,
2006 4514 2130 4581 quia

555 4587 799 4646 inﬁnitus
829 4600 883 4645 et
915 4595 1165 4662 perennis
1192 4604 1295 4650 est.

555 4677 623 4731 M
694 4677 765 4734 Et
793 4692 972 4737 lanient
994 4701 1096 4739 non
1121 4695 1223 4739 tres
1248 4689 1618 4757 omnipotentes
1636 4690 1677 4739 ε’

698 4770 801 4827 Sed
829 4791 964 4830 unus
989 4774 1347 4847 Omnipotens.

624 4865 743 4920 Non
772 4875 879 4921 tres
912 4878 1088 4924 tamen
1135 4871 1554 4940 omnipotentes,
1583 4873 1706 4942 quia
1736 4874 2128 4944 omnipotentia

552 4964 635 5008 est
677 4972 728 5009 Ill
776 4956 1100 5018 substantia.
1152 4960 1246 5014 sed
1282 4975 1473 5015 eorum
1518 4977 1623 5014 una
1676 4971 1754 5016 est
1806 4965 2127 5019 substantia.

554 5044 859 5105 Patcruitas
892 5066 1018 5104 vero
1069 5051 1124 5106 in
1156 5052 1424 5106 relatione
1456 5053 1521 5106 ad
1558 5053 1787 5106 alterum
1824 5064 1928 5119 est,
1987 5058 2130 5112 unde

552 5143 609 5189 et
648 5140 862 5194 nomina
890 5139 1069 5196 Patris
1095 5150 1151 5196 et
1191 5143 1307 5197 Filii
1347 5153 1402 5198 ει
1441 5143 1678 5211 Spiritus
1708 5146 1880 5199 sancti
1905 5147 2125 5201 relativa

556 5238 704 5292 sunt,
724 5231 849 5298 quia
881 5232 985 5286 alia
1008 5234 1076 5287 ad
1103 5234 1205 5288 alia
1234 5235 1564 5297 referuntur,
1607 5235 1746 5290 sicut
1776 5236 1923 5291 verbi
1955 5238 2126 5307 gratia

554 5327 745 5370 servus
780 5321 846 5370 ad
877 5322 1150 5370 dominum
1175 5351 1191 5370 ι
1219 5325 1471 5370 dominus
1505 5326 1570 5370 ml
1609 5340 1841 5370 sertum.
1871 5327 2130 5370 mnoislpr

2246 4508 2531 4562 Dominum
2559 4507 2843 4560 conﬁteor.

2244 4601 2310 4655 18
2383 4599 2469 4653 Ita
2494 4609 2596 4653 tres
2617 4598 2747 4653 Deos
2771 4610 2861 4651 out
2888 4598 3140 4651 Domitios
3176 4598 3347 4650 dicere
3372 4610 3390 4648 :

2381 4687 2654 4744 Catholica
2688 4688 2937 4758 religione
2982 4689 3335 4757 prohibemur.

2315 4780 2690 4846 Probibeuiur,
2720 4781 2769 4834 id
2806 4788 2890 4835 est
2913 4793 3177 4833 vetamur.

2244 4874 2310 4929 i9
2388 4872 2547 4925 Pater
2582 4889 2613 4926 a
2640 4872 2783 4925 nullo
2829 4882 2903 4926 est
2936 4872 3127 4942 factus,

2385 4963 2496 5017 Nec
2524 4972 2728 5016 creatus
2758 4979 2850 5016 nec
2874 4963 3094 5033 genitus.

2312 5057 2470 5110 Pater
2502 5070 2530 5107 a
2579 5054 2724 5107 nullo
2769 5064 2852 5108 εει
2902 5032 3079 5107 laetus
3126 5054 3250 5121 quia
3305 5052 3420 5122 ipse
3449 5063 3536 5107 cst
3583 5054 3805 5107 omnium

2240 5144 2435 5207 factor,
2462 5159 2561 5197 nec
2586 5153 2802 5197 creatus
2832 5144 2926 5197 sed
2951 5152 3187 5203 creamr,
3219 5157 3318 5196 nec
3366 5144 3586 5212 genitus
3611 5145 3702 5198 sed
3725 5156 3804 5214 ge-

2239 5234 2402 5295 nitor,
2435 5231 2597 5286 Pater
2617 5231 2761 5286 enim
2789 5232 2993 5295 Grteee,
3018 5231 3209 5285 Latine
3230 5233 3434 5301 genitor
3458 5234 3678 5288 dicitur.

2235 5325 2306 5370 ιλιι
2383 5321 2553 5370 Filius
2576 5339 2607 5370 η
2653 5320 2815 5370 Patre
2847 5322 2960 5370 solo
2990 5331 3063 5370 est
3086 5335 3104 5370 :
