3994 5370
522 232 645 293 867

1004 234 1064 291 S.
1103 198 1448 292 BRUNONlS
1485 228 1843 290 HERBIPOL.
1883 232 2099 290 EPISC.
2141 230 2491 287 COMMENT.
2532 229 2601 284 lN
2635 229 2841 287 ORAT.
2882 228 3069 296 DOM.,
3106 227 3260 285 ETC.
3308 186 3313 191 ἡ
3354 182 3387 190 Α

3532 178 3615 189 ,ομ-Α.

3671 228 3777 284 568

520 349 591 429 32
665 351 810 409 Unus
861 362 1037 407 autem
1106 369 1211 407 non
1272 353 1604 407 conversion:
1680 351 1967 405 divinitatis
2036 351 2090 403 in
2122 359 2166 414 Α
2196 348 2351 404 statis
2376 347 2699 415 aspicientes
2724 346 2776 400 in
2805 344 3021 404 ccelum.
3049 345 3138 400 hic
3161 344 3321 399 Iesus
3340 342 3434 414 qui
3462 356 3777 415 assumptus

754 461 963 499 carnem
990 460 1010 499 ἔ

689 531 792 589 Sed
819 535 1173 605 assumptione
1193 534 1538 589 humanitatis
1568 534 1622 588 in
1655 534 1785 588 Deo.

591 623 709 679 Non
735 625 878 694 quod
908 624 996 678 illa
1026 624 1301 685 divinitas.
1330 639 1434 695 qua
1456 633 1540 678 est
1567 623 1733 678 Filius
1748 624 1860 688 Dei,
1880 638 1940 678 se
1967 638 2097 678 enn-

519 718 776 772 vertisset
803 716 855 771 in
881 716 1274 772 humanitatem
1304 715 1385 786 (ut
1414 716 1516 770 hoc.
1543 716 1683 785 quod
1707 724 1825 770 erat
1855 715 2093 768 divinum

518 808 680 862 ﬁeret
703 807 1047 873 humanum),
1067 805 1160 859 sed
1187 804 1513 860 assumeudo
1541 815 1780 859 nostram
1823 813 2095 868 naturam,

527 897 608 952 sic
645 905 728 952 cst
767 911 919 951 unus.
943 894 1187 960 ell‘ectus,
1230 904 1288 950 ut
1324 910 1429 949 non
1470 895 1743 948 amitteret
1780 894 1923 962 quod
1953 902 2096 956 erat,

528 987 624 1044 sed
654 996 955 1043 assumeret
985 986 1128 1056 quod
1160 1001 1265 1041 non
1296 994 1434 1040 erat.
1475 985 1784 1054 Assumpsit
1828 971 1975 1040 enim
2003 985 2099 1040 hu-

520 1079 860 1144 manitatem,
885 1087 1057 1134 etnon
1074 1077 1255 1132 amisit
1273 1076 1636 1131 divinitatem.

514 1171 606 1227 53.
686 1169 836 1226 Unus
863 1172 1075 1226 omnino
1102 1187 1206 1225 non
1230 1168 1543 1240 confusione
1567 1167 1877 1224 substantia
1897 1183 1919 1222 :

694 1262 802 1319 Sed
826 1262 1028 1317 unitate
1054 1276 1314 1331 personw.

592 1350 711 1407 Non
748 1352 802 1407 in
830 1366 898 1407 eo
926 1360 1242 1407 naturarum
1270 1350 1576 1407 commistio
1600 1334 1684 1406 est
1710 1365 1726 1405 :
1757 1343 1816 1405 ut
1845 1350 1931 1407 vel
1955 1350 2097 1407 dit-ie

516 1443 660 1499 nitas
685 1442 1051 1499 mutareturin
1076 1452 1321 1497 naturam
1336 1442 1723 1498 humanitatis:
1750 1441 1832 1496 vel
1851 1442 2103 1495 humaui-

518 1541 600 1586 tas
622 1540 1030 1588 converteretur
1050 1532 1104 1587 in
1127 1542 1375 1587 naturam
1406 1532 1741 1595 divinitatis;
1774 1532 1866 1587 sed
1882 1531 2096 1600 utrique

518 1630 733 1677 natura:
759 1637 856 1676 sua
898 1629 1081 1677 manet
1117 1620 1423 1693 proprietas
1460 1623 1513 1676 in
1564 1632 1903 1692 perpetuum.
1946 1628 2092 1676 tanta

2196 450 2280 496 est
2334 459 2362 493 a
2392 440 2545 495 vobis
2610 440 2661 494 in
2709 438 2928 504 cadum,
2962 439 3040 494 sic
3089 439 3266 494 veniet
3308 440 3770 508 quemadmodum

2196 533 2407 587 vidistis
2432 547 2556 587 eum
2579 540 2798 587 euntem
2824 530 2874 584 in
2908 530 3103 584 caelum
3139 530 3278 601 (Act.
3310 530 3373 600 ι).
3404 531 3545 598 Quia
3581 546 3777 588 secun-

2197 627 2323 681 dum
2353 628 2686 681 divinitatem
2710 626 2774 680 ad
2808 625 3008 679 nullum
3034 633 3210 693 potest
3235 627 3539 680 ascendere
3571 626 3771 691 locum,

2197 717 2290 770 sed
2326 717 2523 785 ubique
2567 725 2709 769 totus
2744 723 2847 769 est.
2883 713 3046 768 Sedet
3069 715 3136 768 ad
3164 715 3447 770 dexteram
3476 715 3573 769 Dei
3601 713 3777 772 Patris

2196 806 2576 875 Oznnipotentis
2593 805 2867 860 dexteram
2891 813 3071 858 autem
3100 804 3191 860 Dei
3215 820 3319 859 non
3350 805 3652 865 carnalem.
3669 822 3772 859 non

2198 897 2532 965 corporalem
2564 897 2727 967 (sicut
2764 896 2995 949 lunnaua
3022 895 3179 951 habet
3207 899 3446 967 natura),
3466 896 3565 951 sed
3594 898 3646 951 in
3675 898 3773 951 hoc

2197 981 2315 1038 luco
2354 984 2580 1054 gloriam
2628 984 2722 1038 Dei
2780 983 3033 1037 convenit
3081 986 3348 1053 accipere,
3395 999 3463 1039 ac.
3507 985 3557 1039 si
3594 997 3774 1053 aperte

2198 1075 2342 1130 dicat
2378 1093 2390 1128 :
2430 1075 2639 1148 [tegnat
2663 1076 2716 1129 in
2749 1074 2919 1145 gloria
2955 1075 3073 1140 Dei,
3109 1085 3166 1130 et
3182 1077 3375 1131 sedere
3404 1090 3512 1146 pro
3549 1091 3775 1147 regnare

2198 1165 2417 1221 dicitur.
2560 1162 2561 1165 “

2197 1256 2264 1311 57
2338 1257 2471 1311 Inde
2512 1266 2756 1312 venturus
2813 1264 2889 1311 est
2916 1269 2936 1309 :
2970 1254 3220 1311 Judicare
3248 1259 3385 1310 vivos
3414 1265 3466 1311 et
3518 1265 3773 1311 mortuos.

2270 1350 2543 1405 Venturus
2568 1358 2652 1405 est
2684 1349 2736 1403 in
2778 1348 2967 1403 eadem
3007 1347 3200 1413 forma,
3235 1348 3287 1402 in
3324 1363 3429 1417 qua
3462 1346 3772 1421 erue-Luxus,

2197 1440 2251 1496 in
2281 1456 2389 1510 qua
2416 1449 2682 1506 mortuus,
2725 1441 2776 1494 iu
2812 1455 2917 1509 qua
2948 1440 3192 1509 sepultus
3222 1450 3329 1503 est,
3365 1448 3423 1493 et
3456 1439 3510 1492 in
3544 1454 3653 1507 qua
3686 1454 3773 1495 rc-

2197 1534 2433 1588 surrexit
2464 1551 2476 1587 :
2508 1548 2614 1586 non
2645 1532 2697 1585 in
2721 1546 2782 1585 ea
2815 1539 2997 1586 tamen
3028 1531 3337 1586 humilitate
3377 1531 3428 1585 in
3468 1546 3577 1601 qua
3617 1542 3775 1587 antea

2198 1623 2322 1688 fuit,
2342 1621 2436 1676 sed
2457 1622 2508 1676 in
2535 1621 2701 1691 gloria
2725 1630 2779 1674 et
2805 1619 3105 1688 majestate.
3122 1619 3188 1674 Et
3212 1620 3331 1674 ideo
3356 1619 3407 1673 in
3428 1621 3547 1688 ipsa
3566 1618 3772 1673 forma:

513 1719 699 1767 tamen
741 1710 1054 1781 conjunctio
1130 1720 1217 1767 est
1285 1723 1601 1767 naturarum
1627 1752 1643 1777 ,
1695 1720 1753 1766 ut
1808 1712 1950 1767 idem
2000 1712 2091 1780 qui
2128 1704 2171 1762 Β
2197 1725 2255 1770 ut
2282 1713 2722 1769 vidcatllerodes
2744 1721 2795 1767 et
2835 1711 3042 1767 Pilatus
3071 1727 3230 1782 quem
3256 1710 3666 1781 iudicaverunt,
3719 1720 3776 1766 ut

514 1801 850 1858 teter-naliter
900 1819 969 1859 ex
1023 1803 1136 1859 Deo
1178 1803 1342 1859 Patre
1392 1804 1611 1873 genitus
1652 1812 1761 1867 est,
1809 1804 1972 1860 homo
2023 1804 2095 1858 sit

513 1908 681 1949 verus
714 1912 728 1948 :
759 1904 814 1950 et
847 1894 936 1951 ille
960 1894 1053 1964 qui
1109 1904 1270 1950 natus
1294 1904 1400 1962 est,
1446 1894 1815 1964 tempuraliter
1853 1910 1919 1950 ex
1968 1894 2094 1949 Vir-

514 1984 662 2056 gine,
692 1984 833 2041 Deus
859 1987 932 2042 sit
975 2002 1136 2043 verus
1164 2004 1178 2040 :
1213 1998 1436 2058 propter
1471 1986 1853 2058 suscipientem
1906 1988 2092 2049 Deum,

506 2066 660 2129 Deus
708 2090 895 2142 verus,
941 2076 1086 2131 Deus
1132 2076 1227 2131 Dei
1256 2076 1467 2133 Filius:
1511 2088 1733 2148 prepter
1784 2087 2094 2149 suserptum

512 2166 814 2233 hominem,
841 2168 1002 2223 homo
1041 2183 1220 2223 verus.
1256 2168 1552 2224 Personam
1596 2169 1799 2239 quippe
1826 2169 1944 2223 Filii
1981 2168 2092 2231 Dei,

515 2274 625 2315 non
672 2274 735 2316 ex
795 2261 1004 2317 duabus
1053 2260 1300 2335 personis
1350 2261 1578 2327 auitam,
1622 2262 1714 2316 sed
1762 2278 1829 2317 ex
1886 2261 2096 2337 duabus

527 2352 745 2407 naturis
779 2352 1015 2408 existere
1053 2352 1324 2409 credimus
1374 2368 1390 2406 :
1442 2352 1622 2407 dicere
1668 2362 1850 2408 autem
1890 2354 2097 2408 duabus

511 2442 762 2510 personis
792 2442 1173 2511 compositam,
1202 2450 1261 2495 ιιι
1291 2441 1444 2497 net‘as
1475 2442 1728 2497 vitamus.

511 2528 602 2585 δι.
681 2530 825 2586 Nam
886 2533 1020 2586 sicut
1083 2533 1262 2585 aninta
1329 2531 1605 2586 rationalis
1672 2541 1720 2586 et
1778 2547 1909 2587 caro
1960 2546 2097 2585 unus

743 2632 818 2676 est
842 2623 999 2676 homo
1028 2637 1049 2676 :

674 2710 764 2765 Ita
794 2710 936 2765 Deus
964 2722 1012 2765 et
1035 2711 1188 2766 hoino
1213 2728 1350 2766 unus
1371 2720 1447 2766 est
1475 2709 1747 2766 Christus.

536 2866 555 2891 '
590 2801 748 2859 Sicut
784 2802 930 2859 enim
979 2819 1044 2858 ex
1092 2818 1259 2859 carne
1307 2814 1362 2857 et
1413 2804 1593 2859 anima
1646 2818 1809 2857 unum
1865 2801 2105 2858 dicimus

517 2892 818 2960 hominem,
851 2904 906 2950 et
936 2895 1306 2965 unusquisque
1334 2895 1501 2949 habet
1525 2896 1662 2950 duos
1683 2895 1929 2949 homines
1951 2894 2004 2947 in
2036 2908 2095 2948 se

512 2986 704 3056 (unum
726 2986 1019 3049 carnalem,
1045 2985 1211 3040 alium
1240 2985 1539 3056 spiritalem
1566 3003 1581 3052 ;
1614 3002 1781 3040 unum
1804 2985 2091 3049 visibilem,

2196 1806 2411 1861 videant
2436 1806 2604 1862 Juda-i
2627 1820 2786 1876 quem
2819 1805 3175 1867 tradiderunt,
3211 1814 3270 1858 ut
3312 1803 3535 1858 videant
3579 1803 3775 1859 milites

2195 1913 2354 1967 quem
2403 1896 2815 1959 erucitixcrunt,
2849 1903 2908 1949 ιιι
2954 1894 3175 1948 videant
3223 1894 3373 1962 impii
3405 1908 3568 1962 quem
3612 1908 3773 1964 nega-

2194 1996 2407 2055 verunt.
2455 1987 2615 2042 Vives
2659 2004 2673 2041 :
2731 2001 2868 2055 quos
2913 1984 3031 2053 ejus
3080 1985 3344 2040 adventus
3390 1984 3669 2038 invenerit
3721 2000 3775 2037 In

2195 2093 2422 2147 corpore
2468 2077 2730 2131 viventes.
2770 2076 3014 2131 Mortuus
3055 2094 3068 2131 :
3131 2077 3220 2144 qui
3266 2076 3465 2129 mortui
3516 2083 3674 2129 erant
3708 2073 3777 2128 ab

2194 2168 2348 2222 iuitiu
2396 2183 2567 2236 usque
2609 2168 2663 2220 iu
2710 2167 2860 2221 illum
2902 2168 3067 2222 diem.
3114 2166 3205 2221 Vel
3254 2167 3434 2229 aliter,
3502 2167 3674 2228 vivos,
3723 2164 3778 2220 id

2196 2276 2273 2320 cst
2304 2276 2537 2328 sanctos,
2571 2275 2835 2331 mortuos,
2869 2266 2919 2320 id
2946 2275 3031 2321 est
3067 2270 3399 2338 peccatores.

2195 2356 2263 2413 '58
2328 2358 2409 2410 Ad
2431 2357 2582 2426 cujus
2603 2357 2884 2410 adventum
2917 2372 2936 2410 :

2359 2449 2550 2503 Omnes
2575 2449 2811 2503 homines
2842 2464 3107 2519 resurgere
3126 2448 3312 2503 habent
3336 2463 3451 2502 cunt
3472 2446 3775 2517 corporibus

2428 2542 2538 2596 suis
2563 2554 2582 2593 :

2268 2632 2325 2686 In
2363 2632 2594 2687 adventu
2635 2630 2846 2687 Domini
2898 2631 3288 2700 unusquisque,
3337 2630 3453 2684 sive
3492 2630 3623 2698 justi
3662 2630 3778 2683 sive

2204 2731 2544 2792 peccatores,
2624 2735 2913 2792 resurgere
2983 2721 3185 2776 habent
3260 2736 3383 2775 eum
3460 2719 3778 2788 corporibus

2203 2816 2339 2870 suis.
3172 2858 3175 2859 ν
3806 2800 3819 2819 ⁸

2195 2904 2265 2958 53
2339 2902 2405 2957 Et
2448 2900 2714 2956 reddituri
2739 2909 2860 2955 sunt
2886 2900 2953 2955 dc
2988 2899 3144 2970 factis
3165 2900 3394 2970 propriis
3429 2900 3709 2954 rationem.

2268 2994 2518 3049 Reddere
2550 3002 2730 3047 autem
2766 2991 3030 3045 rationem
3060 3007 3074 3044 :
3110 3006 3216 3045 non
3249 2989 3428 3043 fabula
3460 2991 3775 3053 verborum,

508 3077 676 3134 alium
727 3078 1086 3145 ittvisihilem;
1139 3094 1306 3132 unum
1366 3078 1673 3142 mortalem,
1729 3078 1896 3133 aliuut
1951 3059 2167 3131 mor-C
2198 3088 2295 3141 sed
2344 3085 2718 3139 recordaliotte
2773 3082 3018 3136 ouinium
3062 3097 3182 3151 qum
3226 3081 3377 3144 fecit,
3410 3082 3529 3135 sive
3575 3082 3783 3135 bonum

508 3171 731 3242 talem);
759 3170 831 3226 ita
862 3170 1004 3227 Deus
1028 3181 1084 3225 et
1111 3171 1273 3226 homo
1306 3187 1444 3225 unus
1469 3180 1553 3226 est
1578 3171 1856 3226 Christus.

519 3265 592 3320 35
660 3264 766 3331 Qui
787 3282 974 3336 passus
1000 3277 1074 3321 est
1104 3283 1198 3337 pro
1218 3266 1386 3321 salute
1416 3277 1592 3321 nostra
1619 3283 1638 3322 :

674 3355 957 3411 Descendit
993 3359 1063 3412 ad
1088 3359 1284 3428 inferos
1313 3375 1332 3413 :
1369 3360 1654 3414 resurrexit
1684 3376 1716 3414 a
1746 3361 1986 3415 mortuis.

580 3445 640 3501 In
668 3462 778 3517 quo
817 3462 1032 3517 passus,
1061 3449 1115 3502 iu
1163 3464 1273 3520 quo
1317 3450 1632 3514 videbatur,
1682 3450 1735 3504 in
1791 3466 1898 3520 quo
1932 3450 2105 3505 homo

510 3546 655 3601 crat.
684 3539 738 3592 in
786 3554 897 3609 quo
948 3539 1263 3605 crucifixus,
1317 3541 1371 3595 iu
1418 3557 1529 3612 quo
1583 3551 1852 3606 mortuus,
1882 3543 1934 3596 in
1986 3559 2095 3613 quo

511 3628 782 3697 sepultus,
804 3629 857 3683 in
882 3645 993 3698 quo
1017 3631 1321 3687 resurrexit
1348 3648 1360 3684 :
1390 3632 1518 3701 quia
1548 3631 1806 3686 divinitas
1838 3632 2095 3700 impassi-

510 3719 637 3774 bilis
670 3728 775 3783 est,
801 3722 893 3775 sed
930 3721 983 3774 in
1036 3721 1418 3790 conjunctione
1444 3737 1689 3793 personae
1721 3722 1861 3777 illius
1888 3724 1980 3778 Dei
2011 3724 2094 3778 di-

510 3809 656 3864 citur
699 3826 921 3881 passus,
958 3821 1014 3866 et
1049 3812 1102 3865 in
1142 3828 1268 3867 vera
1312 3824 1505 3867 natura
1546 3814 1690 3868 ﬁlius
1737 3814 1973 3870 hominis
2012 3825 2095 3870 est

430 3948 441 3958 ,
507 3913 725 3969 passus.
784 3900 1071 3957 Descendit
1117 3904 1180 3957 ad
1224 3902 1450 3969 inferos,
1480 3904 1691 3960 scilicet
1739 3905 1918 3960 anima
1969 3921 2091 3961 cum

508 3990 690 4046 Verbo
713 4006 728 4045 :
751 3993 873 4063 quia
904 4004 1187 4066 postquam
1209 3996 1518 4051 humanitas
1545 4006 1819 4067 assumpta
1847 4007 1930 4052 est
1956 4013 1985 4051 a
2013 3998 2092 4052 di-

423 4093 441 4168 ;
505 4084 754 4150 vinitate,
782 4096 983 4141 nonest
1003 4098 1253 4158 si-parata
1277 4105 1307 4142 a
1345 4088 1542 4154 Verbo,
1574 4091 1668 4144 sed
1702 4090 1815 4160 ipsa
1842 4090 2022 4144 anima
2059 4106 2089 4145 a

427 4177 445 4226 2"
509 4190 737 4244 corpore
759 4187 1008 4246 separata
1043 4189 1128 4235 est
1173 4198 1193 4232 :r
1235 4180 1361 4250 quia
1417 4181 1597 4234 sinon
1642 4192 1786 4236 esset
1814 4190 2099 4250 separata,

1463 4281 1519 4327 et
1554 4273 1656 4327 iste
1695 4274 1990 4327 descensus
2021 4274 2089 4328 ad

511 4354 681 4409 Solam
732 4359 967 4414 animam
1012 4362 1265 4432 pertinet.
1314 4363 1637 4425 Resurrexit
1673 4381 1702 4418 a
1746 4366 1996 4427 mortuis,
2030 4375 2090 4420 ut

510 4280 713 4334 corpus
751 4285 857 4322 non
906 4270 1170 4339 potuisset
1217 4272 1352 4326 mori
1397 4290 1411 4325 :

2197 3178 2311 3232 sive
2335 3178 2557 3239 malum,
2589 3184 2644 3230 et
2668 3176 2965 3230 secundum
3000 3175 3103 3228 hoc
3132 3175 3506 3244 unusquisque
3541 3173 3777 3242 recipere

2195 3269 2358 3323 debet
2384 3287 2397 3322 ι
2430 3268 2555 3323 boui
2592 3268 2754 3331 bona,
2782 3266 2908 3319 mali
2943 3280 3070 3319 vero
3097 3265 3251 3317 mala.
3664 3312 3667 3315 .

2194 3360 2269 3414 40
2342 3357 2407 3412 Et
2461 3360 2550 3429 qui
2579 3359 2713 3412 tona
2755 3366 2994 3426 egerunt,
3031 3356 3176 3409 ibunt
3207 3355 3445 3409 inritant
3475 3366 3729 3409 (sternam
3753 3364 3776 3406 :

2367 3452 2472 3518 Qui
2501 3468 2621 3506 vero
2651 3450 2813 3515 mula,
2846 3451 2899 3503 in
2922 3451 3089 3520 ignem
3115 3460 3390 3503 (rternunt.

2263 3545 2321 3600 In
2354 3544 2523 3598 vitam
2560 3551 2821 3598 :eteruam
2857 3560 2869 3596 :
2904 3541 3028 3611 quia
3059 3555 3273 3610 semper
3297 3548 3461 3595 erunt
3502 3537 3631 3594 boui
3662 3537 3785 3593 sine

2196 3637 2303 3693 line
2346 3638 2398 3692 iu
2442 3637 2615 3707 gloria
2664 3635 2962 3706 regnaturi.
2996 3634 3053 3688 In
3089 3635 3262 3703 ignem
3306 3643 3575 3687 attentum
3607 3650 3620 3685 :
3654 3632 3781 3694 uris

2195 3744 2412 3797 semper
2451 3728 2558 3781 erit
2603 3725 2757 3780 malis
2798 3725 2915 3780 siue
2962 3724 3065 3776 line
3102 3738 3258 3793 paena
3305 3722 3528 3784 inferni,
3569 3730 3624 3775 et
3664 3723 3775 3775 sine

2193 3818 2300 3872 ulla
2335 3818 2681 3872 miseratione
2715 3833 2836 3872 eum
2883 3829 3111 3885 corpore
3150 3824 3205 3868 et
3235 3815 3453 3877 anima,
3490 3830 3597 3868 non
3648 3829 3773 3867 cort-

2203 3910 2474 3973 sumcudi,
2500 3908 3041 3978 srdsemperarsuri:
3069 3916 3125 3961 et
3154 3905 3696 3974 nuuquatndelieient
3723 3903 3775 3954 in

2193 4001 2411 4056 attentis
2438 4000 2613 4070 pteuis
2643 4000 2907 4053 mansuri.

2200 4092 2267 4149 M
2347 4092 2476 4146 ΙΙηέ
2496 4102 2569 4146 est
2591 4092 2721 4161 ﬁdes
2745 4091 3003 4145 culhofica
3030 4103 3049 4142 :

2361 4180 2535 4247 Quam
2577 4182 2677 4235 nisi
2715 4181 2931 4252 quisque
2973 4178 3202 4250 fideliter
3246 4177 3574 4249 ﬁrmiterquc
3612 4175 3775 4233 credi-

2424 4273 2579 4338 derit,
2608 4273 2785 4327 salvus
2810 4288 2921 4325 esse
2949 4288 3051 4325 non
3073 4271 3285 4340 poterit.

2267 4363 2394 4419 Haec
2430 4373 2513 4418 est
2544 4363 2680 4416 ﬁdes
2720 4362 2984 4416 catholica
3019 4380 3033 4416 :
3065 4361 3207 4415 sicut
3245 4359 3499 4430 superius
3525 4359 3773 4422 diximus.

510 4446 670 4500 nobis
717 4450 1027 4519 exetuplum
1097 4455 1515 4509 resurrectionis
1577 4457 1893 4510 ostenderet
1947 4457 2090 4511 sicut
2123 4426 2170 4483 θ
2197 4457 2299 4511 ista
2323 4464 2407 4510 est
2429 4453 2562 4509 ﬁdes
2581 4455 2869 4531 catholica.
2893 4454 2999 4509 Per
3020 4455 3121 4510 hoc
3146 4455 3232 4510 hic
3254 4455 3771 4524 rogatetadmonct,

509 4536 772 4605 propheta
801 4539 877 4592 ait
902 4539 1048 4610 (Osce
1071 4543 1145 4612 vr)
1168 4561 1179 4596 ε
1207 4543 1337 4598 Post
1367 4545 1503 4599 duos
1525 4545 1641 4598 dies
1663 4546 1946 4600 suseitabit
1968 4561 2090 4611 nos,

512 4636 567 4677 et
585 4626 744 4681 tertia
757 4626 843 4681 die
861 4642 1224 4698 resurgcmus,
1252 4641 1306 4686 et
1320 4633 1371 4686 iu
1389 4644 1679 4703 conspectu
1696 4633 1811 4700 ejus
1826 4636 2085 4689 vivemus.

511 4720 580 4774 5:5
650 4721 894 4776 Ascendit
921 4722 992 4777 ad
1020 4724 1175 4779 caelos
1206 4738 1228 4776 :

672 4808 824 4865 Sedet
853 4813 920 4866 ad
943 4812 1213 4867 dexteram
1238 4814 1334 4868 Dei
1362 4811 1538 4870 Patris
1565 4817 1952 4884 ontnipotcn'is.

578 4900 836 4958 Ascendit
880 4905 947 4959 ad
1003 4906 1189 4967 eteius.
1230 4907 1437 4963 scilicet
1466 4908 1578 4978 ipsa
1620 4909 1927 4962 lunuanitas
1967 4924 2087 4977 quae

511 4988 608 5038 fuit
644 5008 800 5038 ηειςαα
859 4997 993 5038 Qimtl
1027 5000 1197 5038 stt-nn"
1225 5000 1473 5038 .‘ivnrnnl
1510 5015 1523 5027 ·
1564 5000 1668 5038 Viri
1704 4999 1905 5038 ΠιΙῖΙ-ιμῖ
1959 5001 2087 5038 ηιιί]

2197 4554 2259 4601 ιιι
2308 4546 2681 4615 unusquisque
2736 4547 2990 4599 sacerdos
3036 4544 3150 4599 hoc
3194 4546 3335 4599 sciat
3388 4554 3446 4597 et
3495 4545 3767 4614 praedicet.

2195 4640 2392 4706 Quam,
2424 4637 2475 4692 id
2505 4647 2589 4692 est
2619 4653 2781 4706 quam
2816 4639 2994 4699 ﬁdem,
3041 4638 3292 4707 quisque,
3325 4637 3376 4691 id
3421 4646 3506 4690 est
3556 4635 3771 4705 aliquis.

2194 4730 2472 4793 Fideliter,
2500 4739 2557 4783 ut
2586 4731 2652 4785 de
2678 4745 2740 4785 ea
2785 4745 2891 4783 non
2920 4731 3149 4785 dubitet.
3181 4729 3464 4791 Firmiter,
3504 4739 3562 4781 ut
3603 4728 3772 4779 mitius

2195 4835 2224 4873 a
2261 4829 2346 4871 tua
2391 4818 2494 4873 ﬁde
2544 4827 2594 4872 te
2636 4834 2917 4873 removere
2962 4818 3158 4887 possit,
3186 4818 3331 4871 nullo
3366 4819 3663 4871 schismate
3695 4812 3772 4867 vel

2196 4911 2411 4965 luet-esi.
2458 4909 2526 4965 Et
2563 4910 2615 4965 si
2655 4911 2728 4964 ita
2779 4927 2885 4965 non
2925 4911 3224 4966 credideris
3290 4909 3473 4964 salvus
3517 4924 3640 4965 esse
3672 4922 3771 4962 non

2197 5001 2396 5038 suntut-ie
