3994 5370
1282 381 1639 438 EPISTOLAZ
1679 381 1765 437 ET
1806 383 2216 438 PiliVlLliClA.
3351 379 3454 438 δτι

203 594 3073 632 mm

897 759 1804 875 GBEGOBII
1879 759 2426 876 parm
2505 723 2720 873 τη

681 998 1497 1114 EPISTOL/E
1608 999 1807 1110 ET
1923 1000 2946 1116 PBIVILEGIA.

965 1372 1006 1427 l.

216 1485 470 1529 CREGORII
527 1485 676 1523 PAP£
725 1481 776 1519 γι
816 1481 983 1521 BCLIA
1041 1479 1141 1517 ιιιιο
1177 1476 1428 1517 FARFENSI
1487 1473 1735 1514 εαῑκοηιο

567 1553 794 1600 ειυδρυκ
851 1551 1057 1589 ΛΒΒΛΤΒ
1108 1549 1395 1588 Αωιεκιεο.

749 1625 928 1696 (Anno
956 1624 1128 1678 10‘5-
1145 1623 1225 1692 6.)

321 1721 639 1796 [Μαι-³101³1,
672 1719 790 1773 Rer.
822 1718 950 1774 Ital.
972 1717 1171 1785 Script.
1207 1716 1270 1780 ll,
1303 1732 1364 1779 tt,
1389 1730 1444 1784 p.
1474 1712 1626 1786 μᾶ]

248 1836 562 1892 Gancoatus
603 1832 909 1902 episcopus,
957 1844 1146 1886 servus
1199 1845 1475 1884 servorum
1526 1827 1643 1890 Dei,
1675 1827 1770 1880 ab-

179 1925 291 1980 bati
342 1929 644 1988 Aurunco,
690 1923 1045 1992 omnibusque
1088 1922 1348 1976 fratribus
1381 1921 1481 1974 sibi
1513 1920 1772 1989 subjectis

180 2017 494 2072 monasterii
537 2014 741 2080 Farfzc,
788 2013 1014 2070 salutem
1054 2021 1110 2068 et
1154 2011 1502 2082 apostolicam
1544 2009 1771 2064 benedi-

180 2113 443 2166 ctionem.

249 2197 447 2254 Notum
483 2199 552 2254 sit
581 2198 833 2253 omnibus
871 2196 1161 2267 episcOpis.
1201 2195 1456 2256 ducibus,
1499 2193 1770 2248 marcido-

181 2291 372 2354 nibus,
410 2291 732 2353 comitibus,
782 2289 1074 2358 majoribus
1109 2297 1163 2342 et
1203 2286 1504 2342 minoribus
1545 2285 1596 2338 in
1637 2286 1769 2338 orbe

179 2382 427 2435 Romano
475 2383 816 2451 degentibus,
863 2380 1004 2449 quod
1049 2380 1216 2434 abbas
1266 2377 1442 2432 Faria:
1500 2375 1767 2438 coenobii,

179 2471 387 2529 scilicet
421 2473 750 2534 Almericus,
795 2471 1116 2541 deprecatus
1153 2479 1237 2523 est
1278 2479 1517 2524 nostram
1547 2468 1768 2522 celsitu-

181 2565 358 2618 dinem
389 2580 453 2618 ac
480 2564 802 2618 charitatem
835 2578 954 2616 cum
983 2577 1142 2631 grege
1169 2561 1268 2615 sibi
1301 2558 1610 2622 commisso,
1636 2574 1768 2628 qua-

181 2663 338 2708 trnus
366 2669 490 2723 qua:
520 2653 905 2707 ordinaverunt
935 2661 1097 2722 atque
1145 2653 1544 2706 const'tuerunt
1590 2650 1762 2704 sancti

1781 1357 1786 1361 ’
1802 1370 1850 1431 Α
1879 1369 2020 1439 quod
2049 1383 2078 1422 a
2125 1377 2309 1423 sancta
2343 1369 2587 1424 Romana
2645 1368 2882 1424 Ecclesia
2939 1371 3211 1427 communi
3259 1382 3454 1442 matre,

1874 1459 2116 1512 onnium
2163 1460 2417 1528 magistra
2463 1465 2518 1513 et
2556 1460 2797 1525 domina,
2831 1475 2936 1514 non
2986 1461 3157 1516 solum
3203 1465 3458 1534 splendor

1874 1559 2075 1603 sanctae
2124 1549 2396 1620 religionis
2443 1551 2754 1604 universum
2803 1552 3060 1606 mttndum
3111 1553 3453 1620 illuminavit,

1873 1639 1965 1694 sed
2001 1641 2163 1695 etiam
2205 1641 2387 1697 multis
2433 1643 2797 1713 indigentibus
2850 1659 2947 1715 per
2984 1645 3229 1703 diversas
3276 1659 3456 1718 partes

1873 1742 2033 1789 terra:
2087 1736 2391 1790 necessaria
2421 1738 2622 1805 pietate
2682 1738 2958 1792 distribuit
3010 1756 3023 1792 :
3083 1739 3243 1794 modo
3305 1755 3457 1803 vero,

1871 1827 2110 1898 peccatis
2139 1844 2243 1882 non
2290 1836 2497 1881 tantum
2539 1829 2742 1883 nostris
2795 1829 2888 1884 sed
2957 1831 3119 1884 etiam
3162 1831 3454 1886 multarum

1873 1917 2113 1988 gentium
2144 1919 2502 1988 exigentibus,
2525 1929 2580 1974 et
2609 1920 2660 1974 in
2685 1920 2940 1990 religiooe
2963 1919 3167 1992 friguit,
3192 1931 3248 1976 et
3276 1933 3451 1976 terre-

1871 2021 1970 2062 nas
2013 2022 2143 2076 opes
2200 2007 2392 2076 majori
2425 2024 2491 2066 ex
2541 2017 2694 2078 parte
2727 2012 2928 2066 amisit.
2983 2010 3234 2066 Nonnulli
3288 2013 3451 2065 etiam

1872 2098 2253 2167 imperatores,
2305 2115 2457 2171 reges
2493 2109 2549 2156 et
2590 2102 2881 2172 principes,
2928 2103 3158 2158 aliorum
3203 2103 3452 2158 ordint'tn

1870 2205 2137 2262 personae,
2191 2193 2390 2248 misera
2419 2195 2716 2263 cupiditate
2741 2197 2910 2266 capti,
2956 2206 3259 2252 maternam
3285 2196 3452 2250 male-

1869 2281 2158 2337 dictionem
2186 2285 2461 2338 incurrere
2492 2302 2597 2341 non
2631 2288 2904 2351 timentes,
2933 2289 3051 2358 ejus
3078 2290 3450 2360 possessiones

1871 2374 2208 2441 invaserunt,
2235 2377 2623 2444 distraxerunt,
2651 2387 2706 2431 et
2736 2378 2788 2432 in
2820 2380 3064 2448 proprios
3079 2394 3208 2434 usus
3231 2379 3452 2449 redege-

1870 2476 1997 2522 runt
2044 2485 2058 2521 :
2110 2469 2223 2538 qui,
2275 2469 2441 2522 etiam
2473 2469 2652 2540 gladio
2688 2471 3049 2526 anathematis
3096 2471 3356 2542 percussi,
3395 2480 3452 2525 et

1871 2573 2021 2614 more
2053 2559 2282 2615 infelicis
2317 2558 2466 2617 Iuda:
2514 2563 2786 2635 sacrilegii
2836 2564 3050 2619 vinculo
3092 2563 3450 2636 strangulati,

1871 2666 1938 2705 ne
1967 2653 2034 2705 ad
2065 2653 2437 2722 paenitentiam
2466 2656 2732 2719 redirent,
2763 2657 3140 2728 desipucrunt.
3171 2655 3306 2712 Hinc
3335 2657 3440 2726 igi-

182 2747 385 2815 antiqui
425 2747 710 2815 pontifices
764 2747 815 2800 in
859 2744 1098 2800 Farfcnsi
1147 2745 1393 2800 cmuohio
1446 2745 1615 2798 beatm
1657 2741 1702 2796 Μ
1723 2763 1764 2793 i-
1799 2723 1836 2780 Β
1870 2748 1958 2793 tur
1986 2740 2196 2812 inopia,
2227 2743 2645 2807 devastatioues,
2673 2723 2980 2813 latrocinia,
3010 2747 3228 2818 rapinae,
3257 2723 3448 2802 contra

184 2838 271 2889 ri:e
315 2853 535 2905 semper
563 2837 809 2907 virginis,
840 2836 1305 2892 conﬁrmaremus.
1336 2839 1518 2906 itaque
1540 2852 1600 2890 ea
1637 2852 1764 2889 con-

184 2925 464 2982 ﬁrmamus
492 2937 544 2980 et
573 2928 1015 2988 corroboramus,
1048 2927 1299 2982 videlicet
1335 2937 1391 2980 ut
1422 2942 1449 2980 a
1481 2926 1763 2995 qualicun-

181 3034 282 3086 que
310 3019 567 3088 episcopo
604 3018 863 3088 placuerit
892 3017 1069 3072 abbati
1107 3018 1191 3071 vel
1221 3017 1502 3072 monachis
1523 3016 1761 3084 ejusdem

185 3112 496 3165 monasterii
549 3111 759 3166 sacrari
815 3126 940 3165 snas
1005 3110 1262 3166 ecclesias
1328 3125 1392 3165 ac
1470 3112 1764 3165 monachos

181 3201 421 3254 ordinari
473 3217 622 3264 suos,
689 3211 875 3256 nostra
923 3201 1134 3256 licentia
1198 3209 1570 3272 pueceptoque
1635 3202 1758 3268 fiat;

183 3298 252 3352 et,
288 3298 346 3342 ut
376 3289 560 3344 verius
597 3289 870 3352 credatur,
910 3299 1094 3345 nostro
1123 3291 1298 3360 sigillo
1345 3290 1396 3345 in
1441 3301 1760 3362 perpetuum

181 3379 618 3432 corroboramus.
657 3377 712 3432 Si
744 3379 863 3446 quis
894 3388 1070 3434 autem
1111 3380 1236 3436 huic
1272 3390 1459 3435 nostro
1493 3392 1762 3451 praecepto

182 3471 494 3524 contrarius
523 3470 812 3538 exstiterit,
837 3470 920 3525 vel
975 3471 1273 3537 violaverit,
1306 3490 1338 3527 ι
1366 3472 1535 3529 libras
1560 3475 1675 3528 auri
1706 3475 1760 3527 in

179 3562 494 3627 aposto’icze
524 3561 657 3614 aula:
688 3562 978 3627 tlic'saurTs,
1005 3571 1060 3616 et
1085 3579 1115 3616 Χ
1148 3562 1201 3617 in
1232 3564 1401 3619 beata:
1425 3563 1604 3620 Maria:
1636 3563 1763 3618 Viro

180 3653 263 3721 g'n
289 3667 318 3706 s
347 3666 415 3721 pe
445 3667 472 3706 s
492 3652 638 3707 ilvat.
670 3651 737 3708 Et
764 3655 865 3708 hoc
891 3655 1273 3710 constituimus
1319 3670 1425 3711 non
1458 3665 1664 3710 tantum
1707 3658 1759 3711 in

179 3746 440 3797 comitatu
474 3745 750 3805 Abii-.ensi,
785 3747 880 3801 sed
912 3756 966 3802 et
990 3748 1042 3801 in
1075 3747 1334 3812 Marehia,
1359 3759 1412 3802 et
1436 3749 1487 3802 in
1511 3750 1674 3802 omni!
1699 3764 1762 3804 us

181 3837 329 3892 erilis
355 3838 670 3906 supradicto
713 3839 963 3894 coenobio
1011 3839 1292 3908 subjectis,
1319 3840 1400 3895 vel
1457 3839 1762 3909 ubicunque

182 3928 420 3996 aliquam
446 3929 681 3997 posside?
709 3931 1100 3998 possessionem
1126 3931 1566 3986 ecclesiasticam.
1599 3930 1760 3986 Cleri-

179 4019 223 4072 ci
267 4034 487 4089 quoque
517 4021 774 4090 degentes
819 4020 870 4075 in
913 4021 1158 4077 ccclesiis
1206 4020 1447 4089 ejusdem
1500 4021 1762 4086 ctenobii,

181 4111 280 4164 lzac
317 4110 567 4166 libertate
597 4119 830 4175 utentes,
861 4125 1048 4166 sacros
1084 4113 1302 4166 ordines
1351 4109 1601 4165 siniilitcr
1627 4112 1760 4164 reci-

180 4202 330 4268 piant
362 4217 389 4254 a
421 4201 785 4272 qualicunque
825 4203 1078 4271 epismpo
1131 4202 1307 4256 abbati
1339 4200 1594 4270 placuerit
1625 4200 1760 4256 Far.

179 4290 347 4357 feusi;
387 4303 762 4347 verumtamen
816 4294 918 4349 hoc
959 4292 1213 4363 jubetnus
1265 4303 1532 4362 quatenus
1583 4294 1636 4347 bi
1674 4309 1763 4350 or-

180 4382 330 4438 d'nes
361 4385 492 4438 tiant.
519 4400 549 4438 a
597 4384 754 4439 bonis
780 4394 834 4438 et
881 4400 910 4438 a
947 4384 1231 4440 catholicis
1288 4383 1575 4456 episcopis.
1610 4385 1758 4440 Bene

183 4475 372 4530 valete.

943 4567 1007 4622 11.

294 4671 545 4715 ςηςοιιιι
586 4675 640 4713 τι
680 4674 938 4714 εριετοιλ
969 4676 1036 4714 AD
1071 4675 1241 4714 OMNES
1279 4673 1647 4715 CllBlSTIAN"S.

729 4752 913 4819 (Anno
944 4751 1122 4805 1045-
1146 4751 1222 4820 6.)

185 4839 370 4896 Iliam:
403 4854 482 4899 ter
516 4845 571 4898 in
605 4861 745 4897 anno
783 4860 838 4898 se
881 4844 1262 4898 celebraturum
1300 4845 1516 4911 spondet
1553 4861 1646 4914 pro
1693 4845 1759 4897 iis

249 4915 332 4980 qui
384 4931 438 4967 se
491 4914 783 4968 coltaturos
838 4924 1133 4968 statuerant
1196 4930 1426 4967 annuam
1483 4914 1756 4981 pecuniam

247 4999 337 5052 pro
368 4985 527 5037 sartio
571 4987 721 5038 tectis
772 4984 1082 5053 templorum
1139 4981 1388 5037 ﬂammma
1428 4987 1592 5038 urbis.

415 5097 616 5128 111...ρῖ
680 5096 864 5130 Γηηρὲι
938 5109 1046 5132 an.»
1105 5096 1170 5132 40
1221 5096 1300 5134 nni
1357 5097 1506 5136 Rlll

1868 2833 2043 2903 ipsum
2084 2834 2337 2890 Ecclesiae
2391 2845 2572 2906 caput,
2626 2839 2844 2893 beatum
2890 2838 3138 2895 videlicet
3181 2839 3401 2894 Petrum
3431 2879 3448 2904 ,

1865 2931 1921 2978 et
1971 2924 2023 2978 in
2069 2924 2186 2994 ejus
2224 2927 2378 2995 quasi
2424 2926 2720 2982 visceribus
2761 2938 2964 2984 exorta:
3017 2938 3163 2984 sunt.
3214 2929 3450 2984 Proinde

1863 3014 2079 3084 prepria
2125 3016 2294 3084 ipsius
2335 3017 2585 3080 ecclesia,
2631 3028 2686 3072 et
2745 3020 2804 3073 Β.
2852 3019 3026 3084 Pauli,
3067 3036 3189 3091 qua:
3230 3019 3443 3075 illorum

1864 3103 2182 3173 corporibus
2209 3120 2303 3174 per
2327 3115 2494 3160 totum
2523 3107 2708 3162 orbem
2739 3107 3026 3179 refulgent,
3073 3118 3127 3164 et
3153 3124 3251 3164 suo
3276 3109 3445 3164 odore

1865 3208 2071 3263 suaque
2104 3196 2305 3265 pietate
2343 3211 2532 3252 omnes
2561 3198 2628 3251 ad
2660 3213 2720 3252 se
2759 3209 2947 3269 gentes
2977 3209 3292 3270 provocant,
3329 3197 3444 3268 jam

1857 3283 1966 3352 jam
2002 3286 2135 3340 heu!
2176 3287 2308 3356 proh
2335 3287 2515 3343 dolor!
2558 3289 2766 3343 ruinam
2791 3290 3085 3344 minantur.
3131 3289 3282 3346 Unde
3319 3305 3443 3355 nos,

1864 3385 2136 3446 utcunque
2165 3379 2374 3433 meritis
2403 3395 2668 3449 pauperes
2688 3421 2702 3443 ,
2734 3396 2834 3435 nec
2865 3383 3024 3437 rebus
3067 3382 3280 3453 quidem
3309 3382 3447 3436 divi-

1866 3477 1968 3532 tes,
1994 3470 2276 3538 coepimus,
2308 3480 2363 3524 ut
2395 3478 2548 3526 tanto
2587 3472 2826 3540 periculo
2863 3471 2972 3526 Deo
2999 3473 3285 3542 adjuvante
3323 3489 3446 3529 suc-

1863 3574 2106 3625 currere,
2135 3577 2460 3630 manumque
2490 3562 2741 3629 adjutorii
2769 3563 2834 3616 a'l
2866 3562 3271 3617 instaurandum
3301 3577 3441 3632 pra:-

1861 3649 1991 3704 bere
2029 3665 2328 3721 possemus.
2381 3651 2492 3706 Iloc
2540 3664 2718 3706 autem
2751 3651 2985 3720 rcl‘giosi
3028 3651 3210 3706 clerici
3249 3653 3438 3706 viden-

1863 3751 1964 3802 tes.
1990 3751 2045 3796 et
2083 3741 2203 3798 laici
2239 3743 2640 3813 quatnplurimi,
2668 3759 2805 3814 quos
2832 3742 3148 3798 Guillehnus
3174 3743 3441 3814 gloriosas

1864 3833 2169 3903 Aquitania:
2212 3835 2317 3889 dux
2346 3837 2411 3888 ad
2444 3843 2684 3888 nostrum
2714 3834 2970 3888 auxilium
3001 3834 3227 3889 incitare
3255 3834 3440 3902 erepit,

1863 3941 2188 3996 unoquoque
2239 3943 2384 3980 anno
2421 3928 2488 3982 de
2530 3927 2642 3981 suis
2705 3927 2864 3981 rebus
2909 3926 3208 3982 oblationes
3257 3925 3443 3995 largiri

1863 4016 2268 4086 disposuerunt,
2319 4019 2386 4071 ad
2419 4019 2521 4072 hoc
2566 4019 2875 4088 specialiter
2907 4026 2963 4071 ut
2989 4033 3051 4074 ea
3085 4033 3205 4087 quae
3248 4018 3298 4070 in
3326 4017 3442 4084 ejus

1812 4119 1832 4136 λ
1863 4111 2076 4178 propria
2135 4111 2361 4164 esclesia
2409 4119 2534 4165 sunt
2582 4112 2886 4165 necessaria
2954 4119 3326 4165 restaurentur
3383 4117 3444 4165 et

1863 4199 2217 4264 aedificentur,
2271 4209 2536 4270 quatenus
2559 4202 2900 4272 omnipotens
2927 4202 3206 4261 Dominus,
3247 4212 3302 4255 et
3344 4217 3440 4254 eo-

1864 4306 1981 4344 rum
2033 4291 2242 4345 meritis
2295 4301 2349 4345 et
2394 4291 2614 4361 specidi
2654 4301 2853 4346 sancta:
2902 4293 3153 4346 Romanae
3190 4293 3442 4346 Ecclesiae

1860 4380 2235 4449 oratione,per
2255 4395 2436 4435 veram
2460 4381 2830 4451 pmnitentiam
2862 4381 3030 4435 eosad
3054 4395 3171 4434 eam
3193 4380 3346 4435 tide-u
3364 4381 3439 4433 in-

1861 4482 2108 4526 staurare
2131 4470 2447 4545 [dignetur],
2478 4488 2638 4542 quam
2655 4473 2706 4526 in
2721 4472 2988 4542 baptismo
3001 4472 3226 4526 Domino
3241 4473 3436 4542 prorni-

1861 4569 2070 4626 serunt,
2083 4571 2155 4624 et,
2172 4561 2406 4616 t-(Blestis
2420 4562 2608 4632 patria:
2623 4563 2832 4616 ruinam
2854 4562 3164 4626 restituens,
3179 4561 3230 4615 iu
3243 4571 3444 4616 aeterm
3517 4557 3522 4561 ’

1859 4656 2190 4712 beatitudine
2217 4671 2311 4710 eos
2351 4655 2593 4710 collucet.
2635 4655 2877 4722 Quorum
2919 4671 3018 4710 nos
3061 4655 3306 4708 videntes
3353 4654 3445 4707 de-

1859 4749 2128 4802 votionem
2178 4756 2234 4801 et
2267 4746 2592 4802 laudabilem
2645 4762 2768 4816 erga
2815 4761 3156 4802 communem
3207 4753 3437 4798 matrem

1858 4839 2220 4902 dilectionem,
2267 4849 2378 4894 tam
2426 4854 2524 4910 per
2553 4853 2650 4893 nos
2679 4855 2842 4908 quam
2879 4841 3044 4894 etiam
3090 4853 3185 4905 per
3228 4851 3444 4890 succes-

1859 4943 2012 4984 sores
2058 4939 2274 4984 nostros
2331 4942 2411 4985 ter
2459 4930 2512 4983 in
2547 4943 2690 4982 anno
2732 4943 2857 4981 cum
2888 4928 3138 4984 omnibus
3187 4924 3445 4978 Romanis

1858 5023 2119 5078 Ecclesiis
2155 5024 2482 5093 generaliter
2524 5021 2743 5075 missam
2796 5021 3100 5082 celebrare,
3142 5024 3196 5069 et
3243 5015 3446 5082 septies

2807 5109 2883 5140 ἒ...
2896 5127 2955 5140 η..
2982 5121 3130 5140 eorum
3163 5103 3447 5140 traiectu-una

1859 5115 2072 5140 ἷΙΙι--ιιονι
2100 5113 2407 5140 ρηΑΛῖσιΙῖΟΑ-
2454 5110 2770 5140 ΜΛιηΛιιῖοὶΜ
