3994 5370
485 285 587 339 5ἷῦ

488 501 735 543 ςιιεῡοιιιι
778 497 920 541 ΓΑΡίΕ
962 503 1013 540 Vl
1055 502 1313 541 EPISTOLA
1360 502 1428 541 AD
1468 501 1752 542 ROLANDUI
1790 474 2053 541 εςειεςιιέ

892 573 1238 613 FLORENTIM
1279 574 1504 612 PREPGSI
1514 575 1544 612 τ
1553 574 1581 613 U
1590 574 1620 611 ὶΙ
1630 596 1645 610 .

1086 648 1264 715 (Anno
1290 644 1472 716 1046.)

491 731 744 787 ΕιτΙρδῐεε
774 732 1095 789 Florentium
1124 736 1387 789 canonicis
1425 735 1693 789 ecclesiam
1724 733 1784 790 S.
1827 733 2061 787 Danubii

558 820 619 874 cit
647 806 755 873 lege
781 805 966 874 donat,
1017 815 1070 857 ut
1101 807 1384 874 quotannis
1442 807 1562 858 auri
1597 806 1823 859 solidum
1858 805 2057 874 palatio

562 870 952 945 [Lutérnnensi]
981 870 1229 943 pendant.

824 961 1084 1034 [Ughelli,
1116 960 1281 1017 Italia
1304 979 1473 1027 sacra,
1500 962 1584 1029 ιιι,
1614 962 1730 1036 65.]

564 1073 870 1129 Cnscomos
899 1072 1216 1143 episcopus,
1265 1088 1452 1128 servus
1468 1068 1755 1128 servorum
1799 1073 1914 1138 Dei,
1955 1072 2067 1127 llo-—

497 1179 668 1218 IANDO
699 1162 1022 1217 Florentium
1047 1163 1320 1217 canonica:
1347 1163 1658 1233 pra-posito,
1701 1164 1910 1232 tuisque
1942 1178 2064 1217 suc-

498 1254 803 1314 tessoribus
831 1263 1142 1323 perpetuam
1171 1255 1223 1309 in
1252 1253 1479 1309 Domino
1508 1255 1754 1309 salutem.

569 1346 797 1417 Oportet
825 1348 962 1401 bene
995 1348 1325 1403 merentibus
1352 1348 1509 1420 digna
1543 1348 1836 1417 rependere
1864 1347 2065 1401 benen-

501 1433 606 1497 cia,
635 1444 689 1489 et
720 1434 837 1489 illos
864 1435 1206 1490 accumulare
1240 1436 1418 1501 donis,
1446 1451 1672 1507 quorum
1712 1435 1902 1489 devota
1937 1450 2061 1490 con-

502 1535 610 1580 stat
648 1540 764 1581 esse
801 1525 1052 1580 servitus.
1103 1525 1180 1580 Tu
1223 1535 1429 1592 autem,
1459 1526 1529 1580 ﬁli
1567 1526 1907 1588 charissime.
1941 1525 2069 1594 quia

503 1630 692 1683 parum
724 1615 924 1685 aliquid
950 1615 1235 1671 decreviSti
1265 1631 1296 1670 a
1326 1617 1479 1673 nobis
1503 1630 1821 1687 exposcere,
1841 1614 2070 1669 libenter

1282 284 1605 341 CRECOlel
1646 284 1844 340 ΡΑΡᾸΞ
1887 285 1945 339 Vl
1980 279 2334 337 EPISTOLJS
2376 279 2464 336 ET
2505 278 2911 336 PRIVILEGiA.

3627 275 3753 332 576

2085 378 2132 434 Α
2165 370 2429 424 Henricus
2461 370 2667 425 scilicet
2698 385 2791 424 rex
2838 368 3185 431 Francorum,
3210 366 3595 437 paternitatem
3643 384 3745 422 no-

2159 470 2330 514 swam
2371 458 2649 513 humiliter
2676 459 2971 512 obsecrans
3019 469 3077 510 ut
3106 456 3390 526 quamdam
3439 455 3638 511 cellam
3685 458 3743 511 in

2156 565 2294 622 pago
2324 549 2730 605 Viromandcusi
2753 550 3005 615 sitam,in
3036 551 3239 604 honore
3265 559 3466 604 sancta:
3500 549 3745 604 Trinita-

2158 645 2228 699 tis
2264 658 2328 697 ac
2356 642 2528 697 sancti
2556 640 2797 709 Quintini
2823 642 3075 712 martyris
3101 651 3489 706 constructam,
3520 652 3747 712 aposto-

2158 734 2274 790 lica:
2292 734 2635 789 auctoritatis
2666 733 2917 804 prmsidio
2944 732 3295 796 muniremus,
3325 747 3513 801 quam,
3546 746 3747 802 sugge-

2162 828 2404 884 rentibus
2433 826 2680 882 Rotberti
2726 826 2914 881 militis
2955 826 3110 880 bona:
3143 825 3418 879 memoria:
3446 823 3600 887 ﬁliis,
3648 824 3742 892 qui

2161 921 2406 976 eamdem
2460 919 2785 975 abbatiolam
2829 917 2953 988 jure
3000 916 3243 972 beneﬁcii
3297 916 3624 986 possident,
3671 914 3742 968 ad

2161 1026 2343 1066 sacrm
2371 1009 2646 1081 religionis
2692 1008 2894 1063 cultum
2924 1006 3286 1061 venembilem
3323 1005 3537 1075 erigere
3574 1018 3755 1058 cona~

2163 1112 2251 1159 tus
2286 1110 2393 1168 est,
2431 1117 2498 1156 ac
2550 1101 2710 1172 regite
2756 1100 3039 1171 potestatis
3082 1106 3351 1168 prtecepto
3395 1094 3759 1151 corroborari.

2163 1193 2315 1247 nisus
2340 1202 2443 1247 est.
2483 1190 2722 1258 Quorum
2760 1187 3004 1258 petitioni
3029 1187 3451 1256 congaudentes,
3485 1182 3759 1238 ecclesia~
3842 1234 3852 1245 ,

2163 1280 2285 1335 stici
2309 1280 2737 1350 vigorismanum
2762 1277 3052 1339 ereximus,
3085 1283 3161 1342 et,
3187 1291 3250 1329 ex
3274 1289 3336 1329 ea
3358 1289 3465 1343 qua
3488 1272 3742 1327 fulcimur

2165 1370 2825 1444 apostolicaauetoritate,
2856 1368 3201 1438 praecipimus
3243 1375 3301 1420 ut
3335 1362 3619 1436 prmfatam
3649 1361 3751 1415 ab--

2170 1464 2371 1520 batiatn
2398 1476 2557 1518 nemo
2596 1474 2830 1530 unquam
2864 1457 3200 1513 saecularium
3237 1454 3536 1525 possideat,
3564 1466 3743 1520 neque

2170 1570 2235 1612 ex
2284 1556 2443 1609 rebus
2494 1551 2733 1621 ejusdem
2780 1548 3023 1605 ecclesiae
3054 1547 3346 1617 quidquam
3395 1543 3500 1598 sibi
3547 1541 3738 1611 aliquis

2174 1653 2413 1715 usurpet,
2447 1659 2551 1698 non
2576 1657 2692 1707 rex,
2730 1655 2835 1695 non
2864 1654 3070 1703 comes,
3101 1652 3208 1691 non
3230 1636 3537 1706 episcopus,
3572 1642 3755 1702 nequc-

505 1713 560 1794 ct
599 1705 694 1775 ipsi
725 1704 1063 1760 decrevimus
1088 1722 1326 1760 anuuere
1348 1724 1367 1760 ε
1388 1707 1586 1760 etenim
1614 1704 1839 1761 tnultunt
1869 1703 2070 1758 laboris
2100 1726 2145 1784 Β
2174 1703 2409 1805 (ιηίηξηί
2427 1703 3021 1802 princeps’quacunque
3056 1703 3322 1797 putemne
3341 1703 3623 1795 ρώπως,
3651 1721 3747 1774 τη,

505 1790 838 1866 multumque.
880 1798 1138 1868 ponderis
1163 1798 1384 1870 jamjam
1431 1799 1731 1853 sustinuisti
1764 1813 1861 1868 pro
1901 1797 2075 1862 nobis,

509 1889 640 1943 aleo
668 1896 727 1942 ut
766 1903 870 1942 non
936 1889 1121 1958 parvis
1167 1889 1260 1943 sed
1306 1889 1512 1959 magnis
1560 1887 1721 1942 etiam
1768 1884 2082 1939 muneribus

430 1996 438 2004 ·
508 1986 703 2055 dignus
741 1985 1054 2041 inveniatis.
1087 1985 1199 2039 Tua
1238 1999 1367 2039 vero
1396 1984 1583 2054 petitio
1615 1991 1700 2038 est
1745 1990 1804 2035 ut
1850 1978 2080 2034 ecclesia

515 2079 578 2134 S.
613 2080 859 2145 Donuini,
893 2080 1065 2149 posita
1106 2080 1158 2134 in
1191 2081 1448 2135 comitatu
1467 2079 1777 2135 Florentino
1807 2076 1953 2146 juxta
1985 2074 2083 2127 lu-

510 2171 657 2223 vium
686 2169 917 2236 Arnum,
953 2170 1003 2222 in
1028 2169 1337 2239 episcopatu
1370 2169 1426 2225 S.
1451 2168 1696 2237 Joannis,
1733 2170 1788 2224 in
1810 2173 2083 2228 territorio

513 2259 682 2331 plebis
709 2259 767 2314 S.
798 2259 1009 2314 Martini
1027 2260 1079 2314 in
1099 2259 1324 2324 Brozzo,
1342 2261 1480 2330 juris
1506 2271 1703 2316 nostra:
1716 2261 1939 2329 8.3.8.,
1961 2278 2082 2319 cum

514 2349 765 2403 erunibus
807 2349 1045 2420 ejusdem
1099 2350 1459 2420 pertinentiis,
1499 2351 1807 2421 ubicunque
1855 2354 2083 2408 inveniri

515 2451 762 2515 possunt,
793 2443 1119 2497 concedatur
1162 2444 1228 2496 ab
1255 2443 1554 2512 apostolatui
1604 2453 1790 2498 nostro
1815 2446 1966 2500 vobis
1996 2462 2086 2500 ve-

517 2534 752 2601 strisque
787 2531 1192 2587 successoribus
1220 2533 1494 2586 canonicis
1524 2533 1578 2588 in
1609 2542 1791 2588 vestra
1823 2534 2083 2589 canonica

519 2624 803 2679 seri-ituris
841 2626 892 2679 in
933 2634 1275 2695 perpetuum.
1307 2624 1457 2691 Quod
1490 2626 1699 2682 scilicet
1751 2628 1883 2682 satis
1932 2628 2088 2683 nobis

519 2715 771 2770 videatur
800 2731 1011 2784 parum,
1042 2716 1164 2786 quia
1207 2732 1309 2769 non
1355 2726 1530 2787 potest
1566 2732 1687 2773 esse
1730 2719 1963 2773 servitus
1991 2720 2087 2773 ad-

521 2814 757 2873 :equata.
784 2804 1141 2861 Concedimus
1189 2806 1352 2878 igitur
1384 2816 1489 2861 tam
1518 2809 1669 2863 vobis
1696 2826 1856 2880 quam
1897 2821 2090 2866 vestra:

525 2895 802 2951 canonica:
830 2897 1129 2967 vestrisque
1176 2899 1577 2954 successoribus
1604 2901 1880 2955 canonicis
1917 2900 1968 2955 in
1999 2915 2091 2955 ea-

525 2986 647 3045 dem
675 2987 929 3042 canonica
960 2987 1241 3043 servituris
1272 2988 1611 3044 ecclesiolam
1661 2990 1830 3061 ipsam
1872 2989 1928 3045 S.
1960 2991 2094 3044 Don-

2180 1825 2310 1889 lam,
2346 1835 2438 1877 aut
2462 1836 2727 1885 mansum,
2753 1819 2836 1874 vel
2873 1832 3143 1887 campum,
3172 1816 3287 1869 sive
3307 1813 3738 1873 consuetudines.

2179 1931 2274 1971 seu
2304 1912 2675 1969 districtioues
2703 1918 2861 1965 terra:
2903 1906 3242 1978 prictitulatae
3279 1903 3510 1958 abbatia:
3544 1915 3736 1971 appen«

2181 2005 2381 2069 dentis,
2407 2003 2460 2059 in
2487 2001 2784 2057 dominium
2806 1998 2907 2052 sibi
2945 1996 3230 2065 subripiat,
3264 1992 3366 2047 nisi
3394 1991 3532 2046 forte
3563 1989 3741 2042 tuendi

2183 2111 2246 2151 ae
2278 2092 2598 2149 defendendi
2640 2102 2823 2151 causa,
2864 2095 2920 2141 et
2965 2086 3066 2139 boc
3109 2082 3321 2138 nonnisi
3362 2079 3601 2148 ejusdem
3647 2076 3741 2131 loci

2183 2183 2447 2255 regularis
2473 2180 2686 2235 abbatis
2729 2177 2820 2232 lict
2860 2174 3235 2247 permissione.
3267 2171 3325 2227 Si
3356 2171 3479 2242 quis
3506 2185 3630 2223 vero
3655 2182 3747 2238 pro

2182 2276 2286 2331 bac
2308 2271 2652 2342 adipiscenda
2674 2266 2957 2339 pecuniam
2982 2263 3064 2319 vel
3096 2262 3366 2333 quodlibet
3416 2273 3613 2315 munus
3639 2256 3742 2326 regi

2185 2377 2279 2423 aut
2320 2365 2543 2422 cuilibet
2578 2359 2807 2433 principi
2845 2356 3055 2411 dederit
3102 2355 3215 2408 sive
3255 2350 3586 2422 promiserit,
3628 2348 3743 2401 sub-

2187 2456 2480 2515 iuferenda:
2514 2448 2874 2509 maledictioni
2917 2444 3234 2514 subjacebit.
3265 2443 3349 2497 Sit
3396 2441 3559 2512 igitur
3583 2439 3743 2493 eidem

2186 2547 2429 2603 ecclesia:
2471 2542 2637 2597 abbas
2667 2539 2960 2595 secundum
3002 2532 3239 2604 regulam
3270 2531 3450 2585 sancti
3483 2526 3757 2583 Benedicti

2187 2635 2533 2700 constitutus,
2570 2641 2625 2688 et
2667 2628 2913 2685 monachi
2945 2625 3176 2697 regulari
3205 2621 3541 2676 districtione
3583 2615 3749 2684 subje—

2188 2731 2284 2795 cti,
2310 2743 2444 2799 quos
2468 2726 2534 2781 de
2562 2724 2722 2779 rebus
2758 2719 2995 2788 ejusdem
3024 2714 3263 2771 ecclesia:
3303 2710 3523 2782 aliquod
3547 2710 3747 2799 dispen-

2189 2797 2344 2873 dium
2380 2814 2583 2887 perpeti
2622 2828 2742 2869 cum
2787 2809 2931 2864 omni
2981 2806 3206 2877 imperio
3250 2802 3615 2874 prohibemus.
3657 2797 3755 2850 [les

2189 2927 2319 2967 vero
2346 2909 2584 2979 ejusdem
2624 2902 2864 2961 ecclesia:
2888 2908 3042 2956 sunt:
3077 2899 3134 2953 In
3178 2911 3314 2968 pago
3356 2890 3751 2949 Viromandcnsi

2192 3004 2317 3059 villa
2350 3017 2476 3063 una,
2503 3013 2623 3068 qua:
2662 2995 2860 3051 dicitur
2885 2989 3177 3046 Aisiolcurt
3204 2982 3587 3057 (Arizecourt),
3624 2992 3676 3034 et
3708 2982 3753 3032 ia

528 3075 667 3140 nini,
697 3091 817 3130 cu-m
842 3075 1091 3132 omnibus
1127 3077 1241 3132 suis
1273 3079 1639 3148 pertinentiis,
1672 3080 1891 3150 suisque
1943 3080 2085 3135 redi-
2113 3081 2154 3140 C
2188 3095 2305 3164 ipso
2327 3105 2484 3160 pugn,
2510 3090 2562 3142 in
2589 3080 3030 3141 villaCurticulas
3056 3075 3394 3150 (Courcellcs)
3431 3082 3757 3164 nuncupata,

532 3167 701 3231 tibus,
748 3165 1051 3237 ubicunque
1087 3168 1135 3221 ei
1171 3168 1287 3240 lege
1315 3180 1370 3224 et
1404 3169 1614 3224 ratione
1639 3179 1945 3239 competere
1972 3185 2094 3241 pos-

529 3268 675 3321 sunt,
720 3260 794 3315 ita
836 3268 1016 3315 tamen
1059 3271 1120 3315 ιιι
1174 3261 1397 3331 singulis
1443 3263 1745 3333 quibusque
1774 3263 1928 3318 annis
1969 3278 2099 3331 pen-

529 3348 736 3405 sionem
789 3349 984 3405 exinde
1054 3360 1237 3407 nostro
1300 3352 1498 3422 palatio
1559 3352 1804 3408 inferatis
1869 3352 2096 3408 solidum

530 3440 648 3494 auri
678 3456 860 3504 unum,
905 3449 1208 3498 statuentes
1244 3443 1532 3512 apostolica
1575 3459 1802 3499 censura
1841 3459 1908 3499 ne
1961 3444 2100 3499 ullus

533 3540 844 3585 nostrorum
873 3546 1245 3587 successorum
1276 3533 1610 3603 pontiﬁcum,
1647 3543 1739 3587 aut
1765 3533 1869 3588 ulla
1909 3549 2098 3603 magna

536 3636 808 3691 parvaque
837 3637 1091 3693 persona,
1132 3634 1322 3679 contra
1351 3624 1454 3680 hoc
1476 3634 1718 3679 nostrum
1748 3640 1970 3696 parvum
2011 3626 2106 3679 do-

540 3726 668 3766 num
710 3727 871 3783 agere
907 3722 1214 3783 praesumat.
1250 3713 1403 3781 Quod
1446 3715 1490 3769 si
1535 3714 1746 3778 fecerit,
1795 3729 1899 3769 non
1933 3714 2103 3769 solum

541 3806 871 3861 anathemati
925 3806 1175 3875 subjiciat
1224 3818 1442 3871 nostro,
1491 3788 1583 3863 sed
1633 3808 1813 3867 etiam.
1855 3810 2106 3863 damnent

541 3900 705 3955 trium
744 3899 999 3955 librarum
1028 3901 1143 3953 auri
1187 3899 1478 3969 perol‘vat,
1512 3898 1665 3969 cujus
1693 3898 1969 3952 dimidium
2014 3914 2111 3953 no-

545 4002 659 4046 stro
682 3993 879 4062 palatio
908 3992 1191 4058 inferatur,
1223 3991 1487 4062 reliquum
1510 4006 1638 4044 vero
1658 3990 1810 4045 vobis
1830 3989 2107 4045 debeatur.

543 4080 600 4137 Si
630 4083 751 4152 quis
784 4098 910 4136 vero
952 4080 1109 4150 hujus
1142 4091 1341 4135 nostra:
1380 4079 1754 4151 prmceptionis
1783 4087 1973 4133 cautus
2015 4077 2117 4133 ob-

548 4181 794 4226 servator
830 4172 1115 4236 cxstiterit,
1167 4170 1539 4226 benedictione
1577 4180 1763 4225 nostra
1802 4167 2003 4239 largius
2028 4181 2114 4223 rc-

504 4288 512 4302 ι
549 4260 766 4314 dundct.

620 4348 833 4416 Scripta
878 4364 976 4420 per
1004 4366 1220 4405 manum
1261 4349 1502 4415 Joannis,
1529 4348 1796 4405 scriniarii
1822 4356 1877 4403 et
1920 4345 2112 4403 notarii

552 4440 723 4492 nostri
761 4439 1143 4495 Lateranensis
1177 4442 1382 4510 palatii.
1413 4441 1556 4496 Bene
1586 4441 1779 4496 valete.
1810 4441 2004 4495 Datum
2036 4455 2112 4494 χιι
2145 4416 2192 4475 D

551 4528 669 4583 Kal.
705 4527 902 4594 Martii,
938 4544 1035 4597 per
1063 4528 1413 4584 manusaPetri
1444 4528 1679 4592 diaconi,
1725 4528 2116 4583 bibliothecarii

553 4629 610 4673 et
634 4618 936 4674 cancellarii
967 4629 1164 4674 sancta:
1185 4620 1491 4689 apostolica:
1521 4620 1689 4687 sedis,
1716 4635 1856 4674 anno
1877 4618 2115 4690 pontiilc.

555 4708 621 4764 D.
647 4709 888 4780 Gregorii
916 4724 1065 4780 papa:
1094 4708 1158 4764 Vl
1185 4710 1378 4780 primo,
1405 4710 1513 4764 ind.
1544 4723 1658 4765 ιιν.

1289 4816 1379 4873 ιν.

558 4923 726 4965 ιῐῖιιι
783 4923 1033 4965 GBEGOMI
1070 4925 1121 4963 Vl
1172 4924 1274 4964 PRO
1311 4923 1649 4963 IONASTERIO
1692 4922 1739 4962 8-
1777 4922 2017 4969 QUINTINI
2057 4921 2124 4960 DE

824 4995 1027 5065 IONTE,‘
1065 4995 1117 5039 IN
1151 4995 1398 5035 CONCILIO
1437 4993 1648 5033 uouuo
1685 4994 1845 5032 LATA.

630 5090 937 5136 Cumanum:
966 5092 1263 5136 enicet-mne-
1297 5105 1485 5136 servus
1530 5103 1807 5136 servorum
1832 5086 1948 5136 Dei.
1984 5085 2128 5136 Gua-

2199 3159 2374 3236 t'uansi
2406 3159 2643 3248 septem.
2713 3174 2768 3228 lu
2814 3170 3204 3225 lladouiscurte
3241 3180 3462 3220 mansus
3504 3178 3661 3216 unus.
3705 3159 3752 3213 ln

2199 3271 2434 3327 Duriaco
2462 3266 2722 3321 medietas
2751 3260 3011 3318 ecclesiae.
3046 3255 3380 3313 Molendinus
3408 3255 3474 3307 de
3505 3250 3777 3308 Bellisasis.

2199 3361 2390 3433 (Belles
2411 3359 2568 3428 aises)
2595 3373 2715 3412 cum
2738 3371 2875 3424 aqua
2898 3361 2952 3407 et
2981 3353 3093 3408 suis
3123 3348 3473 3421 adjacentiis;
3500 3346 3558 3402 in
3587 3349 3758 3401 subura

2198 3454 2290 3509 bio
2316 3452 2573 3508 Perrona:
2592 3447 2778 3518 viginti
2828 3453 3034 3516 septem
3075 3439 3271 3498 mtilii
3317 3456 3439 3496 cum
3470 3437 3775 3493 molendina-

2202 3554 2254 3599 et
2284 3542 2489 3607 vineis;
2525 3541 2577 3594 in
2606 3535 2917 3607 Pcrmnella
2943 3534 3172 3591 ecclesia
3218 3547 3339 3585 cum
3371 3527 3685 3596 hospitibus.
3711 3524 3759 3576 ιιι

2204 3631 2560 3703 Tegeribamo
2588 3627 2757 3682 mansi
2800 3626 2937 3689 duo;
2969 3623 3022 3676 in
3051 3621 3172 3675 villa
3200 3627 3401 3674 sanctzr.
3432 3611 3759 3685 Radegnndis

2204 3727 2378 3785 mansi
2412 3735 2538 3781 tres.
2569 3723 2722 3787 V'illa,
2752 3737 2870 3791 qua:
2883 3718 3133 3772 Vivarius
3157 3712 3376 3787 (Vieier)
3406 3710 3624 3773 dicitur,
3653 3720 3756 3760 cum

2208 3822 2319 3877 suis
2355 3816 2703 3888 appendiciis.
2741 3814 2797 3868 ιιι
2827 3810 3015 3867 Alania
3060 3804 3288 3879 (Aldine)
3340 3802 3515 3859 mansi
3570 3796 3754 3853 dt.o.l:t

2210 3910 2482 3965 Dodouico
2513 3904 2730 3978 (Douln)
2766 3900 3101 3957 molendinus
3128 3912 3264 3950 unus
3291 3909 3413 3947 cum
3443 3890 3605 3945 tertia
3630 3894 3775 3956 parte-

2210 4000 2368 4072 prati.
2415 3997 2474 4052 In
2513 4012 2650 4066 pago
2680 3991 3060 4052 Suessionico.
3111 3989 3165 4043 in
3204 3986 3327 4039 villa
3374 3981 3758 4072 qnteAla—ntans

2213 4067 2458 4152 vocatur,
2488 4084 2660 4139 mansi
2686 4083 2791 4136 duo
2818 4096 2940 4135 cum
2979 4079 3156 4132 alodio
3192 4073 3465 4130 Witberti.
3500 4071 3556 4125 In
3590 4067 3782 4122 ὶὶὲιὰοι

2213 4180 2455 4235 niseurte
2480 4174 2653 4230 mansi
2687 4172 2814 4227 duo.
2843 4168 3045 4225 Deinde
3082 4184 3142 4222 ea
3175 4182 3295 4236 qua;
3320 4181 3347 4218 a
3369 4163 3624 4235 praedicto
3651 4158 3757 4212 lint-

2213 4252 2366 4327 berto
2413 4269 2480 4323 ad
2523 4261 2975 4320 restaurationem
3034 4257 3335 4327 srepedietae
3379 4251 3609 4307 abbatiae
3656 4254 3758 4303 sunt

2219 4363 2363 4417 lucc:
2400 4355 2629 4413 alodium
2659 4354 2724 4409 de
2767 4350 2964 4407 Baillos
3006 4343 3266 4420 (Βατία).
3304 4343 3436 4397 Item
3466 4337 3758 4393 alodiumth

2222 4450 2446 4506 Tiliaco.
2479 4444 2741 4501 Similiter
2784 4439 3016 4495 alodium
3059 4437 3123 4491 de
3152 4434 3419 4491 Ostricurt
3450 4423 3757 4499 (Estriconrt)

2221 4558 2345 4600 cum
2364 4539 2615 4600 ecclesia,
2637 4544 2690 4591 et
2711 4527 2944 4589 alodium
2966 4528 3209 4585 Bardcri.
3242 4517 3759 4589 8ειιίιιειιι·ι(1ῐ.εᾳιιὶειο

2223 4634 2392 4701 court)
2426 4627 2662 4699 quinque
2702 4623 2941 4692 hospites
2971 4633 3092 4675 cum
3136 4629 3282 4671 terra
3323 4623 3379 4667 et
3405 4609 3562 4701 silva.
3594 4602 3763 4701 tiri-gil-

2226 4730 2350 4777 curt
2376 4695 2768 4790 '(l’rigicourt)
2812 4728 2934 4767 cum
2970 4706 3299 4780 appendiciis
3339 4703 3474 4757 suis.
3520 4695 3767 4793 Salicellus

2226 4826 2348 4866 cum
2389 4808 2542 4864 silva.
2572 4803 2835 4860 Curccllis
2879 4795 3215 4872 (Courcelles)
3254 4790 3447 4849 deinde
3474 4803 3599 4844 cum
3625 4790 3764 4839 omni-

2230 4902 2331 4956 bus
2367 4896 2698 4969 appendiciis
2723 4893 2855 4948 suis.
2895 4888 3131 4945 Ecclesia
3171 4887 3238 4941 de
3268 4882 3503 4938 Buriaco
3548 4872 3765 4949 (Baim).

2232 4994 2365 5049 l:em
2394 4988 2622 5044 ecclesia
2665 4987 2731 5041 de
2761 4980 3098 5052 Sterpiniaco
3127 4972 3487 5049 (Esterpigny)
3515 4985 3630 5026 cum
3655 4977 3766 5033 aqua

2235 5082 2527 5136 piscatoria
2578 5090 2633 5135 et
2685 5091 2823 5136 aqua
2871 5075 2938 5129 de
2995 5067 3343 5125 Sebodiseula
3398 5054 3769 5131 (Sopotechm).
