3994 5370
513 326 618 396 τηεν

1796 343 2192 399 CLEMENTIS
2233 343 2432 401 ΡΑΡᾹΞ
2475 346 2515 400 ll

3697 363 3798 421 580

517 471 681 530 puteo
704 469 758 513 et
786 459 1004 542 introitu
1049 474 1146 513 suo
1188 474 1283 528 per
1325 469 1532 530 portam
1564 461 1820 531 majoer
1845 479 1872 513 a
1904 462 1985 514 via
2019 477 2114 528 pu-
2141 466 2188 520 Α
2219 461 2454 516 llumiuis
2493 463 2638 532 quod
2691 464 2887 520 dicitur
2916 467 3118 534 Fulda,
3165 486 3287 527 cum
3335 473 3588 530 omnibus
3629 479 3796 544 cellis,

517 551 682 614 blica,
706 560 760 603 et
789 565 910 604 cum
940 537 1192 603 omnibus
1225 553 1288 604 ad
1324 553 1461 606 idem
1489 552 1815 622 generaliter
1836 553 2115 622 pertinen-

515 643 679 705 tibus,
717 656 809 695 seu
849 642 970 710 qme’
1000 653 1152 696 extra
1185 644 1373 696 urbem
1402 644 1516 698 sive
1545 645 1683 697 intra
1722 645 1909 699 urbem
1931 652 2110 708 erunt,

514 746 636 798 qua:
657 740 710 785 et
735 729 860 797 jure
887 747 952 786 ac
981 732 1377 786 rationabiliter
1421 733 1692 803 pertinere
1733 735 2110 791 dinoscuntur.

515 824 916 894 Ergopnesenti
943 825 1130 895 quinta
1158 827 1368 881 decima
1394 827 1703 888 indictione.
1729 830 2114 900 perpetualiter

511 924 568 967 et
599 915 903 986 specialiter
943 917 1044 970 sub
1083 917 1424 973 immunitate
1469 917 1528 973 S.
1571 929 1772 975 nostra:
1821 918 1886 975 ll.
1939 921 1997 976 S.
2043 921 2108 976 Α.

513 1005 748 1076 idipsum
792 1007 1218 1062 sacratissimum
1266 1009 1655 1064 monasterium
1682 1011 2110 1079 permanendum

513 1097 806 1152 statuimus
851 1108 907 1152 et
944 1099 1232 1154 statuendo
1261 1101 1676 1163 roulirmamus.
1709 1101 1779 1156 ita
1813 1113 1871 1158 ut
1916 1113 2110 1158 cuncta

511 1188 632 1242 lera
662 1189 828 1259 ipsius
864 1190 1178 1245 monasterii
1215 1191 1409 1246 amodo
1445 1202 1499 1245 et
1528 1207 1700 1262 usque
1739 1193 1789 1246 in
1821 1191 1981 1248 linem
2009 1209 2111 1249 sa:-

511 1283 619 1336 ruli
653 1278 775 1337 cum
807 1282 955 1336 omni
983 1282 1277 1338 securitate
1312 1294 1369 1338 et
1411 1274 1802 1354 tranquillitate
1845 1299 1942 1340 vos
1985 1301 2110 1340 cum

512 1373 746 1443 posteris
793 1374 991 1428 vestris
1028 1383 1212 1430 tenere
1241 1384 1295 1428 et
1325 1376 1604 1444 possidere
1641 1376 1889 1442 valeatis,
1921 1386 1982 1430 ut
2011 1376 2111 1432 sub

501 1445 630 1530 jure
661 1471 716 1518 et
759 1462 962 1518 ditioue
1007 1475 1210 1520 sancta:
1251 1475 1470 1532 nostrw,
1501 1467 1585 1521 cui
1617 1466 1726 1522 Deo
1753 1479 1974 1524 auclore
2013 1468 2107 1524 de-

511 1554 801 1620 servimus,
836 1555 1092 1610 Ecrlesia:
1145 1556 1500 1612 constitutum
1535 1557 1732 1612 nullius
1759 1557 1981 1613 alterius
2010 1557 2110 1612 Ec~

511 1646 692 1702 rlesia:
723 1645 1190 1714 jurisdictiouibus
1224 1647 1594 1714 submittatur,
1631 1664 1727 1718 pro
1761 1664 1866 1719 qua
1901 1663 1985 1716 re,
2007 1649 2111 1718 piis

510 1738 796 1794 desideriis
839 1738 1102 1806 faventes,
1151 1741 1255 1796 hac
1279 1749 1464 1796 nostra
1498 1742 1845 1806 auctoritate,
1883 1741 1934 1797 id
1963 1741 2106 1812 quod

2218 551 2492 617 curtibus,
2525 554 2986 623 districtionibus,
3021 575 3115 614 seu
3161 562 3413 618 onmibus
3445 564 3515 618 ad
3539 580 3600 620 se
3630 569 3796 637 perti-

2215 643 2467 698 nentibus
2502 646 2620 712 tibi,
2649 650 2818 703 nostri
2865 651 3127 722 privilegii
3161 657 3523 725 praeceptione
3551 663 3797 716 concedi-

2213 746 2336 786 mus
2357 773 2372 796 ,
2419 732 2679 804 largimur
2703 752 2768 790 ac
2796 739 3184 797 confirmamus
3205 785 3219 808 ,
3255 758 3316 798 ea
3347 745 3559 802 scilicet
3596 749 3800 804 ratione

2214 829 2272 874 ut
2294 822 2471 877 nullus
2494 825 2617 878 inde
2639 825 2853 884 futurus
2879 830 3046 886 abbas
3071 836 3538 892 consecrationem
3567 854 3798 908 unquam

2213 912 2461 981 accipere
2513 927 2802 985 praesumat
2850 919 2952 974 nisi
3007 923 3075 976 ab
3110 921 3212 977 hac
3268 933 3458 978 nostra
3512 927 3798 996 apostolica

2211 1003 2360 1058 sede.
2389 1003 2536 1060 later
2577 1007 2760 1064 omnia
2807 1025 2936 1065 vero
2978 1011 3283 1068 Germaniae
3329 1015 3499 1072 totius
3556 1018 3798 1072 cmnohia

2212 1096 2448 1166 primum
2477 1099 2737 1156 honorem
2778 1101 2833 1157 in
2859 1104 3129 1170 sessione,
3167 1106 3281 1161 sive
3325 1107 3379 1162 in
3414 1107 3800 1178 judicialisen-

2213 1189 2399 1255 tentia,
2452 1206 2547 1247 seu
2580 1193 2635 1246 in
2672 1195 2924 1250 onmibus
2969 1197 3213 1252 conciliis
3249 1213 3313 1252 ac
3357 1199 3658 1266 ordinibus,
3709 1202 3798 1256 tibi

2214 1277 2428 1348 tuisque
2463 1283 2873 1339 successoribus
2912 1285 3258 1341 attribuimus
3289 1289 3625 1344 habendum.
3660 1289 3798 1345 Nulli

2210 1370 2376 1424 etiam
2403 1371 2784 1443 episcOporum
2813 1414 2827 1439 ,
2861 1375 3397 1449 archiepiscOporam
3419 1421 3434 1445 ,
3474 1381 3800 1451 patriarcha-

2211 1476 2352 1526 rum,
2380 1461 2464 1517 vel
2493 1465 2872 1533 quoquomodo
2902 1466 2955 1521 in
2983 1466 3455 1536 cleroconstituto,
3488 1480 3694 1528 temere
3714 1481 3800 1526 aut

2209 1563 2490 1622 proterve,
2526 1554 2627 1610 nisi
2657 1571 2686 1610 ιι
2715 1557 2868 1613 vobis
2893 1569 3114 1630 accepta
3146 1561 3385 1628 licentia,
3417 1578 3584 1632 super
3604 1564 3801 1634 princi-

2208 1642 2330 1712 pale
2357 1643 2528 1699 altare
2557 1646 2726 1701 vestri
2751 1648 3063 1703 monasterii
3099 1649 3388 1706 missarum
3417 1652 3681 1708 solemnia
3712 1669 3797 1708 ce-

2211 1733 2425 1791 lebrare
2470 1736 2649 1793 liceat.
2677 1736 2890 1794 Nullius
2915 1739 3112 1795 iterum
3143 1757 3373 1812 persona
3406 1742 3666 1814 principis
3710 1759 3799 1798 ne-

510 1829 804 1901 exposcitis
833 1828 1045 1885 cll‘ectui
1087 1833 1481 1901 mancipamus,
1521 1842 1577 1887 et
1615 1832 1736 1887 ideo
1764 1849 1981 1888 omnem
2010 1850 2108 1889 cu-
2141 1809 2184 1869 Β
2213 1839 2320 1895 (Ille
2371 1835 2542 1882 tolum
2599 1843 2776 1899 neque
2813 1841 3024 1898 partem
3072 1831 3238 1886 vestri
3284 1833 3600 1889 monasterii
3644 1830 3800 1888 alicui

505 1921 728 1993 juslibet
752 1922 1012 1977 Ecclesiae
1043 1925 1384 1978 sacerdotem
1426 1927 1478 1978 in
1510 1923 1735 1995 prmfato
1776 1925 2109 1981 monasterio

510 2014 769 2069 ditionem
799 2014 1100 2083 quamlibet
1130 2015 1330 2072 habere
1369 2027 1463 2070 aut
1497 2017 1877 2072 auctoritatem
1907 2027 2110 2087 praeter

509 2105 693 2160 sedem
709 2103 1062 2174 apostolicam
1078 2105 1450 2176 prohibemus,
1480 2107 1556 2161 ita
1588 2116 1665 2172 ut,
1693 2107 1796 2162 nisi
1821 2107 1890 2162 ab
1912 2108 2109 2163 abbate

511 2193 829 2249 monasterii
871 2193 1036 2248 fuerit
1080 2174 1364 2261 invitatus,
1425 2213 1526 2252 nec
1569 2197 1769 2254 ibidem
1819 2198 2106 2254 missarum

510 2285 910 2340 solemnitatem
961 2285 1244 2356 quisquam
1287 2296 1583 2356 praesumat
1622 2288 1936 2344 omnimodo
1967 2288 2110 2344 cele-

509 2375 670 2431 brare
689 2393 702 2430 :
720 2386 776 2431 ut
788 2376 1048 2447 profecto,
1069 2375 1222 2444 juxta
1249 2377 1453 2447 idquod
1475 2376 1773 2446 subjectum
1801 2378 2108 2450 apostolica:

508 2467 622 2522 sedi
648 2466 898 2522 firmitate
922 2467 1181 2538 privilegii
1213 2468 1482 2536 consistit,
1514 2469 1834 2525 inconcusse
1862 2470 2105 2526 dotatam

509 2567 854 2628 permaneat;
903 2557 1033 2613 locis
1079 2567 1132 2612 ct
1180 2557 1360 2623 rebus,
1407 2569 1514 2613 tam
1563 2558 1648 2615 his
1669 2575 1804 2630 quas
1845 2562 2108 2618 moderno

511 2658 752 2717 tempore
783 2657 930 2703 tenet
965 2647 1044 2702 vel
1083 2649 1343 2717 possidet,
1377 2664 1538 2718 quam
1563 2665 1705 2718 quas
1742 2651 1936 2706 futuris
1975 2660 2109 2706 tem-

508 2741 732 2810 poribus
757 2741 808 2794 in
834 2741 956 2810 jura
983 2741 1148 2809 ipsius
1178 2741 1491 2800 monasterii
1523 2741 1703 2795 divina
1730 2743 1905 2812 pietas
1928 2743 2108 2797 voluc-

515 2833 588 2885 rit
642 2846 842 2902 augere
895 2846 962 2884 ex
1019 2829 1176 2886 donis
1226 2841 1283 2886 et
1353 2831 1718 2887 oblationibus
1779 2833 2111 2903 decimisquc

513 2923 770 2987 fidelium,
802 2923 1006 2993 absque
1031 2923 1440 2995 ulliuspcrsorue
1461 2925 1914 2992 contradictione,
1943 2922 2107 2982 firmi-

512 3021 620 3065 tate
667 3022 924 3082 perpetua
985 3013 1237 3067 servatis.
1297 3013 1693 3069 Constituimus
1745 3030 1960 3086 quoque
2013 3031 2110 3086 per

511 3101 670 3171 hujus
701 3105 902 3160 decreti
941 3106 1115 3160 nostri
1154 3107 1428 3178 paginam,
1463 3117 1521 3163 ut
1554 3109 1864 3180 quicunque
1888 3109 2112 3179 cujusli-

2212 1917 2523 1994 mortalium
2577 1918 2681 1974 ulla
2731 1922 2942 1976 ratione
2986 1923 3240 1986 subdere,
3285 1925 3373 1978 vel
3416 1925 3518 1979 sub
3560 1923 3800 1980 beneficii

2211 2009 2428 2064 nomine
2467 2009 2600 2066 dare
2625 2021 2916 2081 praesumat
2934 2053 2950 2079 ,
2973 2014 3068 2069 sed
3095 2015 3241 2069 omni
3272 2023 3516 2086 tempore
3545 2016 3644 2071 soli
3672 2032 3801 2073 San-

2210 2110 2312 2156 cta:
2344 2111 2545 2158 nostra:
2575 2101 2835 2158 Romanae
2885 2103 3138 2160 Ecclesia:
3183 2104 3354 2161 libera
3391 2121 3692 2177 securaque
3721 2111 3803 2162 dc-

2209 2193 2433 2248 serviat.
2462 2193 2541 2260 Si,
2567 2194 2711 2264 quod
2740 2195 2882 2250 absit
2908 2197 2921 2249 !
2949 2195 3148 2265 aliquis
3173 2197 3224 2251 in
3247 2197 3437 2252 eodem
3473 2199 3802 2254 monasterio

2209 2284 2538 2356 constitutus
2565 2286 2736 2342 abbas
2760 2285 2942 2356 aliquo
2971 2287 3198 2342 crimine
3223 2286 3441 2343 infamis
3465 2287 3649 2353 fuerit,
3675 2304 3804 2344 eon-

2211 2375 2486 2432 stituimus
2532 2391 2598 2432 ac
2639 2377 2934 2447 apostolica
2985 2378 3308 2434 auctoritate
3355 2379 3802 2434 indissolubiliter

2211 2481 2434 2521 manch
2471 2467 2746 2523 sancimus
2796 2477 2854 2523 ut
2902 2468 3219 2538 pulsatiouis
3250 2470 3547 2526 discrimen
3603 2471 3800 2526 nullum

2211 2556 2428 2618 sentiat,
2462 2557 2635 2612 donec
2665 2567 2849 2612 nostra
2881 2559 3169 2628 apostolica
3209 2561 3368 2616 sedes
3386 2559 3580 2630 judicii
3610 2578 3799 2618 censu-

2211 2662 2325 2700 ram
2361 2645 2410 2700 ei
2457 2646 2715 2717 imponat.
2747 2647 2932 2704 Liceat
2981 2649 3075 2705 tibi
3124 2650 3338 2721 tuisque
3385 2653 3798 2708 successoribus

2212 2738 2263 2792 in
2282 2748 2622 2808 perpetmun,
2638 2740 3012 2811 episcoporqu
3040 2759 3207 2801 more.
3225 2755 3411 2800 nostro
3429 2745 3575 2800 dono
3596 2755 3804 2800 nostra-

2213 2842 2320 2897 que
2372 2829 2738 2885 munilicentia
2789 2833 3143 2902 apostolicam
3200 2837 3385 2890 sedem
3449 2835 3518 2889 ad
3571 2846 3802 2890 vestram

2211 2921 2580 2979 defensionem
2626 2925 2916 2996 appellare,
2970 2941 3035 2981 ac
3096 2935 3286 2982 contra
3345 2941 3540 2983 omnes
3585 2927 3802 2983 tetnules

2215 3013 2471 3069 ltomana:
2503 3013 2806 3083 majestatis
2832 3027 2987 3072 scuto
3017 3033 3108 3072 vos
3137 3018 3450 3076 defendere.
3484 3019 3611 3077 Ilaec
3652 3021 3798 3075 deni-

2213 3123 2341 3177 que,
2391 3109 2641 3164 universa
2694 3111 2837 3165 inter
2885 3113 3051 3166 totius
3079 3111 3228 3166 orbis
3273 3113 3548 3178 cmnobia,
3577 3122 3801 3167 vestram

510 3197 602 3250 hct
627 3197 877 3252 Ecclesia:
899 3200 1113 3268 praesul.
1139 3201 1222 3254 vel
1242 3215 1568 3270 quacunque
1597 3201 1858 3272 dignitate
1883 3202 2108 3271 pra-dita
2139 3187 2185 3250 C
2219 3197 2538 3254 l-‘uldenscm
2569 3199 2842 3255 abhatiam
2873 3201 3266 3271 sliccialissimo
3287 3202 3801 3259 dilcctionisatlectu

512 3301 764 3356 persona,
794 3288 933 3344 hanc
963 3291 1134 3344 nostri
1170 3291 1434 3361 privilegii
1481 3291 1749 3358 chartam,
1801 3307 1964 3363 quam
2006 3307 2105 3346 au-

515 3381 770 3434 ttot‘itate
820 3381 1079 3452 principis
1139 3383 1508 3452 apostolorum
1559 3383 1860 3449 firmamus,
1945 3394 2112 3441 teme.

512 3488 638 3527 rare
674 3474 982 3532 tentaverit.
1025 3476 1314 3529 anathema
1336 3474 1426 3538 sit,
1459 3483 1513 3528 et
1547 3474 1684 3528 iram
1720 3475 1814 3529 Dei
1846 3474 2109 3541 incurrat,

509 3575 560 3616 et
586 3573 894 3619 sanctorum
916 3566 1154 3620 onmium
1181 3567 1413 3621 extorris
1438 3567 1660 3632 existat,
1685 3577 1740 3621 et
1761 3567 2112 3624 nihilominus

513 3655 724 3723 pra-fati
749 3659 1061 3713 monasterii
1078 3658 1310 3729 dignitas
1329 3674 1360 3712 a
1386 3657 1540 3713 nobis
1558 3657 1764 3714 indulta
1781 3661 2109 3730 perpetuali-

521 3760 601 3802 ινι-
617 3749 870 3804 inviolata
886 3761 1198 3822 permaneat
1213 3750 1507 3820 apostolica
1522 3751 1845 3808 auctoritate
1858 3751 2108 3808 subnixa.

582 3841 853 3910 Scriptum
877 3859 972 3914 per
1004 3859 1193 3899 manus
1232 3843 1478 3910 Joannis,
1521 3844 1795 3899 scriniarii
1825 3854 1880 3900 et
1916 3847 2111 3902 notarii

516 3934 687 3988 nostri
717 3935 858 3988 sacri
895 3933 1280 3992 Lateranensis
1308 3935 1514 4006 palatii.
1555 3934 1701 3990 Bene
1743 3935 1938 3990 valete.
1979 3934 2111 3990 Data

513 4041 570 4078 ιιι
593 4023 707 4078 Kal.
739 4023 886 4090 .Ian.,
919 4041 1015 4096 per
1046 4041 1237 4081 manus
1264 4025 1410 4080 Petri
1446 4024 1684 4088 diaconi,
1716 4023 2114 4080 bibliothecarii

513 4126 568 4168 et
589 4114 897 4170 cancellarii
922 4115 980 4171 S.
1008 4117 1068 4170 A.
1093 4115 1150 4171 S.
1191 4117 1347 4171 Almo
1375 4115 1437 4169 Ι).
1471 4114 1536 4170 Ν.
1568 4115 1615 4172 J.
1642 4115 1703 4171 C.
1734 4115 1889 4188 1046,
1927 4116 2112 4174 demni

513 4191 804 4262 Clementis
832 4207 1055 4262 secundi
1089 4223 1237 4278 papa:
1277 4208 1328 4273 l,
1363 4206 1548 4262 indict.
1580 4221 1668 4259 xv.

521 4423 864 4464 ιοιιιιῚιεοιωι
894 4425 1192 4465 ειειιεκτιε
1226 4427 1372 4464 ΡΑΡᾹΞ
1416 4427 1454 4466 ιι
1486 4426 1588 4465 ιιιιο
1620 4425 1962 4467 NONASTERIO
1992 4426 2112 4468 PUL-

1229 4495 1402 4536 DENSI.

1121 4571 1300 4642 (Anno
1341 4572 1525 4642 10ιὶ6.)

735 4657 994 4732 [Dronke,
1019 4659 1149 4714 Cod.
1181 4660 1398 4730 diplom.
1437 4659 1628 4726 Fuld.,
1658 4677 1714 4732 p.
1745 4663 1896 4735 557.]

593 4751 842 4807 Ctsnsas
868 4751 1173 4822 episcopus,
1199 4768 1389 4808 servus
1419 4769 1701 4808 servorum
1736 4755 1849 4819 llei,
1879 4756 2114 4812 dilectis-

520 4843 658 4896 simo
687 4842 738 4896 in
767 4843 994 4896 Domino
1025 4841 1134 4897 lilio
1162 4842 1389 4906 ROINGO,
1423 4843 1716 4898 venerabili
1753 4845 1955 4910 abbati,
1981 4860 2115 4915 pon-

523 4938 671 4993 tilicii
698 4937 867 4992 nostri
903 4946 1218 5008 perpetuam
1243 4937 1297 4992 in
1339 4937 1564 4992 Domino
1595 4935 1846 4991 salutem.

593 5027 734 5084 Cura
782 5044 881 5084 nos
913 5039 1069 5096 urget
1093 5039 1407 5086 sanctarum
1437 5030 1678 5084 omnium
1721 5029 1816 5084 Dei
1847 5029 2116 5085 Ecclesia-

2215 3298 2475 3358 pcrpetuo
2514 3289 2825 3345 habituram
2857 3292 3206 3347 concedimus
3238 3307 3303 3348 ac
3350 3293 3586 3347 firmiter
3627 3309 3802 3348 corm-

2214 3379 2488 3434 boramus.
2520 3378 2686 3435 Usum
2725 3392 2903 3436 autem
2950 3381 3349 3448 sandaliarum,
3409 3383 3711 3454 caligarum
3745 3399 3802 3439 ac

2213 3467 2650 3534 dalmaticarum,
2681 3471 2774 3541 qui
2823 3473 2997 3526 sacris
3038 3475 3340 3528 canouibus
3393 3482 3488 3528 tuo
3523 3474 3705 3530 ordini
3732 3477 3801 3528 in-

2217 3560 2543 3627 terdicitur,
2590 3563 2888 3632 apostolica
2948 3563 3273 3620 auctoritate
3318 3578 3425 3618 non
3479 3565 3659 3618 solum
3715 3565 3799 3618 tibi

2215 3652 2426 3722 tuisque
2475 3655 2888 3710 successoribus
2937 3655 2990 3709 in
3040 3665 3382 3726 perpetuum,
3414 3671 3607 3711 verum
3647 3657 3802 3712 etiam

2213 3748 2425 3800 cunctis
2456 3747 2765 3803 viventibus
2808 3765 2871 3804 ac
2912 3749 3140 3805 victuris
3168 3751 3412 3804 omnium
3451 3752 3803 3806 monasterio-

2214 3853 2333 3892 rum
2386 3837 2674 3894 abbatibus
2736 3839 2788 3893 in
2849 3839 2983 3894 orbe
3058 3849 3327 3895 terrarum
3388 3841 3798 3896 consistentium

2212 3932 2584 3987 abradendutn
2616 3931 2838 3987 omnino
2856 3931 3126 4002 jubcmus.
3154 3930 3414 3998 Quamvis
3449 3931 3656 3986 fuerint
3681 3946 3802 3984 non-

2213 4024 2344 4080 nulli
2375 4025 2430 4079 in
2470 4025 2574 4079 hac
2615 4040 2828 4080 summa
2849 4023 2979 4079 sede
3019 4023 3336 4093 pontifices,
3369 4024 3490 4094 qui,
3525 4025 3801 4097 tyrannide

2211 4131 2502 4186 pravorum
2526 4117 2724 4184 coacti,
2769 4117 2872 4171 hoc
2911 4114 3128 4184 indigne
3162 4123 3356 4169 vestrm
3391 4129 3456 4168 ac
3493 4113 3804 4168 cmterisdi-

2212 4208 2382 4264 versis
2409 4217 2797 4264 concesserunt
2827 4207 3121 4271 Ecclesiis,
3171 4205 3315 4276 quod
3357 4214 3676 4260 sanctorum
3720 4220 3802 4273 pa-

2214 4313 2356 4357 trum
2385 4301 2764 4358 sanctionibus
2793 4308 3008 4355 constat
3032 4313 3155 4354 esse
3178 4297 3478 4352 diversum.
3509 4295 3625 4352 Nos
3659 4311 3797 4359 vera,

2211 4392 2469 4461 quoniam
2510 4406 2673 4461 prave
2700 4391 2947 4445 novimus
2967 4387 3134 4443 fuisse
3173 4387 3429 4457 petitum,
3467 4387 3800 4456 pessimeque

2214 4499 2314 4553 per
2341 4482 2608 4554 privilegii
2639 4481 2889 4553 paginam
2937 4494 3058 4535 esse
3096 4492 3437 4540 concessum,
3481 4493 3596 4531 non
3639 4477 3799 4531 solum

2135 4547 2190 4608 Ῑ)
2216 4575 2545 4630 confirmare
2587 4572 2858 4638 nolumus,
2885 4587 3075 4626 verum
3106 4571 3270 4625 etiam
3312 4569 3534 4639 penitus
3557 4571 3801 4625 abdicare

2215 4666 2497 4738 chIimus.
2535 4664 2593 4720 Si
2637 4663 2780 4719 enim
2813 4662 3206 4718 monasterium
3254 4669 3526 4724 nostrum,
3549 4659 3694 4730 quod
3729 4673 3801 4714 εει·

2215 4757 2582 4811 cratis-simum
2611 4755 2754 4810 beati
2788 4754 3014 4824 apostoli
3040 4751 3190 4807 Pauli
3219 4765 3416 4821 corpus
3439 4752 3797 4822 amplectitur,

2215 4847 2360 4901 hunc
2383 4845 2791 4916 supertitiosum
2819 4860 3025 4900 morem
3055 4860 3084 4898 a
3114 4851 3302 4898 sancto
3326 4841 3491 4898 Petro
3519 4844 3802 4913 impetrare

2215 4954 2322 4993 non
2367 4937 2586 5000 meruit,
2621 4936 2801 5007 aliqua
2833 4936 2983 4992 orbis
3020 4945 3290 4990 terrarum
3333 4934 3555 4988 abbatia
3581 4933 3800 5013 qualiter

2217 5032 2512 5088 obtinebit?
2539 5031 2707 5086 Totus
2734 5015 2872 5100 pene
2901 5030 3133 5085 mundus
3160 5015 3373 5083 noverit
3423 5031 3572 5098 quod
3604 5028 3799 5096 specia-
