3994 5370
178 304 297 362 581

1359 306 1714 365 EPlS'l'OIJE
1756 304 1842 360 ET
1883 306 2293 368 PRl\'ll.ECl.’l.

3357 317 3464 376 583

178 421 446 477 sandaliis
490 420 788 477 liberaliter
830 435 892 475 ac
932 420 1250 476 soleznniter
1285 421 1571 489 potiretur.
1624 419 1775 475 Unde
1805 424 1850 477 Α
1884 429 1983 472 ret.
2013 420 2132 487 Quo
2163 420 2559 476 Mediulattcnse
2581 420 2989 492 archiepiscopo
3019 422 3072 477 in
3104 425 3338 480 melium
3368 443 3461 483 ve-

176 517 324 586 quod
346 525 573 571 sanctus
594 514 793 569 Paulus
822 530 852 568 a
881 523 1072 569 sancto
1097 513 1259 568 Petro
1287 502 1393 566 non
1418 514 1642 581 expetit,
1673 527 1777 565 ca:-

178 607 281 662 teri
332 605 584 674 juniores
628 605 803 659 sanati
854 614 1037 661 nostra
1101 603 1399 658 inevitabili
1449 604 1778 658 auctoritate

174 695 433 750 obtinere
473 694 762 749 desistant.
814 692 984 763 Igitur
1033 693 1342 762 quicunque
1395 689 1555 759 hujus
1608 689 1775 745 nostri

176 785 451 856 privilegii
481 785 803 840 observator
849 784 1157 847 exstiterit,
1206 782 1353 837 omni
1401 782 1778 837 benedictione

178 876 483 946 repleatur.
546 876 647 943 Qui
695 885 877 930 autem
927 874 1307 944 quoquomodo
1361 873 1499 927 hanc
1533 882 1776 928 nostram

173 970 604 1040 pneceptionem
640 969 843 1024 violare
874 968 1310 1039 praesumpserit,
1339 967 1442 1021 nisi
1470 966 1773 1036 resipiscat,

176 1060 476 1114 individua:
526 1058 810 1113 Trinitatis
860 1059 995 1112 iram
1049 1058 1329 1122 incurrat,
1386 1057 1559 1111 sancti
1630 1055 1776 1109 Petri

168 1149 556 1219 apostolorum
601 1149 863 1219 principis
912 1147 1291 1203 maledictionc
1332 1147 1623 1210 redundet,
1676 1154 1779 1200 tre-

178 1255 468 1301 eentorum
492 1244 679 1299 detem
702 1251 757 1297 et
782 1250 907 1296 octo
935 1250 1149 1312 patrum
1176 1249 1526 1295 sacrosancto
1548 1236 1777 1293 concilio

176 1334 494 1400 damnetur,
518 1343 683 1403 atque
714 1332 766 1386 in
793 1340 1040 1387 extrema
1065 1331 1151 1385 die
1185 1330 1399 1400 jndicii,
1423 1330 1774 1384 amannatha

179 1426 531 1481 anathemate
551 1424 819 1495 perditus,
857 1422 994 1476 lucis
1016 1421 1394 1477 claritudinem
1422 1420 1650 1483 nesciat,
1681 1420 1775 1473 sed

179 1517 323 1573 inter
337 1516 646 1571 exteriores
667 1514 926 1571 tenebras
945 1529 1068 1568 cum
1083 1510 1297 1566 diabolo
1317 1527 1379 1567 ac
1389 1509 1777 1566 consentaneis

175 1607 297 1677 ejus
323 1606 722 1678 perpetualiter
751 1614 951 1676 gemat.
986 1602 1261 1672 Scriptum
1301 1602 1402 1656 hoc
1437 1599 1777 1670 privilegium

179 1712 276 1767 per
300 1694 784 1761 manumloannis,
806 1692 1076 1749 scriniarii
1100 1706 1164 1747 ac
1178 1691 1378 1745 notarii
1405 1690 1548 1746 sacri
1569 1689 1775 1760 palatii.

178 1790 218 1859 ’ξ’
240 1790 384 1845 Bene
415 1788 612 1843 valete.

250 1879 451 1934 Datum
502 1877 679 1948 pridie
730 1875 847 1931 Kal.
877 1873 1188 1940 Januarias,
1235 1889 1334 1945 per
1386 1888 1579 1929 manus
1622 1870 1773 1927 Petri

178 1973 418 2037 diaconi,
459 1971 859 2028 bibliothecarii
890 1978 947 2025 et
975 1968 1284 2024 cancellarii
1315 1977 1521 2022 sanctae
1561 1974 1775 2037 aposto-

177 2066 295 2121 l'eae
326 2065 496 2130 sedis,
534 2080 679 2119 anno
708 2063 931 2119 Domini
978 2061 1150 2117 nostri
1178 2060 1309 2116 Jesu
1350 2060 1551 2115 Christi
1604 2057 1772 2125 1046,

179 2162 365 2218 domui
402 2161 699 2217 Clementis
726 2158 949 2217 secundi
980 2172 1130 2228 papa:
1170 2157 1220 2222 l,
1257 2155 1369 2210 ind.
1402 2171 1492 2209 xv.

952 2249 1039 2306 lll.

174 2358 515 2400 ιιεειιιιιτει
553 2356 858 2401 ειεκεκτιε
894 2357 1041 2395 ΡΑΡΕ
1084 2355 1120 2396 ll
1166 2354 1235 2394 AD
1277 2353 1450 2395 OMNES
1505 2353 1773 2393 εεοιεεω

868 2429 930 2466 ῬΙ
938 2429 987 2467 Η
994 2427 1078 2467 05.

784 2504 965 2567 (Anno
1004 2502 1188 2575 ton.)

463 2593 727 2669 [Ugltelli,
754 2593 917 2649 Italia
939 2610 1117 2659 sacra,
1147 2593 1231 2658 11,
1258 2609 1310 2664 p.
1338 2587 1491 2664 361.]

185 2684 506 2744 Ravennatis
539 2697 589 2740 et
630 2684 1041 2740 Mediolunensis
1070 2685 1658 2754 urchiepiscoporumget
1681 2697 1777 2751 pa-

248 2759 503 2812 triarchae
542 2756 887 2826 Aquileiensis
921 2756 1062 2809 litem
1101 2752 1327 2826 testatur,
1359 2752 1527 2826 primo
1564 2752 1649 2806 die
1682 2769 1772 2821 sy-

249 2829 377 2883 nodi
423 2848 442 2879 ι
487 2823 629 2880 circa
669 2843 832 2879 nonas
862 2826 1145 2895 jamtarias
1186 2846 1209 2895 ρ
1254 2823 1524 2879 celi-bram
1561 2832 1775 2895 eatenus

251 2902 517 2952 decretam
545 2914 656 2951 esse
682 2906 737 2949 ut
769 2893 1145 2965 archiepiscopi
1173 2893 1519 2965 Ravennates.
1550 2893 1650 2965 nisi
1677 2894 1776 2945 im-

245 2979 466 3036 perator
510 2968 672 3031 adsit,
722 2965 793 3021 ad
837 2960 1386 3036 dextram‘ponli/icis
1426 2960 1651 3017 Romani
1688 2979 1774 3017 se-

248 3039 435 3093 deum.

251 3148 504 3205 Canas
541 3148 847 3218 episcopus.
906 3160 1097 3202 servus
1133 3161 1415 3205 servorum
1455 3146 1573 3212 Dei,
1599 3144 1772 3201 o'nud-
1801 3130 1847 3192 (ἶ

182 3244 284 3299 bus
312 3251 522 3299 sancta:
546 3240 803 3296 Ecclesia:
857 3238 984 3295 ﬁliis
1006 3248 1327 3310 perpetuam
1354 3238 1409 3294 in
1438 3238 1654 3296 Christo
1680 3253 1771 3294 sa-

182 3336 404 3496 Mardi!
428 3426 706 3498 propulsis
735 3425 805 3481 ab
834 3424 1131 3495 apostolica
1157 3424 1286 3480 sede
1312 3424 1400 3479 his
1429 3424 1522 3493 qui
1551 3424 1603 3479 in
1634 3421 1776 3479 ovile

182 3518 612 3575 sacratissimum
642 3515 1012 3588 apostolorum
1051 3514 1282 3584 principi
1313 3513 1475 3569 Petro
1501 3530 1531 3568 a
1560 3513 1805 3569 Christo

183 3610 410 3665 Domino
430 3608 878 3664 commendatum
896 3622 1002 3661 non
1028 3606 1254 3677 ingressi
1273 3606 1423 3660 fuere
1444 3605 1774 3676 perostium,

181 3701 272 3757 sed
293 3698 513 3758 aliunde
534 3714 857 3769 surrepsere
887 3707 1090 3768 utpote
1119 3696 1267 3752 fures
1292 3706 1346 3752 et
1369 3696 1635 3762 latrones,
1655 3713 1779 3767 pro-

183 3793 472 3863 spicientes
496 3794 617 3848 suis
642 3790 946 3847 commodis
974 3790 1155 3861 potius
1189 3805 1349 3860 quam
1389 3790 1570 3861 gregis
1602 3790 1779 3845 humi-

183 3881 347 3949 litati,
378 3898 481 3938 non
505 3890 591 3937 est
615 3880 819 3936 nostris
838 3881 1046 3936 meritis
1076 3881 1488 3945 ascribendum,
1521 3880 1615 3937 sed
1640 3880 1778 3935 divi-

184 3989 265 4028 na:
294 3971 645 4044 benignitati,
670 3986 790 4041 quae
816 3971 977 4042 elegit
1003 3986 1065 4024 ea
1083 3987 1205 4043 qum
1226 3988 1334 4026 non
1361 3980 1490 4028 sunt
1519 3982 1775 4042 tanquam

181 4062 313 4126 sint,
368 4070 429 4116 ut
464 4076 529 4116 ea
562 4075 685 4131 quae
734 4069 860 4115 sunt
884 4071 1233 4117 evacueutur.
1282 4061 1360 4116 De
1386 4061 1571 4116 multis
1596 4072 1776 4116 autem

183 4167 299 4221 quae
322 4152 377 4206 in
411 4151 529 4223 ipso
564 4150 740 4207 nostri
786 4150 1139 4223 pontiﬁcatus
1174 4152 1473 4223 primordio
1503 4161 1624 4208 acta
1652 4161 1779 4207 sunt

185 4245 237 4299 in
275 4245 512 4318 synodo,
547 4260 714 4316 quam
743 4252 798 4297 et
848 4259 950 4315 pro
976 4248 1247 4304 communi
1277 4246 1511 4302 utilitate
1538 4256 1779 4302 matura-

184 4339 383 4402 vimns,
413 4347 470 4392 et
496 4338 643 4392 circa
694 4333 877 4391 Ncnas
913 4334 1202 4393 Januarias
1237 4337 1580 4393 celebrantes
1608 4354 1776 4393 unum

184 4430 513 4499 propitiante
542 4428 776 4484 Domino
807 4427 967 4482 nobis
999 4442 1318 4483 concessum
1348 4437 1432 4483 est
1468 4428 1576 4484 illic
1601 4429 1780 4484 deter-

1880 511 2083 576 niente,
2124 513 2404 566 dexterum
2450 513 2576 583 quia
2628 513 2806 569 locum
2850 515 3104 584 petierat,
3137 516 3263 571 hinc
3286 517 3465 573 accla-

1881 611 2080 652 tnatum
2111 609 2194 655 est
2221 600 2287 655 ab
2308 601 2479 656 electo
2503 603 2708 658 llaven.
2734 604 2834 660 sibi
2857 605 3041 660 deberi
3076 606 3224 660 illum
3250 624 3264 673 ;
3298 608 3465 663 simili

1880 689 2042 744 modo
2089 706 2118 744 a
2158 694 2466 761 patriarcha
2506 694 2859 765 Aquileiensi,
2900 705 2955 750 et
2989 697 3061 751 ita
3093 699 3252 754 unius
3279 701 3352 754 rei
3386 701 3467 754 al-

1881 781 2109 836 tercatio
2138 782 2282 837 inter
2311 799 2431 838 sese
2474 795 2593 839 orta
2618 794 2720 840 est.
2753 786 2958 841 Placuit
2997 799 3178 844 autem
3203 791 3466 846 universa:

1878 873 2087 941 synodo
2122 874 2284 929 trium
2333 876 2569 945 partium
2602 877 2995 935 dissensionem
3027 897 3213 937 coram
3236 882 3464 938 differri.

1880 959 2188 1032 Statimque
2221 964 2466 1034 prolatus
2510 965 2727 1035 quidam
2758 968 3036 1040 catalogus
3063 971 3343 1026 nominum
3369 988 3465 1027 eo-

1877 1068 1997 1108 rum
2062 1055 2587 1127 arrttixpiscoporum
2654 1058 2746 1127 qui
2824 1058 3184 1115 interfuerant
3256 1063 3466 1135 synodo

1880 1141 2190 1214 Symmachi
2215 1162 2388 1217 papae,
2419 1147 2509 1201 ubi
2537 1149 2887 1220 praescriptus
2916 1151 3468 1210 eratilediulaneusis

1879 1237 2340 1308 archiepiscopus,
2365 1254 2475 1309 quo
2496 1249 2687 1295 contra
2717 1252 2993 1297 ostensum
3019 1228 3107 1300 est
3126 1245 3465 1316 privilegium

1876 1326 2212 1385 Ravennatis
2258 1331 2510 1388 Ecclesia:
2548 1333 2857 1401 continens,
2902 1336 3134 1406 qualiter
3161 1335 3248 1390 illa
3274 1336 3468 1393 inscri—

1872 1418 1993 1487 ptio
2022 1419 2307 1474 nominum
2340 1436 2446 1475 non
2497 1420 2682 1492 aliquo
2704 1422 2850 1493 jure,
2882 1440 2989 1478 non
3023 1424 3201 1495 aliqua
3232 1424 3470 1495 plenitu-

1880 1509 2028 1575 dine,
2083 1512 2177 1565 sed
2222 1512 2404 1583 potius
2449 1514 2622 1583 gratia
2671 1513 2996 1572 humilitatis
3030 1516 3293 1574 evenerit.
3322 1516 3468 1586 quod

1876 1601 2089 1657 scilicet
2118 1604 2559 1674 archiepiscopus
2587 1605 2830 1661 liavenu.
2860 1608 3169 1677 permiserit
3190 1608 3467 1680 praescribi

1880 1690 1986 1745 sibi
2020 1691 2110 1747 illo
2140 1696 2512 1750 tantummodo
2538 1710 2666 1751 casu
2709 1698 3175 1769 archiepiscopum
3207 1697 3466 1753 Mediola-

1799 1776 1846 1836 Β
1873 1799 2126 1850 nenscm,
2179 1797 2236 1842 et
2260 1804 2329 1843 ne
2373 1798 2655 1858 propterea
2685 1790 2862 1860 quivis
2888 1807 3043 1845 error
3086 1791 3138 1845 in
3190 1798 3466 1860 posterum

1872 1878 2212 1949 gigneretur,
2258 1880 2526 1949 placuisse
2574 1896 2725 1952 papa:
2752 1881 2945 1938 Joanni
2997 1883 3296 1938 successori
3323 1882 3468 1938 illius

1876 1970 2188 2043 Symmachi
2222 1974 2396 2043 ipsum
2438 1973 2779 2044 privilegium
2829 1973 2970 2038 lieri,
3001 1974 3103 2044 hoc
3130 1983 3311 2028 autem
3340 1988 3468 2043 pre-

1875 2072 2058 2133 ptes-ea
2116 2074 2175 2118 ut
2219 2066 2342 2135 quis
2397 2065 2671 2121 videretur
2696 2080 2817 2121 esse
2858 2043 3053 2136 major",
3082 2064 3331 2134 quamvis
3358 2079 3465 2119 non

1874 2154 2066 2209 dextra
2099 2171 2250 2225 papm
2278 2156 2507 2212 Romani
2555 2172 2772 2226 semper
2808 2155 2931 2225 jure
2973 2156 3264 2210 deberetur
3289 2153 3469 2208 archi-

1877 2246 2134 2317 episcopo
2179 2246 2521 2313 Ravennati;
2551 2247 2855 2301 addendum
2904 2256 3081 2300 tamen
3132 2246 3179 2300 ei
3213 2257 3334 2300 esse
3367 2242 3469 2298 soli

1873 2336 2216 2406 imperatori,
2263 2336 2306 2392 si
2347 2352 2588 2406 prazscus
2626 2337 2862 2400 adesset,
2893 2344 2950 2389 et
2979 2334 3059 2389 sic
3089 2335 3155 2389 ad
3185 2334 3463 2389 sinistram

1875 2440 1999 2484 eum
2027 2429 2415 2498 transmigrare
2442 2429 2662 2483 debere.
2685 2428 2891 2494 Quibus
2919 2427 3149 2482 duorum
3177 2409 3469 2482 altercato-

1878 2533 1996 2572 rum
2021 2520 2279 2582 ostensis,
2320 2520 2502 2574 ctetcri
2556 2534 2770 2588 quoque
2794 2517 3156 2582 altercatoris,
3183 2517 3235 2571 id
3262 2524 3344 2571 est
3373 2530 3469 2585 pa-

1878 2614 2153 2677 triarchae,
2205 2622 2483 2668 ostensum
2529 2621 2610 2667 est
2655 2608 2996 2682 privilegium
3043 2626 3071 2662 a
3111 2607 3320 2662 Joanne
3346 2604 3469 2662 XIX

1876 2721 2013 2776 papa
2065 2715 2243 2762 actum
2298 2704 2553 2759 similiter
2576 2704 2642 2759 de
2670 2701 2911 2757 sessione
2946 2703 3013 2756 ad
3036 2700 3315 2755 dexteram
3342 2713 3470 2769 par-

1879 2805 2008 2850 tem.
2056 2794 2152 2851 ilis
2205 2796 2427 2859 auditis,
2457 2795 2710 2849 universa
2738 2806 2979 2864 synodus
3012 2792 3337 2860 interrogata
3361 2799 3467 2844 est.

1876 2886 2059 2941 Primo
2098 2895 2277 2940 autem
2317 2885 2559 2939 omnium
2612 2884 2841 2938 Romani
2890 2882 3149 2953 episcopi,
3180 2881 3467 2949 clerusquc

1876 2980 2178 3044 Romanus,
2218 2979 2414 3049 quibus
2469 2978 2766 3033 auctoritas
2810 2986 2893 3031 est
2921 2977 3116 3045 major,
3155 2983 3208 3029 et
3238 2974 3352 3044 ipsa
3382 2986 3470 3027 res

1877 3083 2002 3127 nota
2038 3077 2192 3137 erat;
2226 3070 2420 3126 deinde
2477 3070 2847 3127 retribuimus.
2896 3068 3138 3136 Cumque
3180 3080 3247 3119 ex
3277 3065 3469 3120 ordine

1876 3162 2116 3218 Joannes
2172 3163 2459 3232 episcopus
2513 3161 2853 3224 Portuensis.
2890 3159 3156 3215 etl’ctrns
3182 3160 3463 3221 d'aconus,

1877 3265 2077 3310 nostra:
2097 3253 2405 3324 apostolicze
2421 3255 2565 3310 sedis
2589 3253 2964 3315 cauccllarius,
2995 3248 3335 3321 privilegium
3364 3248 3470 3321 Ra-

1879 3346 2130 3400 vennatis
2159 3345 2437 3409 Ecclesia},
2485 3346 2601 3400 vice
2629 3362 2724 3400 sua
2769 3345 3032 3399 universa:
3062 3358 3095 3412 p
3116 3352 3246 3396 vrtcs
3281 3340 3470 3394 lauda-

1880 3444 2023 3502 rent,
2068 3438 2252 3509 Poppo
2280 3454 2497 3508 quoque
2537 3438 2834 3492 Brisiensis
2878 3437 3166 3507 cpiscopus
3196 3434 3298 3487 hoc
3326 3432 3467 3487 idem

1878 3526 2275 3601 l'ecit,ejusque
2331 3546 2517 3586 vocent
2568 3538 2677 3583 tota
2731 3528 2967 3600 synodus
3014 3536 3100 3582 est
3142 3529 3467 3582 consec:.ta;

1878 3636 1987 3691 quo
2038 3622 2202 3692 igitur
2253 3621 2310 3676 in
2354 3636 2519 3675 unum
2570 3619 2706 3689 placi
2735 3635 2822 3673 um
2864 3633 2966 3670 vox
3010 3613 3252 3669 omnium
3276 3625 3472 3666 convc-

1880 3715 2058 3779 nicns,
2114 3725 2298 3769 noster
2346 3726 2562 3784 quoque
2589 3726 2842 3767 assensus
2868 3707 2983 3778 pari
3025 3706 3235 3761 ratione
3257 3717 3472 3758 accom-

1881 3805 2132 3860 modatus
2158 3812 2261 3858 est.
2290 3800 2362 3858 Ut
2388 3817 2517 3857 vero
2546 3801 2689 3872 quod
2718 3811 2897 3855 actum
2927 3806 3006 3853 est
3036 3794 3293 3851 omnibus
3315 3794 3472 3847 inno-

1881 3904 2077 3962 tescat,
2122 3895 2326 3966 placuit
2369 3894 2569 3949 nostris
2619 3892 2931 3963 apostolicis
2976 3874 3465 3946 litteris'adnotari,

1879 3994 1935 4041 et
1984 3996 2091 4039 tam
2117 3983 2473 4053 prtesentibus
2499 3998 2660 4051 qttam
2712 3981 2908 4035 futuris
2935 3978 3198 4044 intitnari,
3229 3986 3288 4029 ut
3317 3982 3470 4027 tanto

1881 4073 2094 4129 ﬁrmius
2121 4072 2321 4133 valeat,
2346 4083 2551 4141 quanto
2584 4080 2799 4125 constat
2836 4071 2900 4125 de
2929 4079 3116 4124 nostro
3143 4082 3239 4122 ore
3268 4065 3464 4120 audiri.

1881 4164 2083 4221 Verum
2115 4181 2181 4219 ne
2212 4165 2438 4234 posthac
2475 4164 2670 4219 iterum
2707 4163 2787 4218 vel
2813 4163 3222 4232 archiepiscopo
3266 4160 3469 4217 Medio-

1883 4258 2111 4322 lanensi,
2154 4257 2235 4311 vel
2271 4258 2595 4327 patriarclue
2624 4256 2956 4327 Aquileiensi
2980 4257 3045 4311 de
3079 4255 3322 4310 sessione
3340 4254 3471 4308 dex-

1882 4352 1950 4407 tri
2010 4350 2196 4405 lateris
2253 4350 2424 4404 nostri
2473 4350 2634 4403 liceat
2664 4351 2903 4405 excitare
2928 4348 3472 4418 quamlibctcontro-

1881 4442 2139 4508 versiam,
2171 4440 2547 4496 interdicimus
2589 4449 2769 4493 nostra
2823 4438 3120 4507 apostolica
3149 4438 3474 4492 auctoritate

184 4522 414 4587 minare,
438 4520 583 4591 (μιοά
613 4519 893 4574 multoties
942 4518 1259 4574 ventilatum
1284 4535 1314 4573 2
1340 4528 1485 4575 retro
1507 4520 1772 4590 pontiﬁci-
1802 4503 1853 4563 υ
1882 4503 1998 4587 Ιιου-
2022 4532 2103 4587 eis
2124 4503 2212 4587 ,δε
2252 4541 2452 4585 cancro
2490 4529 2672 4585 licere.
2722 4503 2874 4596 Quod
2904 4530 2949 4585 si
2978 4530 3115 4584 forte
3146 4528 3307 4583 fuerit
3334 4544 3476 4599 prm-

184 4610 280 4665 bus
323 4608 825 4680 praedecessoribus
850 4608 1071 4673 nostris,
1111 4616 1206 4663 aut
1241 4610 1348 4675 vix,
1374 4620 1468 4665 aut
1493 4611 1640 4666 nullo
1666 4611 1772 4667 line

184 4700 419 4770 Sopitum
463 4709 588 4766 est;
640 4698 773 4755 illud
808 4697 1057 4754 videlicet
1087 4699 1142 4754 in
1178 4701 1385 4771 synodo
1410 4701 1630 4757 sedendi
1650 4702 1770 4772 jur-

184 4793 351 4863 gium,
388 4792 532 4861 quod
552 4800 862 4847 emerserat
888 4790 1030 4845 inter
1054 4791 1422 4847 Ravennatem
1449 4802 1505 4848 et
1521 4793 1774 4848 Mediola-

190 4900 406 4940 ncnsem
433 4886 899 4956 archiepiscopos,
921 4885 1131 4941 undeet
1160 4884 1212 4939 in
1235 4886 1348 4955 ipsa
1364 4895 1546 4942 nostra
1571 4888 1779 4958 synodo

187 4978 539 5046 Aquileiensis
549 4975 865 5051 patriarcha
883 4977 1223 5034 mussitabat.
1238 4978 1490 5051 Quisquis
1504 4979 1617 5053 [qui
1629 4982 1777 5055 sque]

362 5071 460 5104 οἶιιῖ
494 5070 648 5104 Sua-In
680 5084 780 5104 nnc
813 5068 982 5104 olori-0:
1016 5072 1198 5104 Ιηιοοεῖο
1230 5072 1401 5104 Ιιιηηινιη

189 5070 327 5104 cash“
362 5071 460 5104 οἶιιῖ
494 5070 648 5104 Sua-In
680 5084 780 5104 nnc
813 5070 982 5104 olori-0:
1016 5072 1198 5104 Ιηιοοεῖο
1230 5072 1401 5104 Ιιιηηινιη
1443 5073 1750 5104 ινὲυιιιῖιιαῑιηο

1879 4633 2173 4693 sumptum,
2234 4638 2334 4694 pro
2385 4623 2744 4678 temeratione
2801 4622 3077 4678 interdicti
3127 4622 3322 4688 nostri,
3365 4638 3472 4676 non

1881 4717 2040 4771 modo
2087 4716 2327 4771 banmun
2376 4716 2548 4771 sancti
2597 4715 2741 4770 Petri
2778 4726 2980 4771 nostra:
3032 4715 3146 4769 sedi
3177 4712 3471 4782 persolvat,

1879 4824 2065 4863 verum
2094 4819 2294 4864 nostra:
2317 4822 2534 4879 quoque
2564 4806 3143 4863 excommunicat‘on's
3167 4812 3223 4858 et
3251 4803 3476 4859 anathe-

1888 4901 2049 4953 matis
2108 4897 2331 4969 laqueos
2383 4899 2649 4954 btcurrat.
2682 4897 2878 4951 Sedem
2923 4897 3086 4950 etiam
3116 4893 3358 4946 ltavenn.
3388 4906 3477 4943 ar-

1885 4988 2214 5058 chiepiscopi
2259 4987 2516 5053 iubemus
2564 5000 2780 5057 semper
2800 4999 2930 5041 esse
2964 5001 2991 5037 a
3021 4981 3229 5037 dextris
3277 4978 3478 5034 nostris

2767 5088 2918 5104 ραι-ι...
2946 5075 3066 5104 .Iu-n
3094 5070 3330 5104 nn‘inn-n
3353 5084 3480 5104 mm-

1888 5090 2192 5104 n--I—..--..s.
2207 5095 2306 5104 ...αλδ
2336 5093 2483 5104 nanos-.4
2498 5091 2708 5104 αλλ’-ιιι-
