3994 5370
554 308 661 365 583

1304 415 1389 469 IV.

667 527 1005 572 νιιινιιῐειωι
1043 527 1338 567 CLEMENTIS
1378 525 1523 563 I‘AI‘.£
1564 525 1600 563 ll
1641 523 1739 563 PRO
1778 521 2024 562 [CCLESIA

1094 595 1588 636 ιηιιιιιιιιιῑεκδι.

1138 672 1316 743 (Anno
1345 670 1527 739 1047.)
1852 708 1855 709 ν

585 765 761 840 [Apud
786 764 1157 836 Lappenberg,
1193 760 1606 831 llainburgisclte
1635 757 1872 825 Urkund,
1900 759 1941 826 i,
1967 757 2080 834 72.]

542 895 546 898 ‘
623 886 873 941 CLEIIENS
897 882 1201 951 episcopus,
1234 892 1424 932 servus
1466 892 1745 931 servorum
1795 877 1908 941 Dei,
1937 877 2132 932 dilecto

542 975 812 1031 confratri
832 982 1016 1027 nostro
1035 970 1380 1033 Annaeum,
1402 966 1695 1021 venerabili
1724 967 2131 1037 archiepiscopo

542 1057 1034 1133 ‘Ammaburgensis
1076 1058 1334 1114 Ecclesiae
1384 1058 1605 1127 suisque
1641 1059 2047 1113 successoribus
2074 1060 2131 1112 in

561 1166 903 1226 pcrpetumn.

626 1243 890 1299 Convenit
917 1240 1211 1312 apostolico
1238 1237 1592 1294 moderamini
1615 1237 1698 1308 pia
1721 1236 1980 1307 religione
2012 1238 2130 1308 pol-

549 1330 783 1387 lentibus
800 1314 1064 1385 benevola
1090 1326 1461 1397 compassione
1514 1326 1843 1380 successisse
1885 1325 2130 1397 [succur-

551 1421 698 1493 rere]
729 1421 1130 1492 etposceutimu
1170 1418 1365 1473 animis
1389 1418 1550 1472 alacri
1583 1418 1866 1473 devotione
1888 1420 2131 1489 praebere

550 1528 852 1567 assensum.
896 1512 977 1567 Ex
1008 1512 1110 1566 hoc
1135 1510 1277 1565 enim
1307 1509 1438 1564 lucri
1468 1510 1807 1578 potissimum
1848 1510 2127 1581 praemium

550 1603 689 1673 apud
709 1602 1041 1658 conditorem
1056 1600 1297 1656 omnium
1318 1598 1602 1654 Dominum
1625 1599 1809 1669 procul
1828 1599 1989 1655 dubio
2004 1615 2129 1669 pro-

549 1694 976 1758 meremur,dum
994 1689 1318 1746 venerabilia
1334 1690 1447 1742 loca
1461 1697 1760 1757 opportune
1770 1689 1835 1742 ad
1849 1688 2125 1746 meliorem

1820 301 2204 359 CLEMENTlS
2243 303 2443 359 mea:
2484 304 2523 357 ιι
3264 368 3267 371 _

2157 421 2202 477 Α
2235 413 2405 466 sancti
2448 413 2658 467 Martini
2681 414 2942 484 episcopi,
2973 414 3025 466 in
3051 415 3307 470 natantiis'
3344 402 3627 469 beatorum
3658 433 3773 471 mat.

3690 305 3776 363 5N

2236 511 2410 571 t_vrum
2455 504 2751 570 Laurentii,
2784 504 3019 560 Mauricii
3047 509 3426 575 sociorumque
3457 509 3773 570 eormudem,

2231 592 2357 645 etin
2381 593 2673 649 festivitate
2705 594 2953 648 Omnium
2998 597 3342 657 Sanctorum,
3393 605 3449 649 et
3488 595 3542 648 in
3571 595 3668 650 illis
3692 598 3778 650 les-

2234 683 2534 738 livitatibus
2556 684 2766 738 illorum
2813 695 3120 739 sanetorum
3180 699 3407 753 quorum
3459 702 3681 757 corpora
3705 703 3777 740 re-

2229 775 2517 842 quiescunt
2569 775 2621 828 in
2661 776 2778 845 ipso
2817 776 3301 844 archiepiscopum,
3327 786 3383 830 et
3419 778 3473 829 in
3511 793 3778 832 consecra-

2235 867 2378 920 tione
2408 867 2782 937 episcoporum
2828 879 2989 936 atque
3013 868 3392 933 ecclesiarum,
3440 880 3495 922 et
3528 870 3580 923 in
3606 881 3781 926 vestra

2231 956 2589 1010 ordinationis
2631 957 2734 1010 die.
2794 956 2967 1027 Super
3013 959 3128 1013 bace
3164 969 3366 1021 autem,
3421 960 3781 1027 deprecatione

2231 1043 2451 1099 ilenriei
2500 1046 2858 1114 imperatoris,
2908 1049 3076 1101 nostri
3128 1048 3465 1102 dilectissimi
3496 1049 3609 1111 ﬁlii,
3640 1065 3782 1120 super

2229 1148 2458 1189 naccam
2485 1135 2780 1203 (equitandi
2828 1135 3098 1189 licentiam
3141 1137 3354 1200 damus,
3383 1138 3437 1190 in
3471 1138 3782 1193 solemnibus

2231 1222 2444 1285 diebus,
2472 1225 2843 1277 tantummodo
2880 1225 2931 1277 in
2966 1238 3140 1279 veStra
3171 1228 3318 1281 sede.
3342 1227 3409 1281 Et
3432 1228 3594 1296 pallio
3619 1241 3733 1283 utcn
3753 1230 3779 1283 ii

2229 1311 2286 1367 in
2329 1314 2763 1369 ordinationibus
2794 1316 3197 1381 ecclesiasticis,
3220 1328 3275 1371 et
3306 1334 3527 1372 crucem
3554 1330 3673 1374 ante
3701 1336 3782 1374 vos

2230 1402 2501 1472 portantii,
2553 1405 2696 1457 sicut
2742 1414 3116 1460 antecessores
3159 1406 3324 1459 vestri
3376 1408 3692 1472 habuerunt,
3724 1408 3780 1460 Ii-

2229 1494 2467 1548 eentiam
2509 1494 2720 1549 damus.
2771 1496 2967 1548 Sancta
3019 1497 3257 1550 Trinitas
3288 1497 3677 1553 fraternitatem
3707 1516 3780 1554 ve-

2227 1592 2398 1637 stram
2454 1585 2541 1638 diu
2595 1599 2915 1639 conservare
2962 1586 3614 1656 dignetur.incolumem,
3639 1601 3783 1660 atque

2231 1683 2351 1743 post
2375 1675 2534 1746 hujus
2559 1674 2739 1729 saeculi
2790 1676 3208 1746 Iamarixudincm
3242 1680 3310 1733 ad
3337 1690 3651 1750 perpetuam
3673 1698 3784 1752 per-

549 1782 882 1838 fuerintsinc
899 1783 1061 1837 dubio
1072 1789 1269 1835 statum
1283 1780 1560 1849 perducta.
1579 1779 1769 1849 igitur,
1791 1780 1915 1848 quia
1943 1789 2121 1851 postu-

2230 1765 2392 1817 ducat
2414 1764 2820 1819 beatitudinem.
2852 1764 2995 1820 Bene
3018 1767 3206 1822 valete.

532 1874 700 1931 'lastis
720 1892 749 1928 a
774 1875 948 1939 nobis,
966 1884 1234 1943 quatenus
1259 1871 1778 1940 archiepiscopatum
1800 1872 2127 1924 Ammabnr-

546 1966 728 2037 gensis
740 1965 993 2021 Ecclesia:
1010 1972 1177 2019 totum
1192 1962 1243 2016 in
1267 1962 1534 2029 integrum
1549 1960 1701 2014 vobis
1720 1961 1858 2015 conﬁ
1869 1974 2123 2026 rmemus,

548 2057 711 2112 sicuti
742 2073 770 2110 a
794 2052 1280 2126 praedecessor-ibus
1300 2052 1497 2106 nostris
1518 2049 1761 2114 Nieolao,
1801 2058 1858 2103 ct
1876 2051 2123 2119 Agapltti,

550 2157 607 2202 et
627 2147 937 2211 Benediclo,
974 2144 1131 2213 hujus
1156 2141 1465 2212 apostolica:
1485 2141 1629 2195 sedis
1656 2139 1923 2213 cpisc0pis
1943 2145 2127 2195 decre-

470 2304 473 2307 δ
548 2245 660 2291 tum
685 2244 786 2300 est,
820 2236 1060 2291 inclinati
1086 2232 1339 2304 precibus
1372 2232 1569 2285 vestris
1605 2228 1900 2300 apostolica
1928 2238 2121 2283 aucto-

548 2328 710 2383 ritate
760 2326 1106 2382 concedimus
1154 2332 1209 2378 et
1256 2321 1662 2383 conﬁrmamus.
1703 2336 1826 2379 cum
1873 2320 2124 2376 omnibus

547 2419 875 2488 generaliter
904 2426 1065 2486 atque
1119 2414 1424 2484 specialiter
1445 2413 1510 2467 ad
1530 2413 1788 2466 eumdem
1840 2410 2135 2482 praefatum

545 2520 787 2564 vestrum
838 2508 1363 2578 arcliicpiscOpatum
1416 2503 1854 2573 pertinentibus,
1914 2501 2124 2556 scilicet

530 2602 726 2655 iotnnia
759 2617 879 2671 quae
900 2599 1064 2653 vestri
1092 2608 1463 2652 antecessores
1509 2594 1622 2649 suis
1642 2593 1916 2649 laboribus
1940 2591 2124 2662 acqui-

544 2692 777 2753 sierunt,
808 2690 890 2745 vel
919 2690 1080 2744 etiam
1123 2701 1307 2741 amore
1347 2697 1563 2740 aeterna:
1589 2685 1777 2753 patria:
1809 2684 1880 2738 ibi
1910 2699 1939 2736 a
1963 2681 2121 2737 Cill’i-
2178 2714 2188 2721 ρ

548 2784 861 2839 stieolarum
892 2783 1135 2837 ﬁdelibus
1167 2781 1354 2851 largita
1381 2788 1507 2835 sunt
1532 2780 1611 2834 vcl
1641 2780 1972 2849 largiuntur;
1999 2792 2121 2832 cum

542 2874 649 2929 illis
690 2875 854 2928 etiam
898 2874 989 2943 qui
1036 2887 1178 2926 mmc
1234 2881 1474 2939 tempore
1529 2872 1595 2924 ad
1644 2870 1845 2923 Clu-isti
1876 2868 2120 2925 conversi

548 2974 678 3021 sunt
720 2965 902 3029 ﬁdem,
933 2970 1245 3034 protegente
1282 2962 1373 3014 Dei
1400 2961 1597 3029 gratia,
1625 2960 1873 3014 videlicet
1905 2961 2119 3029 episco-

538 3069 641 3126 pos
662 3055 716 3109 in
741 3054 990 3110 omnibus
1015 3053 1264 3122 gentibus
1287 3051 1560 3105 Sucouum
1592 3065 1686 3105 seu
1708 3050 1998 3115 Dauorum,
2019 3067 2119 3108 nec

541 3165 648 3205 non
676 3148 840 3204 etiam
866 3149 917 3202 in
947 3147 1052 3202 illis
1084 3145 1326 3215 partibus
1387 3159 1507 3212 qua:
1562 3154 1684 3196 sunt
1712 3160 1742 3196 ει
1779 3144 2116 3199 meridionali

542 3243 700 3299 Albia
726 3256 894 3312 usque
924 3241 991 3295 ad
1015 3240 1232 3295 [luvium
1272 3236 1416 3291 Pcue
1447 3245 1501 3290 et
1523 3236 1589 3288 ad
1617 3234 1835 3290 ﬂuvium
1866 3236 2114 3306 Egidorc,

543 3334 622 3388 ita
675 3340 731 3386 ut
763 3333 862 3386 sub
892 3341 1069 3386 vestra
1120 3339 1530 3396 vesti-eruntque
1560 3341 1961 3393 successorum,
1990 3328 2119 3381 Am-

540 3423 919 3493 maburgcnsis
972 3420 1226 3475 lieelcsia:
1276 3418 1802 3487 archLepiseoporum
1845 3417 1927 3472 vel
1952 3418 2116 3473 alium

545 3515 861 3586 quemlibet,
913 3514 965 3567 in
995 3522 1173 3567 vesL‘a
1221 3511 1442 3566 dioecesi
1499 3510 1663 3562 ullam
1716 3508 1820 3564 sibi
1846 3510 2118 3566 vindicare

547 3605 896 3660 decernimus
942 3610 1301 3674 potestatem;
1333 3600 1576 3670 quinimo
1621 3608 1676 3654 et
1707 3599 1838 3668 ipsis
1871 3602 2117 3656 etomni-

542 3694 646 3749 bus
689 3695 910 3748 omnino
962 3693 1252 3747 suademus
1306 3689 1605 3745 cultoribus
1639 3705 1781 3745 verae
1816 3692 2113 3763 religionis,

540 3795 601 3838 ut
632 3783 959 3850 adjutorium
985 3791 1041 3836 et
1090 3782 1280 3835 solatia
1314 3781 1466 3835 vobis
1513 3780 1568 3835 in
1596 3782 1848 3835 omnibus
1881 3783 2115 3837 admini-

540 3882 738 3936 strent,
763 3883 1030 3943 quatenus
1070 3886 1168 3944 pro
1194 3872 1368 3940 gratia
1414 3872 1577 3942 hujus
1618 3872 1867 3928 beneﬁcii
1906 3873 2117 3944 plenam

518 3971 782 4040 recipere
829 3970 1133 4024 mercedem
1163 3985 1194 4024 a
1236 3970 1463 4025 Domino
1488 3978 1822 4033 mereantur,
1855 3969 2113 4039 quoniam

537 4060 721 4113 omnia
760 4074 881 4130 quae
908 4061 1149 4129 prolieua
1179 4059 1749 4131 Ecclesiwjprobantur
1774 4062 2033 4126 existere,
2062 4069 2118 4114 et

536 4149 739 4204 divinis
766 4165 872 4204 non
905 4152 1225 4221 impngnant
1262 4152 1732 4220 pra-ceptionibus,
1759 4148 2033 4206 efﬁcienda
2063 4158 2119 4204 et

536 4243 821 4312 praebenda
844 4242 1234 4313 omnipotentis
1278 4243 1368 4297 Dei
1398 4242 1717 4298 auctoritate
1741 4250 1796 4297 et
1838 4244 2114 4296 beatorum

538 4333 904 4400 apostolorum
956 4334 1100 4388 Petri
1134 4343 1189 4387 et
1215 4333 1364 4390 Pauli
1393 4349 1513 4389 esse
1548 4350 1654 4389 non
1686 4334 2018 4387 dubitamus.
2049 4330 2118 4388 Et

539 4423 644 4477 boc
669 4435 855 4477 nostro
886 4424 1101 4479 decreto
1133 4424 1477 4478 decernimus
1504 4424 1800 4479 secundum
1830 4422 2117 4493 prienomi-

539 4515 657 4570 nati
692 4514 896 4570 Nieolai
942 4530 1092 4585 papa:
1110 4523 1166 4568 et
1188 4515 1400 4584 Δεξιρίιί
1425 4531 1575 4586 papa:
1594 4524 1648 4570 ct
1668 4512 1940 4571 Benedicti
1964 4529 2114 4585 papae

537 4606 942 4660 sanctionem...
973 4611 1027 4657 et
1056 4603 1427 4659 Blimindensis
1447 4615 1503 4659 et
1528 4605 1815 4660 Fet-densis
1843 4606 2112 4660 Ecclesia-

535 4708 655 4752 rum
695 4693 1031 4765 cpisc0pis...
1067 4693 1126 4746 in
1176 4692 1285 4747 illis
1335 4693 1581 4762 partibus
1626 4693 1987 4748 constituendi
2034 4702 2114 4746 ta-

534 4800 733 4841 men...
765 4782 1086 4839 cbarissime
1106 4778 1277 4835 frater
1293 4780 1606 4844 Adalberte,
1636 4791 1694 4833 ut
1719 4790 2109 4850 potestatem...

531 4874 705 4930 frater
757 4873 1077 4930 cbarissime
1117 4871 1426 4935 Adalbcrte,
1479 4879 1679 4927 nostra:
1704 4870 2107 4926 auctoritatis...

532 4967 759 5038 Insuper
791 4966 1042 5022 addimus
1091 4978 1191 5035 pro
1241 4973 1368 5018 voto
1393 4970 1587 5018 vestrae
1627 4963 1955 5033 dignissima:
1979 4963 2115 5033 peti-

532 5061 717 5124 tionis,
745 5060 799 5116 in
827 5058 1116 5114 nativitate
1145 5054 1356 5110 Domini
1398 5065 1454 5110 et
1483 5055 1538 5108 in
1561 5062 1752 5113 octava
1794 5054 2026 5117 Domini,
2057 5053 2112 5109 in

2297 1852 2431 1907 Data
2465 1869 2558 1907 vm
2588 1853 2856 1909 Kalendas
2883 1854 3029 1918 Maii,
3056 1872 3151 1926 per
3173 1872 3366 1912 nianus
3398 1857 3545 1914 Petri
3568 1858 3783 1923 diaconi,

2228 1949 2625 2005 liibliotliecarii
2656 1959 2711 2003 et
2739 1950 3046 2004 cancellarii
3076 1960 3274 2007 sancta:
3295 1954 3607 2021 apostolica:
3633 1955 3781 2019 sedis,

2223 2054 2364 2094 anno
2394 2040 2596 2095 domini
2622 2039 2916 2097 Clementis
2961 2043 3184 2099 secundi
3224 2058 3376 2115 papae
3419 2047 3677 2110 secundo,
3704 2045 3781 2100 iu-

2225 2130 2460 2185 dictioue
2487 2145 2578 2186 xv.

2221 2329 2517 2372 ειειιειιιτιε
2560 2333 2725 2375 ΡΑΡΕη
2749 2333 2789 2372 ΙΙ
2826 2332 3080 2371 EPISTOLA
3126 2332 3193 2373 AD
3223 2331 3538 2384 βοῇ-κεῦθε
3574 2335 3788 2374 ΑΝῐιεωο

2291 2402 2470 2441 γικιιιι»
2500 2403 2739 2443 εοξιιτειι
2773 2402 2843 2444 ΕΤ
2881 2403 3127 2471 ΔΙΕΝΕΪῈΙΙ
3175 2404 3495 2446 ουιιτιεελι
3535 2404 3785 2447 ῦοδιυιιει

2292 2471 2434 2513 ειυς.

2827 2549 3004 2621 (Anno
3039 2550 3217 2618 i047.)

2222 2635 2534 2711 Monasterii
2579 2640 2640 2693 S.
2670 2639 2967 2711 Trinitatis
3017 2639 3432 2707 Vindocinemis,
3480 2658 3512 2694 a
3557 2641 3787 2711 Coﬂmlo

2291 2710 2507 2781 conditi,
2550 2708 2766 2781 tutelam
2801 2710 3022 2781 suscipit
3043 2711 3463 2781 cippossessioncs
3494 2708 3785 2781 conﬁrmat,

2290 2795 2351 2830 eu
2375 2780 2483 2850 lege
2509 2794 2564 2833 ut
2592 2779 2864 2834 duodecim
2889 2779 3042 2833 solidi
3078 2777 3144 2835 Β.
3173 2777 3329 2835 Petro
3353 2777 3635 2851 q..atunuis
3661 2799 3785 2853 pns-

2296 2859 2518 2903 Slt’nlur.

2667 2937 2874 3011 [Opera
2902 2938 3077 2993 lvonis
3106 2937 3166 3004 ll,
3196 2938 3359 3012 $4.]

2290 3048 2538 3104 CLsnsxs
2577 3051 2891 3120 episcopus,
2938 3066 3126 3106 servus
3169 3066 3446 3106 servorum
3494 3050 3619 3113 Dei.
3664 3048 3791 3105 Gor-

2222 3158 2380 3200 rntoo
2426 3144 2836 3216 Audi-gamrum
2885 3145 3100 3209 comiti,
3148 3152 3205 3198 et
3236 3146 3442 3202 Aesim
3492 3144 3787 3207 remissa,

2222 3236 2435 3306 conjugi
2465 3235 2600 3303 ejus,
2632 3237 2858 3291 salutem
2891 3248 2946 3292 et
2973 3238 3319 3308 apostolicam
3349 3236 3562 3293 benedit
3583 3239 3786 3292 tionem.

2293 3329 2518 3395 Quoties
2542 3320 2642 3382 lilii
2675 3339 2875 3383 sancta:
2904 3329 3153 3384 Erclesite
3178 3330 3532 3400 omnipotenti
3566 3331 3674 3385 Deo
3696 3329 3787 3382 ali-

2218 3435 2322 3489 qua
2350 3418 2603 3484 oﬁ‘eruut,
2634 3437 2738 3474 non
2769 3421 2964 3474 debent
2986 3435 3106 3475 esse
3131 3421 3241 3475 dati
3269 3421 3421 3490 quasi
3453 3422 3524 3476 de
3552 3436 3785 3482 munere,

2218 3513 2312 3566 sed
2360 3513 2594 3582 gaudrre
2640 3528 2708 3566 ex
2757 3512 2896 3566 ﬁdeli
2943 3513 3260 3568 redditione.
3304 3512 3557 3575 Reddunt
3589 3514 3790 3584 quidem

2217 3603 2466 3658 Creatori
2510 3618 2609 3658 suo
2635 3615 2845 3673 partem
2873 3618 3052 3657 rerum
3096 3617 3231 3672 quas
3260 3603 3328 3657 ab
3354 3618 3423 3657 eo
3447 3617 3788 3673 acceperunt.

2219 3703 2279 3748 ut
2302 3694 2367 3748 de
2394 3696 2507 3749 suis
2527 3709 2650 3748 eum
2674 3696 2835 3748 rebus
2859 3694 2960 3748 sibi
2989 3694 3189 3749 faciant
3214 3694 3578 3763 largissimum
3599 3695 3792 3748 debito.

2219 3800 2354 3840 rem.
2383 3785 2466 3838 Ab
2493 3785 2609 3854 ipso
2639 3799 2873 3854 namque
2898 3798 3085 3839 omnes
3116 3784 3379 3839 habemus
3403 3799 3557 3847 esse,
3589 3785 3788 3847 vivere,

2217 3886 2515 3946 cunctaque
2537 3876 2718 3930 habita
2739 3875 3040 3945 possidere:
3065 3884 3119 3931 et
3142 3860 3283 3945 quod
3306 3876 3485 3943 magis
3511 3885 3597 3931 est
3620 3914 3637 3928 .
3661 3914 3676 3931 .
3700 3913 3715 3928 .
3733 3915 3751 3930 .
3773 3914 3786 3929 .

2219 3967 2372 4034 Quod
2402 3982 2517 4031 vos,
2545 3965 2876 4020 dilectissimi
2902 3964 3018 4030 ﬁlii,
3047 3981 3151 4021 non
3191 3965 3527 4036 iguoranter,
3557 3966 3653 4021 sed
3677 3965 3789 4019 ﬁde-

2216 4057 2344 4113 liter
2383 4067 2765 4129 agnoscentes,
2811 4058 3091 4111 studuistis
3132 4056 3364 4127 propriis
3408 4057 3608 4111 vestris
3647 4056 3790 4110 rebus

2218 4151 2607 4205 monasterium
2647 4166 2745 4219 pro
2777 4150 3140 4219 redemptione
3169 4150 3470 4203 animarum
3496 4156 3787 4203 vestrarum

2217 4256 2631 4314 vestrorumque
2659 4254 2964 4313 parentum,
2992 4244 3130 4311 apud
3157 4241 3407 4297 Castrum
3438 4238 3786 4296 Vindocinum

2218 4337 2284 4390 ad
2314 4338 2572 4391 honorem
2602 4336 2884 4391 Trinitatis
2911 4334 3117 4389 deiﬁca:
3144 4346 3486 4398 construere,
3519 4334 3788 4403 ipsumque

2219 4426 2605 4480 monasterium
2644 4440 2766 4479 cum
2802 4424 3053 4479 omnibus
3084 4424 3196 4477 suis
3226 4422 3385 4477 rebus
3424 4421 3489 4477 Β.
3537 4422 3789 4492 apostolo-

2145 4483 2192 4543 D
2221 4532 2336 4571 rum
2352 4516 2578 4586 principi
2595 4514 2778 4579 Petro,
2793 4524 2982 4569 s.mcto
3004 4514 3204 4583 Spiritu
3230 4513 3554 4583 inspirante,
3571 4483 3785 4572 oﬁ'erre.

2216 4622 2280 4662 ea
2326 4607 2579 4661 videlicet
2646 4605 3077 4660 consideratione
3132 4612 3399 4672 quatenus
3447 4612 3655 4658 sancta:
3694 4601 3788 4656 Bo-

2217 4712 2391 4753 uianie
2419 4696 2673 4752 Ecclesiae
2706 4695 2785 4750 sic
2819 4693 3126 4763 specialiter
3150 4706 3365 4761 semper
3397 4692 3676 4746 adhaereat
3731 4705 3789 4742 ne

2218 4790 2360 4844 inter
2384 4789 2681 4842 Romanum
2719 4788 3025 4860 pontiﬁcem
3054 4796 3111 4840 et
3155 4787 3296 4841 bunc
3329 4788 3694 4842 venerabilem
3718 4786 3788 4839 loc

2217 4896 2337 4935 cum
2365 4896 2592 4950 persona
2620 4877 2874 4948 quadibet
2903 4876 3077 4933 media
3106 4877 3327 4932 cxistat.
3364 4876 3519 4943 Quod
3551 4892 3680 4942 nos,
3718 4877 3791 4929 di-

2217 4970 2341 5024 vina
2391 4968 2509 5023 fulti
2556 4969 2774 5032 ﬁducia,
2806 4968 2875 5023 ita
2907 4967 3315 5030 conﬁrmamus,
3352 4977 3414 5022 ut
3441 4968 3589 5022 inter
3617 4970 3792 5038 prima:

2216 5070 2271 5115 et
2296 5059 2603 5128 apostolica:
2630 5059 2772 5113 sedis
2795 5057 3101 5126 pontilicem
3124 5066 3178 5111 et
3203 5056 3528 5110 venerabilis
3552 5057 3655 5111 loci
3676 5055 3791 5111 Vin-
