3994 5370
200 298 313 375 ⁵8⁵.

1331 297 1691 356 εριετοωε
1732 298 1820 354 ετ
1861 295 2268 354 parmasu.
2329 258 2347 268 ’

3332 304 3438 362 586

197 419 650 482 congregatione,
682 425 726 465 st
765 420 942 465 tamen
975 409 1163 480 dignus
1199 409 1506 478 praelatione
1533 411 1774 464 invenia-
1801 418 1848 476 Α
1875 407 2246 478 explevimus,
2297 422 2419 462 cum
2486 418 2684 465 sancta:
2739 408 3115 481 Bambergensi
3191 413 3445 474 Ecclesia

197 515 305 557 tur.
352 501 505 570 Quod
549 502 594 556 si
637 502 775 573 apud
819 517 913 556 eos
943 501 1168 556 inveniri
1211 517 1312 554 non
1353 502 1588 570 poterit,
1633 501 1774 570 quod

194 593 358 656 absit,
390 608 420 645 a
447 591 726 657 Cluniaco,
757 591 893 646 vela
923 590 1106 661 Majori
1135 590 1476 655 Monasterio,
1507 591 1587 644 vel
1617 592 1776 645 unde-

196 699 410 754 cunque
439 683 632 738 melius
661 692 914 754 poterunt
944 683 1190 737 monachi
1219 683 1290 738 ibi
1313 683 1645 751 congregati,
1671 680 1774 736 sibi

193 772 400 842 eligant
428 772 680 826 abbatem
704 773 999 828 secundum
1027 772 1120 826 Dei
1159 771 1406 826 timorem
1432 780 1488 826 et
1517 772 1572 824 Β.
1608 771 1775 826 Bene-

191 864 318 918 dicti
352 862 632 935 regulam;
683 872 860 918 tamen
895 871 1111 933 propter
1153 861 1504 917 reverentiam
1538 861 1668 924 loci,
1720 861 1772 915 in

192 955 440 1025 eligendo
465 953 568 1010 sibi
590 963 881 1024 pastorem,
908 954 1068 1008 trium
1092 953 1344 1008 abbatum
1373 951 1598 1006 consilio
1620 959 1774 1004 utan-

194 1053 300 1109 tur,
329 1059 470 1114 quos
501 1043 865 1115 religiosiores
906 1043 972 1099 de
999 1043 1194 1098 vicinis
1224 1042 1356 1098 locis
1389 1041 1589 1097 habere
1618 1051 1770 1112 pote—

195 1145 342 1192 runt.
369 1135 848 1191 Consecrationem
875 1149 1004 1190 vero
1032 1148 1100 1188 ne
1125 1133 1304 1188 statim
1335 1132 1557 1186 Romam
1589 1131 1773 1186 venire

194 1229 451 1298 fatigetur
475 1226 699 1292 electus,
735 1241 766 1280 a
803 1239 1124 1295 quocunque
1148 1222 1409 1294 praesule,
1449 1222 1565 1276 sine
1591 1230 1770 1276 tamen

191 1319 338 1374 omni
369 1318 721 1387 subjectione,
749 1317 1026 1386 suscipiat,
1052 1315 1095 1369 si
1121 1313 1314 1384 prtesul
1343 1313 1480 1368 idem
1503 1312 1623 1366 sine
1644 1325 1772 1381 pre-

193 1409 289 1474 tio,
332 1417 388 1463 et
415 1409 710 1462 secundum
754 1420 990 1462 canones
1033 1405 1401 1475 episcopatum
1451 1401 1766 1470 susceperit.

190 1499 348 1566 Quod
372 1498 419 1553 si
445 1499 730 1569 episc0pus
749 1497 946 1566 pretio,
969 1495 1053 1551 vel
1077 1503 1265 1550 eontra
1291 1507 1526 1548 canones
1544 1491 1767 1557 electus,

192 1589 496 1655 investitus,
521 1587 607 1643 vel
639 1594 1008 1652 consecratus,
1052 1585 1165 1640 sive
1206 1599 1335 1654 erga
1367 1583 1675 1653 praedictum
1707 1580 1766 1633 Β.

189 1678 334 1734 Petri
361 1679 539 1734 locum
568 1677 896 1748 suspiciosus
922 1675 1207 1740 exstiterit,
1237 1674 1328 1743 qui
1353 1673 1556 1726 electus
1585 1671 1766 1736 fuerit,

1874 512 2250 568 praeessemus,
2278 499 2361 552 cui
2390 499 2582 553 attinet
2631 500 2749 569 ipse
2785 500 2961 566 locus;
3008 504 3314 572 specialiter
3343 523 3441 562 au-

1875 597 1982 643 tem
2005 589 2291 644 ecclesiam
2323 589 2374 643 in
2413 589 2668 646 Tharissa
2700 601 2754 647 et
2780 595 3076 650 oratorium
3114 596 3165 650 in
3205 596 3442 655 Wenck-

1872 682 2016 737 heim
2043 698 2164 738 cum
2197 685 2420 741 decimis
2449 687 2727 755 utriusque
2775 688 2878 743 loci
2925 690 3073 758 prius
3110 707 3141 746 a
3190 692 3358 748 l'ratre
3387 703 3444 750 et

1874 773 2193 844 coepiscOpo
2232 784 2417 832 nostro
2464 777 2716 834 Brunonc
2751 778 3220 854 Wirceburgensis
3257 785 3446 841 Eccle-

1873 863 1967 918 siae
2025 865 2417 922 rationabiliter
2460 868 2656 922 vicaria
2729 875 3066 939 possessione
3121 875 3192 930 illi
3248 879 3443 935 tradita

1873 963 2268 1010 commutantes
2309 956 2434 1011 huic
2469 961 2794 1014 monasterio
2831 964 3171 1020 contulimus.
3203 965 3448 1038 Quapro-

1870 1053 1992 1115 pter
2018 1060 2082 1100 ea
2108 1047 2428 1104 auctoritate
2465 1063 2584 1118 qua:
2622 1051 2743 1104 data
2774 1061 2857 1106 est
2901 1069 2928 1106 a
2966 1054 3178 1112 Christo
3215 1058 3445 1118 Domino

1873 1140 2114 1210 apostolo
2158 1140 2340 1206 Petro,
2391 1143 2648 1214 magistro
2690 1153 2745 1198 et
2779 1147 2974 1200 seniori
3006 1161 3224 1217 nostro,
3262 1163 3315 1208 et
3346 1169 3446 1223 per

1871 1245 1996 1287 eum
2025 1236 2429 1292 successoribus
2462 1235 2577 1304 ejus
2605 1252 2776 1307 usque
2803 1239 2869 1294 ad
2909 1252 3146 1297 nostram
3179 1245 3441 1316 indignis-

1872 1323 2064 1379 simam
2096 1327 2493 1395 paternitatem,
2517 1343 2579 1382 ea
2625 1329 2880 1384 nimirum
2928 1331 2979 1384 in
3025 1333 3241 1390 nomine
3275 1336 3445 1407 ipsius

1874 1415 2083 1471 Domini
2111 1417 2282 1472 nostri
2319 1416 2448 1473 Jesu
2482 1418 2683 1492 Christi
2731 1420 3007 1486 vallamus,
3043 1431 3272 1490 tuemur,
3329 1442 3444 1480 mu-

1871 1509 2052 1564 nimus
2090 1509 2262 1578 ipsum
2291 1513 2677 1567 monasterium
2707 1515 3036 1569 sanctissimi
3077 1527 3444 1589 protomarty-

1873 1596 1950 1650 ris
1996 1596 2256 1666 Stephani
2323 1599 2545 1669 ejusque
2595 1602 2831 1656 consucii
2900 1606 3156 1674 martyris
3211 1605 3337 1670 Viti,
3393 1617 3448 1661 et

1873 1687 2054 1750 omnia
2076 1688 2316 1758 ejusdem
2353 1691 2668 1746 monasterii
2699 1694 2836 1747 bona
2873 1695 3087 1749 mobilia
3116 1706 3169 1751 et
3200 1697 3445 1752 immobi-

191 1772 258 1826 ad
294 1787 394 1826 nos
420 1770 506 1826 vel
533 1770 603 1824 ad
628 1779 842 1824 nostros
863 1781 1205 1823 successores
1229 1773 1490 1829 τεουττειι,
1515 1771 1571 1816 ει
1590 1777 1620 1816 ³
1645 1761 1772 1853 Si?“
1799 1759 1848 1820 Β
1875 1776 1969 1841 lia,
1992 1793 2112 1847 qua:
2141 1795 2286 1834 nunc
2311 1780 2476 1835 habet
2496 1790 2552 1837 et
2573 1781 2625 1836 in
2646 1790 2963 1852 perpetuum
2995 1786 3232 1853 habebit,
3257 1797 3446 1842 contra

192 1861 251 1915 Β.
278 1861 430 1917 Petri
457 1859 688 1930 apostoli
719 1897 736 1913 .
763 1897 780 1912 .
812 1897 828 1914 .
862 1898 876 1912 .
912 1895 927 1911 .
960 1855 1113 1926 cujus
1146 1864 1228 1911 est
1255 1855 1416 1924 juris,
1444 1862 1498 1909 et
1520 1851 1771 1908 baculum
1813 1879 1817 1882 -

189 1963 245 2008 et
288 1951 759 2008 consecrationem
809 1950 1087 2019 suscipiat.
1137 1947 1219 2002 Ad
1266 1945 1552 2002 concilium
1592 1952 1774 1999 autem

189 2043 499 2098 nullatenus
534 2041 752 2105 veniat,
798 2039 942 2110 quod
983 2038 1052 2092 ab
1090 2037 1204 2108 ipso
1237 2036 1482 2091 Romano
1523 2034 1776 2104 pontiﬁce

190 2147 296 2186 non
326 2131 491 2187 fuerit
515 2129 879 2194 celebratum,
912 2139 1020 2184 etc.
1041 2126 1154 2182 Hoc
1179 2125 1342 2181 etiam
1380 2124 1658 2190 addimus,
1693 2133 1772 2189 ut,

191 2229 299 2274 tam
341 2223 398 2275 in
440 2218 826 2275 Vindocinensi
872 2217 992 2272 loco
1033 2230 1196 2286 quam
1241 2214 1294 2269 in
1337 2214 1593 2284 praedicta
1618 2214 1774 2284 juxta

188 2309 514 2382 Andegavite
551 2324 736 2364 muros
764 2309 822 2364 S.
859 2307 1154 2363 Salvatoris
1180 2304 1436 2370 ecclesia,
1485 2303 1612 2358 nulli
1653 2318 1776 2373 per-

188 2418 339 2458 sonae
386 2401 494 2459 nisi
533 2401 633 2458 soli
679 2401 926 2456 Romano
956 2398 1196 2470 pontiﬁci
1247 2396 1408 2452 liceat
1448 2405 1776 2467 potestatem

190 2493 429 2564 aliquam
479 2501 573 2547 aut
618 2491 1040 2547 dominationem
1085 2503 1374 2554 exercere,
1422 2497 1516 2542 aut
1559 2501 1776 2542 excom-

190 2583 472 2639 municare
506 2597 601 2638 seu
632 2581 994 2646 interdicere;
1040 2579 1255 2636 etiamsi
1299 2579 1649 2635 Carnotensis
1685 2585 1778 2632 aut

189 2673 598 2745 Andegaveusis
640 2687 739 2742 pro
774 2671 948 2742 culpis
988 2670 1310 2741 quibuslibet
1341 2669 1776 2724 excommunice-

192 2773 300 2829 tur,
337 2761 792 2834 excommunicati
840 2770 1017 2816 tamen
1061 2777 1092 2816 a
1137 2760 1413 2815 monachis
1455 2776 1560 2815 non
1607 2759 1778 2816 susci-

187 2853 433 2922 piantur,
459 2862 568 2908 etc.

261 2946 460 3000 Datum
492 2943 615 2999 Kal.
640 2944 767 3000 Julii
795 2961 891 3016 per
918 2961 1137 3000 manum
1161 2943 1307 2998 Petri
1332 2945 1566 3010 diaconi,
1588 2944 1778 2998 biblio-

192 3037 420 3092 thecarii
472 3045 529 3092 et
573 3037 881 3093 cancellarii
931 3037 988 3092 S.
1039 3037 1349 3106 apostolica:
1397 3039 1580 3104 sedis,
1637 3052 1779 3093 anno

190 3127 373 3181 domui
400 3125 700 3182 Clementis
728 3125 766 3180 ll
797 3142 947 3198 papa:
976 3142 1010 3189 ι,
1033 3125 1220 3180 indict.
1258 3142 1343 3179 xv.

941 3237 1031 3292 Vl.

190 3342 533 3384 PIIVILEGIUI
569 3341 870 3383 CLEIENTIS
898 3344 1044 3382 ΡΔΡΕ
1076 3343 1113 3380 ll
1142 3343 1241 3383 PRO
1278 3343 1613 3384 IONASTEBIO
1641 3343 1771 3383 THA-

861 3414 1108 3452 κιδιεδει.

707 3478 710 3481 ’
780 3488 958 3559 (Anno
995 3487 1174 3557 1047.)

188 3579 367 3651 [Apud
397 3579 720 3644 Usserman,
747 3577 1028 3633 Germania
1052 3595 1225 3644 sacra,
1252 3587 1379 3632 tom.
1399 3576 1484 3642 iii,
1510 3577 1766 3650 prcuves.]

255 3676 507 3731 (Insui-.55
529 3675 838 3745 episcopus,
869 3687 981 3728 serx
997 3688 1058 3726 us
1101 3687 1378 3726 servorum
1407 3671 1524 3735 Dei,
1568 3671 1766 3726 Jacouo

188 3767 484 3824 venerabili
531 3767 718 3824 abbati
769 3765 1080 3821 monasterii
1116 3764 1581 3819 sanctissimorum
1617 3777 1764 3816 mar.

189 3869 367 3927 tyrum
411 3856 830 3928 protomartyris
875 3853 1135 3924 Stephani
1165 3863 1326 3921 atque
1359 3851 1485 3917 V'iti,
1523 3852 1641 3905 loco
1671 3849 1763 3920 qui

186 3949 447 4005 'l‘harisse
473 3959 698 4004 vocatur
724 3948 906 4018 positi,
931 3954 1240 4016 perpetuam
1281 3944 1334 3998 in
1372 3942 1586 3999 Christo
1615 3943 1760 3997 salu-

192 4050 323 4095 tem.

251 4131 573 4200 Apostolicaa
599 4132 747 4188 sedis
770 4130 1094 4186 fortissimus
1119 4127 1339 4198 clypeus
1366 4133 1547 4180 tantus
1574 4133 1676 4190 est,
1704 4133 1763 4179 ut

185 4235 373 4281 contra
423 4241 609 4298 omnes
657 4223 1068 4280 malefactorum
1120 4222 1348 4290 impetus
1378 4216 1574 4284 valeat,
1633 4233 1761 4273 cun-

183 4318 395 4386 ctisque
423 4315 787 4370 sacrosanctis
818 4312 1061 4369 ecclesiis
1093 4308 1337 4365 sulliciat.
1370 4308 1450 4362 Ad
1480 4307 1584 4361 hoc
1612 4307 1760 4361 enim

184 4421 344 4477 supra
376 4408 584 4460 linnam
617 4414 852 4474 petram,
883 4403 936 4459 id
967 4409 1053 4456 est
1077 4399 1376 4462 Christum,
1408 4398 1627 4452 fundata
1652 4404 1756 4459 est,

184 4506 372 4552 utnon
407 4499 565 4551 modo
591 4495 869 4550 hominum
899 4493 1128 4556 saevitia,
1154 4492 1247 4546 sed
1275 4505 1376 4545 nec
1401 4500 1571 4560 porta:
1595 4489 1758 4542 etiam

184 4585 341 4640 inferi
387 4586 714 4655 pnevaleant
749 4585 1008 4638 adversus
1051 4598 1191 4638 eam.
1238 4581 1335 4637 Cui
1380 4583 1516 4637 bene
1543 4589 1758 4651 aptatur

183 4676 324 4744 quod
351 4684 604 4730 cantatur
627 4693 641 4728 :
673 4672 954 4726 Fortitudo
981 4690 1094 4726 mea
1117 4683 1163 4725 et
1185 4671 1422 4726 laudatio
1443 4688 1558 4725 mea
1582 4671 1757 4724 Domi-

184 4783 315 4828 nus,
341 4765 466 4835 quia
503 4765 765 4834 quidquid
796 4763 999 4827 laudis,
1027 4777 1093 4817 ex
1125 4761 1218 4816 Dei
1248 4777 1354 4816 non
1385 4777 1449 4816 ex
1479 4777 1573 4817 sua
1599 4760 1753 4815 forti-

185 4858 368 4912 tudine
414 4856 596 4912 habet.
649 4855 785 4910 Huic
825 4854 935 4910 sedi
989 4853 1345 4909 sanctissimze
1397 4853 1523 4922 quia
1574 4852 1752 4908 divina

183 4949 417 5020 dignatio
460 4947 822 5002 humilitatem
871 4956 1111 5001 nostram
1154 4942 1396 5013 praefecit
1433 4943 1604 5012 gratia
1640 4952 1758 4996 tan-

184 5049 294 5094 tum
322 5054 418 5094 sua
455 5054 564 5096 non
616 5037 828 5093 meritis
857 5037 1091 5101 nostris,
1138 5036 1524 5090 monasterium
1583 5045 1753 5098 tuum,

1791 4456 1842 4518 D

1873 1866 2113 1922 omnium
2144 1869 2551 1940 malignantium
2579 1872 2911 1929 temeritates
2948 1883 3003 1928 ct
3033 1875 3315 1944 impiorum
3355 1893 3446 1932 ra-

1872 1959 2160 2028 pacitates,
2188 1975 2286 2031 per
2316 1961 2419 2017 hoc
2447 1963 2652 2019 scilicet
2683 1965 3048 2020 inviolandum
3084 1979 3279 2024 nostra;
3319 1985 3450 2041 apo-

1872 2049 2078 2105 stolicaa
2117 2052 2496 2120 przeceptionis
2548 2054 2843 2118 munimen,
2875 2064 2933 2110 ut
2963 2056 3090 2110 nulli
3123 2058 3276 2122 duci,
3316 2058 3449 2113 nulli

1875 2140 2200 2206 marchioni,
2230 2141 2358 2195 nulli
2400 2142 2606 2209 comiti,
2639 2143 2767 2198 nulli
2799 2146 3123 2212 vicecomiti,
3156 2147 3284 2202 nulli
3307 2163 3448 2219 prte-

1875 2241 2025 2287 terea
2054 2233 2399 2302 patriarchae,
2432 2235 2858 2305 archiepiscopo,
2882 2240 3134 2308 epiSCOpO
3159 2249 3213 2294 et
3238 2241 3447 2309 specia-

1874 2321 1999 2378 liter
2035 2323 2440 2396 Bambergensi,
2472 2341 2572 2383 nec
2610 2327 2774 2382 etiam
2811 2328 2970 2384 alicui
2996 2347 3202 2402 magna:
3240 2348 3447 2402 parva:-

1875 2428 1980 2483 que
2024 2428 2269 2483 persona:
2332 2414 2494 2470 liceat
2541 2417 2715 2485 ipsum
2758 2427 3002 2473 nostrum
3057 2422 3448 2478 monasterium

1875 2501 2092 2569 lzedere,
2121 2503 2347 2576 ejusque
2393 2505 2532 2560 bona
2581 2507 2848 2574 minuere,
2875 2524 2995 2578 qua:
3030 2525 3173 2564 nunc
3204 2511 3366 2566 habet
3391 2519 3449 2566 et

1876 2595 1929 2650 in
1956 2605 2274 2666 perpetuum
2309 2597 2545 2652 habebit.
2572 2597 2724 2665 Quod
2753 2600 3059 2670 quicunque
3081 2617 3266 2656 eorum
3296 2617 3447 2658 com-

1876 2688 2103 2756 miserit,
2137 2704 2234 2759 per
2263 2689 2404 2744 hanc
2433 2689 2712 2758 apostolici
2761 2691 2958 2761 vigoris
3004 2687 3338 2748 sanctiOnem
3375 2707 3447 2748 ex

1876 2785 2143 2848 potestate
2199 2778 2427 2848 apostoli
2487 2777 2629 2832 Petri
2675 2778 2978 2834 venientem
3049 2780 3440 2847 maledicimus,

1875 2867 2407 2922 excommunicamus
2432 2876 2485 2922 et
2521 2867 2685 2921 etiam
2715 2869 3230 2926 anathematizamus
3273 2870 3442 2936 illum,

1877 2967 1935 3010 ut
1960 2957 2030 3011 sit
2059 2972 2089 3010 a
2118 2973 2282 3028 regno
2307 2959 2401 3013 Dei
2428 2959 2636 3014 alienus
2660 2969 2712 3014 et
2731 2968 2938 3030 partem
2967 2961 3166 3017 habeat
3190 2977 3310 3017 cum
3337 2963 3448 3018 dia-

1876 3046 2002 3103 bolo
2029 3049 2314 3120 impiorum
2341 3051 2537 3120 capite,
2571 3050 2672 3106 nisi
2702 3051 2843 3107 forte
2888 3053 3189 3124 resipuerit,
3218 3062 3272 3109 et
3301 3055 3446 3124 quod

1797 3118 1842 3180 (ἶ
1874 3138 1927 3193 in
1958 3141 2205 3197 eumdem
2236 3143 2639 3198 sanctissimum
2663 3143 2839 3199 locum
2866 3145 3136 3215 peccavit,
3171 3145 3328 3216 digna
3359 3162 3446 3202 sa-

1877 3229 2176 3286 tisfactione
2205 3233 2477 3288 emendet.

1943 3319 2096 3375 lianc
2142 3330 2321 3375 autem
2367 3332 2608 3377 nostram
2664 3322 3079 3392 praeceptionem
3136 3321 3444 3378 inviolatam

1870 3426 2090 3467 manere
2118 3411 2372 3480 juhemus
2392 3415 2566 3486 sigillo
2595 3424 2651 3471 et
2676 3414 3077 3485 subscriptione
3102 3426 3288 3470 nostra
3318 3430 3444 3470 cor-

1870 3505 2209 3559 roboratam.
2243 3504 2388 3560 Bene
2411 3508 2606 3562 valete.

1940 3589 2152 3660 Scripta
2194 3608 2380 3648 mense
2409 3593 2735 3665 Septembri,
2775 3598 3064 3653 indictione
3091 3598 3281 3668 prima.
3311 3601 3446 3654 Data

1868 3681 2312 3746 Romze,Kalend.
2339 3683 2594 3755 0ct.,per
2621 3701 2813 3742 manus
2837 3687 2982 3742 Petri
3011 3687 3221 3742 diaconi
3256 3686 3444 3742 biblio-

1869 3777 2094 3831 thecarii
2117 3792 2286 3833 sacrae
2329 3779 2636 3848 apostoliccc
2657 3780 2977 3844 sedis,anno
2999 3780 3178 3836 domni
3201 3779 3446 3836 Clemen-

1868 3867 1937 3922 tis
1967 3868 2188 3922 sertmdi
2235 3884 2384 3938 papm
2414 3870 2618 3940 primo,
2651 3870 3078 3942 domni_llenrici
3114 3873 3260 3927 tertii
3309 3872 3439 3942 imp.

1866 3958 2121 4013 similiter
2150 3959 2346 4029 primo.

2599 4050 2706 4105 Vll.

1862 4177 2115 4218 EPISTOLA
2154 4178 2271 4217 εινε
2308 4178 2534 4218 υιριοδη
2572 4177 2867 4218 ειειιεκτιε
2909 4180 3054 4218 ΡΛΡᾸΞ
3095 4179 3133 4218 ΙΙ
3179 4179 3246 4218 ΑΒ
3286 4179 3443 4220 10A!!-

2124 4247 2228 4286 NEI
2267 4247 2671 4289 SALERNITANUI
2710 4248 3179 4289 ARCHIEPISCOPUI.

2453 4329 2630 4400 (Anno
2676 4328 2856 4400 1047.)

1866 4417 2086 4488 Factam
2126 4417 2238 4486 ejus
2273 4418 2665 4488 translationem
2695 4436 2759 4472 ea:
2795 4419 3092 4488 episcopatu
3133 4417 3360 4475 Peslano
3388 4436 3444 4475 tn

1940 4487 2331 4543 Salernitanum
2364 4486 2658 4556 conﬁrmat,
2685 4486 2831 4559 eique
2863 4489 3078 4557 pallium
3117 4491 3370 4545 concedit.

1866 4601 1881 4635 τ
1939 4597 2189 4654 ϐιειιεκε
2221 4598 2524 4667 episc0pus,
2555 4612 2742 4652 servus
2778 4613 3054 4654 servorum
3091 4597 3210 4663 Dei,
3247 4600 3444 4656 dilecto

1865 4685 1918 4740 in
1941 4685 2156 4740 Christo
2180 4685 2332 4740 fratri
2361 4685 2550 4741 10mm
2586 4687 2776 4741 amodo
2801 4686 3145 4743 Salernitano
3173 4687 3443 4757 archiepi-
3501 4694 3508 4699 '

1864 4791 2046 4844 scopo,
2080 4784 2395 4844 perpetuam
2426 4775 2480 4828 in
2510 4775 2734 4830 Domino
2758 4776 3008 4831 salutem.

1937 4864 2158 4931 Quoties
2195 4865 2269 4918 ita
2313 4864 2577 4935 contingit
2618 4872 2694 4928 ut,
2739 4865 2988 4934 exigente
3035 4863 3353 4918 necessitate
3391 4872 3446 4919 et

1861 4954 2098 5010 maxima
2126 4953 2375 5019 utilitate,
2418 4953 2856 5026 transmutandus
2898 4963 2980 5008 est
3019 4952 3304 5020 quisquam
3337 4953 3449 5022 epi-

1860 5056 2057 5114 sc0pus
2110 5043 2177 5098 de
2230 5044 2450 5113 propria
2499 5044 2627 5099 sede
2683 5043 2750 5095 ad
2805 5042 2994 5110 aliam,
3041 5041 3454 5111 diligentissime
