3992 5338
553 250 669 325 ssi
825 269 830 272 ‘
1398 272 1713 329 CLEMENS
1752 273 1926 329 PAPA
1965 274 2006 328 ιι
2040 241 2394 330 primo”;
2434 276 2521 331 ET
2562 256 3001 334 rmvuscm.‘

3698 280 3792 340 588

554 387 630 438 ris
683 383 928 438 utilitatis
972 382 1293 440 necessitate
1339 384 1543 441 electus
1589 386 1816 453 fuisses,
1862 397 1953 443 aut
1995 388 2132 445 forte
2160 401 2206 456 Α
2233 397 2290 442 et
2316 387 2489 456 sigillo
2514 403 2630 442 eam
2661 388 2861 459 signari
2883 387 3241 457 praecipimus.
3283 388 3351 443 At
3378 389 3468 459 qui
3492 389 3584 459 pio
3609 389 3790 445 intuitu

548 492 645 545 per
675 476 1033 530 Sitnoniacam
1069 475 1336 530 haeresim.
1385 476 1538 544 Quod
1569 478 1640 532 ita
1669 480 1738 534 ab
1769 481 2015 534 omnibus
2044 489 2127 536 est

549 561 891 636 abnegatum,
928 573 986 620 ut
1021 566 1216 622 nullius
1253 568 1529 624 audiretur
1567 585 1660 626 ore
1701 571 1989 641 prolatum.
2040 572 2124 629 Si-

544 655 762 724 quidem
799 654 1011 710 Salerni
1047 666 1346 723 manentes,
1387 668 1441 714 et
1485 661 1587 716 hoc
1625 663 1693 716 ab
1724 662 1972 718 omnibus
2003 679 2125 732 per-

542 745 841 815 quirentes,
871 762 990 802 cum
1020 755 1069 803 te
1097 748 1404 804 audiremus
1433 750 1500 805 ab
1526 752 1775 808 omnibus
1811 753 2036 817 laudari,
2069 761 2125 808 et

540 836 608 889 ab
639 837 889 890 omnibus
919 837 1219 894 videremus
1267 841 1466 905 amari,
1508 842 1792 897 Dominum
1843 844 2122 899 benedixi-

540 939 691 986 mus,
746 925 836 994 qui
886 934 1092 981 tantam
1141 931 1484 985 concordiam
1536 932 1592 986 in
1645 943 1791 988 tanta
1844 935 2118 988 hominum

537 1014 853 1072 diversitate
890 1033 1053 1087 super
1092 1027 1143 1073 te
1177 1023 1350 1089 potuit
1385 1023 1626 1088 elﬁcere,
1666 1033 1724 1079 ut
1761 1026 1936 1080 nullus
1973 1027 2122 1081 vide-

537 1114 688 1159 retur
733 1108 1060 1177 discrepare.
1119 1109 1329 1164 Etenim
1380 1113 1524 1166 circa
1575 1123 1628 1168 te
1675 1115 1815 1168 idem
1864 1132 2016 1169 amor
2063 1117 2116 1171 in

534 1197 806 1261 omnibus,
847 1199 1036 1252 eadem
1075 1199 1320 1266 intentio,
1362 1217 1648 1258 commune
1695 1205 1944 1259 omnibus
1982 1207 2120 1260 desi-

533 1288 763 1341 derinm.
797 1287 1136 1358 Quapropter
1163 1300 1459 1346 annuentes
1487 1293 1730 1361 petitioni
1762 1303 1994 1364 votoque
2019 1310 2116 1350 eo-

533 1395 652 1433 rum
693 1380 953 1444 omnium,
983 1391 1035 1434 et
1065 1383 1294 1436 maxime
1335 1383 1573 1452 praedicti
1609 1382 1825 1454 gloriosi
1860 1385 2118 1455 principis

533 1467 852 1535 Guaimarii,
879 1480 951 1535 te,
974 1469 1158 1535 frater,
1183 1471 1322 1526 sicut
1346 1479 1399 1527 et
1419 1471 1485 1528 de
1510 1473 1637 1528 sede
1657 1475 1870 1544 propria
1883 1475 1948 1530 ad
1963 1489 2116 1530 suam

529 1557 940 1624 transtulerunt,
991 1559 1335 1628 poscentibus
1381 1570 1595 1616 tuorum
1632 1563 1840 1618 meritis
1877 1579 2110 1629 morum,

526 1663 633 1702 non
677 1650 862 1718 rapina
921 1659 1023 1704 tua:
1064 1651 1304 1705 avaritia:
1352 1651 1403 1706 id
1459 1651 1761 1718 aﬁ'ectante,
1819 1654 2110 1723 apostolica

524 1739 836 1794 assensione
879 1755 975 1810 per
1018 1740 1119 1795 hoc
1157 1752 1353 1796 nostra:
1395 1745 1731 1799 auctoritatis
1776 1745 2111 1816 privilegium
2145 1752 2190 1810 Β

523 1831 946 1898 incardinamns,
982 1846 1037 1888 et
1077 1834 1504 1908 inthronizantus
1547 1835 1720 1889 eidem
1764 1834 2112 1891 Salernitanzn

521 1920 657 1986 sedi,
686 1921 737 1975 in
767 1938 869 1991 qua
900 1921 1142 1993 iungaris
1169 1924 1556 1994 archiepiscopi
1581 1925 1772 1980 decore
1799 1935 1854 1981 et
1881 1926 2108 1981 honore.

527 2007 665 2063 Nam‘
703 2010 756 2064 in
797 2018 848 2066 te
887 2012 1044 2068 nobis
1095 2013 1417 2083 complacuit
1463 2014 1720 2084 quidquid
1761 2015 1826 2070 de
1877 2024 1928 2069 te
1971 2016 2109 2071 fama

523 2100 800 2170 dispergit,
832 2102 1079 2157 videlicet
1118 2103 1396 2168 sanctitas,
1435 2103 1679 2170 castitas,
1723 2105 2026 2175 benignitas
2056 2117 2111 2162 et

521 2194 702 2248 omnia
734 2209 852 2263 quae
877 2194 986 2249 Deo
1015 2194 1298 2265 plrcabilia
1327 2205 1471 2250 sunt.

592 2284 741 2340 Unde
763 2287 813 2340 in
843 2288 1059 2342 nomine
1084 2287 1280 2354 Patris,
1305 2299 1360 2344 et
1389 2289 1529 2355 Filii,
1561 2300 1615 2345 et
1642 2288 1875 2361 Spiritus
1909 2290 2102 2356 sancti,

518 2377 955 2448 archiepisc0pali
1004 2379 1166 2450 pallio
1205 2391 1392 2435 nostra
1435 2382 1726 2451 apostolica
1769 2396 1932 2437 manu
1967 2381 2104 2436 dile-

515 2469 744 2524 ctioncm
785 2479 1017 2524 vestram
1064 2469 1458 2538 insignivimus,
1503 2487 1610 2542 qtto
1647 2473 1816 2526 utaris
1860 2471 2017 2526 toties
2049 2471 2103 2524 in

514 2576 676 2628 anno,
731 2563 943 2632 quoties
998 2563 1423 2631 praedecessores
1477 2575 1596 2619 tuos
1647 2579 1711 2620 eo
1759 2579 1885 2619 usos
1939 2563 2103 2618 fuisse

512 2661 744 2706 constat.
783 2652 838 2705 In
876 2667 1004 2720 quo,
1035 2653 1160 2720 quia
1197 2651 1263 2706 de
1296 2653 1492 2708 vellere
1518 2655 1632 2708 ovis
1658 2662 1761 2718 est,
1792 2653 2027 2724 intellige
2051 2662 2101 2708 te

512 2743 690 2796 ovium
715 2751 1005 2811 pastorem.
1047 2742 1112 2796 Et
1134 2743 1259 2810 quia
1284 2758 1348 2796 eo
1369 2743 1832 2814 circumcingeris,
1858 2752 1912 2797 et
1934 2744 2097 2797 etiam

513 2835 652 2888 circa
679 2837 931 2888 humerus
958 2842 1162 2902 portas,
1191 2849 1488 2903 cognoscas
1516 2845 1571 2889 et
1598 2834 1832 2904 undique
1860 2836 2094 2890 circlu-

509 2922 725 2992 spicias,
758 2937 823 2977 ne
851 2923 1028 2992 aliqua
1062 2931 1226 2989 erret,
1267 2934 1322 2977 et
1358 2924 1409 2977 in
1457 2939 1670 2978 morsus
1701 2925 1901 2978 incidat
1948 2925 2098 2993 lupo-

506 3027 646 3065 rum.
689 3010 840 3078 Quod
862 3012 906 3065 si
947 3011 1254 3079 aliquando,
1279 3013 1421 3082 quod
1445 3014 1607 3073 absit.
1636 3014 1945 3083 contigerlt,
1971 3029 2091 3068 eam

2225 487 2406 531 custos
2433 487 2487 531 et
2507 479 2824 532 observator
2844 476 2999 546 hujus
3023 478 3191 532 nostri
3220 479 3480 548 privilegii
3510 481 3789 545 exstiterit,

2222 563 2610 620 benedictionis
2657 567 2884 637 gratiam
2925 575 2979 620 et
3013 566 3286 622 ctelestem
3325 570 3731 625 retributionem
3763 587 3791 626 ι

2214 650 2363 720 justo
2383 655 2562 724 judice
2583 656 2805 712 Domino
2834 655 2944 712 Deo
2966 669 3147 712 n05tro
3166 658 3420 729 consequi
3451 669 3722 715 mereatur
3742 660 3791 714 in

2221 742 2411 796 saecula
2435 743 2772 798 saaculorum.
2811 744 3002 800 Amen.

2292 831 2565 902 Scriptum
2600 842 2684 890 est
2711 850 2807 905 per
2839 852 3031 893 manus
3065 838 3288 895 Joannis
3315 841 3588 896 seriniarii
3615 851 3668 896 et
3698 857 3788 896 no—

2220 924 2342 987 tarii
2394 925 2533 980 sacri
2587 927 2970 984 Lateranensis
3023 931 3244 1000 palatii,
3303 941 3408 986 etc.
3479 931 3673 984 Datum
3720 947 3786 984 xu

2217 1013 2484 1068 Kalendas
2525 1015 2726 1082 Martii,
2758 1033 2854 1087 per
2883 1035 3076 1075 manus
3106 1021 3247 1076 Petri
3275 1020 3485 1074 diaconi
3517 1029 3574 1072 et
3614 1020 3790 1073 biblioo

2219 1104 2442 1158 thecarii
2475 1115 2530 1159 et
2562 1108 2872 1162 caneellarii
2895 1119 3093 1164 sanctae
3123 1110 3428 1180 apostolica:
3454 1109 3625 1172 sedis,
3657 1123 3788 1160 anno

2217 1195 2399 1248 dotnni
2433 1195 2729 1252 Clementis
2759 1199 2800 1253 ll
2829 1215 2979 1269 papa:
3019 1202 3213 1270 primo,
3247 1201 3545 1255 ituliCtione
3590 1200 3787 1254 decima

2216 1286 2425 1354 quinta.

2941 1381 3075 1436 VIII.

2215 1480 2553 1524 PRIVILEGIUM
2604 1485 2900 1526 CLEMENTIS
2955 1488 3099 1526 PAPE
3145 1487 3182 1526 ll
3229 1487 3328 1525 ιιιιο
3365 1486 3620 1528 εεςιεειΑ
3664 1483 3790 1527 ω-

2861 1556 3138 1596 BERGENSI.

2810 1629 2987 1699 (Anno
3024 1631 3205 1700 1047.)

2357 1716 2536 1788 [Apud
2569 1718 2736 1772 lllansi
2767 1717 2966 1773 Concil.
3000 1729 3127 1774 tom.
3161 1719 3303 1785 XIX,
3333 1720 3436 1774 col.
3474 1718 3629 1792 621.]

2283 1831 2531 1886 CLsusas
2551 1832 2852 1903 episcOpus,
2876 1847 3063 1888 servus
3091 1850 3366 1889 servorum
3392 1835 3506 1899 Dei,
3535 1837 3785 1890 sacratis-

2210 1920 2359 1976 sima:
2381 1933 2580 1977 nostrae
2594 1923 2971 1992 Bambergensi
2996 1924 3267 1989 Ecclesiae,
3292 1926 3342 1979 in
3368 1926 3493 1981 ﬁliis
3515 1935 3574 1981 et
3587 1928 3785 1982 ﬁliabus

2209 2013 2347 2082 ejus.
2374 2013 2516 2070 clero
2537 2013 2786 2070 videlicet
2813 2030 2875 2068 ac
2904 2016 3119 2085 populo,
3145 2027 3457 2087 perpetuam
3487 2020 3544 2072 in
3571 2019 3786 2074 Domino

2208 2104 2458 2158 salutem.

2278 2194 2617 2265 Dispensatio
2639 2195 2956 2251 smculorum
2975 2198 3119 2254 venit
3140 2198 3205 2253 de
3227 2198 3476 2268 Principe
3506 2198 3780 2264 ccelorum,

2205 2287 2297 2356 qui
2330 2295 2614 2356 antequam
2641 2289 2833 2343 saecula
2859 2287 3195 2345 efﬁcerentur
3239 2291 3509 2359 praescivit
3561 2291 3782 2360 qualiter

2206 2379 2576 2448 disponentur.
2616 2380 2741 2435 Inde
2769 2381 2829 2435 ﬁt
2854 2389 2913 2434 ut
2935 2396 3040 2437 non
3071 2382 3241 2452 possit
3271 2397 3376 2435 non
3408 2381 3622 2450 impleri
3662 2384 3782 2451 quid

2206 2471 2273 2526 ab
2315 2479 2521 2526 atterno
2568 2472 2708 2527 illius
2752 2472 2909 2528 oculo
2955 2475 3126 2543 potuit
3162 2473 3452 2543 provideri.
3497 2474 3658 2528 Tanti
3689 2491 3782 2527 nu-

2202 2561 2366 2617 minis
2408 2572 2569 2618 nutus
2611 2571 2662 2618 te
2704 2579 2853 2618 suam
2899 2565 3253 2619 clarissimam
3285 2565 3447 2618 ﬁliam
3479 2565 3782 2620 Babenberc

2203 2653 2357 2708 nobis
2389 2653 2442 2707 in
2471 2668 2720 2722 sponsam
2751 2653 3041 2724 legitimam
3070 2654 3432 2724 desponsavit.
3458 2665 3514 2709 et
3543 2664 3673 2710 ante
3699 2671 3778 2709 re-

2200 2757 2312 2811 gcs;
2341 2755 2598 2813 quantum
2627 2743 2678 2798 in
2699 2744 2851 2798 nobis
2881 2745 2999 2810 fuit,
3025 2761 3117 2798 sua
3140 2746 3521 2816 propitiatione
3547 2747 3775 2800 donavit.

2199 2831 2357 2888 Certe
2379 2833 2506 2887 nulli
2535 2835 2726 2887 marito
2759 2836 2903 2889 circa
2932 2851 3154 2890 uxorem
3177 2837 3361 2905 purior
3388 2837 3522 2892 ﬁdes
3553 2846 3608 2892 et
3634 2854 3779 2891 amor

2193 2924 2474 2978 ardentior
2501 2939 2662 2992 quam
2693 2925 2835 2979 circa
2867 2934 2918 2980 te
2957 2927 3136 2989 nobis,-
3161 2942 3262 2981 nec
3309 2943 3548 2996 unquam
3597 2929 3682 2982 vel
3729 2929 3776 2980 iu

2197 3025 2432 3069 mentem
2490 3015 2636 3068 venit
2675 3023 2727 3068 te
2760 3015 3051 3070 destituere
3101 3023 3157 3070 et
3197 3017 3286 3070 alii
3333 3019 3634 3071 adluat-ere.
3678 3019 3776 3071 Sed

507 3102 712 3156 habeas
744 3101 796 3155 in
823 3101 1077 3156 humeros
1112 3102 1177 3155 ad
1214 3102 1422 3155 caulam
1457 3111 1749 3172 reportare,
1777 3111 1831 3155 et
1857 3103 2095 3171 pristinae
2124 3110 2168 3171 (ζ
2201 3105 2385 3158 nescio
2426 3121 2532 3172 quo
2576 3106 2757 3159 divino
2802 3105 3029 3161 consilio
3071 3107 3269 3172 evenit,
3320 3122 3427 3176 quo
3468 3109 3628 3161 matri
3679 3117 3776 3160 tua:

505 3197 749 3251 societati
790 3197 1115 3252 coadunare.
1160 3196 1310 3263 Quod
1348 3212 1476 3252 vero
1511 3207 1634 3254 ante
1673 3207 1727 3254 et
1773 3209 1917 3254 retro
1958 3214 2092 3254 crux

506 3285 718 3340 Domini
767 3287 1034 3352 habetur,
1086 3287 1213 3341 illttd
1272 3289 1623 3356 apostolicum
1683 3305 1895 3359 semper
1936 3289 2094 3346 docet

504 3387 630 3432 ante
663 3378 849 3435 oculos
879 3389 982 3434 tua:
1008 3381 1205 3436 mentis
1233 3381 1430 3435 habere
1465 3399 1477 3434 :
1506 3379 1639 3434 Mihi
1672 3381 1898 3435 mundus
1927 3382 2093 3436 cruci-

502 3470 642 3538 ﬁxus
688 3481 786 3536 est,
841 3481 888 3524 et
937 3487 1029 3540 ego
1081 3471 1274 3524 mundo
1330 3468 1527 3539 (Galat.
1560 3471 1656 3539 γι).
1697 3469 2091 3525 Conﬁrmamus

503 3562 663 3615 etiam
697 3563 787 3616 tibi
829 3563 1001 3633 ipsum
1035 3578 1100 3618 ex
1133 3564 1339 3634 integro
1366 3563 1884 3632 archiepiscOpatum
1913 3562 2094 3617 Saler-

500 3652 743 3706 nitanum
774 3669 896 3707 cum
936 3653 1186 3708 omnibus
1227 3652 1601 3724 adjacentibus
1649 3668 1744 3721 par
1781 3652 1917 3706 chiis
1955 3651 2086 3706 suis.

499 3742 566 3796 Et
595 3743 814 3813 insuper
838 3744 1108 3799 licentiam
1135 3746 1324 3799 damus
1369 3754 1424 3799 et
1462 3752 1779 3812 potestatem
1807 3742 2088 3797 or..inandi

499 3844 555 3887 et
597 3835 945 3889 consecrandi
975 3836 1256 3904 episc0pos
1285 3835 1336 3888 in
1361 3833 1445 3889 his
1469 3834 1725 3903 subjectis
1754 3833 1901 3886 vobis
1931 3833 2086 3899 locis,

499 3923 603 3977 hoc
631 3932 733 3988 est,
765 3923 1148 3978 Pestanensetn
1180 3923 1549 3993 episcopatum
1583 3937 1702 3976 cum
1737 3922 2006 3991 parochiis
2034 3930 2090 3976 et

499 4013 818 4082 adjacentiis
842 4014 972 4080 suis,
1004 4023 1060 4069 et
1091 4014 1461 4086 episcopatum
1500 4013 1824 4076 Consanum,
1878 4021 1932 4066 et
1969 4013 2085 4081 epi-

499 4115 780 4175 sc0patum
843 4105 1147 4170 Nolanum,
1201 4113 1256 4160 et
1309 4105 1683 4174 episcopatum
1736 4102 2085 4156 Maluitanum

499 4195 616 4264 [ul.,
647 4195 1000 4263 Malﬁtanum,
1023 4207 1072 4250 et
1099 4194 1521 4266 Amalﬁtanutn],
1554 4211 1650 4249 nec
1673 4208 1778 4248 non
1806 4204 1859 4247 et
1877 4195 2086 4262 episco-

497 4297 683 4356 patum
718 4289 1098 4344 Acerentinum
1144 4288 1259 4361 [pro
1299 4286 1771 4359 Acherunlinum],
1815 4288 2084 4357 simulque

497 4390 552 4433 et
603 4379 970 4448 episcopatum
1015 4381 1464 4444 liisiuiacensem,
1512 4387 1673 4448 atque
1713 4379 2077 4449 episcopatum

2195 3195 2545 3266 omniumque
2584 3196 2934 3250 ecclesiarum
2960 3198 3302 3252 coruociarer
3335 3207 3390 3253 et
3439 3199 3642 3268 aliquid
3676 3215 3774 3252 nou

2195 3293 2376 3341 tamen
2407 3287 2626 3340 omnino
2664 3302 2692 3340 a
2727 3296 2779 3340 te
2812 3302 3052 3356 separer.
3104 3288 3242 3344 Ecce
3279 3289 3442 3359 igitur
3487 3305 3614 3344 cum
3654 3289 3774 3342 illud

2193 3386 2353 3447 caput
2382 3376 2588 3441 mundi,
2616 3375 2707 3443 illa
2734 3375 2972 3431 [tertiana
3001 3378 3176 3442 sedes,
3207 3378 3461 3433 haeretico
3487 3378 3676 3433 morbo
3705 3378 3774 3431 la-

2191 3467 2429 3531 boraret,
2478 3474 2534 3521 et
2584 3467 2886 3520 charissimi
2918 3466 3012 3522 ﬁlii
3043 3470 3210 3522 nostri
3241 3469 3418 3523 domui
3451 3469 3518 3522 ιι.
3551 3470 3773 3538 impera-

2193 3560 2326 3612 toris
2359 3558 2584 3628 Augusti
2614 3559 2900 3628 prmsentia
2947 3560 3012 3614 ad
3053 3561 3153 3616 hoc
3183 3559 3507 3628 invigilaret,
3572 3563 3639 3616 ad
3679 3563 3773 3618 hoc

2191 3647 2438 3714 instaret,
2469 3659 2526 3700 ut
2550 3647 2852 3716 hujusmodi
2882 3649 3254 3719 aegritudinem
3285 3652 3648 3721 propulsaret,
3684 3667 3772 3706 ex-

2189 3738 2354 3808 plosis
2396 3738 2568 3794 tribus
2620 3737 2745 3805 illis,
2787 3740 2984 3808 quibus
3014 3741 3155 3795 idem
3200 3757 3392 3797 nomen
3427 3754 3662 3812 papatus
3685 3758 3766 3796 ra-

2191 3831 2314 3901 pina
2379 3829 2620 3896 dederat,
2678 3831 2820 3884 inter
2879 3838 2956 3884 tot
3015 3833 3228 3902 agmina
3282 3843 3622 3899 sanctorum,
3683 3834 3767 3902 qui

2188 3922 2430 3988 aderant,
2480 3921 2723 3989 Patrum,
2778 3922 3088 3993 dignatione
3145 3925 3378 3982 calestis
3435 3929 3628 3996 gratiae
3677 3942 3769 3980 no-

2186 4025 2354 4070 stram
2389 4015 2818 4086 indignissimam
2847 4017 3294 4082 mediocritatem,
3323 4019 3540 4072 cunctis
3564 4017 3766 4073 nisibus

2186 4106 2570 4176 refraganlem,
2602 4106 2770 4161 voluit
2816 4107 2963 4178 eligi,
3013 4118 3068 4163 et
3112 4109 3358 4164 altissimi
3401 4110 3764 4180 apostolorum

2184 4195 2443 4266 principis
2487 4196 2602 4251 vice
2643 4194 2812 4265 fungi.
2853 4196 2918 4250 Et
2944 4197 3153 4253 vulsum
3182 4215 3266 4253 me
3292 4209 3418 4254 tunc
3448 4217 3478 4253 a
3513 4209 3608 4254 ttto
3637 4215 3765 4270 gra-

2185 4285 2394 4338 tissimo
2422 4284 2611 4350 latere,
2635 4283 2942 4339 dulcissima
2980 4301 3196 4356 sponsa,
3238 4287 3358 4357 quis
3397 4287 3556 4344 dolor
3579 4304 3762 4360 appre-

2188 4374 2452 4439 henderit,
2497 4374 2619 4443 quis
2647 4389 2848 4430 muaror
2884 4376 3191 4440 confecerit,
3237 4393 3344 4447 quo
3389 4380 3576 4434 nescio
3611 4388 3761 4449 pacto

497 4445 921 4540 Cusentiar—[pro
963 4470 1311 4541 Consentize].
1359 4485 1482 4525 cum
1519 4471 1770 4524 omnibus
1811 4472 2078 4540 parochiis
2109 4445 2156 4505 D
2185 4463 2342 4516 “08M
2386 4463 2634 4531 θκρτίιηί,
2675 4478 2799 4518 cum
2852 4465 3007 4519 "Obis
3048 4481 3260 4520 omnem
3306 4469 3527 4523 IIIOdum
3556 4472 3762 4524 Viden"

496 4571 551 4614 et
586 4561 900 4630 adjacentiis
933 4575 1140 4614 eorum.
1191 4561 1295 4615 Pro
1345 4561 1504 4630 pallio
1544 4576 1689 4624 vero,
1733 4561 1872 4632 quod
1916 4578 2076 4632 supra

495 4652 749 4715 diximus,
789 4660 910 4721 post
946 4651 1243 4705 discessum
1287 4653 1502 4720 quidem
1551 4661 1698 4706 tuum
1741 4667 2078 4709 successores

496 4745 571 4798 tui
614 4745 929 4814 perveniant
951 4743 1015 4796 ad
1043 4743 1390 4812 apostolicam
1423 4744 1624 4808 sedem,
1653 4754 1707 4798 et
1735 4759 1891 4797 nsunt
1932 4744 2077 4813 pallii

493 4835 1063 4901 consecrationemque
1123 4832 1463 4886 decretaliter
1513 4835 1788 4903 recipiant.
1855 4833 1922 4887 Et
1967 4849 2074 4888 non

493 4929 728 4983 habeant
771 4936 1090 4997 potestatem
1141 4941 1482 4981 successores
1537 4928 1706 4982 nostri
1764 4927 1815 4979 in
1866 4926 2075 4982 cunctis

491 5019 762 5089 praedictis
789 5019 1208 5095 episc0patibus,
1236 5032 1343 5087 quo
1373 5018 1520 5072 vobis
1563 5017 1852 5088 apostolica
1891 5028 2076 5074 aucto-

2183 4553 2485 4624 transgredi
2510 4553 2627 4623 plus
2656 4555 2893 4618 honoris,
2927 4555 3046 4624 plus
3079 4555 3290 4611 decoris
3309 4556 3544 4628 plusque
3570 4560 3757 4613 virium

2183 4645 2342 4698 matri
2372 4659 2533 4714 quam
2560 4644 2700 4708 ﬁliae,
2736 4655 2920 4713 utpote
2950 4645 3036 4700 cui
3072 4660 3230 4700 omne
3255 4661 3392 4716 genu
3422 4649 3759 4707 terrestrium

2182 4734 2449 4800 ﬂectitur;
2485 4750 2583 4805 pro
2611 4735 2764 4804 cujus
2803 4737 3026 4789 arbitrio
3061 4738 3179 4792 caeli
3215 4738 3379 4806 janna
3428 4742 3672 4808 aperitur
3709 4749 3758 4793 et

2181 4827 2492 4894 clauditur;
2531 4827 2787 4882 adversus
2825 4843 2984 4898 quam
3026 4843 3127 4884 nec
3167 4839 3337 4898 portae
3363 4833 3657 4900 przexalent
3683 4832 3754 4885 iu-

2179 4918 2416 4974 ferorum
2457 4937 2470 4974 :
2512 4935 2618 4974 non
2673 4928 2850 4974 tamen
2905 4929 3067 4975 tan'as
3126 4921 3514 4977 dominationis
3570 4924 3753 4991 Cupido

2179 5013 2319 5067 ostio
2349 5023 2546 5067 nostra:
2578 5012 2772 5068 mentis
2802 5014 3034 5083 irrepsit,
3065 5015 3352 5084 cordisque
3391 5015 3659 5069 cervicem
3696 5012 3752 5065 li-
