3992 5338
103 269 198 331 ’589
823 276 1026 332 OLWA
1066 273 1374 331 VICENSIS
1412 269 2156 329 EPISCOPUS.—NOT|TIA
2197 269 2584 329 HISTORICA.

3248 271 3357 329 590

111 399 180 438 ste
200 397 407 452 quoque
438 383 637 438 utimur
662 383 774 453 ipsa
800 385 1150 449 conscientia,
1183 385 1271 439 ubi
1311 393 1398 438 tua
1435 392 1520 438 est
1549 382 1659 438 sel-
1689 391 1738 446 Α
1765 383 1963 438 stinctu
2012 381 2253 450 pulsatus
2296 383 2502 438 crudeli
2550 381 2852 438 temeritate
2909 383 3194 441 admittere
3237 403 3357 443 non

113 475 312 530 licitudo
344 475 620 529 continua.
663 475 974 529 lutcriorem
1024 476 1281 546 pupillam
1335 491 1473 529 nunc
1520 483 1669 527 tanta

114 573 354 617 terrarum
392 562 722 632 spatiositas,
764 580 906 619 nunc
958 574 1034 619 tot
1073 565 1362 618 retundunt
1403 565 1670 633 opposita,

113 655 221 723 quin
242 653 467 706 amicam
490 669 688 719 meam,
711 669 950 709 sororem
975 671 1168 718 meam,
1198 672 1448 724 sponsam
1471 671 1667 720 meam,

113 743 386 797 columbam
417 759 618 810 meam,
650 746 975 816 diligentiori
1028 763 1157 800 cura
1215 749 1668 817 circumspiciam,

114 843 159 887 et
189 833 412 902 undique
453 835 714 888 munitam
752 837 969 890 faciam.
1008 837 1334 890 Concessum
1383 847 1465 891 est
1519 839 1671 892 ιιοΙιὶε

115 925 343 979 divinitus
375 941 484 980 non
524 943 589 981 ex
631 929 830 982 nostris
866 929 1096 990 meritis,
1146 936 1203 981 ιιι
1249 927 1358 996 jam
1414 928 1667 994 diximus,

113 1014 184 1084 jus
209 1013 327 1066 illud
362 1015 739 1084 apostolicum,
772 1015 911 1084 quod
938 1025 992 1070 et
1017 1015 1172 1070 cmlis
1204 1017 1432 1084 imperat
1477 1025 1531 1070 et
1561 1026 1669 1071 ter-

119 1105 202 1167 ris;
230 1104 359 1156 uude
388 1103 608 1172 dignum
641 1103 890 1157 duximus
913 1114 966 1159 et
993 1105 1401 1158 accommodum
1434 1105 1674 1158 decrevi-

121 1209 218 1247 mus
253 1203 308 1246 nt
361 1195 426 1248 de
465 1193 709 1263 profectu
761 1205 944 1249 nostro
1001 1205 1054 1248 tu
1119 1210 1333 1264 quoque
1395 1195 1667 1265 proﬁcias,

120 1294 163 1338 et
200 1284 310 1339 inde
349 1284 442 1338 tibi
497 1287 731 1354 amplius
757 1287 1071 1341 consulatur
1109 1287 1249 1340 unde
1285 1287 1396 1356 ipsa
1435 1298 1672 1358 potestas

123 1373 248 1427 nobis
273 1373 579 1443 ampliatur.
622 1375 728 1430 Pia:
766 1377 1153 1431 recordationis
1203 1377 1431 1431 domnus
1466 1377 1529 1431 ll.
1565 1379 1670 1431 im-

123 1473 305 1532 perator
334 1463 608 1533 Augustus
634 1474 683 1518 te
706 1465 968 1529 fundavit,
1019 1476 1071 1521 te
1117 1467 1312 1531 erexit,
1348 1476 1398 1522 te
1426 1476 1478 1520 et
1513 1468 1566 1522 in
1596 1468 1673 1520 al-

127 1544 214 1606 lum
255 1551 456 1606 culmen
509 1555 691 1607 evexit
731 1571 744 1608 ε
785 1569 892 1625 quo
957 1555 1216 1625 supplice,
1270 1557 1670 1627 inexpugnabili

127 1655 252 1696 muro
273 1649 325 1696 et
351 1645 774 1714 propugnaculis
813 1647 1098 1714 apostolici
1139 1647 1451 1701 muniminis
1481 1649 1674 1702 adver-

1773 473 2162 542 perhorruerit,
2209 481 2263 527 et
2301 473 2591 528 admissum
2640 475 2820 544 potius
2846 477 3134 532 emendare
3169 479 3354 551 negle-

1774 565 1933 629 xerit,
1977 562 2281 634 hujusmodi
2326 565 2599 620 hominem
2653 566 2958 637 quicunque
2995 567 3060 622 de
3107 585 3357 627 commu-

1773 654 1937 708 nione
1981 652 2311 707 sacrosancti
2357 653 2637 724 sanguinis
2671 664 2725 708 et
2753 656 2996 724 corporis
3026 657 3088 709 D.
3112 656 3180 712 N.
3205 658 3256 712 J.
3288 659 3356 714 C.

1773 753 1827 800 et
1854 761 1883 798 a
1911 745 2194 815 participio
2233 744 2396 799 totius
2443 746 2863 801 Christianitatis
2901 765 3007 803 non
3048 750 3217 804 solum
3263 767 3359 806 ex-

1774 836 2060 896 cludimus,
2110 836 2203 889 sed
2251 842 2304 889 et
2352 835 2744 903 propulsamus.
2785 835 2925 902 Quin
2972 847 3026 891 et
3074 838 3355 907 apostolici

1775 928 2134 982 anathematis
2182 927 2492 981 acutissima
2546 927 2732 982 lancea
2777 944 2901 982 eum
2951 933 3382 986 lransverherr-

1774 1034 1921 1080 mus,
1981 1029 2039 1072 ut
2092 1033 2189 1086 pro
2245 1017 2385 1071 male
2432 1016 2588 1071 factis
2646 1017 2784 1070 male
2833 1019 3073 1086 perditus
3119 1033 3351 1075 mortem

1774 1115 1953 1178 gemat
2021 1116 2318 1170 aeternam,
2377 1107 2675 1162 associatus
2713 1107 2764 1160 in
2820 1109 3060 1176 gehenna
3127 1110 3349 1164 inferio-

1775 1196 1850 1250 ris
1906 1195 2098 1249 inferni
2168 1196 2468 1249 daemonum
2519 1196 2745 1265 principi
2793 1199 2979 1252 mortis
3042 1199 3352 1265 inventori,

1773 1297 1823 1343 et
1852 1287 2001 1342 Iudae
2037 1287 2296 1356 sacrilego
2337 1299 2393 1340 et
2429 1288 2711 1357 proditori,
2757 1288 2992 1357 undique
3031 1291 3354 1346 circumcin-

1773 1389 1919 1435 ctum
1965 1378 2286 1433 draconibus
2326 1379 2577 1433 tartareis
2613 1380 2665 1432 in
2710 1379 2963 1434 ultionem
2994 1382 3352 1441 Steviemibus.

1773 1485 1873 1525 nec
1903 1470 1954 1524 in
1986 1469 2174 1523 ultimo
2214 1469 2473 1523 tremendi
2515 1469 2608 1524 Dei
2647 1469 2852 1539 judicio
2893 1471 2958 1524 ad
2988 1473 3149 1526 vitam
3177 1489 3360 1528 resur-

1774 1569 1884 1630 gat,
1923 1560 2016 1614 sed
2075 1559 2506 1613 crudelissimum
2559 1575 2753 1628 corpus
2817 1575 3099 1616 resumens
3158 1563 3355 1642 duplici

1773 1648 2095 1704 contritione
2141 1658 2482 1710 conteratur,
2528 1648 2898 1703 infelicissimo
2950 1660 3005 1704 et
3046 1652 3355 1707 miserrimo

130 1746 202 1785 sus
226 1747 398 1788 omnes
441 1733 640 1803 impias
672 1751 862 1790 manus
886 1736 1236 1805 prtevalentes
1263 1738 1401 1791 bene
1439 1737 1671 1792 circum-
1701 1743 1747 1802 Β
1773 1738 1985 1792 vivendi
2032 1751 2227 1807 genere
2272 1746 2501 1792 mortem
2539 1751 2783 1805 quzercns
2817 1746 2871 1790 ct
2911 1753 3015 1790 non
3053 1739 3348 1794 inveniens.

130 1823 287 1877 vallata
314 1838 370 1879 es
395 1839 492 1894 per
520 1826 949 1894 prtedeccssores
983 1836 1201 1881 nostros
1235 1826 1497 1882 Joannem
1523 1828 1668 1883 scili-

133 1925 198 1968 cet
216 1913 318 1969 XIV
341 1931 572 1986 papam,
594 1927 648 1971 et
669 1916 1035 1972 Benedictum.
1059 1918 1210 1984 Quod
1229 1928 1281 1972 et
1305 1919 1444 1972 idem
1469 1935 1566 1974 nos
1597 1918 1678 1973 fa-

135 2017 232 2058 cere
253 2005 516 2074 cupientes
567 2014 627 2060 ut
671 2007 862 2076 triplici
906 2009 1130 2062 tuitione
1164 2009 1552 2064 circumeincta
1579 2025 1676 2078 per

134 2093 341 2148 virtutem
371 2094 427 2149 S.
459 2095 750 2152 Trinitatis
773 2098 908 2151 nihil
933 2114 1165 2166 unquam
1195 2114 1390 2168 paveas
1418 2100 1673 2166 lzesionis,

135 2183 238 2237 nihil
257 2200 470 2254 unquam
499 2187 576 2240 ab
603 2186 782 2256 aliquo
807 2188 1214 2253 molestationis,
1243 2204 1433 2245 secura
1461 2207 1675 2260 semper

135 2281 178 2356 et
205 2274 362 2343 quieta
397 2291 626 2332 maneas
670 2279 723 2332 in
775 2279 898 2334 [iliis
938 2289 993 2334 et
1034 2279 1245 2335 ﬁliabus
1286 2281 1414 2348 tuis,
1459 2298 1674 2352 semper

138 2364 223 2419 Deo
245 2367 413 2422 devote
436 2370 709 2435 serviens,
738 2371 926 2426 devote
957 2373 1233 2437 obediens,
1273 2376 1556 2430 statuimus
1576 2391 1676 2446 per

138 2456 218 2512 hoc
244 2469 464 2515 nostrum
505 2463 866 2532 apostolicum
898 2464 1258 2534 privilegium,
1309 2476 1368 2519 ut
1415 2467 1480 2520 de
1518 2467 1675 2522 bonis

139 2547 216 2603 illis
236 2552 459 2606 omnibus
484 2568 616 2622 quae
653 2554 771 2618 tibi,
801 2569 995 2624 sponsa
1025 2555 1364 2617 charissima,
1395 2557 1547 2627 virgo
1582 2573 1675 2611 ca-

142 2638 355 2707 stissima,
385 2642 638 2698 Ecclesia
669 2644 1061 2714 speciosissima
1097 2645 1430 2712 Babenberc,
1462 2662 1672 2704 smnma

139 2725 374 2786 liberalitas
399 2731 648 2800 ejusdem
678 2734 959 2788 orthodoxi
991 2735 1335 2803 imperatoris
1360 2736 1425 2791 de
1461 2753 1673 2793 summa

141 2817 369 2877 devotione
391 2823 703 2892 procedens
739 2825 826 2893 pio
864 2825 1054 2879 aﬂectu
1084 2826 1330 2891 contulit,
1364 2837 1418 2882 et
1457 2831 1675 2886 nomine

145 2915 265 2963 tenus
295 2911 372 2966 illa
416 2928 512 2983 per
559 2915 940 2970 conc‘ambium
989 2917 1574 2983 convenientissimum,
1621 2930 1678 2977 et

146 3001 520 3068 acceptissimum
557 3021 591 3059 a
627 3003 1063 3076 Wirzehurgensi
1105 3018 1159 3060 et
1193 3007 1535 3076 Eigistetensi
1563 3013 1676 3082 cpi-

1777 1830 1879 1896 Qui
1913 1846 2039 1882 vero
2069 1831 2156 1899 pio
2184 1829 2378 1882 intuitu
2419 1829 2662 1899 pr0prias
2707 1844 2898 1883 manus
2943 1829 3012 1883 ab
3051 1830 3356 1899 hujusmodi

1776 1919 2081 1974 temeritate
2121 1917 2470 1980 subtraxerit,
2501 1917 2603 1971 etsi
2638 1918 2710 1970 ita
2750 1933 2836 1971 res
2865 1920 3124 1986 exegerit,
3162 1920 3355 1973 adver-

1774 2025 1892 2063 sum
1941 2023 2131 2062 omnes
2182 2007 2543 2076 insurgentes,
2585 2017 2638 2061 et
2684 2007 2974 2075 quidquam
3009 2008 3224 2062 auferre
3264 2023 3358 2064 co-

1773 2107 1964 2154 nantes
1991 2113 2054 2152 ea
2085 2098 2223 2151 bona
2251 2096 2549 2152 defenderit
2572 2099 2638 2152 ad
2671 2106 2815 2150 ttmm
2847 2108 3164 2169 tuorumque
3195 2114 3354 2168 opus,

1773 2188 2113 2244 sanctissima
2140 2185 2473 2252 Babenberc,
2524 2186 2613 2240 illa
2656 2186 2884 2249 scilicet,
2933 2196 2990 2240 ut
3038 2189 3355 2256 praedictum

1772 2291 1876 2347 est,
1910 2295 2028 2350 quae
2050 2279 2146 2334 tibi
2180 2278 2373 2334 collata
2401 2289 2526 2333 sunt
2560 2278 2640 2332 vel
2669 2279 2734 2332 de
2774 2289 2968 2333 caetero
2998 2281 3050 2333 in
3089 2289 3357 2333 aeternum

1777 2371 1871 2426 tibi
1913 2369 2240 2427 conferenda
2293 2379 2448 2432 sunt;
2489 2367 2610 2421 talis
2637 2365 2827 2423 abillo
2878 2367 3229 2422 benedicatur
3254 2368 3349 2437 qui

1774 2477 1934 2531 super
1958 2452 2237 2516 cherubim
2277 2460 2427 2514 sedet
2453 2466 2506 2512 et
2532 2457 2814 2527 gloriatur,
2847 2472 2944 2525 pro
2977 2472 3044 2512 eo
3074 2458 3217 2526 quod
3251 2458 3358 2513 hoc

1774 2563 1974 2608 nostra:
2029 2550 2368 2606 auctoritatis
2419 2547 2752 2618 privilegium
2801 2545 3006 2601 studuit
3063 2547 3358 2602 observare

1776 2627 2019 2709 illaesum,
2066 2659 2269 2712 suoque
2315 2644 2509 2697 robore
2561 2641 2849 2704 solidatur;
2901 2641 3044 2710 quod
3098 2640 3355 2694 nimimm

1775 2737 2000 2793 consilio
2033 2745 2088 2791 et
2135 2735 2408 2790 voluntate
2466 2749 2567 2788 nec
2619 2748 2726 2786 nou
2781 2731 2944 2785 alacri
2999 2739 3358 2800 promptaque

1775 2829 1958 2886 animo
1985 2825 2273 2884 clarissimi
2308 2825 2401 2878 lilii
2437 2823 2605 2878 nostri
2643 2822 2755 2891 jam
2784 2820 3030 2889 superius
3073 2821 3355 2874 memorati

1775 2917 1958 2974 domui
1989 2916 2055 2970 Η.
2095 2915 2434 2987 imperatoris
2468 2913 2692 2984 Augusti
2741 2911 2808 2966 de
2848 2922 3030 2966 nostra
3061 2910 3361 2979 apostolica‘

1775 3009 1904 3065 sede
1937 3008 2031 3063 tibi
2072 3007 2472 3062 transmisimus
2513 3004 2689 3060 eidem
2729 3001 3004 3074 gratulari.
3045 3001 3257 3055 Etenim
3298 3009 3358 3054 ut

147 3092 283 3160 scopis
324 3097 574 3152 canonico
624 3106 682 3154 et
736 3099 1036 3155 rationabili
1074 3101 1282 3170 judicio
1327 3107 1672 3172 permutavit,
1701 3086 1744 3148 C
1780 3109 1832 3156 te
1856 3099 2120 3170 plantavit
2151 3099 2398 3154 conditor
2427 3106 2553 3151 tuus
2584 3095 2672 3149 ille
2703 3093 2909 3162 primus
2937 3092 3003 3146 Ii.
3039 3092 3218 3153 Caesar
3239 3092 3356 3146 Au-

148 3179 208 3233 vel
229 3198 652 3257 quorumcunque
692 3199 812 3259 post
847 3206 969 3246 eum
1014 3192 1248 3248 ﬁdelium
1289 3196 1533 3264 religiosa
1563 3199 1674 3265 pie-

149 3275 209 3322 tas
238 3271 404 3353 obtuiit
425 3285 479 3331 et
505 3278 758 3333 oblatura
795 3289 879 3336 est
907 3296 1077 3350 usque
1104 3282 1154 3335 in
1193 3294 1527 3353 perpetuum,
1559 3286 1673 3340 sive

147 3368 242 3413 sunt
276 3352 501 3432 mobilia,
557 3369 678 3424 sive
740 3370 1066 3437 immobilia,
1122 3352 1300 3428 nullus
1348 3374 1672 3444 imperator,

147 3447 285 3505 nullus
319 3468 423 3521 rex,
457 3457 589 3526 dux,
629 3461 895 3526 marehio,
950 3462 1268 3526 vicecomes,
1312 3473 1367 3519 et
1411 3475 1672 3534 praeterea

148 3550 229 3591 non
253 3543 692 3619 archiepiscopus,
720 3565 826 3605 non
861 3551 1164 3622 episcopus,
1195 3567 1301 3608 non
1347 3553 1535 3619 abbas,
1572 3569 1675 3610 nec

149 3624 228 3679 ulla
259 3629 512 3691 hominum
560 3653 798 3708 persona
849 3641 1064 3706 audeat,
1121 3650 1314 3708 tentet,
1362 3655 1674 3714 praesumat,

150 3717 386 3788 ‘lIIidQuam
413 3727 495 3783 vel
523 3729 805 3798 violentia,
849 3731 931 3785 vel
973 3731 1179 3799 fraude,
1214 3736 1300 3789 vel
1323 3733 1470 3790 furto
1495 3736 1678 3791 detra-

151 3801 268 3873 here,
293 3813 540 3884 minuere,
571 3820 844 3876 mutilare.
885 3821 1037 3890 Quod
1062 3824 1107 3879 si
1138 3825 1261 3894 quis
1302 3824 1572 3882 diabolieo
1594 3827 1675 3882 in-

1780 3201 1990 3262 gustus,
2031 3191 2110 3246 sic
2143 3198 2227 3245 est
2263 3188 2349 3243 hic
2391 3186 2658 3243 secundus
2703 3185 2926 3254 vestigia
2954 3184 3070 3254 ejus
3101 3196 3353 3251 sequens,

1778 3293 1838 3339 ut
1865 3283 1982 3353 pari
2007 3281 2222 3336 nomine
2253 3279 2478 3348 parique
2511 3277 2794 3345 dignitate,
2825 3274 2902 3329 sic
2930 3274 3044 3343 pari
3075 3273 3357 3328 devotione

1777 3385 1831 3432 te
1872 3374 2086 3444 rigavit,
2129 3373 2222 3426 tibi
2273 3372 2659 3426 incrementum
2701 3367 2870 3432 dedit,
2920 3375 2974 3421 et
3018 3364 3196 3419 adhuc
3227 3364 3356 3418 dum

1777 3477 1946 3532 usque
1972 3463 2167 3517 vixerit
2199 3460 2308 3516 Deo
2336 3460 2628 3514 miserante
2662 3465 2717 3512 et
2759 3455 3056 3525 inspirante
3089 3452 3253 3507 dabit.
3296 3451 3356 3504 ln

1777 3570 1884 3625 quo
1912 3565 1983 3620 te,
2017 3553 2325 3608 dulcissima
2349 3567 2568 3622 sponsa,
2595 3557 2847 3618 optamus
2873 3547 2928 3600 in
2959 3543 3152 3599 saecula
3177 3558 3352 3597 saecu-

1775 3644 1952 3700 lorum
1993 3659 2260 3710 crescere,
2300 3642 2522 3714 pollere,
2554 3640 2758 3712 vigere,
2794 3638 3032 3694 dicentes
3076 3633 3216 3689 bene
3261 3635 3358 3687 'va-

1774 3735 1901 3792 lete.

157 3973 3351 4044 Ἢ

1369 4159 1448 4202 ΔΝ
1459 4159 1541 4202 NO
1581 4157 1815 4202 DOMXNI
1858 4159 2086 4204 MXLVI!

1393 4359 2084 4514 OLIVA

939 4657 1418 4721 AUSONENSIS
1461 4645 1597 4723 sive
1637 4659 1996 4723 VICENSIS
2034 4659 2477 4724 EPISCOPUS.

1192 4941 1629 5022 NOTITIA
1685 4891 2263 5022 HI‘STORICA.

807 5113 978 5183 (Apud
1001 5115 1315 5180 Antonium,
1347 5117 1669 5175 Bibliotheca
1699 5117 1939 5191 Hispana
1969 5127 2136 5185 vetus,
2163 5129 2296 5175 tom.
2326 5121 2390 5187 ll,
2421 5134 2547 5192 pag.
2567 5116 2646 5182 5.)
