3992 5338
136 340 242 398 595

1267 348 1355 403 DE
1393 348 1872 409 CONVERSIONE
1908 305 2241 409 B.IAFR.‘E.

1962 262 2006 292 κν*

3286 359 3392 415 594

77 511 84 516 .
137 462 318 518 dabat,
371 467 431 514 ut
482 460 619 515 bene
676 461 771 515 tibi
823 468 1146 530 congrueret
1197 462 1341 530 quod
1376 461 1635 517 scribitur
1664 463 1715 517 in
1747 474 1792 532 Α
1822 463 1985 534 igitur
2006 465 2248 534 pontifex
2276 457 2476 531 noster,
2507 467 2710 533 clerus,
2761 468 3026 538 simulque
3057 474 3394 540 congaudeat

83 565 96 588 ·
138 555 364 623 lslmo,
390 555 646 622 quoniam
677 553 768 607 Dei
815 552 984 609 Filius
1014 553 1247 608 tenuerit
1278 569 1496 608 manum
1525 553 1713 609 dexte-

142 660 256 699 ram
287 653 460 707 tuam,
484 652 539 696 et
566 643 620 696 in
650 642 925 697 voluntate
953 655 1042 699 tua
1071 653 1126 698 te
1147 643 1454 707 deduxerit,
1482 653 1536 699 et
1565 660 1714 698 mar-

141 736 278 804 tyrio
306 743 628 790 coronatum
683 744 738 790 te
784 749 1064 790 assumens
1104 744 1266 807 atque
1309 737 1376 791 ad
1415 737 1537 791 caeli
1567 735 1717 806 pala-

141 826 271 880 tium
306 823 667 888 transferens,
711 837 767 878 et
807 827 949 880 inter
983 839 1263 884 senatores
1291 829 1456 884 curiae
1481 829 1718 886 caelestis

144 926 190 968 te
235 913 580 968 constituens
609 915 662 969 in
689 915 914 986 collegio
943 932 1130 972 eorum
1175 910 1526 990 disposuerit.
1553 921 1715 991 Ergo,

141 1006 336 1058 fratres
361 1005 691 1071 chari'ssimi,
720 1010 975 1077 quoniam
999 1010 1154 1065 nobis
1184 1011 1300 1067 dies
1323 1020 1484 1066 tantze
1512 1012 1711 1068 solem-

143 1093 325 1148 nitatis
369 1093 695 1150 confessoris
735 1085 981 1164 Chris:i,
1044 1101 1324 1171 nostrique
1384 1102 1611 1171 apostoli
1661 1111 1716 1159 et

142 1185 398 1256 martyris
422 1184 666 1260 [illuxit].
689 1190 890 1260 gratias
909 1191 1176 1248 et'laudes
1226 1194 1512 1250 reddamus
1541 1195 1722 1251 omni-

144 1277 516 1343 potentissimo
538 1278 810 1346 Creatori;
840 1282 982 1337 illius
1004 1283 1267 1354 praelibati
1287 1285 1547 1352 Narcissi,
1569 1286 1715 1342 lloris

145 1366 393 1424 videlicet
421 1370 680 1439 paradisi,
720 1387 818 1428 nos
854 1374 1144 1430 subdentes
1176 1377 1428 1441 orationi,
1471 1385 1525 1431 et
1569 1376 1714 1446 quod

143 1459 344 1512 amavit
383 1474 648 1525 amemus,
679 1471 734 1516 et
776 1463 917 1532 quod
965 1465 1130 1518 verbo
1185 1465 1500 1534 praedicavit
1529 1466 1724 1520 creda-

145 1563 276 1610 mus,
312 1557 368 1602 et
393 1551 537 1620 quod
569 1551 822 1621 operibus
868 1553 1116 1609 exhibuit
1142 1555 1440 1610 imitemur.
1469 1556 1721 1612 Exsultet

1817 556 2043 626 populus
2069 558 2372 613 universus.
2401 557 2670 625 Quoniam
2694 561 2834 615 sicut
2863 559 3056 626 R‘oma,
3084 576 3202 631 quae
3231 574 3398 632 caput

1817 660 1872 704 et
1907 649 2182 719 speculum
2209 660 2292 707 est
2317 652 2478 708 totius
2504 655 2673 718 orbis,
2719 671 2748 708 a
2794 656 2903 710 Deo
2950 657 3251 726 promeruit
3299 657 3397 711 ba-

1818 739 1948 794 bere
1974 742 2207 810 primum
2253 743 2616 812 apostolorum
2648 754 2704 800 et
2737 745 3036 816 principem
3067 763 3178 802 suae
3218 747 3395 804 salva-

1821 833 2002 897 tionis,
2037 835 2283 903 Petrum,
2327 836 2398 890 ita
2433 851 2649 906 quoque
2695 836 2948 893 Gerunda
2979 839 3254 893 doctorem
3285 855 3398 896 sum

1818 925 2009 980 salutis
2034 925 2217 982 ﬂorem
2248 926 2480 996 paradisi
2504 929 2800 996 promeruit
2820 929 3024 985 habere
3055 929 3394 986 Narcissum.

1821 1014 2008 1072 Omnis
2057 1017 2173 1073 haec
2230 1018 2346 1073 dies
2398 1017 2451 1072 in
2500 1018 2704 1074 Christi
2748 1019 2994 1076 laudibus
3033 1023 3395 1092 expandatur,

1822 1119 1985 1180 atque
2011 1110 2207 1168 divinis
2235 1112 2351 1183 ejus
2373 1111 2610 1168 cultibus
2645 1112 2924 1168 dedicetur
2953 1130 2969 1180 ;
3009 1115 3256 1170 desinant
3278 1131 3402 1171 esse

1814 1202 2014 1272 jurgia,
2037 1204 2161 1271 quia
2184 1203 2582 1271 prredicationis
2599 1205 2749 1274 pacis
2770 1204 3080 1260 recoluntur
3102 1206 3396 1272 solemnia;

1823 1293 2071 1348 desinant
2093 1308 2212 1349 esse
2234 1293 2651 1350 comessationes
2678 1304 2732 1350 et
2758 1297 3068 1362 ebrietates,
3101 1297 3224 1366 quia
3247 1297 3400 1368 cujus

1823 1386 1982 1440 hodie
2020 1385 2288 1443 festivitas
2318 1387 2622 1443 celebratur
2649 1388 2782 1445 tales
2807 1403 2838 1444 a
2870 1387 3195 1444 Christianis
3218 1389 3400 1459 prohi—

1821 1476 1939 1531 buit
1962 1476 2286 1548 voluptates.

210 1750 3382 1777 mw

1686 1916 1842 2029 ΙΙ.

725 2153 1185 2294 INCIPIT
1255 2150 1936 2245 CONVERSIO
2011 2152 2423 2242 BEATZE
2496 2153 2856 2286 AFRin

342 2349 374 2398 fi
917 2349 1107 2429 Apud
1143 2349 1538 2430 provinciam
1580 2349 1980 2424 Aricienscm,
2023 2352 2274 2412 civitate
2313 2354 2636 2434 Augusta-

214 2621 342 2675 Erat
367 2620 660 2677 Narcissus
685 2622 970 2692 episcopus
989 2625 1178 2678 eodem
1209 2632 1452 2693 tempore
1479 2640 1585 2694 quo
1606 2624 1726 2679 Dio-
1755 2627 1803 2687 B
1831 2626 2262 2690 mocinareutur,
2308 2641 2414 2681 nox
2467 2625 2679 2680 initium
2730 2624 2996 2695 sumpsit,
3047 2633 3100 2679 et
3149 2624 3414 2695 incipiens

151 2713 358 2768 cletiani
410 2712 692 2769 ferebatur
740 2713 972 2769 insania.
1019 2712 1279 2769 Nesciens
1323 2715 1413 2771 ubi
1461 2715 1725 2780 intraret,

149 2803 396 2874 profugus
440 2805 506 2859 ad
554 2804 898 2860 meretricem
940 2804 1216 2876 ingressus
1260 2815 1364 2870 est,
1410 2805 1594 2860 Afram
1629 2821 1730 2861 no-

151 2895 318 2959 mine,
365 2911 488 2952 cum
533 2897 762 2952 diacono
795 2912 894 2951 suo
933 2897 1134 2953 Felice.
1171 2899 1262 2953 llla
1311 2907 1492 2954 autem
1536 2899 1727 2955 videns

147 2984 393 3041 honestos
443 2987 592 3042 viros
624 2988 1000 3055 adventantes,
1052 2989 1371 3044 existimans
1399 2990 1721 3063 impudicos,

148 3088 290 3145 parat
316 3094 532 3135 caenam
553 3089 610 3136 et
633 3081 815 3135 omnia
839 3097 979 3150 quae,
1011 3081 1167 3137 solito
1192 3097 1364 3148 more,
1389 3097 1510 3137 cum
1536 3083 1728 3151 puellis

149 3169 250 3222 suis
290 3185 489 3239 parare
531 3181 908 3226 consueverat.
954 3172 1247 3241 Episcopus
1287 3181 1466 3226 autem
1509 3173 1729 3227 veniens

147 3266 203 3309 ut
241 3260 422 3314 cibum
454 3271 676 3331 caperet
711 3277 870 3317 orare
902 3263 1066 3332 cmpit
1103 3272 1158 3317 et
1187 3262 1434 3334 psallere.
1477 3260 1606 3316 Afra
1635 3278 1731 3317 au-

153 3356 272 3410 tem,
302 3349 432 3418 quia
458 3365 735 3420 nunquam
772 3351 888 3407 haec
925 3351 1171 3407 audierat
1198 3367 1299 3407 nec
1328 3351 1570 3415 viderat,
1610 3361 1726 3406 stu-

147 3435 547 3511 pefacta'cmpit
573 3442 847 3510 inquirere
886 3442 976 3512 qui
1013 3451 1178 3509 esset,
1222 3451 1278 3498 et
1305 3451 1365 3498 ut
1394 3442 1583 3498 didicit
1609 3458 1730 3498 esse

145 3529 456 3601 episcopum
487 3530 950 3598 Christianorum,
981 3533 1230 3603 protinus
1259 3533 1492 3603 procidit
1529 3533 1595 3587 ad
1640 3547 1732 3603 pe-

148 3617 237 3672 des
274 3617 394 3686 ejus
439 3621 670 3675 dicens:
723 3620 1220 3693 Dominepindigna
1263 3638 1407 3687 sum,
1438 3632 1493 3677 et
1522 3623 1576 3677 in
1625 3622 1728 3676 ista

148 3708 362 3766 civitate
389 3710 538 3765 nulla
564 3726 652 3765 me
682 3711 887 3781 turpior
911 3711 1089 3781 aliqua
1130 3713 1361 3768 inveniri
1398 3721 1597 3783 potest.
1629 3712 1729 3766 Cui

150 3800 218 3853 ait
241 3799 530 3857 Narcissus
556 3803 879 3872 episcopus:
902 3801 1153 3857 Salvator
1181 3819 1333 3859 meus
1355 3819 1386 3857 a
1416 3804 1729 3872 turpissima

151 3900 318 3949 tactus
354 3884 642 3964 inquinari
689 3907 797 3948 non
846 3893 1057 3963 potuit,
1111 3894 1251 3950 illius
1301 3910 1424 3949 nam
1471 3894 1731 3949 sanctitas

1828 2719 2059 2774 Domino
2100 2733 2296 2775 canere
2339 2734 2462 2774 cum
2510 2733 2609 2772 suo
2649 2717 2880 2779 diacono
2924 2716 3208 2786 episcopus
3237 2727 3411 2770 totam.

1829 2818 2045 2864 noctem
2072 2811 2282 2863 orando
2308 2816 2365 2863 et
2394 2807 2669 2876 psallendo
2698 2807 3090 2876 pcrtransiens,
3120 2805 3279 2861 simul
3316 2807 3409 2860 ha-

1827 2897 1944 2952 buit
1972 2897 2157 2952 Afram
2186 2913 2307 2952 cum
2333 2895 2524 2967 puellis
2555 2897 2667 2952 suis
2692 2906 3027 2952 consortem.

1897 2987 2054 3042 Mane
2082 2997 2263 3042 autem
2301 2995 2425 3042 orto
2464 2987 2574 3052 die,
2603 2988 2889 3058 episcopus
2929 2987 3218 3044 Narcissus
3244 2987 3414 3057 ccepit

1828 3077 2028 3147 inquiri
2058 3093 2089 3131 a
2115 3076 2577 3148 persecutoribus,
2611 3087 2669 3130 et
2705 3077 2895 3132 dicunt
2931 3076 3112 3132 Afrae:
3152 3075 3254 3133 Ubi
3284 3085 3414 3132 sunt

1827 3171 1919 3238 qui
1964 3170 2031 3224 ad
2077 3177 2130 3223 te
2176 3169 2503 3223 introierunt
2545 3169 2744 3222 nocte?
2781 3169 2870 3223 Illa
2913 3178 3091 3224 autem
3127 3168 3265 3223 dixit
3291 3169 3408 3223 eis:

1829 3255 2081 3327 Hospites
2104 3267 2376 3311 amatores
2402 3257 2531 3310 mihi
2557 3256 2774 3312 fuerunt
2796 3268 2851 3312 et
2877 3259 3128 3314 abierunt
3157 3258 3223 3313 ad
3243 3261 3414 3314 sacri-

1830 3345 2124 3402 ficandum.
2178 3347 2245 3400 Et
2287 3355 2542 3418 putantes
2583 3362 2678 3402 eos
2725 3351 2793 3403 ad
2845 3349 3155 3419 capitolium
3204 3358 3299 3405 aut
3344 3351 3414 3404 ad

1836 3437 2094 3508 templum
2125 3437 2348 3501 abiisse,
2386 3447 2703 3504 tacuerunt;
2752 3438 2846 3492 sed
2893 3439 3149 3494 remansit
3177 3454 3319 3494 unus
3345 3455 3416 3493 ex

1831 3531 1912 3586 eis
1938 3531 2029 3601 qui
2059 3531 2263 3586 diceret
2305 3531 2372 3583 ad
2410 3545 2530 3585 eam
2556 3549 2569 3584 :
2603 3530 2711 3602 Ego
2737 3531 2964 3602 cognovi
3001 3531 3139 3596 illos,
3168 3532 3260 3601 qui
3290 3547 3431 3586 sero.

1829 3633 2118 3689 venerunt,
2151 3624 2276 3694 quia
2310 3623 2603 3678 Christiani
2636 3633 2810 3688 erant,
2844 3639 2968 3677 nam
3014 3625 3065 3678 in
3095 3625 3240 3678 omni
3279 3626 3429 3680 hora

1831 3715 2122 3786 signabant
2170 3714 2376 3770 frontes
2421 3729 2546 3769 suas
2589 3715 2742 3783 signo
2790 3714 2998 3780 crucis,
3029 3729 3135 3783 qua
3166 3712 3415 3769 Christus

1830 3820 2021 3860 eorum
2048 3820 2240 3875 passus
2264 3815 2366 3860 est.
2398 3804 2538 3858 Dicit
2565 3804 2614 3857 ei
2639 3804 2768 3858 Afra
2797 3823 2808 3857 :
2848 3804 2928 3859 Ad
2956 3820 3044 3859 me
3071 3805 3413 3860 meretricem

1832 3895 2098 3948 haberent
2142 3895 2348 3949 intrare
2389 3893 2725 3947 Christiani!
2771 3894 2852 3947 Ad
2893 3908 2978 3948 me
3016 3909 3122 3947 non
3157 3894 3417 3957 veniunt,

150 3995 332 4038 omnes
383 3985 576 4040 sordes
625 3982 741 4052 ejus
792 3983 991 4039 delevit
1039 3993 1200 4056 atque
1250 3987 1549 4042 mundavit.
1603 3988 1719 4044 Non
1749 3980 1794 4042 C
1825 3983 1926 4037 nisi
1958 3983 2050 4052 qui
2087 3983 2192 4036 mei
2221 3983 2421 4037 similes
2446 3983 2755 4036 sunt.Abiit
2785 3983 2890 4046 hic,
2921 3983 3191 4036 nuntiavit
3222 3982 3405 4036 omnia

151 4072 331 4127 sordes
373 4073 672 4142 inquinata:
700 4073 988 4143 inquinare
1026 4084 1282 4144 poterunt
1322 4077 1531 4132 Domini
1561 4078 1726 4134 clari-

151 4169 330 4226 tatem,
378 4175 507 4216 nam
540 4173 593 4218 et
624 4163 714 4217 lux
757 4165 999 4231 veniens,
1046 4175 1100 4220 et
1145 4167 1398 4236 splendor
1425 4168 1556 4224 solis
1599 4171 1727 4224 dum

151 4253 285 4308 circa
314 4255 538 4311 cloacas
575 4265 632 4310 et
679 4256 976 4312 lntulentas
1005 4258 1210 4327 plateas
1257 4259 1500 4314 funditur
1528 4277 1557 4314 a
1591 4261 1728 4316 ccelo

151 4349 398 4414 mundus,
425 4359 480 4404 et
507 4349 742 4404 mundus
781 4349 1024 4404 elevatur
1053 4351 1108 4404 in
1136 4351 1357 4422 caelum.
1389 4351 1541 4406 Unde
1566 4361 1620 4406 et
1648 4361 1726 4416 tu,

153 4436 276 4500 ﬁlia,
309 4439 524 4509 suscipe
550 4439 731 4493 lumen
766 4439 913 4501 fidei.
942 4450 998 4494 ut
1026 4442 1304 4510 puriticata
1337 4443 1405 4497 ab
1433 4442 1578 4496 omni
1606 4457 1730 4511 pec-

157 4539 270 4584 cato
297 4532 475 4601 possis
497 4531 566 4586 de
597 4546 720 4585 meo
745 4532 966 4586 introitu
993 4543 1250 4603 perpetua
1291 4532 1571 4588 alacritate
1601 4548 1731 4603 gau-

157 4619 294 4673 dere.
349 4620 492 4674 Dicit
536 4621 586 4675 ei
622 4619 798 4675 Afra:
849 4621 989 4692 Ego,
1036 4637 1156 4691 quae
1203 4622 1462 4692 ampliora
1508 4631 1730 4690 peccata

155 4711 396 4766 commisi
435 4727 604 4780 quam
647 4712 838 4780 quanti
875 4723 1001 4765 sunt
1047 4712 1152 4766 mei
1196 4711 1374 4780 capilli
1430 4711 1484 4764 in
1519 4710 1729 4778 capite,

157 4802 411 4867 quomodo
437 4817 657 4871 possum
686 4817 716 4855 a
747 4803 911 4857 tantis
937 4802 1103 4856 dilui?
1124 4802 1420 4870 Respondit
1442 4801 1728 4857 Narcissus

157 4892 471 4963 episcOpus:
512 4893 748 4947 Tantum
783 4903 834 4947 tu
871 4893 1063 4959 crede,
1095 4902 1151 4947 et
1178 4893 1476 4961 baptizare,
1504 4901 1560 4946 et
1586 4891 1733 4947 salva

159 4982 282 5035 eris.
309 4983 463 5038 Tunc
498 4982 658 5044 Afra,
689 4998 992 5038 convocans
1021 4983 1227 5054 puellas
1254 4998 1404 5048 suas,
1434 4984 1602 5037 dixit:
1630 4981 1735 5037 Iste

158 5069 313 5128 homo
350 5075 642 5144 episcOpus
671 5069 1102 5129 CliristianOrum
1144 5073 1274 5127 dicit
1305 5074 1478 5128 mihi:
1523 5073 1578 5128 Si
1613 5087 1733 5127 cre-

1827 4089 1947 4143 qua:
1969 4075 2441 4142 dixerat,quaeque
2467 4075 2730 4139 audierat,
2753 4074 2916 4142 iisqui
2950 4073 3263 4142 quaerebant
3288 4087 3410 4126 eos.

1829 4162 1982 4217 Tunc
2015 4163 2150 4216 abiit
2173 4163 2302 4216 Afra
2332 4164 2398 4216 ad
2429 4173 2658 4217 matrem
2684 4178 2857 4228 suam,
2886 4162 3145 4216 Hilariam
3173 4163 3412 4225 nomine,
3495 4190 3497 4192 -

1829 4263 1882 4308 et
1911 4255 2041 4308 dicit
2082 4255 2172 4308 ei:
2225 4254 2519 4324 Episcopus
2549 4254 2982 4309 Christianorum
3015 4254 3160 4308 venit
3198 4253 3263 4307 ad
3303 4267 3425 4312 me.

1830 4343 2076 4398 nesciens
2107 4342 2195 4396 ubi
2233 4344 2494 4406 intraret,
2544 4351 2600 4399 et
2645 4357 2741 4411 per
2770 4352 2935 4397 totam
2963 4352 3176 4397 noctem
3211 4358 3439 4411 carpant

1831 4433 1966 4487 deus
2008 4447 2202 4486 manus
2244 4447 2372 4488 suas
2397 4432 2464 4486 ad
2498 4433 2662 4487 Deum
2703 4448 2893 4494 suum,
2927 4441 3154 4486 cantans
3195 4432 3242 4485 ei
3269 4435 3418 4501 quod

1834 4524 2004 4590 novit,
2035 4533 2089 4578 et
2116 4539 2216 4580 nos
2261 4523 2386 4579 fecit
2415 4524 2572 4578 simul
2615 4540 2774 4580 orare
2811 4540 3033 4590 secum;
3072 4523 3419 4595 circa.gallo-

1833 4632 1952 4670 rnm
1983 4626 2200 4672 cantum
2237 4616 2494 4670 exstinxit
2538 4631 2596 4671 se
2644 4615 2821 4670 lumen
2873 4617 3139 4682 candelae,
3177 4624 3232 4670 et
3276 4616 3418 4683 εωρί

1832 4707 2090 4762 festinare
2152 4715 2212 4760 ut
2260 4707 2602 4760 incenderem
2633 4749 2648 4769 ,
2698 4716 2752 4760 et
2799 4723 2904 4764 non
2955 4717 3216 4778 poteram.
3265 4705 3417 4758 Tunc

1835 4799 1971 4853 dixit
2001 4798 2131 4850 mihi
2161 4798 2420 4852 diaconus
2448 4797 2562 4866 ejus
2591 4815 2602 4848 :
2645 4796 2759 4851 Noli
2800 4811 3045 4864 quaerere
3087 4796 3264 4848 lumen
3311 4812 3409 4848 ex-

1835 4889 2177 4960 stinguibile;
2213 4889 2493 4942 modotibi
2518 4891 2844 4943 ostendetur.
2867 4890 2977 4951 lux,
3003 4903 3120 4957 qua:
3146 4886 3418 4955 exstingui

1836 4997 1942 5036 non
1985 4989 2188 5052 potest.
2222 4979 2344 5033 Haec
2393 4995 2517 5033 cum
2559 4979 2794 5032 audisset
2822 4980 3112 5048 episcopus
3133 4976 3309 5038 oravit
3339 4978 3421 5027 dio

1837 5087 2004 5127 cens:
2047 5068 2204 5134 Veni,
2233 5068 2343 5122 Lux
2367 5084 2494 5123 vera
2522 5067 2589 5121 de
2617 5066 2773 5130 cmln,
2815 5076 2866 5119 et
2904 5066 3110 5121 ostende
3152 5063 3298 5116 nobis
3344 5065 3428 5133 fa-

2704 5169 2787 5176 ..ςφ
2815 5157 2961 5176 --Αάὲι
3000 5154 3172 5176 1⁸.-1-...ι-
3196 5151 3256 5176 ΑΛ
3286 5153 3405 5176 ιιι-η..
