3992 5338
616 377 728 433 595

1647 373 1873 430 OLlV'rE
1919 369 2222 429 VICENSIS
2259 369 2565 428 EPISCOPI
2594 363 2914 429 SCRIPTA;

3762 366 3852 427 596

628 488 825 555 fecisti,
851 487 977 559 quia
1003 489 1068 544 ad
1099 502 1184 543 me
1213 486 1445 542 introisti
1473 504 1488 540 :
1517 500 1634 541 sum
1661 487 1806 542 enim
1845 485 2040 540 mulier
2071 499 2200 551 pcc-
2225 480 2276 542 Δ
2304 483 2543 552 nunquid
2575 483 2751 538 locum
2782 483 3017 548 invenio,
3051 483 3140 538 ubi
3172 493 3258 538 est
3300 483 3525 553 spiritus
3563 477 3856 540 castitatis!

627 580 842 644 catrix;
876 588 930 634 et
960 577 1048 633 ille
1075 579 1206 633 dixit
1252 577 1420 632 mihi:
1462 576 1562 632 Ubi
1600 592 1685 631 me
1714 577 1855 631 Deus
1881 590 2032 630 meus
2074 573 2203 628 fecit

627 667 866 738 ingredi,
912 667 982 722 ibi
1015 667 1251 722 introivi.
1301 667 1454 723 Mane
1483 677 1660 722 autem
1689 668 1834 722 circa
1878 668 2065 722 horam
2099 675 2206 720 ter-

621 759 752 813 tiam
796 757 1150 812 ostenderunt
1176 772 1234 812 sc
1263 757 1425 822 mihi,
1453 757 1582 826 qui,
1625 767 1916 826 antequam
1964 757 2203 821 luceret,

624 851 861 907 insidiati
897 849 1143 916 fuerant,
1173 860 1234 906 ut
1275 861 1563 908 exeuntem
1594 861 1872 916 tenerent,
1905 860 1958 904 ct
1999 851 2204 904 occide-

622 950 772 1007 rent;
804 941 896 996 sed
940 957 1060 996 cum
1091 942 1347 1008 exissem,
1377 949 1746 996 convenerunt
1783 957 1887 996 me.
1935 941 2046 1010 Ego
2075 955 2204 994 vero

624 1035 717 1090 ubi
743 1034 890 1090 faces
921 1034 985 1090 de
1012 1035 1123 1090 lino
1152 1035 1451 1100 habebam,
1481 1035 1736 1091 abscondi
1775 1050 1890 1090 eos.
1922 1034 2108 1089 Timeo
2138 1046 2206 1087 ne

623 1137 892 1184 scrutetur
936 1128 1088 1185 locus
1135 1131 1280 1200 ipse;
1329 1129 1374 1184 si
1397 1127 1581 1196 jubes,
1611 1129 1826 1184 domina
1858 1137 2052 1191 mater,
2100 1126 2206 1181 huc

629 1235 724 1275 eos
774 1221 1006 1276 transire
1052 1221 1279 1288 faciam,
1321 1221 1447 1292 quia
1496 1220 1743 1291 promisit
1789 1219 1919 1274 mihi
1968 1219 2202 1274 dicens:

560 1348 562 1350 -
622 1311 788 1366 Facio
835 1319 886 1368 te
933 1312 1329 1377 Christianam,
1383 1319 1442 1366 ut
1486 1310 1666 1364 omnia
1712 1317 1931 1380 peccata
1980 1319 2066 1363 tua
2114 1309 2208 1363 de-

629 1401 862 1455 leantur.

698 1493 940 1548 Audiens
979 1493 1082 1548 hoc
1127 1501 1303 1547 mater
1345 1491 1479 1561 ejus,
1528 1491 1722 1564 gaudio
1757 1489 1982 1559 repleta,
2025 1487 2204 1542 dixit:

628 1583 856 1640 Praestet
887 1584 990 1639 hoc
1022 1584 1194 1648 Deus,
1237 1594 1297 1638 ut
1323 1584 1452 1638 mihi
1476 1583 1580 1639 hoc
1607 1582 1906 1654 contingat.
1945 1580 2042 1635 Cui
2071 1579 2209 1633 dixit

627 1676 759 1732 Afra
785 1687 800 1730 :
833 1675 972 1748 Ergo
1000 1686 1156 1733 nocte
1189 1677 1435 1733 veniente
1465 1679 1796 1747 trausmigro
1824 1687 1917 1731 eos
1946 1674 2070 1729 huc.
2110 1670 2208 1725 Cui
2236 1741 2242 1746 κ

576 1767 581 1773 ’
627 1768 904 1837 respondit
933 1778 1108 1823 mater
1135 1785 1233 1824 sua
1267 1786 1282 1822 :
1316 1768 1488 1822 Etiam
1518 1769 1561 1822 si
1592 1769 1863 1833 noluerit,-
1903 1782 2025 1837 roga
2057 1779 2203 1819 eum.

633 1855 867 1926 Vespere
881 1866 1061 1924 autem
1086 1857 1214 1911 Afra
1237 1857 1513 1928 rogavitS.
1531 1856 1922 1919 Nareissum,et
1958 1852 2206 1922 migravit

631 1949 699 2001 ad
745 1955 972 2002 matrem
1011 1948 1145 2018 ejus.
1193 1949 1468 2018 Ingressus
1504 1961 1679 2003 autem
1712 1947 1927 2002 domum
1969 1947 2026 2001 S.
2063 1945 2204 1999 Nar-

629 2040 806 2095 cissus
846 2041 1146 2109 episcopus,
1175 2039 1377 2096 factum
1415 2049 1498 2096 est
1522 2041 1773 2111 gaudium
1806 2053 2094 2107 magnum,
2132 2037 2207 2091 ita

628 2139 692 2184 ut
737 2130 939 2185 llilaria
988 2147 1086 2200 per
1129 2140 1239 2186 tres
1290 2133 1454 2186 horas
1496 2132 1710 2200 plautas
1739 2131 1856 2200 cjus
1886 2138 2121 2190 teneret,
2154 2135 2209 2181 et

633 2219 838 2274 diceret
863 2238 876 2273 :
925 2221 1164 2276 Obsecro
1191 2231 1264 2288 te,
1289 2221 1524 2285 domine,
1553 2229 1610 2274 ut
1637 2235 1723 2274 me
1766 2219 1934 2274 facias
1961 2218 2209 2272 mundari

635 2326 664 2363 a
695 2311 930 2378 peccatis
953 2311 1109 2366 meis.
1142 2311 1294 2366 Tunc
1321 2311 1603 2364 Narcissus
1627 2310 1914 2382 episcOpus
1953 2308 2087 2363 dixit
2113 2307 2162 2361 ei
2190 2323 2203 2362 :

633 2400 800 2456 Beata
830 2411 912 2455 est
941 2401 1072 2456 fides
1113 2410 1222 2466 tua,
1258 2417 1377 2471 qua:
1403 2408 1690 2469 antequam
1722 2399 1958 2453 disceres
1986 2396 2210 2450 verbum

631 2493 912 2559 veritatis,
943 2494 1116 2563 ipsam
1161 2492 1443 2546 veritatem
1468 2532 1482 2558 ,
1528 2506 1690 2560 quam
1730 2505 1825 2559 per
1867 2488 2089 2542 verbum
2121 2488 2211 2540 vix

635 2599 931 2655 agnoscere
973 2593 1196 2655 possunt
1235 2584 1501 2647 homines,
1532 2583 1585 2637 in
1631 2591 1717 2636 tua
1749 2590 1929 2636 mente
1955 2579 2210 2634 fundasti.

633 2680 836 2737 Tamen
865 2681 989 2748 quia
1021 2681 1176 2735 video
1205 2688 1255 2735 te
1281 2693 1534 2748 capacem
1564 2676 1812 2732 audiendi
1840 2675 2064 2730 verbum
2091 2673 2211 2737 Dei,

641 2769 801 2825 hodie
835 2769 1058 2838 incipite
1105 2778 1287 2824 tenere
1322 2766 1614 2837 jejunium,
1647 2773 1700 2819 et
1743 2778 1838 2833 per
1865 2773 2068 2832 septem
2100 2761 2215 2815 dies

634 2860 904 2930 jejunate,
949 2859 1228 2914 audientes
1273 2871 1577 2914 sermonem
1608 2854 1878 2917 veritatis;
1907 2861 2094 2909 octava
2123 2865 2219 2904 au-

641 2960 747 3002 tem
776 2949 861 3003 die
899 2947 1316 3017 purificabimini
1361 2946 1429 3000 ab
1469 2944 1616 2999 onmi
1661 2952 1917 3012 peccato,
1963 2951 2019 2997 et
2062 2941 2217 2996 eritis

643 3038 778 3092 tales
803 3039 988 3106 quales
1019 3037 1196 3091 fuistis
1222 3035 1475 3101 infantes,
1516 3049 1622 3090 non
1651 3034 1911 3089 habentes
1935 3031 2216 3087 conscien-

629 3132 767 3184 tiam
798 3129 960 3184 ullius
985 3129 1250 3195 criminis,
1273 3128 1545 3197 ulliusque
1564 3126 1793 3196 peccati.
1826 3125 1965 3180 Dicit
1994 3124 2043 3177 ei
2073 3122 2220 3176 llila-

577 3261 580 3264 -
645 3224 723 3276 ria
753 3241 766 3276 :
805 3221 862 3276 Si
899 3221 1340 3290 jubes,.dicimus
1365 3220 1507 3290 quod
1539 3219 1785 3282 colimus,
1815 3225 1869 3271 et
1901 3217 1974 3270 ita
2005 3215 2220 3269 demum

644 3314 778 3370 doce
799 3329 896 3368 nos
921 3313 1049 3383 quid
1070 3313 1330 3368 colamus.
1353 3311 1502 3365 Dicit
1527 3311 1575 3364 ei
1599 3308 1882 3363 Narcissus
1902 3307 2218 3376 episcopus:

651 3402 704 3455 lu
740 3404 842 3457 hoc
870 3415 1091 3473 apparet
1137 3401 1279 3472 quod
1325 3401 1460 3455 bene
1490 3398 1717 3468 potestis
1761 3397 2031 3464 suscipere
2080 3392 2222 3464 quod

648 3494 829 3548 colere
858 3492 1119 3555 debeatis,
1150 3507 1270 3546 cum
1296 3491 1424 3560 quid
1451 3488 1725 3544 colueritis
1753 3487 2030 3541 evidenter
2055 3497 2224 3553 expo-

648 3584 826 3648 natis;
873 3583 959 3638 die
989 3597 1118 3652 ergo
1161 3581 1428 3636 culturam
1465 3588 1631 3632 tuam.
1677 3576 1878 3630 Hilaria
1910 3573 2220 3644 reSpoudit:

649 3673 910 3728 Parentes
939 3673 1042 3728 mei
1075 3666 1270 3741 gener‘e
1313 3669 1494 3738 Cyprii
1531 3668 1775 3730 fuerunt,
1803 3674 1858 3720 et
1903 3666 2027 3719 inde
2067 3678 2226 3718 vene-

649 3771 796 3819 runt.
829 3763 964 3818 Cum
1000 3777 1155 3818 sacra
1182 3760 1427 3821 Veneris,
1465 3768 1520 3813 et
1559 3756 1741 3812 Venus
1780 3756 1883 3811 coli
1915 3771 2019 3809 non
2051 3762 2228 3824 potest

653 3858 759 3912 nisi
793 3857 861 3911 ab
899 3856 966 3910 iis
1000 3855 1214 3909 feminis
1261 3868 1381 3922 qua:
1427 3852 1781 3906 meretricatze
1830 3851 2058 3913 fuerint,
2107 3849 2228 3904 ideo

647 3945 878 4015 denique
905 3960 1003 4016 ego
1028 3945 1202 3998 tiliam‘
1217 3957 1388 3997 meam
1418 3942 1591 3996 sacris
1623 3940 1847 3995 Veneris
1876 3954 2225 4006 consecrans,

648 4040 805 4111 quasi
835 4040 950 4094 dea:
978 4037 1176 4092 Veneri
1203 4035 1524 4091 servituram
1571 4033 1694 4086 inde
1725 4029 2034 4087 meretricio
2063 4031 2228 4099 placi-

649 4137 828 4183 turam
875 4129 928 4182 in
978 4126 1276 4196 prostibulo
1312 4137 1532 4179 manere
1571 4122 1824 4192 permisi,
1875 4122 2099 4176 credens
2128 4121 2232 4176 hoc

628 4219 800 4286 quod
828 4217 958 4272 mihi
989 4226 1131 4272 esset
1169 4214 1400 4286 prepitia
1432 4215 1640 4277 Venus,
1671 4211 1715 4266 si
1749 4212 2119 4284 tiliammeam
2151 4209 2233 4262 di-

655 4309 798 4362 vinis
842 4308 959 4376 ejus
1007 4305 1396 4361 imitatiouibus
1437 4317 1820 4372 occupassem;
1860 4316 1983 4355 nam
2028 4311 2231 4369 quanto

660 4399 842 4462 plures
873 4408 1141 4452 amatores
1188 4398 1386 4451 habere
1427 4394 1628 4464 poterit
1657 4392 1849 4446 mulier
1884 4405 2005 4459 qua:
2034 4387 2231 4443 Veneri

667 4488 920 4551 serviret,
949 4497 1100 4540 tanto
1131 4487 1248 4556 plus
1275 4484 1471 4542 Veneri
1499 4482 1710 4552 placere
1738 4495 1897 4551 posse
1923 4495 1953 4532 a
1982 4477 2233 4533 sacerdo-

665 4578 810 4632 tibus
837 4579 1060 4632 Veneris
1086 4577 1399 4630 afﬁrmatur.

733 4667 972 4720 Audiens
1009 4666 1121 4720 haec
1151 4666 1234 4718 vir
1263 4664 1358 4718 Dei
1379 4663 1663 4718 Narcissus
1695 4661 1952 4730 ingemuit
1979 4668 2034 4714 et
2064 4659 2236 4728 lacry-

668 4772 784 4812 mas
813 4757 983 4821 fudit,
1030 4756 1272 4821 dixitque
1322 4755 1388 4808 ad
1436 4753 1721 4806 diaconum
1764 4764 1920 4802 suum
1961 4748 2233 4802 Felicem:

669 4854 863 4921 Surge,
886 4849 1076 4913 frater,
1099 4859 1153 4901 et
1176 4847 1365 4900 demus
1385 4844 1678 4897 lamentum
1705 4855 1867 4908 super
1895 4840 2052 4893 istam
2075 4839 2235 4892 talem

661 4944 926 4998 culturam
949 4980 964 5003 ,
1012 4947 1068 4992 et
1115 4950 1364 5005 rogemus
1403 4932 1684 4987 Dominum
1705 4971 1720 4995 ,
1751 4939 1810 4982 ut
1848 4929 1932 4982 ubi
1959 4928 2237 4981 abundavit

573 5021 580 5038 ’
659 5033 933 5104 iniquitas,
963 5028 1344 5098 superabundet
1377 5039 1425 5080 et
1457 5026 1649 5096 gratia.
1691 5024 1911 5078 Factum
1949 5030 2032 5076 est
2059 5030 2235 5075 autem

662 5131 720 5158 ut
767 5138 888 5158 num
917 5130 1130 5158 nr-amnl
1190 5117 1434 5158 πξιεξπι-ηἶι
1483 5115 1759 5158 Ᾱίονηιίιις
1788 5112 2003 5158 ﬂuidam
2032 5111 2238 5158 nigrior

2309 570 2407 626 Hic
2444 581 2499 626 tu
2527 573 2654 642 quid
2685 573 2921 637 intrasti,
2956 573 3044 627 ubi
3079 573 3354 641 inquinata
3389 582 3516 626 sunt
3541 588 3786 643 corpora,
3811 588 3858 630 et

2306 662 2520 731 polluta:
2544 671 2670 718 sunt
2695 663 2921 718 animae?
2949 661 3099 717 Tunc
3121 662 3404 717 Narcissus
3433 663 3570 716 dixit
3592 664 3642 717 ei
3666 681 3681 716 :
3709 663 3858 720 Jubeo

2309 753 2428 818 tibi,
2453 754 2728 808 immunde
2754 754 2996 823 spiritus,
3028 763 3085 807 ut
3107 754 3201 807 des
3228 754 3282 806 in
3315 769 3638 821 responsum
3666 754 3796 821 quod
3816 762 3857 807 te

2305 840 2730 910 interrogavcro.
2765 842 2862 896 Dic
2903 840 3059 904 mihi,
3090 840 3339 895 damnate
3367 859 3380 894 :
3434 841 3559 895 Scis
3593 840 3856 896 Dominum

2305 946 2483 1011 meum
2510 930 2692 987 Jesum
2717 932 2990 986 Christum
3013 931 3348 986 Nazarenum
3379 941 3672 997 tentatum,
3693 931 3855 1002 flagel-

2305 1023 2492 1087 latum,
2544 1023 2899 1092 sputamentis
2943 1023 2996 1077 in
3036 1022 3228 1078 faciem
3274 1030 3616 1087 attestatum,
3646 1022 3855 1076 cibatum

2307 1111 2448 1176 felle,
2499 1121 2740 1182 potatum
2785 1121 2970 1174 aceto,
3006 1112 3218 1165 allixum
3256 1111 3310 1166 in
3343 1126 3538 1176 cruce,
3589 1121 3854 1174 mortuum,

2306 1211 2362 1257 et
2404 1201 2694 1271 sepultum,
2725 1210 2779 1258 et
2811 1201 2899 1256 die
2933 1202 3093 1256 testio
3139 1201 3500 1255 resurrexisse
3548 1217 3579 1254 a
3610 1201 3858 1255 mortuis?

2312 1292 2423 1348 scis
2453 1292 2552 1347 hoc
2586 1291 2834 1347 factum?
2875 1293 3167 1361 Respondit
3198 1294 3404 1346 darmon
3424 1332 3440 1357 ,
3480 1301 3536 1348 et
3562 1292 3735 1346 dixit:
3763 1292 3858 1347 Uti-

2307 1397 2432 1436 nam
2475 1381 2604 1435 mihi
2644 1381 2746 1435 hoc
2777 1382 2997 1435 nescire
3035 1380 3303 1435 licuisset!
3335 1396 3459 1435 nam
3490 1395 3556 1435 ea
3601 1381 3752 1448 hora,
3771 1396 3856 1451 qua

2307 1469 2597 1526 crucifixus
2641 1479 2754 1534 est,
2802 1471 3049 1541 princeps
3079 1479 3260 1525 noster
3298 1471 3509 1542 fugiens
3537 1487 3568 1526 a
3597 1470 3736 1526 facie
3763 1468 3858 1538 ejus

2309 1561 2362 1614 in
2393 1561 2647 1630 templum
2679 1561 2771 1616 Dei
2817 1576 2875 1616 se
2915 1561 3082 1628 misit,
3110 1569 3164 1614 ct
3188 1561 3310 1616 ideo
3337 1561 3516 1616 velum
3544 1560 3726 1632 templi
3749 1561 3860 1616 stis-

2309 1665 2426 1703 sum
2459 1659 2562 1714 est,
2589 1651 2714 1718 quia
2745 1651 2996 1704 virtutem
3044 1651 3424 1720 persequentis
3467 1650 3613 1706 ferre
3649 1667 3751 1706 non
3781 1666 3858 1721 po-

2311 1738 2443 1802 tuit;
2491 1746 2620 1791 tunc
2667 1753 2793 1792 saxa
2842 1738 2954 1808 ipsa
2999 1739 3168 1794 solida
3214 1739 3637 1804 scindebantur,
3680 1749 3732 1794 et
3771 1755 3859 1794 mo-

2233 1819 2281 1878 B
2309 1837 2564 1881 uumeuta
2609 1838 2791 1896 aperta
2842 1837 3003 1893 sunt,
3048 1837 3103 1883 et
3156 1839 3509 1888 surrexerunt
3540 1832 3710 1886 sancti
3746 1832 3857 1896 viri,

2307 1917 2399 1987 qui
2430 1919 2681 1973 viderunt
2711 1919 2811 1974 hoc
2841 1918 3063 1983 factum,
3110 1920 3250 1989 quod
3292 1921 3542 1990 princeps
3585 1931 3766 1976 noster
3803 1923 3858 1977 ab

2313 2022 2378 2061 eo
2424 2007 2514 2075 qui
2564 2008 2855 2062 cruciﬁxus
2895 2018 2978 2063 est
3026 2019 3202 2064 tentus
3241 2020 3324 2064 est
3361 2019 3417 2065 et
3458 2012 3666 2066 catenis
3716 2012 3860 2080 igneis

2306 2106 2393 2151 est
2440 2096 2712 2166 religatus.
2750 2096 3049 2166 Respondit
3091 2098 3376 2154 Narcissus
3419 2109 3474 2154 et
3519 2100 3694 2154 dixit:
3732 2099 3859 2165 Quod

2309 2203 2506 2245 nomen
2538 2199 2621 2244 est
2646 2188 2905 2258 principis
2941 2189 3149 2244 vestri?
3188 2192 3332 2245 Dixit
3360 2192 3409 2246 ei
3441 2191 3648 2246 memon
3676 2209 3689 2244 :
3720 2191 3860 2246 Satan

2311 2295 2508 2336 nomen
2557 2291 2638 2334 est
2671 2281 2767 2343 illi,
2801 2281 2944 2348 quod
2996 2280 3381 2349 interpretatur
3428 2280 3634 2333 initium
3686 2282 3858 2334 mortis.

2313 2374 2448 2428 Dicit
2469 2373 2518 2427 ei
2558 2371 2840 2425 Narcissus
2873 2389 2885 2424 :
2912 2371 3008 2425 Dic
3033 2371 3184 2434 mihi,
3209 2369 3332 2439 quid
3358 2371 3602 2448 peccavit
3633 2371 3863 2423 Dominus

2314 2473 2500 2518 noster
2547 2463 2707 2519 .lesus
2755 2463 3020 2528 Christus,
3047 2472 3106 2516 ut
3133 2473 3278 2516 tanta
3300 2463 3613 2530 pateretur?
3657 2461 3789 2516 Dicit
3820 2462 3862 2515 ei

2313 2555 2519 2610 darmon
2554 2574 2567 2608 :
2601 2553 2884 2623 Nunquam
2915 2554 3174 2623 peccavit.
3212 2553 3350 2607 Dicit
3379 2554 3428 2607 ei
3465 2552 3746 2607 Narcissus
3773 2551 3862 2606 εει

2315 2645 2404 2713 qui
2445 2658 2716 2713 nunquam
2760 2643 3022 2712 peccavit,
3051 2657 3220 2711 quare
3251 2649 3396 2697 tanta
3417 2657 3612 2712 passus
3638 2643 3757 2699 est?
3781 2642 3870 2698 Be-

2316 2733 2530 2802 spondit
2565 2735 2774 2788 daemon
2810 2750 2822 2784 :
2857 2730 2970 2784 Non
2999 2746 3094 2801 pro
3133 2731 3245 2787 suis
3288 2734 3528 2800 peccatis
3562 2746 3748 2802 passus
3780 2739 3869 2796 est,

2317 2824 2410 2878 sed
2458 2838 2555 2894 pro
2604 2822 2847 2878 alterius.
2887 2823 3028 2878 Dicit
3056 2824 3105 2878 ei
3148 2822 3433 2876 Narcissus
3462 2821 3871 2890 cpiscopus:E:

2318 2931 2411 2970 ore
2440 2925 2530 2970 tuo
2559 2925 2610 2970 te
2631 2917 2978 2976 condemnas,
3025 2914 3300 2968 immunde
3334 2913 3578 2983 spiritus.
3604 2913 3736 2968 Cum
3762 2926 3871 2982 ergo

2322 3007 2464 3062 scias
2505 3007 2789 3061 Dominum
2819 3022 2997 3060 meum
3020 3005 3203 3060 Jesum
3225 3004 3500 3060 Christum
3528 3020 3639 3059 non
3666 3019 3762 3075 pro
3779 3005 3876 3058 suis

2321 3100 2414 3154 sed
2443 3115 2542 3169 pro
2576 3099 2767 3156 alienis
2784 3097 3024 3168 peccatis
3053 3097 3310 3160 occisum,
3336 3096 3553 3151 discede
3573 3098 3645 3150 ab
3681 3097 3748 3151 iis
3773 3112 3872 3150 mu-

2247 3183 2294 3246 C
2326 3190 2564 3255 lieribus,
2589 3191 2713 3259 quia
2753 3204 2850 3258 pro
2896 3189 3002 3243 illis
3026 3203 3215 3257 passus
3258 3197 3341 3243 est
3367 3189 3458 3257 qui
3488 3189 3560 3243 ad
3585 3187 3748 3243 (idem
3781 3188 3876 3256 ejus

2324 3288 2378 3334 et
2422 3279 2649 3348 gratiam
2692 3277 3071 3348 confugerunt.
3128 3277 3269 3331 Dicit
3318 3278 3369 3330 ei
3412 3277 3673 3331 daemon:
3725 3275 3878 3343 Quare

2327 3370 2483 3424 docet
2517 3369 2604 3424 lex
2646 3378 2856 3434 sancta,
2900 3376 2956 3422 et
2996 3365 3152 3435 jubet
3179 3376 3240 3420 ut
3275 3380 3360 3420 res
3389 3365 3599 3421 alienas
3617 3381 3727 3420 non
3751 3365 3880 3419 tollat

2325 3460 2556 3529 aliquis;
2604 3468 2659 3513 tu
2691 3459 2782 3529 qui
2807 3468 3026 3514 sanctus
3083 3473 3160 3520 es,
3213 3471 3298 3511 res
3356 3473 3503 3511 meas
3533 3458 3664 3526 quid
3717 3454 3880 3512 tollis?

2326 3553 2462 3618 Quid
2514 3551 2646 3605 mihi
2693 3551 2831 3606 tollis
2860 3550 3069 3604 animas
3119 3564 3256 3618 quas
3294 3549 3422 3602 mihi
3453 3548 3696 3604 lucratus
3740 3545 3880 3602 sum?

2327 3643 2465 3697 Dicit
2486 3643 2535 3697 ei
2562 3642 2844 3697 Narcissus
2875 3658 2892 3705 ;
2925 3640 2993 3696 Et
3019 3640 3239 3705 fraetor,
3263 3649 3324 3695 et
3350 3637 3436 3693 fur
3457 3654 3520 3695 es
3555 3647 3634 3706 tu,
3659 3638 3728 3692 ab
3753 3636 3882 3691 initio

2327 3731 2578 3786 damnate
2599 3739 2656 3786 et
2697 3733 3021 3796 inveterate,
3049 3745 3171 3783 nam
3203 3730 3332 3784 istas
3359 3729 3570 3784 animas
3592 3745 3624 3782 a
3651 3729 3882 3783 Creatore

2327 3836 2426 3876 suo
2461 3831 2511 3876 et
2539 3821 2764 3876 Domino
2796 3830 2850 3874 tu
2889 3820 3184 3889 separasti;
3219 3834 3318 3888 ego
3343 3819 3502 3875 modo
3533 3827 3588 3874 te
3615 3818 3789 3873 furem
3814 3827 3881 3870 te-

2329 3929 2452 3977 nec,
2487 3921 2540 3967 ct
2565 3912 2805 3967 Creatori
2848 3919 3152 3973 creaturam
3177 3925 3333 3964 suam
3373 3910 3624 3964 restituo.
3663 3908 3885 3975 Respon-

2330 4003 2406 4056 dit
2428 4003 2476 4056 ei
2504 4002 2709 4056 daamon
2733 4000 2915 4054 dicens
2941 4017 2956 4052 :
2983 3999 3047 4052 Et
3064 4014 3165 4068 ego
3185 4008 3435 4053 creatura
3457 3997 3578 4064 ejus
3611 4012 3755 4062 sum,
3775 4006 3886 4063 ergo

2330 4103 2385 4147 et
2405 4107 2491 4145 me
2510 4088 2754 4164 Creatori
2779 4105 2899 4143 meo
2935 4089 3178 4142 restitue.
3202 4088 3340 4142 Dicit
3362 4087 3413 4142 ei
3459 4075 3746 4142 Narcissus
3770 4103 3784 4138 :
3818 4083 3886 4137 Tu

2331 4183 2445 4252 ipse
2472 4197 2566 4238 ore
2597 4191 2687 4236 tuo
2711 4179 2992 4236 confessus
3019 4194 3079 4233 es
3101 4178 3375 4233 Christum
3403 4193 3504 4246 pro
3532 4176 3769 4247 peccatis
3806 4174 3885 4229 bo-

2330 4273 2535 4328 minum
2560 4286 2811 4341 passum;
2857 4278 2910 4324 et
2938 4270 2984 4323 si
3029 4283 3136 4338 quo
3163 4268 3323 4321 modo
3345 4281 3445 4336 pro
3468 4267 3709 4335 peccatis
3732 4262 3886 4319 homi-

2332 4380 2459 4419 num
2484 4378 2675 4433 passus
2724 4370 2808 4416 est
2857 4370 2911 4414 et
2951 4376 3049 4431 pro
3076 4359 3318 4414 daemone
3341 4373 3533 4427 passus
3555 4367 3725 4421 esset,
3755 4352 3886 4409 resti-

2336 4464 2542 4510 tuerem
2563 4452 2807 4508 Creatori
2839 4447 2960 4517 tuo;
2992 4465 3135 4506 nunc
3165 4458 3345 4502 autem
3373 4448 3451 4502 sic
3481 4462 3680 4516 passus
3706 4453 3788 4499 est
3808 4455 3886 4513 pro

2255 4530 2310 4590 Ῑ)
2337 4545 2572 4617 peccatis
2623 4543 2897 4597 hominum
2938 4555 2997 4594 ut
3025 4549 3260 4595 vestrum
3294 4538 3596 4607 principem
3643 4537 3826 4605 ligaret
3844 4531 3887 4583 in

2339 4635 2606 4691 infernum
2645 4645 2700 4688 et
2729 4634 3084 4702 principatum
3128 4630 3402 4698 diriperet.
3428 4627 3571 4681 Dicit
3589 4628 3639 4680 ei
3659 4627 3888 4681 daemon:

2338 4726 2444 4781 Fac
2494 4725 2748 4794 pietatem
2811 4738 2970 4789 super
3013 4735 3117 4782 mc,
3156 4727 3210 4772 ct
3257 4717 3322 4770 da
3355 4715 3484 4769 mihi
3512 4714 3567 4768 in
3592 4719 3890 4785 potestatem

2339 4831 2498 4872 unam
2531 4814 2783 4866 animam.
2817 4812 2958 4865 Dicit
3004 4811 3050 4864 ei
3076 4809 3357 4862 Narcissus
3387 4823 3400 4858 :
3428 4805 3484 4858 Si
3515 4805 3719 4859 dedero
3738 4803 3828 4856 tibi
3848 4801 3890 4851 in

2338 4914 2659 4978 potestatem
2709 4919 2866 4955 unam
2907 4902 3164 4962 animam,
3204 4898 3330 4966 quid
3358 4896 3422 4949 de
3443 4909 3509 4948 ea
3539 4893 3752 4948 facies?
3801 4892 3892 4944 Dte-

2343 5010 2467 5049 mou
2493 4993 2668 5046 dixit:
2702 4990 2968 5044 lutei-licio
3027 4986 3324 5047 lmininem,
3371 4981 3638 5036 etlucror
3677 4979 3890 5033 animam

2344 5084 2478 5153 ejus.
2509 5081 2649 5135 Dicit
2673 5079 2722 5133 ei
2746 5079 3025 5132 Narcissus
3072 5093 3085 5127 :
3139 5074 3293 5128 Mane
3319 5072 3490 5141 prima
3522 5069 3644 5125 luce
3689 5084 3790 5139 ego
3815 5062 3892 5119 tibi
