3992 5338
184 349 287 406 597
1287 334 1411 411 ’π
1444 353 1810 412 cosvensu

1914 355 1923 411 ἰ
1956 355 2018 412 Β.
2047 352 2285 414 ΑῈΒᾸΞ.
3330 355 3395 408 5f?
3406 359 3439 415 8

185 466 232 520 ei
263 463 555 521 Narcissus
583 483 599 520 :
629 463 687 521 Si
712 471 867 536 potes
891 464 1171 522 nobiscum
1199 482 1445 534 manere,
1472 484 1647 524 mane.
1672 468 1761 522 Di-
1789 470 1838 528 Α
1867 471 2228 527 cidenlalibus
2277 469 2489 541 populis
2544 483 2685 525 verae
2727 469 2847 525 iidei
2879 468 3057 526 lumen
3101 470 3355 533 ostendit,
3389 479 3445 526 et

183 557 260 612 rit
287 557 340 611 ei
362 557 577 612 dzemon
607 576 621 612 :
648 556 706 613 Si
749 559 1013 628 expandis
1040 573 1234 617 manus
1285 569 1407 617 tuas
1452 562 1520 616 ad
1546 561 1763 628 ctelum,
1867 565 2006 636 apud
2032 562 2344 620 Gerundam
2374 563 2604 633 gloriosa
2637 556 2817 616 morte
2846 561 3129 631 requievit.
3154 560 3286 615 Cum
3318 577 3447 629 ergo

182 654 238 699 et
265 644 448 701 ﬂectis
471 661 644 717 genua
669 656 759 702 tua
787 657 842 702 et
862 648 1045 718 psaliis
1093 650 1206 706 Deo
1237 659 1349 717 luo,
1399 666 1505 706 non
1547 667 1767 723 possum
1869 656 2067 711 multos
2092 655 2158 709 ad
2179 653 2380 709 Christi
2420 653 2577 708 Iidem
2638 661 2998 718 converteret,
3029 652 3258 721 quadam
3281 652 3365 706 die
3396 652 3449 706 in

183 736 272 791 hic
305 753 552 793 manere.
594 738 734 794 Dicit
781 739 837 793 ei
874 739 1200 797 Narcissus:
1237 741 1523 813 Nunquam
1556 743 1651 798 tibi
1700 744 1773 801 sit
1870 748 2123 805 Gerunda
2154 747 2296 803 inter
2330 747 2445 817 ipsa
2468 746 2861 802 sacriﬁciorum
2891 747 3169 817 mysteria,
3206 760 3234 798 ε
3266 757 3452 815 perge-

182 828 355 913 bene,
392 830 666 885 immundo
707 829 967 901 spiritus;
994 847 1097 888 non
1126 833 1296 889 solum
1329 844 1507 890 autem
1531 850 1656 906 ego,
1678 833 1775 890 sed
1873 837 2152 894 cutoribus
2180 835 2477 891 trucidatus
2510 835 2564 889 in
2591 834 2929 890 confessione
2968 832 3249 889 Trinitatis
3279 832 3452 889 tribus

185 930 240 972 ct
293 921 384 975 isti
443 936 633 977 omnes
682 928 793 976 tota
833 932 990 978 nocte
1040 938 1252 980 mecum
1303 924 1531 981 Domino
1589 934 1776 983 nostro
1806 983 1823 998 ,
1874 929 2210 993 vulneribus,
2249 926 2498 985 videlicet
2527 926 2582 979 in
2614 925 2864 990 humero,
2891 932 2947 978 et
2971 932 3188 994 gutture
3220 932 3269 978 et
3302 939 3450 986 sura,

185 1008 412 1064 nectent
451 1026 647 1081 genua,
679 1010 945 1069 ctiaudes
985 1012 1036 1067 ei
1078 1028 1184 1068 una
1226 1014 1511 1070 nobiswm
1555 1025 1787 1079 canent.,
1876 1030 1962 1075 est
2006 1017 2331 1075 debilitatus.
2384 1014 2646 1085 Denique,
2678 1012 2945 1084 completo
2974 1011 3297 1069 veneranda:
3330 1026 3454 1082 pas—

188 1103 345 1158 Tunc
367 1105 581 1161 daemon
611 1107 744 1161 dim
784 1106 935 1162 vocis
961 1107 1297 1164 teterrimum
1338 1108 1598 1164 ululatum
1621 1108 1778 1164 emit-
1877 1107 2048 1165 sionis
2069 1123 2229 1163 cursu
2257 1103 2569 1177 magniﬁco,
2590 1117 2847 1159 coronam
2876 1100 3061 1173 gloria:
3084 1109 3167 1157 est
3195 1114 3457 1156 consecu-

191 1205 317 1250 tens
359 1211 632 1268 nusquam
655 1198 977 1267 comparuit.
1881 1208 1971 1255 tus
2002 1215 2033 1254 a
2057 1198 2283 1253 Domino
2315 1195 2446 1250 etin
2470 1203 2735 1251 aeternum
2783 1200 2975 1264 regnat
2997 1207 3121 1247 cum
3151 1191 3261 1246 illo.
3295 1189 3461 1261 Cujus

264 1289 326 1342 S.
359 1299 545 1344 autem
573 1288 855 1345 Narcissus
884 1282 1170 1363 episcopus
1210 1292 1339 1349 fecit
1369 1300 1493 1364 post
1511 1289 1779 1362 jejunium
1882 1288 2192 1346 venerabile
2219 1302 2418 1358 corpus
2452 1286 2719 1342 hactenus
2753 1284 3124 1353 incorruptum
3159 1282 3225 1336 ad
3251 1281 3461 1353 insigne

191 1376 426 1433 reﬁcere
472 1375 661 1431 Afrani
707 1393 831 1433 cum
870 1387 1046 1435 matre
1074 1395 1167 1436 sua
1190 1390 1389 1437 etcum
1417 1380 1607 1453 puellis
1647 1381 1781 1447 suis,
1882 1388 2068 1436 manet
2124 1376 2473 1443 miraculum;
2536 1375 2761 1446 spiritus
2790 1382 2971 1429 autem
3006 1372 3325 1442 conjunctus
3356 1370 3460 1428 Do-

191 1481 333 1537 quas
362 1475 665 1523 trementes
709 1482 806 1538 pro
833 1483 901 1525 eo
929 1469 1072 1540 quod
1089 1470 1339 1526 viderant
1373 1478 1429 1525 et
1455 1469 1739 1525 audierant
1766 1509 1782 1535 ,
1886 1471 2035 1527 mino
2073 1468 2125 1524 in
2152 1465 2465 1523 caelestibus
2508 1464 2693 1535 regnis
2718 1462 2955 1519 exsultat
2977 1477 3099 1518 cum
3129 1460 3243 1515 illo.
3280 1460 3463 1528 Quan-

196 1556 313 1611 suis
336 1557 561 1612 monitis
589 1567 642 1613 et
684 1558 1017 1615 orationibus
1071 1559 1414 1615 confortavit.
1438 1558 1583 1630 .Ipse
1605 1568 1786 1615 autem
1886 1578 2050 1634 quam
2090 1562 2234 1618 enim
2287 1558 2497 1630 ubique
2526 1557 2783 1614 Christus
2822 1568 2950 1612 suos
3000 1554 3057 1610 in
3105 1553 3367 1609 mundum
3398 1553 3466 1607 ad

196 1661 321 1700 cum
355 1646 417 1701 S.
468 1647 651 1703 Felice
704 1648 930 1703 diacono
983 1664 1082 1705 suo
1124 1665 1228 1705 non
1277 1649 1486 1711 refecit.
1526 1649 1702 1705 sciens
1730 1663 1789 1705 se
1888 1653 2291 1726 praedicandum
2342 1651 2578 1706 misisset
2634 1648 2932 1720 apostolos,
2963 1644 3252 1714 multisque
3288 1642 3467 1711 adhuc

198 1749 364 1790 malle
425 1736 622 1790 Ῑιετυω
673 1752 796 1792 Cum
841 1738 1084 1794 ἀίεηιοηθ
1127 1748 1401 1795 cerlamen
1441 1739 1786 1801 llabilurum;
1891 1745 2209 1817 gentilitatis
2254 1742 2535 1798 erroribus
2578 1739 2795 1811 plurimi
2823 1738 3056 1793 fuissent
3086 1735 3358 1806 occupati,
3390 1743 3465 1789 ta—

199 1828 424 1883 trausiit
452 1843 667 1898 quoque
696 1837 908 1884 noctem
950 1832 1199 1887 oratione
1239 1840 1296 1888 et
1329 1831 1656 1903 psalmorum
1692 1846 1788 1886 ca-
1820 1817 1864 1878 Β
1891 1850 2016 1891 men
2041 1833 2141 1890 Dei
2163 1831 2538 1889 misericordia
2562 1845 2628 1886 ac
2653 1825 3035 1898 Redemptoris
3056 1824 3229 1880 nostri
3256 1822 3471 1887 favoni-6

200 1916 432 1971 tioribus
462 1917 695 1986 plenam.
730 1918 824 1973 Die
856 1926 1035 1974 autem
1065 1930 1223 1987 orto,
1254 1921 1408 1977 adest
1455 1921 1661 1976 dzemon
1703 1918 1789 1975 di-

200 2016 382 2061 cens:
417 2004 626 2062 Memor
673 2016 811 2072 esto,
842 2017 1031 2064 sancte
1063 2008 1335 2081 episcope,
1382 2008 1675 2079 juramenti
1712 2008 1789 2064 tui

203 2100 354 2169 quod
400 2099 598 2155 dedisti
633 2110 761 2156 ante
802 2101 973 2157 Deum
996 2145 1015 2170 ,
1040 2111 1097 2159 et
1122 2102 1191 2158 da
1212 2102 1342 2159 mihi
1374 2104 1609 2158 animam
1640 2101 1794 2173 cujus

195 2203 409 2260 corpus
428 2192 696 2258 occidam,
745 2201 799 2248 et
824 2193 1060 2249 animam
1085 2194 1257 2265 ipsam
1290 2210 1500 2250 mecum
1542 2180 1791 2250 habeam.

206 2279 620 2354 “responditque
640 2283 703 2339 S.
737 2283 1021 2341 Narcissus
1049 2286 1235 2341 dicens
1264 2305 1278 2341 :
1311 2287 1378 2342 Et
1417 2296 1469 2341 tu
1493 2287 1615 2356 jura
1663 2287 1793 2342 mihi

208 2372 263 2425 in
306 2375 525 2429 nomine
572 2374 785 2430 Domini
832 2376 936 2430 mei
984 2384 1045 2432 ut
1090 2378 1272 2433 statim
1319 2378 1614 2433 iuterficies
1633 2394 1794 2447 quem

211 2465 305 2519 tibi
357 2464 580 2532 dedero,
626 2477 682 2521 et
717 2468 803 2523 dic
831 2468 986 2534 mihi,
1036 2470 1083 2526 si
1129 2485 1233 2525 non
1259 2471 1587 2532 interficias.
1611 2470 1802 2541 jubcat

210 2560 306 2613 tibi
356 2560 500 2616 Deus
550 2569 610 2615 ut
648 2561 812 2618 vadas
847 2562 902 2617 in
927 2561 1205 2634 abyssum.
1232 2546 1403 2619 ‘Dixit
1445 2564 1495 2619 ei
1543 2563 1749 2618 daamon
1784 2582 1797 2617 :

213 2654 318 2708 Per
342 2655 519 2724 ipsum
542 2653 667 2722 jnro
709 2653 802 2725 qui
846 2669 947 2709 nos
972 2670 1095 2710 cum
1133 2654 1379 2726 principe
1409 2662 1594 2709 nostro
1624 2654 1749 2708 vicit
1784 2696 1800 2721 ,

214 2742 259 2796 si
288 2760 396 2797 tmu
418 2742 580 2812 julics
603 2744 682 2798 ire
704 2744 758 2797 in
789 2744 1066 2815 abyssum,
1090 2744 1235 2816 quod
1270 2745 1452 2800 statim
1482 2742 1802 2799 interﬁciam

219 2847 344 2887 eum
367 2848 531 2903 quem
560 2834 691 2889 mihi
721 2834 934 2890 dederis
962 2835 1015 2890 in
1043 2842 1386 2905 potestatem.
1412 2833 1558 2893 Dixit
1584 2835 1631 2889 ei
1661 2832 1801 2890 Nar-

217 2924 393 2979 cissus
420 2940 436 2979 :
468 2924 617 2980 Vade
658 2926 815 2998 juxta
851 2926 1054 2983 fontem
1095 2926 1308 2997 Alpium
1339 2925 1625 2992 .luliarum,
1664 2926 1807 2981 unde

217 3031 382 3070 nemo
410 3023 588 3085 potest
610 3032 808 3087 aquam
858 3017 1074 3080 bibere,
1131 3031 1236 3070 non
1267 3018 1449 3082 homo,
1484 3033 1591 3071 non
1619 3032 1803 3089 pecus,

222 3121 330 3159 non
363 3105 477 3161 fera
521 3106 721 3177 aliqua,
750 3106 876 3176 quia
904 3108 1069 3163 draco
1112 3107 1183 3162 ibi
1216 3107 1445 3173 habitat,
1492 3116 1547 3162 et
1585 3106 1655 3162 de
1680 3106 1806 3161 ﬂatu

1892 1926 2200 1993 clementia,
2239 1924 2429 1980 beatus
2450 1921 2736 1978 Narcissus
2783 1920 2972 1975 doctor
3003 1915 3162 1973 nobis
3199 1914 3473 1991 apostolus

1891 2024 1977 2071 est
2028 2014 2287 2070 directus.
2350 2012 2553 2084 Itaque,
2589 2007 2948 2073 dilectissimi,
3004 2006 3306 2060 imitatores
3333 2003 3477 2058 illius

1893 2115 2071 2162 estote
2130 2104 2425 2160 secundum
2479 2101 2753 2173 egregiam
2807 2097 3245 2170 praedicationem
3304 2091 3479 2156 Pauli,

1894 2199 2038 2255 sicut
2093 2206 2150 2253 et
2205 2196 2296 2251 ille
2329 2194 2541 2251 exstitit
2579 2192 2808 2249 Christi.
2850 2190 2906 2246 Si
2945 2189 3068 2259 quis
3107 2199 3287 2242 autem
3312 2184 3480 2255 parti:

1896 2292 2071 2347 culam
2095 2289 2340 2361 justitiar,
2376 2288 2484 2343 Deo
2510 2285 2861 2349 concedente,
2893 2284 2949 2339 in
2972 2280 3135 2337 corde
3161 2294 3259 2335 suo
3289 2291 3480 2333 sense-

1897 2382 1991 2447 rit,
2049 2379 2115 2434 ad
2162 2377 2605 2451 prmdicationem
2646 2373 2848 2455 egregii
2892 2370 3150 2445 martyris
3183 2368 3478 2439 confugiat,

1898 2488 1967 2527 ne
1997 2469 2142 2541 quod
2173 2470 2227 2524 in
2282 2483 2340 2524 se
2368 2474 2576 2533 rectum
2611 2465 2822 2529 videtur
2870 2471 3036 2531 stare,
3068 2460 3335 2515 ullatenus
3357 2472 3480 2512 θοι-μ

1903 2572 2041 2617 ruat.
2075 2561 2131 2616 Si
2154 2559 2278 2630 quis
2308 2572 2460 2629 vero.
2493 2554 2638 2627 quod
2674 2554 2839 2616 absit,
2867 2551 3190 2617 enortuitate
3216 2548 3480 2616 scelerum

1903 2667 2119 2726 pressus
2145 2652 2213 2707 ad
2240 2649 2450 2707 foveam
2477 2648 2650 2706 tendit
2671 2644 3086 2717 desperationis,
3107 2641 3485 2720 paniteutiam

1902 2730 2050 2801 Mne
2092 2742 2473 2813 sociarumque
2509 2741 2653 2801 illius
2691 2738 2953 2794 imitando
3001 2736 3277 2800 intueatur
3303 2748 3487 2815 mere-

1904 2836 2079 2901 tricis,
2109 2849 2229 2904 qute
2272 2847 2370 2905 per
2394 2828 2704 2893 Narcissum
2730 2826 2954 2897 edoctae,
2986 2833 3041 2883 et
3079 2838 3178 2895 per
3211 2823 3487 2889 Christum

1906 2929 2148 2993 salvaue,
2174 2923 2429 2989 fructum,
2453 2921 2671 2989 Christo
2694 2917 3247 2989 douante,’percipere
3276 2930 3491 2972 merue-

1906 3029 2034 3077 runt
2065 3018 2306 3089 justitize.
2345 3016 2486 3088 Ipse,
2536 3014 2629 3091 qui
2655 3028 2806 3069 more
2844 3012 3021 3075 Elisazi
3072 3008 3486 3085 amaritudinem

1912 3127 2064 3182 aquae
2092 3109 2298 3165 orando
2336 3106 2500 3164 vertit
2525 3106 2577 3161 in
2609 3104 2975 3174 dulcedinem,
3004 3100 3206 3171 poterit
3238 3108 3488 3169 peccato,

222 3196 359 3264 ejus,
394 3211 585 3251 omnes
613 3172 711 3267 qui
740 3172 807 3252 ad
834 3197 1032 3253 fontem
1063 3198 1424 3264 accesserint,
1479 3198 1806 3253 moriuntur.
1835 3172 1881 3234 (ἶ
1913 3172 2030 3256 nim
2060 3208 2366 3255 nostrorum
2414 3196 2620 3261 orando
2654 3195 2853 3259 pellere
2877 3172 3312 3254 amaritudinem,
3341 3199 3397 3247 et
3426 3188 3495 3253 dc

226 3285 384 3341 liene
425 3286 741 3352 draconem,
768 3287 928 3351 vade,
951 3288 1215 3350 interfice,
1259 3298 1311 3344 et
1348 3288 1582 3343 animam
1610 3286 1727 3356 ejus
1753 3288 1809 3342 in

229 3385 375 3430 tuam
402 3376 586 3447 redige
608 3384 951 3447 potestatem.
972 3376 1125 3432 Tunc
1143 3378 1468 3433 exclamavit
1497 3378 1705 3441 daemon
1730 3378 1813 3433 di-

227 3484 406 3523 cens:
443 3466 489 3523 0
520 3469 833 3538 episcopum
856 3469 1202 3535 mentiosum,
1246 3470 1466 3539 insuper
1513 3469 1679 3524 etiam
1726 3484 1814 3524 me

228 3560 491 3632 obligavit
534 3560 847 3631 iuramento
890 3569 949 3615 ut
995 3563 1231 3616 amicum
1303 3575 1481 3616 meum
1528 3559 1810 3627 occidam,

230 3665 392 3718 quem
415 3651 462 3706 si
496 3666 602 3705 non
632 3652 903 3714 occidero,
955 3651 1248 3721 compellar
1289 3651 1369 3705 ire
1426 3650 1483 3704 in
1529 3648 1809 3720 abyssum.

233 3742 372 3797 'I‘um
407 3744 618 3799 daemon
664 3744 929 3799 abscessit
961 3751 1016 3799 et
1039 3746 1240 3799 occidit
1260 3746 1570 3809 draconem,
1601 3755 1657 3799 et
1678 3744 1814 3799 Iibe-

233 3847 386 3893 ratus
411 3845 500 3893 est
525 3836 644 3894 fons
671 3838 740 3892 ad
787 3852 943 3894 usum
972 3836 1253 3892 hominum
1289 3852 1459 3907 usque
1502 3837 1556 3893 in
1600 3836 1817 3892 hodier-

234 3943 365 3983 num
390 3929 556 3984 diem.

304 4017 410 4074 Per
438 4018 556 4074 dies
598 4028 783 4074 autem
823 4016 1085 4090 plurimos
1111 4018 1297 4075 docuit
1327 4033 1421 4074 eas
1449 4018 1668 4073 verbum
1709 4019 1816 4073 Do-

235 4111 392 4178 mini,
437 4120 491 4167 et
534 4111 809 4183 baptizata
834 4119 918 4168 est
947 4111 1152 4167 Hilaria
1198 4121 1253 4167 et
1283 4112 1391 4167 lilia
1426 4127 1522 4167 sua
1546 4111 1674 4165 Afra
1698 4124 1822 4165 cum

239 4200 432 4271 puellis
460 4202 592 4264 suis,
627 4211 682 4257 et
700 4217 825 4257 cum
846 4202 1094 4257 omnibus
1116 4202 1299 4257 charis
1330 4202 1460 4263 suis,
1494 4210 1548 4255 et
1576 4200 1706 4255 fecit
1727 4200 1825 4254 do-

240 4308 386 4346 mum
433 4290 653 4348 Hilarim
692 4291 1377 4358 ecclesiam,etordinavit
1400 4291 1481 4345 eis
1511 4292 1823 4365 episcopum

239 4383 525 4440 mximum
551 4383 875 4439 avunculum
893 4382 1058 4440 Afrzr.
1076 4382 1197 4455 Ipse
1224 4391 1404 4438 autem
1427 4381 1486 4438 S.
1510 4374 1822 4445 Narcissus,

242 4475 499 4544 perfectis
523 4477 715 4532 ordine
736 4476 917 4539 rebus,
941 4484 1062 4546 post
1081 4490 1298 4531 menses
1322 4489 1516 4531 novem
1544 4473 1610 4527 ad
1633 4471 1795 4542 Hispa
1810 4501 1824 4511 -

1912 3291 2112 3348 Christi
2162 3290 2333 3363 gratia
2378 3288 2597 3358 pietatis
2659 3293 2851 3357 parare
2912 3283 3308 3349 remissionem.
3348 3280 3498 3343 Inter

1912 3380 2052 3446 haec,
2107 3377 2444 3435 dilectissimi
2502 3375 2725 3443 fratres,
2770 3375 2824 3429 in
2864 3371 3170 3442 hnjusmodi
3198 3367 3498 3435 venerabili

1914 3471 2062 3525 cultu
2111 3471 2404 3535 funestam,
2446 3467 2768 3538 sacrilegam
2824 3475 2985 3536 atque
3027 3477 3342 3535 perversam
3391 3460 3500 3516 lie-

1912 3561 2182 3618 braeorum
2222 3561 2481 3633 corripite
2525 3558 2763 3633 plebem,
2812 3566 2874 3612 ut
2906 3559 2980 3614 ita
3025 3557 3201 3633 discat
3233 3553 3499 3610 solemnia

1917 3653 2176 3727 martyris
2228 3650 2477 3709 venerari
2527 3664 2688 3721 quem
2739 3663 3025 3719 nunquam
3066 3646 3257 3709 volens
3308 3641 3502 3699 didicit

1918 3758 2103 3800 amare
2144 3742 2231 3799 vel
2283 3742 2523 3798 credere.
2558 3739 2686 3806 Sed,
2716 3755 2750 3805 o
2770 3738 2868 3793 llos
2892 3735 3161 3808 paradisi,
3191 3731 3501 3799 beatissime

1918 3836 2189 3901 Narcisse,
2206 3835 2604 3907 qualescunque
2627 3842 2848 3900 nostras
2866 3841 2921 3887 et
2958 3830 3186 3886 nimium
3208 3825 3379 3895 exiles
3407 3839 3501 3880 no-

1920 3941 2155 3986 strorum
2186 3930 2398 3999 suscipe
2421 3927 2625 3991 laudes,
2653 3934 2710 3981 et
2741 3926 2833 3996 qui
2874 3925 2927 3979 in
2963 3931 3256 3992 conspectu
3279 3915 3504 3973 Domini

1922 4026 1988 4081 de
2018 4035 2105 4079 tua
2129 4038 2343 4092 semper
2364 4036 2550 4077 manes
2574 4019 2830 4075 felicitate
2851 4030 3099 4079 securus,
3121 4021 3242 4068 esto
3263 4010 3505 4065 clemen-

1923 4126 2008 4172 ter
2041 4116 2109 4171 de
2134 4122 2445 4170 nostrarum
2475 4110 2716 4182 pondere
2746 4106 3090 4165 miseriarum
3129 4101 3419 4167 sollicitus,
3450 4105 3508 4152 et

1923 4209 2015 4279 qni
2070 4208 2124 4262 in
2164 4204 2418 4277 praesenti
2442 4203 2509 4258 de
2538 4213 2626 4258 tua
2651 4214 2840 4257 sumus
2886 4196 3202 4254 celebritate
3231 4192 3504 4254 laetantes,

1928 4309 2141 4355 tuorum
2163 4301 2217 4355 in
2255 4307 2518 4367 internum
2571 4309 2882 4351 mereamur
2904 4291 3223 4367 meritorum
3250 4285 3366 4342 fore
3385 4299 3511 4356 par—

1927 4393 2142 4464 ticipes,
2170 4392 2265 4447 illo
2286 4391 2637 4451 concedente,
2670 4386 2763 4459 qui
2787 4394 2839 4441 te
2873 4384 2941 4439 ad
2964 4380 3178 4438 laudem
3205 4387 3259 4459 et
3282 4376 3510 4450 gloriam

1929 4481 2166 4538 nominis
2191 4481 2272 4536 sui
2300 4478 2621 4535 mirabiliter
2641 4474 2939 4537 coronavit,
2965 4479 3344 4545 perpetuaeque
3363 4466 3510 4523 salu-

243 4541 386 4623 itiam
411 4568 687 4639 profectus
725 4577 814 4624 est
866 4541 1245 4625 adicivitatem
1274 4567 1604 4633 Gerundam,
1635 4567 1688 4621 in
1719 4541 1810 4636 qua

1937 4576 2005 4632 tis
2031 4582 2087 4630 et
2111 4572 2379 4629 commodi
2432 4570 2717 4642 praesentis
2752 4567 3116 4623 consultorem
3148 4558 3514 4640 misericordi.

246 4657 471 4713 multum
501 4660 755 4730 populum
786 4674 884 4729 per
911 4650 1020 4715 tres
1053 4675 1224 4715 annos
1260 4658 1488 4715 Domino
1513 4659 1823 4730 acquisivit,

246 4757 303 4801 et
331 4749 406 4806 ita
463 4752 691 4806 demum
727 4752 795 4805 ad
840 4751 1085 4823 martyrii
1140 4751 1374 4822 palmam
1456 4766 1577 4806 cum
1636 4759 1829 4804 saneto

249 4841 481 4899 diacono
532 4860 628 4900 suo
685 4843 872 4901 Felice
918 4845 1159 4912 attinxit,
1208 4842 1363 4913 cujus
1407 4844 1678 4914 passionis
1717 4844 1830 4913 glo-

249 4934 387 4988 riam
433 4936 487 4991 in
537 4940 891 5009 sequentibus
931 4940 1195 4995 dicemus.
1250 4937 1446 4993 Beatus
1483 4939 1649 5012 igitur
1689 4953 1830 4992 mar-

253 5034 340 5096 tyr
360 5027 565 5084 Domini
589 5029 879 5086 Narcissus
908 5030 1251 5087 tliviniverbi
1297 5030 1622 5099 praedicator
1680 5044 1834 5099 egre-

893 5124 1154 5154 Αἶηηξιηση

255 5119 377 5154 αἴσια
447 5131 494 5154 Δ.
553 5126 841 5154 ΑιιηΑ-υιιὶίῗζ

1202 5123 1527 5154 ’ΔονιῘΛηᾹηέι
1606 5132 1655 5154 Α.
1708 5139 1827 5154 noenu

1939 4676 2021 4722 ter
2080 4663 2407 4720 condonavit
2461 4661 2618 4717 Iesus
2664 4660 2913 4724 Christus
2941 4666 2995 4713 et
3018 4653 3280 4712 Dominus
3309 4658 3514 4711 noster,

1932 4760 2017 4815 cui
2048 4765 2131 4813 est
2165 4773 2286 4813 cum
2315 4754 2473 4811 Patre
2496 4763 2550 4807 et
2578 4751 2784 4823 Spiritu
2806 4758 2995 4805 sancto
3015 4744 3193 4803 omnis
3223 4742 3364 4803 laus,
3394 4754 3518 4818 gra-

1934 4852 2132 4906 tiarum
2155 4847 2317 4910 actio,
2347 4853 2605 4916 potestas,
2638 4842 2828 4904 virtus,
2857 4848 2910 4894 et
2931 4830 3302 4895 benedictioin
3319 4827 3517 4883 smeula

1933 4940 2278 5000 szeculorum.
2311 4938 2503 4992 Amen.
2557 4935 2754 4990 Passus
2800 4932 2903 4986 fuit
2932 4932 3120 4986 beatus
3147 4919 3437 4976 Narcissus
3460 4917 3515 4973 in

1934 5032 2170 5091 ecclesia
2201 5030 2259 5086 S.
2299 5026 2498 5084 Felicis
2520 5021 2915 5086 Gerundensis,
2946 5029 3064 5088 quae
3096 5020 3226 5065 tunc
3260 5004 3526 5075 temporis

1940 5123 1975 5154 ρ
2043 5121 2223 5154 una.“
2251 5128 2401 5154 Mn...
2446 5130 2630 5154 mum
2668 5110 2984 5154 vnnalmtttt'.
3016 5115 3136 5154 cum
3173 5094 3408 5150 diacono
3429 5108 3528 5149 suo
