  <div class='ocr_page' id='page_1' title='image "/cluster/home/n/w/nwhite01/storage/ocr_20150623/142/hvd.32044015471808/305.png"; bbox 0 0 3992 5338; ppageno 0'>
   <div class='ocr_carea' id='block_1_1' title="bbox 573 575 3768 607">
    <p class='ocr_par' dir='ltr' id='par_1_1' title="bbox 573 575 3768 607">
     <span class='ocr_line' id='line_1_1' title="bbox 573 575 3768 607; baseline -0 -3"><span class='ocrx_word' id='word_1_1' title='bbox 573 575 3768 607; x_wconf 57' lang='lat' dir='ltr'><strong>mm</strong></span> 
     </span>
    </p>
   </div>
   <div class='ocr_carea' id='block_1_2' title="bbox 2027 1222 2385 1241">
    <p class='ocr_par' dir='ltr' id='par_1_2' title="bbox 2027 1222 2385 1241">
     <span class='ocr_line' id='line_1_2' title="bbox 2027 1222 2385 1241; baseline 0 -5"><span class='ocrx_word' id='word_1_2' title='bbox 2027 1222 2385 1241; x_wconf 45' lang='grc' dir='ltr'>ῃ</span> 
     </span>
    </p>
   </div>
   <div class='ocr_carea' id='block_1_3' title="bbox 564 357 3799 436">
    <p class='ocr_par' dir='ltr' id='par_1_3' title="bbox 564 357 3799 436">
     <span class='ocr_line' id='line_1_3' title="bbox 564 357 3799 436; baseline 0.004 -20"><span class='ocrx_word' id='word_1_3' title='bbox 564 357 670 416; x_wconf 79' lang='lat'><strong>599</strong></span> <span class='ocrx_word' id='word_1_4' title='bbox 1541 362 1772 420; x_wconf 73' lang='lat' dir='ltr'><strong>OLIVJE</strong></span> <span class='ocrx_word' id='word_1_5' title='bbox 1814 363 2126 421; x_wconf 71' lang='lat' dir='ltr'><strong>VICENSIS</strong></span> <span class='ocrx_word' id='word_1_6' title='bbox 2162 364 2467 436; x_wconf 80' lang='lat' dir='ltr'><strong>EPISCOPI</strong></span> <span class='ocrx_word' id='word_1_7' title='bbox 2498 367 2806 424; x_wconf 77' lang='lat' dir='ltr'><strong>SCRIPTA.</strong></span> <span class='ocrx_word' id='word_1_8' title='bbox 3395 412 3400 416; x_wconf 61' lang='grc' dir='ltr'><strong>ι</strong></span> <span class='ocrx_word' id='word_1_9' title='bbox 3695 367 3799 432; x_wconf 68' lang='grc'><strong>030</strong></span> 
     </span>
    </p>
   </div>
   <div class='ocr_carea' id='block_1_4' title="bbox 2081 760 2278 873">
    <p class='ocr_par' dir='ltr' id='par_1_4' title="bbox 2081 760 2278 873">
     <span class='ocr_line' id='line_1_4' title="bbox 2081 760 2278 873; baseline -0.015 -1"><span class='ocrx_word' id='word_1_10' title='bbox 2081 760 2278 873; x_wconf 92' lang='grc' dir='ltr'>ΙΙΙ.</span> 
     </span>
    </p>
   </div>
   <div class='ocr_carea' id='block_1_5' title="bbox 1032 1359 3803 1442">
    <p class='ocr_par' dir='ltr' id='par_1_5' title="bbox 1032 1359 3803 1442">
     <span class='ocr_line' id='line_1_5' title="bbox 1032 1359 3803 1442; baseline 0.002 -26"><span class='ocrx_word' id='word_1_11' title='bbox 1032 1359 1365 1419; x_wconf 79' lang='lat' dir='ltr'><strong>EPISTOLA</strong></span> <span class='ocrx_word' id='word_1_12' title='bbox 1405 1361 1637 1419; x_wconf 81' lang='lat' dir='ltr'><strong>PRIMA.</strong></span> <span class='ocrx_word' id='word_1_13' title='bbox 2151 1372 2204 1434; x_wconf 70' lang='grc' dir='ltr'><strong>Α</strong></span> <span class='ocrx_word' id='word_1_14' title='bbox 2235 1409 2251 1423; x_wconf 95' lang='grc'><strong>.</strong></span> <span class='ocrx_word' id='word_1_15' title='bbox 2281 1407 2296 1424; x_wconf 95' lang='grc'><strong>.</strong></span> <span class='ocrx_word' id='word_1_16' title='bbox 2325 1407 2343 1424; x_wconf 91' lang='grc'><strong>.</strong></span> <span class='ocrx_word' id='word_1_17' title='bbox 2375 1408 2390 1424; x_wconf 93' lang='grc'><strong>.</strong></span> <span class='ocrx_word' id='word_1_18' title='bbox 2423 1408 2439 1424; x_wconf 94' lang='grc'><strong>.</strong></span> <span class='ocrx_word' id='word_1_19' title='bbox 2472 1408 2488 1424; x_wconf 94' lang='grc'><strong>.</strong></span> <span class='ocrx_word' id='word_1_20' title='bbox 2519 1408 2536 1424; x_wconf 90' lang='grc'><strong>.</strong></span> <span class='ocrx_word' id='word_1_21' title='bbox 2565 1407 2581 1424; x_wconf 94' lang='grc'><strong>.</strong></span> <span class='ocrx_word' id='word_1_22' title='bbox 2624 1409 2638 1423; x_wconf 92' lang='grc'><strong>.</strong></span> <span class='ocrx_word' id='word_1_23' title='bbox 2688 1367 2901 1442; x_wconf 82' lang='lat' dir='ltr'><strong>negotia</strong></span> <span class='ocrx_word' id='word_1_24' title='bbox 2938 1367 3151 1438; x_wconf 90' lang='lat' dir='ltr'><strong>judices</strong></span> <span class='ocrx_word' id='word_1_25' title='bbox 3195 1367 3513 1432; x_wconf 83' lang='lat' dir='ltr'><strong>statuimus,</strong></span> <span class='ocrx_word' id='word_1_26' title='bbox 3557 1378 3803 1436; x_wconf 77' lang='lat' dir='ltr'><strong>pactum-</strong></span> 
     </span>
    </p>
   </div>
   <div class='ocr_carea' id='block_1_6' title="bbox 591 1458 2126 1530">
    <p class='ocr_par' dir='ltr' id='par_1_6' title="bbox 591 1461 2052 1518">
     <span class='ocr_line' id='line_1_6' title="bbox 591 1461 2052 1518; baseline 0.005 -13"><span class='ocrx_word' id='word_1_27' title='bbox 591 1461 900 1518; x_wconf 52' lang='grc' dir='ltr'><strong>,ωυοειικι</strong></span> <span class='ocrx_word' id='word_1_28' title='bbox 932 1465 1292 1508; x_wconf 68' lang='grc' dir='ltr'><strong>Βιτυειιεεκςιε</strong></span> <span class='ocrx_word' id='word_1_29' title='bbox 1319 1469 1715 1510; x_wconf 76' lang='lat' dir='ltr'><strong>ARCUIEPISCOPI</strong></span> <span class='ocrx_word' id='word_1_30' title='bbox 1739 1469 1806 1510; x_wconf 73' lang='lat' dir='ltr'><strong>AD</strong></span> <span class='ocrx_word' id='word_1_31' title='bbox 1836 1469 2052 1512; x_wconf 75' lang='lat' dir='ltr'><strong>OLIVAI.</strong></span> 
     </span>
    </p>
   </div>
   <div class='ocr_carea' id='block_1_7' title="bbox 2231 1458 3796 1530">
    <p class='ocr_par' dir='ltr' id='par_1_7' title="bbox 2231 1458 3796 1530">
     <span class='ocr_line' id='line_1_7' title="bbox 2231 1458 3796 1530; baseline 0 -19"><span class='ocrx_word' id='word_1_32' title='bbox 2231 1475 2336 1530; x_wconf 90' lang='lat' dir='ltr'><strong>que</strong></span> <span class='ocrx_word' id='word_1_33' title='bbox 2376 1460 2526 1530; x_wconf 83' lang='lat' dir='ltr'><strong>pacis</strong></span> <span class='ocrx_word' id='word_1_34' title='bbox 2553 1459 2717 1515; x_wconf 90' lang='lat' dir='ltr'><strong>dicto.</strong></span> <span class='ocrx_word' id='word_1_35' title='bbox 2753 1499 2768 1514; x_wconf 95' lang='lat'><strong>.</strong></span> <span class='ocrx_word' id='word_1_36' title='bbox 2805 1499 2820 1514; x_wconf 93' lang='lat'><strong>.</strong></span> <span class='ocrx_word' id='word_1_37' title='bbox 2852 1499 2865 1514; x_wconf 93' lang='lat'><strong>.</strong></span> <span class='ocrx_word' id='word_1_38' title='bbox 2894 1497 2909 1512; x_wconf 95' lang='lat'><strong>.</strong></span> <span class='ocrx_word' id='word_1_39' title='bbox 2941 1497 2956 1512; x_wconf 93' lang='lat'><strong>.</strong></span> <span class='ocrx_word' id='word_1_40' title='bbox 2991 1497 3005 1511; x_wconf 91' lang='lat'><strong>.</strong></span> <span class='ocrx_word' id='word_1_41' title='bbox 3041 1497 3056 1512; x_wconf 97' lang='lat'><strong>.</strong></span> <span class='ocrx_word' id='word_1_42' title='bbox 3085 1501 3098 1513; x_wconf 92' lang='lat'><strong>.</strong></span> <span class='ocrx_word' id='word_1_43' title='bbox 3131 1458 3305 1528; x_wconf 87' lang='lat' dir='ltr'><strong>parati</strong></span> <span class='ocrx_word' id='word_1_44' title='bbox 3355 1459 3422 1513; x_wconf 85' lang='lat' dir='ltr'><strong>ad</strong></span> <span class='ocrx_word' id='word_1_45' title='bbox 3480 1458 3796 1524; x_wconf 78' lang='lat' dir='ltr'><strong>ﬁniendum,</strong></span> 
     </span>
    </p>
   </div>
   <div class='ocr_carea' id='block_1_8' title="bbox 1145 1543 1544 1615">
    <p class='ocr_par' dir='ltr' id='par_1_8' title="bbox 1145 1543 1544 1615">
     <span class='ocr_line' id='line_1_8' title="bbox 1145 1543 1544 1615; baseline 0.013 -21"><span class='ocrx_word' id='word_1_46' title='bbox 1145 1543 1317 1612; x_wconf 76' lang='lat' dir='ltr'><strong>(Arma</strong></span> <span class='ocrx_word' id='word_1_47' title='bbox 1361 1543 1544 1615; x_wconf 73' lang='grc'><strong>1020.)</strong></span> 
     </span>
    </p>
   </div>
   <div class='ocr_carea' id='block_1_9' title="bbox 620 1632 2131 1710">
    <p class='ocr_par' dir='ltr' id='par_1_9' title="bbox 620 1632 2131 1710">
     <span class='ocr_line' id='line_1_9' title="bbox 620 1632 2131 1710; baseline 0.004 -21"><span class='ocrx_word' id='word_1_48' title='bbox 620 1632 1016 1705; x_wconf 87' lang='lat' dir='ltr'><strong>Omnipotentis</strong></span> <span class='ocrx_word' id='word_1_49' title='bbox 1062 1635 1153 1691; x_wconf 88' lang='lat' dir='ltr'><strong>Dei</strong></span> <span class='ocrx_word' id='word_1_50' title='bbox 1183 1636 1468 1692; x_wconf 82' lang='lat' dir='ltr'><strong>clementia</strong></span> <span class='ocrx_word' id='word_1_51' title='bbox 1505 1636 1570 1693; x_wconf 88' lang='lat' dir='ltr'><strong>G.</strong></span> <span class='ocrx_word' id='word_1_52' title='bbox 1602 1637 2044 1710; x_wconf 81' lang='lat' dir='ltr'><strong>archiepiscopus</strong></span> <span class='ocrx_word' id='word_1_53' title='bbox 2075 1648 2131 1695; x_wconf 89' lang='lat' dir='ltr'><strong>et</strong></span> 
     </span>
    </p>
   </div>
   <div class='ocr_carea' id='block_1_10' title="bbox 550 1723 2125 1797">
    <p class='ocr_par' dir='ltr' id='par_1_10' title="bbox 550 1723 2125 1797">
     <span class='ocr_line' id='line_1_10' title="bbox 550 1723 2125 1797; baseline 0.006 -20"><span class='ocrx_word' id='word_1_54' title='bbox 550 1723 721 1779; x_wconf 84' lang='lat' dir='ltr'><strong>abbas</strong></span> <span class='ocrx_word' id='word_1_55' title='bbox 748 1725 992 1794; x_wconf 88' lang='lat' dir='ltr'><strong>ejusdem</strong></span> <span class='ocrx_word' id='word_1_56' title='bbox 1026 1726 1244 1781; x_wconf 86' lang='lat' dir='ltr'><strong>honoris</strong></span> <span class='ocrx_word' id='word_1_57' title='bbox 1287 1727 1460 1797; x_wconf 82' lang='lat' dir='ltr'><strong>gratia</strong></span> <span class='ocrx_word' id='word_1_58' title='bbox 1501 1728 1792 1784; x_wconf 88' lang='lat' dir='ltr'><strong>sublimato</strong></span> <span class='ocrx_word' id='word_1_59' title='bbox 1839 1731 2036 1786; x_wconf 90' lang='lat' dir='ltr'><strong>domno</strong></span> <span class='ocrx_word' id='word_1_60' title='bbox 2062 1730 2125 1786; x_wconf 92' lang='grc' dir='ltr'><strong>Ο.</strong></span> 
     </span>
    </p>
   </div>
   <div class='ocr_carea' id='block_1_11' title="bbox 547 1813 1306 1884">
    <p class='ocr_par' dir='ltr' id='par_1_11' title="bbox 547 1813 1306 1884">
     <span class='ocr_line' id='line_1_11' title="bbox 547 1813 1306 1884; baseline 0.005 -18"><span class='ocrx_word' id='word_1_61' title='bbox 547 1813 839 1884; x_wconf 89' lang='lat' dir='ltr'><strong>plurimum</strong></span> <span class='ocrx_word' id='word_1_62' title='bbox 871 1815 1060 1871; x_wconf 89' lang='lat' dir='ltr'><strong>salutis</strong></span> <span class='ocrx_word' id='word_1_63' title='bbox 1092 1833 1306 1872; x_wconf 87' lang='lat' dir='ltr'><strong>munus.</strong></span> 
     </span>
    </p>
   </div>
   <div class='ocr_carea' id='block_1_12' title="bbox 619 1907 2128 1983">
    <p class='ocr_par' dir='ltr' id='par_1_12' title="bbox 619 1907 2128 1983">
     <span class='ocr_line' id='line_1_12' title="bbox 619 1907 2128 1983; baseline 0.003 -21"><span class='ocrx_word' id='word_1_64' title='bbox 619 1907 826 1962; x_wconf 65' lang='lat' dir='ltr'><strong>Vestra:</strong></span> <span class='ocrx_word' id='word_1_65' title='bbox 857 1911 1184 1978; x_wconf 68' lang='lat' dir='ltr'><strong>praeconium</strong></span> <span class='ocrx_word' id='word_1_66' title='bbox 1224 1912 1553 1978; x_wconf 86' lang='lat' dir='ltr'><strong>sanctitatis,</strong></span> <span class='ocrx_word' id='word_1_67' title='bbox 1576 1911 1944 1983; x_wconf 39' lang='lat' dir='ltr'><strong>etcaRcquua</strong></span> <span class='ocrx_word' id='word_1_68' title='bbox 1972 1914 2128 1967; x_wconf 72' lang='lat' dir='ltr'><strong>habes</strong></span> 
     </span>
    </p>
   </div>
   <div class='ocr_carea' id='block_1_13' title="bbox 545 1999 2056 2072">
    <p class='ocr_par' dir='ltr' id='par_1_13' title="bbox 545 1999 2056 2072">
     <span class='ocr_line' id='line_1_13' title="bbox 545 1999 2056 2072; baseline 0.003 -18"><span class='ocrx_word' id='word_1_69' title='bbox 545 2011 686 2056; x_wconf 85' lang='lat' dir='ltr'><strong>tomo</strong></span> <span class='ocrx_word' id='word_1_70' title='bbox 712 1999 1033 2072; x_wconf 76' lang='lat' dir='ltr'><strong>Patrologiw</strong></span> <span class='ocrx_word' id='word_1_71' title='bbox 1057 2001 1218 2068; x_wconf 80' lang='lat' dir='ltr'><strong>CXL,</strong></span> <span class='ocrx_word' id='word_1_72' title='bbox 1243 2005 1297 2059; x_wconf 81' lang='lat' dir='ltr'><strong>in</strong></span> <span class='ocrx_word' id='word_1_73' title='bbox 1310 2003 1644 2072; x_wconf 65' lang='lat' dir='ltr'><strong>Gaucsua&#39;o,</strong></span> <span class='ocrx_word' id='word_1_74' title='bbox 1667 2006 1736 2060; x_wconf 82' lang='lat' dir='ltr'><strong>ad</strong></span> <span class='ocrx_word' id='word_1_75' title='bbox 1754 2023 1878 2060; x_wconf 79' lang='lat' dir='ltr'><strong>ann.</strong></span> <span class='ocrx_word' id='word_1_76' title='bbox 1902 2005 2056 2061; x_wconf 71' lang='lat'><strong>1029.</strong></span> 
     </span>
    </p>
   </div>
   <div class='ocr_carea' id='block_1_14' title="bbox 1108 2112 1561 2194">
    <p class='ocr_par' dir='ltr' id='par_1_14' title="bbox 1108 2112 1561 2194">
     <span class='ocr_line' id='line_1_14' title="bbox 1108 2112 1561 2194; baseline 0.009 -4"><span class='ocrx_word' id='word_1_77' title='bbox 1108 2112 1444 2194; x_wconf 68' lang='lat' dir='ltr'><strong>Ertsrom</strong></span> <span class='ocrx_word' id='word_1_78' title='bbox 1493 2138 1561 2194; x_wconf 83' lang='grc' dir='ltr'><strong>ιι.</strong></span> 
     </span>
    </p>
   </div>
   <div class='ocr_carea' id='block_1_15' title="bbox 649 2239 2022 2290">
    <p class='ocr_par' dir='ltr' id='par_1_15' title="bbox 649 2239 2022 2290">
     <span class='ocr_line' id='line_1_15' title="bbox 649 2239 2022 2290; baseline 0.002 -7"><span class='ocrx_word' id='word_1_79' title='bbox 649 2239 824 2283; x_wconf 65' lang='grc' dir='ltr'><strong>οιινε</strong></span> <span class='ocrx_word' id='word_1_80' title='bbox 863 2243 932 2282; x_wconf 72' lang='lat' dir='ltr'><strong>AD</strong></span> <span class='ocrx_word' id='word_1_81' title='bbox 969 2243 1306 2285; x_wconf 67' lang='lat' dir='ltr'><strong>GAUCELINUI</strong></span> <span class='ocrx_word' id='word_1_82' title='bbox 1344 2247 1589 2286; x_wconf 72' lang='lat' dir='ltr'><strong>ABCHIEP.</strong></span> <span class='ocrx_word' id='word_1_83' title='bbox 1615 2246 2022 2290; x_wconf 72' lang='lat' dir='ltr'><strong>BITUMCENSEI.</strong></span> 
     </span>
    </p>
   </div>
   <div class='ocr_carea' id='block_1_16' title="bbox 583 2359 2134 2434">
    <p class='ocr_par' dir='ltr' id='par_1_16' title="bbox 583 2359 2134 2434">
     <span class='ocr_line' id='line_1_16' title="bbox 583 2359 2134 2434; baseline 0.005 -22"><span class='ocrx_word' id='word_1_84' title='bbox 583 2365 599 2412; x_wconf 74' lang='lat' dir='ltr'><strong>t</strong></span> <span class='ocrx_word' id='word_1_85' title='bbox 615 2359 924 2418; x_wconf 73' lang='lat' dir='ltr'><strong>GADCELINO</strong></span> <span class='ocrx_word' id='word_1_86' title='bbox 953 2371 1156 2418; x_wconf 74' lang='lat' dir='ltr'><strong>sancta:</strong></span> <span class='ocrx_word' id='word_1_87' title='bbox 1179 2363 1370 2434; x_wconf 72' lang='lat' dir='ltr'><strong>prima:</strong></span> <span class='ocrx_word' id='word_1_88' title='bbox 1396 2363 1539 2420; x_wconf 84' lang='lat' dir='ltr'><strong>sedis</strong></span> <span class='ocrx_word' id='word_1_89' title='bbox 1576 2361 1928 2420; x_wconf 87' lang='lat' dir='ltr'><strong>Bituriceusis</strong></span> <span class='ocrx_word' id='word_1_90' title='bbox 1954 2364 2134 2420; x_wconf 88' lang='lat' dir='ltr'><strong>archi-</strong></span> 
     </span>
    </p>
   </div>
   <div class='ocr_carea' id='block_1_17' title="bbox 529 2451 2132 2526">
    <p class='ocr_par' dir='ltr' id='par_1_17' title="bbox 529 2451 2132 2526">
     <span class='ocr_line' id='line_1_17' title="bbox 529 2451 2132 2526; baseline 0.002 -18"><span class='ocrx_word' id='word_1_91' title='bbox 529 2451 794 2522; x_wconf 83' lang='lat' dir='ltr'><strong>&#39;episopo</strong></span> <span class='ocrx_word' id='word_1_92' title='bbox 845 2455 1175 2518; x_wconf 83' lang='lat' dir='ltr'><strong>venerando,</strong></span> <span class='ocrx_word' id='word_1_93' title='bbox 1223 2455 1541 2526; x_wconf 86' lang='lat' dir='ltr'><strong>cunctisque</strong></span> <span class='ocrx_word' id='word_1_94' title='bbox 1588 2455 1730 2511; x_wconf 83' lang='lat' dir='ltr'><strong>beati</strong></span> <span class='ocrx_word' id='word_1_95' title='bbox 1760 2457 1930 2526; x_wconf 84' lang='lat' dir='ltr'><strong>patris</strong></span> <span class='ocrx_word' id='word_1_96' title='bbox 1969 2455 2132 2511; x_wconf 89' lang='lat' dir='ltr'><strong>Bene-</strong></span> 
     </span>
    </p>
   </div>
   <div class='ocr_carea' id='block_1_18' title="bbox 542 2543 2131 2619">
    <p class='ocr_par' dir='ltr' id='par_1_18' title="bbox 542 2543 2131 2619">
     <span class='ocr_line' id='line_1_18' title="bbox 542 2543 2131 2619; baseline 0.002 -20"><span class='ocrx_word' id='word_1_97' title='bbox 542 2543 672 2600; x_wconf 89' lang='lat' dir='ltr'><strong>dicti</strong></span> <span class='ocrx_word' id='word_1_98' title='bbox 710 2543 1072 2602; x_wconf 81' lang='lat' dir='ltr'><strong>Floriacensis</strong></span> <span class='ocrx_word' id='word_1_99' title='bbox 1107 2546 1356 2603; x_wconf 67' lang='lat' dir='ltr'><strong>coenobio</strong></span> <span class='ocrx_word' id='word_1_100' title='bbox 1388 2547 1720 2619; x_wconf 84' lang='lat' dir='ltr'><strong>degentibus.</strong></span> <span class='ocrx_word' id='word_1_101' title='bbox 1768 2548 1978 2619; x_wconf 90' lang='lat' dir='ltr'><strong>pusillis</strong></span> <span class='ocrx_word' id='word_1_102' title='bbox 2009 2562 2131 2603; x_wconf 90' lang='lat' dir='ltr'><strong>cum</strong></span> 
     </span>
    </p>
   </div>
   <div class='ocr_carea' id='block_1_19' title="bbox 542 2630 2129 2708">
    <p class='ocr_par' dir='ltr' id='par_1_19' title="bbox 542 2630 2129 2708">
     <span class='ocr_line' id='line_1_19' title="bbox 542 2630 2129 2708; baseline 0.003 -21"><span class='ocrx_word' id='word_1_103' title='bbox 542 2630 862 2702; x_wconf 87' lang='lat' dir='ltr'><strong>majoribus,</strong></span> <span class='ocrx_word' id='word_1_104' title='bbox 893 2633 956 2691; x_wconf 92' lang='lat'><strong>0.</strong></span> <span class='ocrx_word' id='word_1_105' title='bbox 997 2645 1201 2691; x_wconf 71' lang='lat' dir='ltr'><strong>sancta:</strong></span> <span class='ocrx_word' id='word_1_106' title='bbox 1247 2635 1580 2693; x_wconf 80' lang='lat' dir='ltr'><strong>Ausonensis</strong></span> <span class='ocrx_word' id='word_1_107' title='bbox 1626 2637 1880 2694; x_wconf 74' lang='lat' dir='ltr'><strong>Ecclesia:</strong></span> <span class='ocrx_word' id='word_1_108' title='bbox 1910 2637 2129 2708; x_wconf 64' lang='lat' dir='ltr'><strong>praesul,</strong></span> 
     </span>
    </p>
   </div>
   <div class='ocr_carea' id='block_1_20' title="bbox 2229 1547 3802 1621">
    <p class='ocr_par' dir='ltr' id='par_1_20' title="bbox 2229 1547 3802 1621">
     <span class='ocr_line' id='line_1_20' title="bbox 2229 1547 3802 1621; baseline -0.001 -18"><span class='ocrx_word' id='word_1_109' title='bbox 2229 1565 2459 1620; x_wconf 85' lang='lat' dir='ltr'><strong>cumque</strong></span> <span class='ocrx_word' id='word_1_110' title='bbox 2483 1551 2821 1620; x_wconf 58' lang='lat' dir='ltr'><strong>prastolatur</strong></span> <span class='ocrx_word' id='word_1_111' title='bbox 2842 1550 3002 1621; x_wconf 86' lang='lat' dir='ltr'><strong>hujus</strong></span> <span class='ocrx_word' id='word_1_112' title='bbox 3023 1564 3185 1604; x_wconf 91' lang='lat' dir='ltr'><strong>causa</strong></span> <span class='ocrx_word' id='word_1_113' title='bbox 3211 1549 3360 1613; x_wconf 78' lang='lat' dir='ltr'><strong>facti,</strong></span> <span class='ocrx_word' id='word_1_114' title='bbox 3390 1547 3665 1604; x_wconf 72' lang='lat' dir='ltr'><strong>comitisaa</strong></span> <span class='ocrx_word' id='word_1_115' title='bbox 3691 1549 3802 1602; x_wconf 74' lang='lat' dir='ltr'><strong>ltu—</strong></span> 
     </span>
    </p>
   </div>
   <div class='ocr_carea' id='block_1_21' title="bbox 2232 1639 3804 1696">
    <p class='ocr_par' dir='ltr' id='par_1_21' title="bbox 2232 1639 3804 1696">
     <span class='ocr_line' id='line_1_21' title="bbox 2232 1639 3804 1696; baseline -0.003 -2"><span class='ocrx_word' id='word_1_116' title='bbox 2232 1641 2470 1696; x_wconf 85' lang='lat' dir='ltr'><strong>tenensis</strong></span> <span class='ocrx_word' id='word_1_117' title='bbox 2493 1640 2701 1695; x_wconf 81' lang='lat' dir='ltr'><strong>venerit</strong></span> <span class='ocrx_word' id='word_1_118' title='bbox 2730 1641 2798 1695; x_wconf 91' lang='lat' dir='ltr'><strong>ad</strong></span> <span class='ocrx_word' id='word_1_119' title='bbox 2817 1639 3152 1695; x_wconf 90' lang='lat' dir='ltr'><strong>solvendum.</strong></span> <span class='ocrx_word' id='word_1_120' title='bbox 3183 1639 3609 1694; x_wconf 88' lang='lat' dir='ltr'><strong>Conventionem</strong></span> <span class='ocrx_word' id='word_1_121' title='bbox 3641 1639 3804 1692; x_wconf 87' lang='lat' dir='ltr'><strong>inter-</strong></span> 
     </span>
    </p>
   </div>
   <div class='ocr_carea' id='block_1_22' title="bbox 2229 1728 3804 1802">
    <p class='ocr_par' dir='ltr' id='par_1_22' title="bbox 2229 1728 3804 1802">
     <span class='ocr_line' id='line_1_22' title="bbox 2229 1728 3804 1802; baseline -0.003 -15"><span class='ocrx_word' id='word_1_122' title='bbox 2229 1746 2292 1787; x_wconf 90' lang='lat' dir='ltr'><strong>ea</strong></span> <span class='ocrx_word' id='word_1_123' title='bbox 2351 1731 2596 1802; x_wconf 87' lang='lat' dir='ltr'><strong>colligavi</strong></span> <span class='ocrx_word' id='word_1_124' title='bbox 2669 1731 2810 1786; x_wconf 92' lang='lat' dir='ltr'><strong>inter</strong></span> <span class='ocrx_word' id='word_1_125' title='bbox 2869 1729 3167 1785; x_wconf 84' lang='lat' dir='ltr'><strong>Wifredum</strong></span> <span class='ocrx_word' id='word_1_126' title='bbox 3247 1738 3303 1784; x_wconf 91' lang='lat' dir='ltr'><strong>et</strong></span> <span class='ocrx_word' id='word_1_127' title='bbox 3358 1728 3687 1783; x_wconf 83' lang='lat' dir='ltr'><strong>Willelmum</strong></span> <span class='ocrx_word' id='word_1_128' title='bbox 3742 1737 3804 1782; x_wconf 80' lang='lat' dir='ltr'><strong>et</strong></span> 
     </span>
    </p>
   </div>
   <div class='ocr_carea' id='block_1_23' title="bbox 2232 1818 3804 1891">
    <p class='ocr_par' dir='ltr' id='par_1_23' title="bbox 2232 1818 3804 1891">
     <span class='ocr_line' id='line_1_23' title="bbox 2232 1818 3804 1891; baseline -0.003 -15"><span class='ocrx_word' id='word_1_129' title='bbox 2232 1820 2472 1891; x_wconf 80' lang='lat' dir='ltr'><strong>ligonem</strong></span> <span class='ocrx_word' id='word_1_130' title='bbox 2501 1820 2745 1876; x_wconf 83' lang='lat' dir='ltr'><strong>comites.</strong></span> <span class='ocrx_word' id='word_1_131' title='bbox 2781 1819 2893 1875; x_wconf 80' lang='lat' dir='ltr'><strong>Hac</strong></span> <span class='ocrx_word' id='word_1_132' title='bbox 2933 1818 3267 1874; x_wconf 86' lang='lat' dir='ltr'><strong>hebdomada</strong></span> <span class='ocrx_word' id='word_1_133' title='bbox 3310 1818 3726 1889; x_wconf 85' lang='lat' dir='ltr'><strong>conjungentur,</strong></span> <span class='ocrx_word' id='word_1_134' title='bbox 3752 1819 3804 1871; x_wconf 89' lang='lat' dir='ltr'><strong>si</strong></span> 
     </span>
    </p>
   </div>
   <div class='ocr_carea' id='block_1_24' title="bbox 2228 1908 3804 1979">
    <p class='ocr_par' dir='ltr' id='par_1_24' title="bbox 2228 1908 3804 1979">
     <span class='ocr_line' id='line_1_24' title="bbox 2228 1908 3804 1979; baseline -0.002 -15"><span class='ocrx_word' id='word_1_135' title='bbox 2228 1912 2370 1966; x_wconf 84' lang='lat' dir='ltr'><strong>forte</strong></span> <span class='ocrx_word' id='word_1_136' title='bbox 2423 1913 2584 1966; x_wconf 89' lang='lat' dir='ltr'><strong>tantis</strong></span> <span class='ocrx_word' id='word_1_137' title='bbox 2628 1912 2784 1966; x_wconf 88' lang='lat' dir='ltr'><strong>malis</strong></span> <span class='ocrx_word' id='word_1_138' title='bbox 2829 1910 2989 1966; x_wconf 84' lang='lat' dir='ltr'><strong>linem</strong></span> <span class='ocrx_word' id='word_1_139' title='bbox 3037 1911 3312 1979; x_wconf 88' lang='lat' dir='ltr'><strong>imponere</strong></span> <span class='ocrx_word' id='word_1_140' title='bbox 3364 1909 3663 1965; x_wconf 78' lang='lat' dir='ltr'><strong>valeamus.</strong></span> <span class='ocrx_word' id='word_1_141' title='bbox 3713 1908 3804 1963; x_wconf 83' lang='lat' dir='ltr'><strong>llis</strong></span> 
     </span>
    </p>
   </div>
   <div class='ocr_carea' id='block_1_25' title="bbox 2228 2001 3805 2072">
    <p class='ocr_par' dir='ltr' id='par_1_25' title="bbox 2228 2001 3805 2072">
     <span class='ocr_line' id='line_1_25' title="bbox 2228 2001 3805 2072; baseline -0.003 -15"><span class='ocrx_word' id='word_1_142' title='bbox 2228 2018 2358 2072; x_wconf 83' lang='lat' dir='ltr'><strong>ergo</strong></span> <span class='ocrx_word' id='word_1_143' title='bbox 2386 2012 2440 2056; x_wconf 88' lang='lat' dir='ltr'><strong>et</strong></span> <span class='ocrx_word' id='word_1_144' title='bbox 2475 2003 2596 2056; x_wconf 91' lang='lat' dir='ltr'><strong>aliis</strong></span> <span class='ocrx_word' id='word_1_145' title='bbox 2638 2002 2997 2072; x_wconf 76' lang='lat' dir='ltr'><strong>przeoccupati</strong></span> <span class='ocrx_word' id='word_1_146' title='bbox 3028 2002 3278 2071; x_wconf 87' lang='lat' dir='ltr'><strong>negotiis.</strong></span> <span class='ocrx_word' id='word_1_147' title='bbox 3329 2001 3686 2072; x_wconf 82' lang='lat' dir='ltr'><strong>regressionis</strong></span> <span class='ocrx_word' id='word_1_148' title='bbox 3715 2015 3805 2053; x_wconf 89' lang='lat' dir='ltr'><strong>no-</strong></span> 
     </span>
    </p>
   </div>
   <div class='ocr_carea' id='block_1_26' title="bbox 2228 2091 3805 2161">
    <p class='ocr_par' dir='ltr' id='par_1_26' title="bbox 2228 2091 3805 2161">
     <span class='ocr_line' id='line_1_26' title="bbox 2228 2091 3805 2161; baseline -0.005 -13"><span class='ocrx_word' id='word_1_149' title='bbox 2228 2104 2356 2149; x_wconf 76' lang='lat' dir='ltr'><strong>stra:</strong></span> <span class='ocrx_word' id='word_1_150' title='bbox 2400 2095 2540 2148; x_wconf 90' lang='lat' dir='ltr'><strong>diem</strong></span> <span class='ocrx_word' id='word_1_151' title='bbox 2592 2093 2747 2148; x_wconf 84' lang='lat' dir='ltr'><strong>vobis</strong></span> <span class='ocrx_word' id='word_1_152' title='bbox 2799 2092 3057 2147; x_wconf 88' lang='lat' dir='ltr'><strong>mandare</strong></span> <span class='ocrx_word' id='word_1_153' title='bbox 3104 2091 3414 2161; x_wconf 83' lang='lat' dir='ltr'><strong>nequimus,</strong></span> <span class='ocrx_word' id='word_1_154' title='bbox 3463 2099 3715 2159; x_wconf 83' lang='lat' dir='ltr'><strong>rogantes</strong></span> <span class='ocrx_word' id='word_1_155' title='bbox 3749 2098 3805 2141; x_wconf 88' lang='lat' dir='ltr'><strong>ut</strong></span> 
     </span>
    </p>
   </div>
   <div class='ocr_carea' id='block_1_27' title="bbox 2229 2180 3805 2254">
    <p class='ocr_par' dir='ltr' id='par_1_27' title="bbox 2229 2180 3805 2254">
     <span class='ocr_line' id='line_1_27' title="bbox 2229 2180 3805 2254; baseline -0.004 -15"><span class='ocrx_word' id='word_1_156' title='bbox 2229 2185 2422 2240; x_wconf 89' lang='lat' dir='ltr'><strong>horum</strong></span> <span class='ocrx_word' id='word_1_157' title='bbox 2447 2199 2568 2254; x_wconf 71' lang='lat' dir='ltr'><strong>qute</strong></span> <span class='ocrx_word' id='word_1_158' title='bbox 2590 2184 2736 2239; x_wconf 86' lang='lat' dir='ltr'><strong>circa</strong></span> <span class='ocrx_word' id='word_1_159' title='bbox 2763 2198 2859 2238; x_wconf 91' lang='lat' dir='ltr'><strong>vos</strong></span> <span class='ocrx_word' id='word_1_160' title='bbox 2881 2189 3006 2237; x_wconf 92' lang='lat' dir='ltr'><strong>sunt</strong></span> <span class='ocrx_word' id='word_1_161' title='bbox 3035 2182 3231 2236; x_wconf 80' lang='lat' dir='ltr'><strong>vestris</strong></span> <span class='ocrx_word' id='word_1_162' title='bbox 3257 2182 3587 2250; x_wconf 85' lang='lat' dir='ltr'><strong>quantocius</strong></span> <span class='ocrx_word' id='word_1_163' title='bbox 3621 2180 3805 2234; x_wconf 73' lang='lat' dir='ltr'><strong>litteris</strong></span> 
     </span>
    </p>
   </div>
   <div class='ocr_carea' id='block_1_28' title="bbox 2229 2273 3804 2346">
    <p class='ocr_par' dir='ltr' id='par_1_28' title="bbox 2229 2273 3804 2346">
     <span class='ocr_line' id='line_1_28' title="bbox 2229 2273 3804 2346; baseline -0.006 -14"><span class='ocrx_word' id='word_1_164' title='bbox 2229 2276 2434 2332; x_wconf 87' lang='lat' dir='ltr'><strong>conscii</strong></span> <span class='ocrx_word' id='word_1_165' title='bbox 2463 2290 2559 2346; x_wconf 92' lang='lat' dir='ltr'><strong>per</strong></span> <span class='ocrx_word' id='word_1_166' title='bbox 2587 2275 2767 2328; x_wconf 90' lang='lat' dir='ltr'><strong>omnia</strong></span> <span class='ocrx_word' id='word_1_167' title='bbox 2822 2274 3010 2328; x_wconf 89' lang='lat' dir='ltr'><strong>simus.</strong></span> <span class='ocrx_word' id='word_1_168' title='bbox 3055 2273 3326 2328; x_wconf 71' lang='lat' dir='ltr'><strong>Prazterea</strong></span> <span class='ocrx_word' id='word_1_169' title='bbox 3371 2286 3579 2343; x_wconf 75' lang='lat' dir='ltr'><strong>cycnos</strong></span> <span class='ocrx_word' id='word_1_170' title='bbox 3618 2280 3673 2325; x_wconf 94' lang='lat' dir='ltr'><strong>et</strong></span> <span class='ocrx_word' id='word_1_171' title='bbox 3713 2284 3804 2341; x_wconf 78' lang='lat' dir='ltr'><strong>ga-</strong></span> 
     </span>
    </p>
   </div>
   <div class='ocr_carea' id='block_1_29' title="bbox 2228 2364 3804 2434">
    <p class='ocr_par' dir='ltr' id='par_1_29' title="bbox 2228 2364 3804 2434">
     <span class='ocr_line' id='line_1_29' title="bbox 2228 2364 3804 2434; baseline -0.001 -14"><span class='ocrx_word' id='word_1_172' title='bbox 2228 2369 2503 2430; x_wconf 83' lang='lat' dir='ltr'><strong>viancum,</strong></span> <span class='ocrx_word' id='word_1_173' title='bbox 2541 2365 2763 2421; x_wconf 90' lang='lat' dir='ltr'><strong>delicias</strong></span> <span class='ocrx_word' id='word_1_174' title='bbox 2791 2364 3018 2428; x_wconf 88' lang='lat' dir='ltr'><strong>domini,</strong></span> <span class='ocrx_word' id='word_1_175' title='bbox 3047 2379 3209 2434; x_wconf 88' lang='lat' dir='ltr'><strong>quam</strong></span> <span class='ocrx_word' id='word_1_176' title='bbox 3239 2365 3477 2420; x_wconf 80' lang='lat' dir='ltr'><strong>maxime</strong></span> <span class='ocrx_word' id='word_1_177' title='bbox 3508 2364 3804 2425; x_wconf 83' lang='lat' dir='ltr'><strong>custodite;</strong></span> 
     </span>
    </p>
   </div>
   <div class='ocr_carea' id='block_1_30' title="bbox 2230 2454 3807 2526">
    <p class='ocr_par' dir='ltr' id='par_1_30' title="bbox 2230 2454 3807 2526">
     <span class='ocr_line' id='line_1_30' title="bbox 2230 2454 3807 2526; baseline -0.004 -14"><span class='ocrx_word' id='word_1_178' title='bbox 2230 2467 2284 2512; x_wconf 89' lang='lat' dir='ltr'><strong>et</strong></span> <span class='ocrx_word' id='word_1_179' title='bbox 2309 2456 2567 2526; x_wconf 86' lang='lat' dir='ltr'><strong>quidquid</strong></span> <span class='ocrx_word' id='word_1_180' title='bbox 2614 2456 2719 2511; x_wconf 89' lang='lat' dir='ltr'><strong>illis</strong></span> <span class='ocrx_word' id='word_1_181' title='bbox 2749 2455 2962 2511; x_wconf 87' lang='lat' dir='ltr'><strong>adversi</strong></span> <span class='ocrx_word' id='word_1_182' title='bbox 3009 2455 3288 2520; x_wconf 86' lang='lat' dir='ltr'><strong>acciderit,</strong></span> <span class='ocrx_word' id='word_1_183' title='bbox 3334 2464 3429 2510; x_wconf 90' lang='lat' dir='ltr'><strong>aut</strong></span> <span class='ocrx_word' id='word_1_184' title='bbox 3471 2454 3601 2509; x_wconf 90' lang='lat' dir='ltr'><strong>boni</strong></span> <span class='ocrx_word' id='word_1_185' title='bbox 3642 2454 3807 2508; x_wconf 82' lang='lat' dir='ltr'><strong>conti-</strong></span> 
     </span>
    </p>
   </div>
   <div class='ocr_carea' id='block_1_31' title="bbox 2231 2545 3808 2617">
    <p class='ocr_par' dir='ltr' id='par_1_31' title="bbox 2231 2545 3808 2617">
     <span class='ocr_line' id='line_1_31' title="bbox 2231 2545 3808 2617; baseline -0.001 -16"><span class='ocrx_word' id='word_1_186' title='bbox 2231 2546 2388 2617; x_wconf 86' lang='lat' dir='ltr'><strong>gerit,</strong></span> <span class='ocrx_word' id='word_1_187' title='bbox 2416 2545 2673 2602; x_wconf 89' lang='lat' dir='ltr'><strong>continuo</strong></span> <span class='ocrx_word' id='word_1_188' title='bbox 2697 2545 2896 2600; x_wconf 86' lang='lat' dir='ltr'><strong>litteris</strong></span> <span class='ocrx_word' id='word_1_189' title='bbox 2937 2553 3270 2616; x_wconf 67' lang='lat' dir='ltr'><strong>praenotate;</strong></span> <span class='ocrx_word' id='word_1_190' title='bbox 3311 2554 3371 2601; x_wconf 89' lang='lat' dir='ltr'><strong>ut</strong></span> <span class='ocrx_word' id='word_1_191' title='bbox 3412 2553 3508 2600; x_wconf 89' lang='lat' dir='ltr'><strong>aut</strong></span> <span class='ocrx_word' id='word_1_192' title='bbox 3539 2545 3808 2616; x_wconf 86' lang='lat' dir='ltr'><strong>prosperis</strong></span> 
     </span>
    </p>
   </div>
   <div class='ocr_carea' id='block_1_32' title="bbox 2232 2634 3807 2712">
    <p class='ocr_par' dir='ltr' id='par_1_32' title="bbox 2232 2634 3807 2712">
     <span class='ocr_line' id='line_1_32' title="bbox 2232 2634 3807 2712; baseline -0.001 -23"><span class='ocrx_word' id='word_1_193' title='bbox 2232 2635 2584 2700; x_wconf 84' lang='lat' dir='ltr'><strong>collactemur,</strong></span> <span class='ocrx_word' id='word_1_194' title='bbox 2629 2644 2724 2690; x_wconf 92' lang='lat' dir='ltr'><strong>aut</strong></span> <span class='ocrx_word' id='word_1_195' title='bbox 2769 2634 3015 2691; x_wconf 85' lang='lat' dir='ltr'><strong>adversis</strong></span> <span class='ocrx_word' id='word_1_196' title='bbox 3059 2635 3376 2712; x_wconf 80' lang='lat' dir='ltr'><strong>alliciamur.</strong></span> <span class='ocrx_word' id='word_1_197' title='bbox 3426 2635 3582 2707; x_wconf 84' lang='lat' dir='ltr'><strong>Euge</strong></span> <span class='ocrx_word' id='word_1_198' title='bbox 3632 2645 3807 2689; x_wconf 82' lang='lat' dir='ltr'><strong>autem</strong></span> 
     </span>
    </p>
   </div>
   <div class='ocr_carea' id='block_1_33' title="bbox 542 2724 3806 2801">
    <p class='ocr_par' dir='ltr' id='par_1_33' title="bbox 542 2724 3806 2801">
     <span class='ocr_line' id='line_1_33' title="bbox 542 2724 3806 2801; baseline 0 -20"><span class='ocrx_word' id='word_1_199' title='bbox 542 2724 672 2783; x_wconf 82' lang='lat' dir='ltr'><strong>licet</strong></span> <span class='ocrx_word' id='word_1_200' title='bbox 700 2727 972 2798; x_wconf 84' lang='lat' dir='ltr'><strong>indignus,</strong></span> <span class='ocrx_word' id='word_1_201' title='bbox 1003 2737 1058 2784; x_wconf 87' lang='lat' dir='ltr'><strong>et</strong></span> <span class='ocrx_word' id='word_1_202' title='bbox 1095 2728 1282 2791; x_wconf 86' lang='lat' dir='ltr'><strong>abbas.</strong></span> <span class='ocrx_word' id='word_1_203' title='bbox 1331 2743 1621 2800; x_wconf 87' lang='lat' dir='ltr'><strong>secumque</strong></span> <span class='ocrx_word' id='word_1_204' title='bbox 1663 2731 1862 2801; x_wconf 81' lang='lat' dir='ltr'><strong>degens</strong></span> <span class='ocrx_word' id='word_1_205' title='bbox 1901 2747 2128 2800; x_wconf 81' lang='lat' dir='ltr'><strong>congre-</strong></span> <span class='ocrx_word' id='word_1_206' title='bbox 2159 2732 2204 2794; x_wconf 82' lang='grc' dir='ltr'><strong>Β</strong></span> <span class='ocrx_word' id='word_1_207' title='bbox 2230 2724 2482 2794; x_wconf 83' lang='lat' dir='ltr'><strong>quoniam</strong></span> <span class='ocrx_word' id='word_1_208' title='bbox 2513 2734 2597 2781; x_wconf 87' lang='lat' dir='ltr'><strong>est</strong></span> <span class='ocrx_word' id='word_1_209' title='bbox 2621 2724 2776 2780; x_wconf 88' lang='lat' dir='ltr'><strong>nobis</strong></span> <span class='ocrx_word' id='word_1_210' title='bbox 2822 2735 2878 2780; x_wconf 89' lang='lat' dir='ltr'><strong>et</strong></span> <span class='ocrx_word' id='word_1_211' title='bbox 2921 2739 3072 2795; x_wconf 78' lang='lat' dir='ltr'><strong>grus,</strong></span> <span class='ocrx_word' id='word_1_212' title='bbox 3121 2740 3241 2794; x_wconf 81' lang='lat' dir='ltr'><strong>quae</strong></span> <span class='ocrx_word' id='word_1_213' title='bbox 3281 2724 3396 2795; x_wconf 87' lang='lat' dir='ltr'><strong>jam</strong></span> <span class='ocrx_word' id='word_1_214' title='bbox 3447 2725 3642 2780; x_wconf 87' lang='lat' dir='ltr'><strong>didicit</strong></span> <span class='ocrx_word' id='word_1_215' title='bbox 3686 2739 3806 2778; x_wconf 81' lang='lat' dir='ltr'><strong>aera</strong></span> 
     </span>
    </p>
   </div>
   <div class='ocr_carea' id='block_1_34' title="bbox 545 2817 2124 2888">
    <p class='ocr_par' dir='ltr' id='par_1_34' title="bbox 545 2817 2124 2888">
     <span class='ocr_line' id='line_1_34' title="bbox 545 2817 2124 2888; baseline 0.004 -19"><span class='ocrx_word' id='word_1_216' title='bbox 545 2817 692 2886; x_wconf 85' lang='lat' dir='ltr'><strong>gatio</strong></span> <span class='ocrx_word' id='word_1_217' title='bbox 718 2828 933 2883; x_wconf 86' lang='lat' dir='ltr'><strong>cuncta,</strong></span> <span class='ocrx_word' id='word_1_218' title='bbox 962 2819 1051 2888; x_wconf 91' lang='lat' dir='ltr'><strong>pie</strong></span> <span class='ocrx_word' id='word_1_219' title='bbox 1085 2820 1138 2875; x_wconf 89' lang='lat' dir='ltr'><strong>in</strong></span> <span class='ocrx_word' id='word_1_220' title='bbox 1167 2819 1387 2876; x_wconf 79' lang='lat' dir='ltr'><strong>Christo</strong></span> <span class='ocrx_word' id='word_1_221' title='bbox 1418 2821 1723 2877; x_wconf 88' lang='lat' dir='ltr'><strong>viventibus</strong></span> <span class='ocrx_word' id='word_1_222' title='bbox 1749 2822 1926 2876; x_wconf 92' lang='lat' dir='ltr'><strong>omnia</strong></span> <span class='ocrx_word' id='word_1_223' title='bbox 1963 2823 2124 2877; x_wconf 91' lang='lat' dir='ltr'><strong>bona.</strong></span> 
     </span>
    </p>
   </div>
   <div class='ocr_carea' id='block_1_35' title="bbox 617 2907 2131 2982">
    <p class='ocr_par' dir='ltr' id='par_1_35' title="bbox 617 2907 2131 2982">
     <span class='ocr_line' id='line_1_35' title="bbox 617 2907 2131 2982; baseline 0.003 -18"><span class='ocrx_word' id='word_1_224' title='bbox 617 2907 834 2964; x_wconf 87' lang='lat' dir='ltr'><strong>Gratias</strong></span> <span class='ocrx_word' id='word_1_225' title='bbox 875 2910 1083 2980; x_wconf 78' lang='lat' dir='ltr'><strong>agimus</strong></span> <span class='ocrx_word' id='word_1_226' title='bbox 1129 2921 1322 2966; x_wconf 83' lang='lat' dir='ltr'><strong>vestrae</strong></span> <span class='ocrx_word' id='word_1_227' title='bbox 1355 2912 1676 2967; x_wconf 73' lang='lat' dir='ltr'><strong>veneranda:</strong></span> <span class='ocrx_word' id='word_1_228' title='bbox 1723 2908 2033 2982; x_wconf 85' lang='lat' dir='ltr'><strong>paternitati</strong></span> <span class='ocrx_word' id='word_1_229' title='bbox 2073 2921 2131 2968; x_wconf 89' lang='lat' dir='ltr'><strong>et</strong></span> 
     </span>
    </p>
   </div>
   <div class='ocr_carea' id='block_1_36' title="bbox 547 3000 2129 3072">
    <p class='ocr_par' dir='ltr' id='par_1_36' title="bbox 547 3000 2129 3072">
     <span class='ocr_line' id='line_1_36' title="bbox 547 3000 2129 3072; baseline 0.004 -18"><span class='ocrx_word' id='word_1_230' title='bbox 547 3000 932 3056; x_wconf 77' lang='lat' dir='ltr'><strong>amantissima:</strong></span> <span class='ocrx_word' id='word_1_231' title='bbox 955 3001 1228 3070; x_wconf 86' lang='lat' dir='ltr'><strong>charitati,</strong></span> <span class='ocrx_word' id='word_1_232' title='bbox 1258 3004 1510 3072; x_wconf 91' lang='lat' dir='ltr'><strong>quoniam</strong></span> <span class='ocrx_word' id='word_1_233' title='bbox 1543 3013 1596 3058; x_wconf 89' lang='lat' dir='ltr'><strong>et</strong></span> <span class='ocrx_word' id='word_1_234' title='bbox 1629 3005 1829 3059; x_wconf 88' lang='lat' dir='ltr'><strong>nostris</strong></span> <span class='ocrx_word' id='word_1_235' title='bbox 1855 3005 2129 3061; x_wconf 88' lang='lat' dir='ltr'><strong>doloribus</strong></span> 
     </span>
    </p>
   </div>
   <div class='ocr_carea' id='block_1_37' title="bbox 547 3091 2130 3166">
    <p class='ocr_par' dir='ltr' id='par_1_37' title="bbox 547 3091 2130 3166">
     <span class='ocr_line' id='line_1_37' title="bbox 547 3091 2130 3166; baseline 0.004 -20"><span class='ocrx_word' id='word_1_236' title='bbox 547 3091 928 3159; x_wconf 85' lang='lat' dir='ltr'><strong>condoluistis,</strong></span> <span class='ocrx_word' id='word_1_237' title='bbox 961 3103 1018 3150; x_wconf 89' lang='lat' dir='ltr'><strong>et</strong></span> <span class='ocrx_word' id='word_1_238' title='bbox 1045 3104 1104 3150; x_wconf 90' lang='lat' dir='ltr'><strong>ut</strong></span> <span class='ocrx_word' id='word_1_239' title='bbox 1125 3104 1310 3166; x_wconf 87' lang='lat' dir='ltr'><strong>patres</strong></span> <span class='ocrx_word' id='word_1_240' title='bbox 1351 3095 1475 3151; x_wconf 88' lang='lat' dir='ltr'><strong>liliis</strong></span> <span class='ocrx_word' id='word_1_241' title='bbox 1503 3097 1768 3166; x_wconf 79' lang='lat' dir='ltr'><strong>compassi</strong></span> <span class='ocrx_word' id='word_1_242' title='bbox 1801 3097 1954 3160; x_wconf 89' lang='lat' dir='ltr'><strong>estis,</strong></span> <span class='ocrx_word' id='word_1_243' title='bbox 1984 3106 2037 3152; x_wconf 91' lang='lat' dir='ltr'><strong>et</strong></span> <span class='ocrx_word' id='word_1_244' title='bbox 2063 3098 2130 3152; x_wconf 93' lang='lat' dir='ltr'><strong>de</strong></span> 
     </span>
    </p>
   </div>
   <div class='ocr_carea' id='block_1_38' title="bbox 546 3189 2131 3260">
    <p class='ocr_par' dir='ltr' id='par_1_38' title="bbox 546 3189 2131 3260">
     <span class='ocr_line' id='line_1_38' title="bbox 546 3189 2131 3260; baseline 0.005 -22"><span class='ocrx_word' id='word_1_245' title='bbox 546 3193 705 3240; x_wconf 89' lang='lat' dir='ltr'><strong>tanto</strong></span> <span class='ocrx_word' id='word_1_246' title='bbox 737 3193 1005 3242; x_wconf 88' lang='lat' dir='ltr'><strong>terrarum</strong></span> <span class='ocrx_word' id='word_1_247' title='bbox 1054 3189 1229 3260; x_wconf 90' lang='lat' dir='ltr'><strong>spatio</strong></span> <span class='ocrx_word' id='word_1_248' title='bbox 1273 3190 1446 3245; x_wconf 90' lang='lat' dir='ltr'><strong>nostri</strong></span> <span class='ocrx_word' id='word_1_249' title='bbox 1477 3205 1744 3246; x_wconf 80' lang='lat' dir='ltr'><strong>memores</strong></span> <span class='ocrx_word' id='word_1_250' title='bbox 1789 3189 1940 3255; x_wconf 79' lang='lat' dir='ltr'><strong>facti,</strong></span> <span class='ocrx_word' id='word_1_251' title='bbox 1973 3189 2131 3246; x_wconf 83' lang='lat' dir='ltr'><strong>valde</strong></span> 
     </span>
    </p>
   </div>
   <div class='ocr_carea' id='block_1_39' title="bbox 548 3275 2127 3352">
    <p class='ocr_par' dir='ltr' id='par_1_39' title="bbox 548 3275 2127 3352">
     <span class='ocr_line' id='line_1_39' title="bbox 548 3275 2127 3352; baseline 0.004 -21"><span class='ocrx_word' id='word_1_252' title='bbox 548 3275 942 3335; x_wconf 84' lang='lat' dir='ltr'><strong>eonsolatorias</strong></span> <span class='ocrx_word' id='word_1_253' title='bbox 983 3278 1194 3336; x_wconf 86' lang='lat' dir='ltr'><strong>litteras</strong></span> <span class='ocrx_word' id='word_1_254' title='bbox 1232 3281 1528 3350; x_wconf 78' lang='lat' dir='ltr'><strong>direxistis.</strong></span> <span class='ocrx_word' id='word_1_255' title='bbox 1573 3281 1920 3352; x_wconf 87' lang='lat' dir='ltr'><strong>Suscepimus</strong></span> <span class='ocrx_word' id='word_1_256' title='bbox 1949 3291 2127 3338; x_wconf 87' lang='lat' dir='ltr'><strong>autem</strong></span> 
     </span>
    </p>
   </div>
   <div class='ocr_carea' id='block_1_40' title="bbox 547 3367 2132 3439">
    <p class='ocr_par' dir='ltr' id='par_1_40' title="bbox 547 3367 2132 3439">
     <span class='ocr_line' id='line_1_40' title="bbox 547 3367 2132 3439; baseline 0.005 -17"><span class='ocrx_word' id='word_1_257' title='bbox 547 3367 675 3426; x_wconf 84' lang='lat' dir='ltr'><strong>illas</strong></span> <span class='ocrx_word' id='word_1_258' title='bbox 697 3384 821 3427; x_wconf 91' lang='lat' dir='ltr'><strong>cum</strong></span> <span class='ocrx_word' id='word_1_259' title='bbox 851 3371 1019 3428; x_wconf 90' lang='lat' dir='ltr'><strong>multo</strong></span> <span class='ocrx_word' id='word_1_260' title='bbox 1045 3373 1210 3429; x_wconf 90' lang='lat' dir='ltr'><strong>vestri</strong></span> <span class='ocrx_word' id='word_1_261' title='bbox 1239 3373 1533 3439; x_wconf 90' lang='lat' dir='ltr'><strong>desiderio,</strong></span> <span class='ocrx_word' id='word_1_262' title='bbox 1568 3381 1622 3430; x_wconf 89' lang='lat' dir='ltr'><strong>et</strong></span> <span class='ocrx_word' id='word_1_263' title='bbox 1650 3373 1912 3430; x_wconf 85' lang='lat' dir='ltr'><strong>consolati</strong></span> <span class='ocrx_word' id='word_1_264' title='bbox 1943 3390 2132 3430; x_wconf 88' lang='lat' dir='ltr'><strong>sumus</strong></span> 
     </span>
    </p>
   </div>
   <div class='ocr_carea' id='block_1_41' title="bbox 549 3461 2129 3536">
    <p class='ocr_par' dir='ltr' id='par_1_41' title="bbox 549 3461 2129 3536">
     <span class='ocr_line' id='line_1_41' title="bbox 549 3461 2129 3536; baseline 0.004 -21"><span class='ocrx_word' id='word_1_265' title='bbox 549 3475 663 3516; x_wconf 79' lang='lat' dir='ltr'><strong>non</strong></span> <span class='ocrx_word' id='word_1_266' title='bbox 714 3461 923 3518; x_wconf 90' lang='lat' dir='ltr'><strong>modice</strong></span> <span class='ocrx_word' id='word_1_267' title='bbox 981 3462 1286 3534; x_wconf 78' lang='lat' dir='ltr'><strong>relegendo.</strong></span> <span class='ocrx_word' id='word_1_268' title='bbox 1342 3464 1550 3521; x_wconf 75' lang='lat' dir='ltr'><strong>Nostrae</strong></span> <span class='ocrx_word' id='word_1_269' title='bbox 1601 3480 1730 3521; x_wconf 88' lang='lat' dir='ltr'><strong>vero</strong></span> <span class='ocrx_word' id='word_1_270' title='bbox 1783 3475 1904 3536; x_wconf 79' lang='lat' dir='ltr'><strong>post</strong></span> <span class='ocrx_word' id='word_1_271' title='bbox 1957 3468 2129 3522; x_wconf 87' lang='lat' dir='ltr'><strong>Deum</strong></span> 
     </span>
    </p>
   </div>
   <div class='ocr_carea' id='block_1_42' title="bbox 549 3553 2130 3627">
    <p class='ocr_par' dir='ltr' id='par_1_42' title="bbox 549 3553 2130 3627">
     <span class='ocr_line' id='line_1_42' title="bbox 549 3553 2130 3627; baseline 0.004 -21"><span class='ocrx_word' id='word_1_272' title='bbox 549 3567 761 3608; x_wconf 89' lang='lat' dir='ltr'><strong>summa</strong></span> <span class='ocrx_word' id='word_1_273' title='bbox 787 3553 1170 3611; x_wconf 76' lang='lat' dir='ltr'><strong>consolationis</strong></span> <span class='ocrx_word' id='word_1_274' title='bbox 1199 3556 1313 3612; x_wconf 86' lang='lat' dir='ltr'><strong>haec</strong></span> <span class='ocrx_word' id='word_1_275' title='bbox 1341 3567 1441 3622; x_wconf 90' lang='lat' dir='ltr'><strong>est,</strong></span> <span class='ocrx_word' id='word_1_276' title='bbox 1473 3557 1519 3614; x_wconf 90' lang='lat' dir='ltr'><strong>si</strong></span> <span class='ocrx_word' id='word_1_277' title='bbox 1562 3557 1678 3627; x_wconf 86' lang='lat' dir='ltr'><strong>ejus</strong></span> <span class='ocrx_word' id='word_1_278' title='bbox 1705 3559 1940 3614; x_wconf 89' lang='lat' dir='ltr'><strong>animam</strong></span> <span class='ocrx_word' id='word_1_279' title='bbox 1979 3559 2130 3614; x_wconf 83' lang='lat' dir='ltr'><strong>vobis</strong></span> 
     </span>
    </p>
   </div>
   <div class='ocr_carea' id='block_1_43' title="bbox 549 3640 2129 3719">
    <p class='ocr_par' dir='ltr' id='par_1_43' title="bbox 549 3640 2129 3719">
     <span class='ocr_line' id='line_1_43' title="bbox 549 3640 2129 3719; baseline 0.006 -23"><span class='ocrx_word' id='word_1_280' title='bbox 549 3640 770 3699; x_wconf 83' lang='lat' dir='ltr'><strong>Christo</strong></span> <span class='ocrx_word' id='word_1_281' title='bbox 813 3643 1024 3714; x_wconf 84' lang='lat' dir='ltr'><strong>placeat</strong></span> <span class='ocrx_word' id='word_1_282' title='bbox 1051 3649 1465 3713; x_wconf 88' lang='lat' dir='ltr'><strong>commendare;</strong></span> <span class='ocrx_word' id='word_1_283' title='bbox 1499 3664 1682 3719; x_wconf 88' lang='lat' dir='ltr'><strong>quam,</strong></span> <span class='ocrx_word' id='word_1_284' title='bbox 1717 3651 1859 3705; x_wconf 89' lang='lat' dir='ltr'><strong>sicut</strong></span> <span class='ocrx_word' id='word_1_285' title='bbox 1887 3651 2129 3706; x_wconf 84' lang='lat' dir='ltr'><strong>omnium</strong></span> 
     </span>
    </p>
   </div>
   <div class='ocr_carea' id='block_1_44' title="bbox 548 3738 2132 3813">
    <p class='ocr_par' dir='ltr' id='par_1_44' title="bbox 548 3738 2132 3813">
     <span class='ocr_line' id='line_1_44' title="bbox 548 3738 2132 3813; baseline 0.006 -24"><span class='ocrx_word' id='word_1_286' title='bbox 548 3742 980 3807; x_wconf 4' lang='lat' dir='ltr'><strong>nostrum,jcum</strong></span> <span class='ocrx_word' id='word_1_287' title='bbox 1011 3738 1102 3794; x_wconf 89' lang='lat' dir='ltr'><strong>illo</strong></span> <span class='ocrx_word' id='word_1_288' title='bbox 1127 3741 1372 3810; x_wconf 90' lang='lat' dir='ltr'><strong>cupimus</strong></span> <span class='ocrx_word' id='word_1_289' title='bbox 1415 3754 1557 3797; x_wconf 88' lang='lat' dir='ltr'><strong>esse.</strong></span> <span class='ocrx_word' id='word_1_290' title='bbox 1599 3741 1965 3813; x_wconf 90' lang='lat' dir='ltr'><strong>Omnipotenti</strong></span> <span class='ocrx_word' id='word_1_291' title='bbox 1997 3758 2132 3813; x_wconf 83' lang='lat' dir='ltr'><strong>quo-</strong></span> 
     </span>
    </p>
   </div>
   <div class='ocr_carea' id='block_1_45' title="bbox 551 3825 2132 3893">
    <p class='ocr_par' dir='ltr' id='par_1_45' title="bbox 551 3825 2132 3893">
     <span class='ocr_line' id='line_1_45' title="bbox 551 3825 2132 3893; baseline 0.007 -14"><span class='ocrx_word' id='word_1_292' title='bbox 551 3837 660 3893; x_wconf 88' lang='lat' dir='ltr'><strong>que</strong></span> <span class='ocrx_word' id='word_1_293' title='bbox 696 3825 922 3883; x_wconf 90' lang='lat' dir='ltr'><strong>Domino</strong></span> <span class='ocrx_word' id='word_1_294' title='bbox 959 3844 1057 3885; x_wconf 89' lang='lat' dir='ltr'><strong>vos</strong></span> <span class='ocrx_word' id='word_1_295' title='bbox 1095 3835 1537 3888; x_wconf 89' lang='lat' dir='ltr'><strong>commendantes</strong></span> <span class='ocrx_word' id='word_1_296' title='bbox 1567 3834 1764 3888; x_wconf 84' lang='lat' dir='ltr'><strong>vestris</strong></span> <span class='ocrx_word' id='word_1_297' title='bbox 1795 3834 2132 3890; x_wconf 90' lang='lat' dir='ltr'><strong>orationibus</strong></span> 
     </span>
    </p>
   </div>
   <div class='ocr_carea' id='block_1_46' title="bbox 552 3919 2130 3993">
    <p class='ocr_par' dir='ltr' id='par_1_46' title="bbox 552 3919 2130 3993">
     <span class='ocr_line' id='line_1_46' title="bbox 552 3919 2130 3993; baseline 0.005 -23"><span class='ocrx_word' id='word_1_298' title='bbox 552 3931 656 3972; x_wconf 86' lang='lat' dir='ltr'><strong>nos</strong></span> <span class='ocrx_word' id='word_1_299' title='bbox 676 3919 1088 3989; x_wconf 88' lang='lat' dir='ltr'><strong>committimus,</strong></span> <span class='ocrx_word' id='word_1_300' title='bbox 1119 3933 1339 3979; x_wconf 89' lang='lat' dir='ltr'><strong>orantes</strong></span> <span class='ocrx_word' id='word_1_301' title='bbox 1366 3933 1425 3978; x_wconf 92' lang='lat' dir='ltr'><strong>ut</strong></span> <span class='ocrx_word' id='word_1_302' title='bbox 1452 3939 1587 3993; x_wconf 90' lang='lat' dir='ltr'><strong>quos</strong></span> <span class='ocrx_word' id='word_1_303' title='bbox 1616 3925 1826 3978; x_wconf 91' lang='lat' dir='ltr'><strong>dirimit</strong></span> <span class='ocrx_word' id='word_1_304' title='bbox 1855 3927 1922 3979; x_wconf 91' lang='lat' dir='ltr'><strong>ab</strong></span> <span class='ocrx_word' id='word_1_305' title='bbox 1966 3925 2130 3978; x_wconf 85' lang='lat' dir='ltr'><strong>alter-</strong></span> 
     </span>
    </p>
   </div>
   <div class='ocr_carea' id='block_1_47' title="bbox 549 4008 2124 4086">
    <p class='ocr_par' dir='ltr' id='par_1_47' title="bbox 549 4008 2124 4086">
     <span class='ocr_line' id='line_1_47' title="bbox 549 4008 2124 4086; baseline 0.005 -26"><span class='ocrx_word' id='word_1_306' title='bbox 549 4016 676 4064; x_wconf 86' lang='lat' dir='ltr'><strong>utro</strong></span> <span class='ocrx_word' id='word_1_307' title='bbox 697 4008 847 4068; x_wconf 90' lang='lat' dir='ltr'><strong>locus</strong></span> <span class='ocrx_word' id='word_1_308' title='bbox 883 4011 938 4066; x_wconf 90' lang='lat' dir='ltr'><strong>in</strong></span> <span class='ocrx_word' id='word_1_309' title='bbox 968 4026 1027 4068; x_wconf 90' lang='lat' dir='ltr'><strong>se</strong></span> <span class='ocrx_word' id='word_1_310' title='bbox 1054 4013 1394 4070; x_wconf 89' lang='lat' dir='ltr'><strong>indivisibilis</strong></span> <span class='ocrx_word' id='word_1_311' title='bbox 1422 4016 1732 4084; x_wconf 85' lang='lat' dir='ltr'><strong>perenniter</strong></span> <span class='ocrx_word' id='word_1_312' title='bbox 1748 4013 1938 4086; x_wconf 78' lang='lat' dir='ltr'><strong>jungat</strong></span> <span class='ocrx_word' id='word_1_313' title='bbox 1964 4015 2124 4070; x_wconf 90' lang='lat' dir='ltr'><strong>Deus.</strong></span> 
     </span>
    </p>
   </div>
   <div class='ocr_carea' id='block_1_48' title="bbox 1109 4105 1566 4161">
    <p class='ocr_par' dir='ltr' id='par_1_48' title="bbox 1109 4105 1566 4161">
     <span class='ocr_line' id='line_1_48' title="bbox 1109 4105 1566 4161; baseline -0.002 -1"><span class='ocrx_word' id='word_1_314' title='bbox 1109 4105 1441 4160; x_wconf 77' lang='lat' dir='ltr'><strong>EPISTULA</strong></span> <span class='ocrx_word' id='word_1_315' title='bbox 1478 4106 1566 4161; x_wconf 84' lang='lat' dir='ltr'><strong>Ill.</strong></span> 
     </span>
    </p>
   </div>
   <div class='ocr_carea' id='block_1_49' title="bbox 760 4210 1910 4254">
    <p class='ocr_par' dir='ltr' id='par_1_49' title="bbox 760 4210 1910 4254">
     <span class='ocr_line' id='line_1_49' title="bbox 760 4210 1910 4254; baseline 0.003 -3"><span class='ocrx_word' id='word_1_316' title='bbox 760 4210 994 4252; x_wconf 64' lang='lat' dir='ltr'><strong>E10808.</strong></span> <span class='ocrx_word' id='word_1_317' title='bbox 1045 4214 1114 4252; x_wconf 78' lang='grc' dir='ltr'><strong>Αἰ)</strong></span> <span class='ocrx_word' id='word_1_318' title='bbox 1159 4213 1435 4254; x_wconf 71' lang='grc' dir='ltr'><strong>ΙΟΝᾹΟΗΟΞ</strong></span> <span class='ocrx_word' id='word_1_319' title='bbox 1483 4215 1910 4254; x_wconf 59' lang='grc' dir='ltr'><strong>ιιινιιιυιιεκεεε.</strong></span> 
     </span>
    </p>
   </div>
   <div class='ocr_carea' id='block_1_50' title="bbox 1079 4290 1611 4363">
    <p class='ocr_par' dir='ltr' id='par_1_50' title="bbox 1079 4290 1611 4363">
     <span class='ocr_line' id='line_1_50' title="bbox 1079 4290 1611 4363; baseline 0.004 -18"><span class='ocrx_word' id='word_1_320' title='bbox 1079 4290 1255 4358; x_wconf 79' lang='lat' dir='ltr'><strong>(Circa</strong></span> <span class='ocrx_word' id='word_1_321' title='bbox 1293 4309 1382 4346; x_wconf 84' lang='lat' dir='ltr'><strong>an.</strong></span> <span class='ocrx_word' id='word_1_322' title='bbox 1427 4291 1611 4363; x_wconf 71' lang='grc'>1025.)</span> 
     </span>
    </p>
   </div>
   <div class='ocr_carea' id='block_1_51' title="bbox 625 4374 2132 4454">
    <p class='ocr_par' dir='ltr' id='par_1_51' title="bbox 625 4374 2132 4454">
     <span class='ocr_line' id='line_1_51' title="bbox 625 4374 2132 4454; baseline 0.005 -24"><span class='ocrx_word' id='word_1_323' title='bbox 625 4374 793 4432; x_wconf 69' lang='grc' dir='ltr'><strong>Οιινλ</strong></span> <span class='ocrx_word' id='word_1_324' title='bbox 839 4388 1039 4435; x_wconf 68' lang='lat' dir='ltr'><strong>sanctae</strong></span> <span class='ocrx_word' id='word_1_325' title='bbox 1082 4381 1413 4437; x_wconf 84' lang='lat' dir='ltr'><strong>Ausonensis</strong></span> <span class='ocrx_word' id='word_1_326' title='bbox 1444 4382 1696 4438; x_wconf 76' lang='lat' dir='ltr'><strong>Ecclesia:</strong></span> <span class='ocrx_word' id='word_1_327' title='bbox 1735 4383 1949 4454; x_wconf 67' lang='lat' dir='ltr'><strong>praesul,</strong></span> <span class='ocrx_word' id='word_1_328' title='bbox 2004 4383 2132 4438; x_wconf 90' lang='lat' dir='ltr'><strong>licet</strong></span> 
     </span>
    </p>
   </div>
   <div class='ocr_carea' id='block_1_52' title="bbox 553 4463 2128 4535">
    <p class='ocr_par' dir='ltr' id='par_1_52' title="bbox 553 4463 2128 4535">
     <span class='ocr_line' id='line_1_52' title="bbox 553 4463 2128 4535; baseline 0.007 -17"><span class='ocrx_word' id='word_1_329' title='bbox 553 4463 825 4532; x_wconf 78' lang='lat' dir='ltr'><strong>indignus,</strong></span> <span class='ocrx_word' id='word_1_330' title='bbox 860 4477 915 4522; x_wconf 91' lang='lat' dir='ltr'><strong>et</strong></span> <span class='ocrx_word' id='word_1_331' title='bbox 965 4469 1152 4535; x_wconf 88' lang='lat' dir='ltr'><strong>abbas,</strong></span> <span class='ocrx_word' id='word_1_332' title='bbox 1206 4474 1458 4528; x_wconf 90' lang='lat' dir='ltr'><strong>universo</strong></span> <span class='ocrx_word' id='word_1_333' title='bbox 1514 4475 1677 4528; x_wconf 61' lang='lat' dir='ltr'><strong>coetui</strong></span> <span class='ocrx_word' id='word_1_334' title='bbox 1734 4474 1982 4530; x_wconf 78' lang='lat' dir='ltr'><strong>ctenobio</strong></span> <span class='ocrx_word' id='word_1_335' title='bbox 2033 4474 2128 4529; x_wconf 89' lang='lat' dir='ltr'><strong>Dei</strong></span> 
     </span>
    </p>
   </div>
   <div class='ocr_carea' id='block_1_53' title="bbox 553 4553 2130 4636">
    <p class='ocr_par' dir='ltr' id='par_1_53' title="bbox 553 4553 2130 4636">
     <span class='ocr_line' id='line_1_53' title="bbox 553 4553 2130 4636; baseline 0.01 -29"><span class='ocrx_word' id='word_1_336' title='bbox 553 4553 844 4612; x_wconf 85' lang='lat' dir='ltr'><strong>Genitricis</strong></span> <span class='ocrx_word' id='word_1_337' title='bbox 869 4563 1230 4616; x_wconf 86' lang='lat' dir='ltr'><strong>commanenti</strong></span> <span class='ocrx_word' id='word_1_338' title='bbox 1261 4562 1614 4620; x_wconf 87' lang='lat' dir='ltr'><strong>desiderabile</strong></span> <span class='ocrx_word' id='word_1_339' title='bbox 1646 4566 1924 4636; x_wconf 67' lang='lat' dir='ltr'><strong>prtemium</strong></span> <span class='ocrx_word' id='word_1_340' title='bbox 1971 4565 2130 4623; x_wconf 72' lang='lat' dir='ltr'><strong>cmic-</strong></span> 
     </span>
    </p>
   </div>
   <div class='ocr_carea' id='block_1_54' title="bbox 551 4644 864 4715">
    <p class='ocr_par' dir='ltr' id='par_1_54' title="bbox 551 4644 864 4715">
     <span class='ocr_line' id='line_1_54' title="bbox 551 4644 864 4715; baseline 0.006 -17"><span class='ocrx_word' id='word_1_341' title='bbox 551 4644 654 4699; x_wconf 79' lang='lat' dir='ltr'><strong>slis</strong></span> <span class='ocrx_word' id='word_1_342' title='bbox 691 4647 864 4715; x_wconf 81' lang='lat' dir='ltr'><strong>regni.</strong></span> 
     </span>
    </p>
   </div>
   <div class='ocr_carea' id='block_1_55' title="bbox 529 4739 2130 4813">
    <p class='ocr_par' dir='ltr' id='par_1_55' title="bbox 529 4739 2130 4813">
     <span class='ocr_line' id='line_1_55' title="bbox 529 4739 2130 4813; baseline 0.006 -20"><span class='ocrx_word' id='word_1_343' title='bbox 529 4755 533 4778; x_wconf 64' lang='grc'>;</span> <span class='ocrx_word' id='word_1_344' title='bbox 625 4739 761 4794; x_wconf 85' lang='lat' dir='ltr'><strong>Dum</strong></span> <span class='ocrx_word' id='word_1_345' title='bbox 792 4749 987 4797; x_wconf 74' lang='lat' dir='ltr'><strong>vestrm</strong></span> <span class='ocrx_word' id='word_1_346' title='bbox 1031 4745 1276 4799; x_wconf 91' lang='lat' dir='ltr'><strong>nuntium</strong></span> <span class='ocrx_word' id='word_1_347' title='bbox 1305 4746 1554 4802; x_wconf 87' lang='lat' dir='ltr'><strong>sanitatis</strong></span> <span class='ocrx_word' id='word_1_348' title='bbox 1599 4747 1752 4804; x_wconf 75' lang='lat' dir='ltr'><strong>hctus</strong></span> <span class='ocrx_word' id='word_1_349' title='bbox 1793 4749 1974 4813; x_wconf 90' lang='lat' dir='ltr'><strong>audio,</strong></span> <span class='ocrx_word' id='word_1_350' title='bbox 2026 4749 2130 4805; x_wconf 91' lang='lat' dir='ltr'><strong>hoc</strong></span> 
     </span>
    </p>
   </div>
   <div class='ocr_carea' id='block_1_56' title="bbox 551 4833 2127 4907">
    <p class='ocr_par' dir='ltr' id='par_1_56' title="bbox 551 4833 2127 4907">
     <span class='ocr_line' id='line_1_56' title="bbox 551 4833 2127 4907; baseline 0.004 -19"><span class='ocrx_word' id='word_1_351' title='bbox 551 4839 635 4888; x_wconf 86' lang='lat' dir='ltr'><strong>est</strong></span> <span class='ocrx_word' id='word_1_352' title='bbox 663 4833 806 4904; x_wconf 91' lang='lat' dir='ltr'><strong>quod</strong></span> <span class='ocrx_word' id='word_1_353' title='bbox 850 4849 1064 4905; x_wconf 86' lang='lat' dir='ltr'><strong>semper</strong></span> <span class='ocrx_word' id='word_1_354' title='bbox 1101 4847 1316 4907; x_wconf 83' lang='lat' dir='ltr'><strong>exopto.</strong></span> <span class='ocrx_word' id='word_1_355' title='bbox 1348 4838 1551 4893; x_wconf 89' lang='lat' dir='ltr'><strong>Scitote</strong></span> <span class='ocrx_word' id='word_1_356' title='bbox 1588 4850 1766 4896; x_wconf 85' lang='lat' dir='ltr'><strong>autent</strong></span> <span class='ocrx_word' id='word_1_357' title='bbox 1816 4858 1901 4896; x_wconf 85' lang='lat' dir='ltr'><strong>me</strong></span> <span class='ocrx_word' id='word_1_358' title='bbox 1940 4841 2127 4897; x_wconf 90' lang='lat' dir='ltr'><strong>simili-</strong></span> 
     </span>
    </p>
   </div>
   <div class='ocr_carea' id='block_1_57' title="bbox 550 4921 2124 5000">
    <p class='ocr_par' dir='ltr' id='par_1_57' title="bbox 550 4921 2124 5000">
     <span class='ocr_line' id='line_1_57' title="bbox 550 4921 2124 5000; baseline 0.007 -25"><span class='ocrx_word' id='word_1_359' title='bbox 550 4921 657 4977; x_wconf 88' lang='lat' dir='ltr'><strong>bus</strong></span> <span class='ocrx_word' id='word_1_360' title='bbox 685 4923 944 4980; x_wconf 91' lang='lat' dir='ltr'><strong>oblectari</strong></span> <span class='ocrx_word' id='word_1_361' title='bbox 988 4927 1262 4999; x_wconf 84' lang='lat' dir='ltr'><strong>vestrique</strong></span> <span class='ocrx_word' id='word_1_362' title='bbox 1309 4944 1601 4986; x_wconf 90' lang='lat' dir='ltr'><strong>memorem</strong></span> <span class='ocrx_word' id='word_1_363' title='bbox 1631 4932 1942 5000; x_wconf 81' lang='lat' dir='ltr'><strong>gratissime</strong></span> <span class='ocrx_word' id='word_1_364' title='bbox 1986 4933 2124 4987; x_wconf 87' lang='lat' dir='ltr'><strong>lieri.</strong></span> 
     </span>
    </p>
   </div>
   <div class='ocr_carea' id='block_1_58' title="bbox 551 5011 2126 5094">
    <p class='ocr_par' dir='ltr' id='par_1_58' title="bbox 551 5011 2126 5094">
     <span class='ocr_line' id='line_1_58' title="bbox 551 5011 2126 5094; baseline 0.006 -27"><span class='ocrx_word' id='word_1_365' title='bbox 551 5011 634 5068; x_wconf 89' lang='lat' dir='ltr'><strong>De</strong></span> <span class='ocrx_word' id='word_1_366' title='bbox 679 5019 1084 5074; x_wconf 92' lang='lat' dir='ltr'><strong>constructione</strong></span> <span class='ocrx_word' id='word_1_367' title='bbox 1119 5035 1265 5080; x_wconf 90' lang='lat' dir='ltr'><strong>vero.</strong></span> <span class='ocrx_word' id='word_1_368' title='bbox 1321 5037 1439 5090; x_wconf 72' lang='lat' dir='ltr'><strong>qua:</strong></span> <span class='ocrx_word' id='word_1_369' title='bbox 1490 5023 1810 5093; x_wconf 88' lang='lat' dir='ltr'><strong>scripsistis,</strong></span> <span class='ocrx_word' id='word_1_370' title='bbox 1860 5025 2126 5094; x_wconf 70' lang='lat' dir='ltr'><strong>parietum</strong></span> 
     </span>
    </p>
   </div>
   <div class='ocr_carea' id='block_1_59' title="bbox 2233 2816 3806 2888">
    <p class='ocr_par' dir='ltr' id='par_1_59' title="bbox 2233 2816 3806 2888">
     <span class='ocr_line' id='line_1_59' title="bbox 2233 2816 3806 2888; baseline -0.001 -17"><span class='ocrx_word' id='word_1_371' title='bbox 2233 2817 2462 2872; x_wconf 87' lang='lat' dir='ltr'><strong>saltibus</strong></span> <span class='ocrx_word' id='word_1_372' title='bbox 2491 2816 2794 2886; x_wconf 89' lang='lat' dir='ltr'><strong>pervolare,</strong></span> <span class='ocrx_word' id='word_1_373' title='bbox 2836 2816 3004 2871; x_wconf 91' lang='lat' dir='ltr'><strong>asinis</strong></span> <span class='ocrx_word' id='word_1_374' title='bbox 3043 2826 3094 2872; x_wconf 93' lang='lat' dir='ltr'><strong>et</strong></span> <span class='ocrx_word' id='word_1_375' title='bbox 3143 2817 3322 2888; x_wconf 87' lang='lat' dir='ltr'><strong>porcis</strong></span> <span class='ocrx_word' id='word_1_376' title='bbox 3358 2816 3550 2872; x_wconf 92' lang='lat' dir='ltr'><strong>oculos</strong></span> <span class='ocrx_word' id='word_1_377' title='bbox 3596 2832 3806 2878; x_wconf 85' lang='lat' dir='ltr'><strong>eruere,</strong></span> 
     </span>
    </p>
   </div>
   <div class='ocr_carea' id='block_1_60' title="bbox 2229 2907 3807 2980">
    <p class='ocr_par' dir='ltr' id='par_1_60' title="bbox 2229 2907 3807 2980">
     <span class='ocr_line' id='line_1_60' title="bbox 2229 2907 3807 2980; baseline -0.001 -18"><span class='ocrx_word' id='word_1_378' title='bbox 2229 2910 2550 2980; x_wconf 85' lang='lat' dir='ltr'><strong>videturque</strong></span> <span class='ocrx_word' id='word_1_379' title='bbox 2580 2907 2694 2978; x_wconf 89' lang='lat' dir='ltr'><strong>jam</strong></span> <span class='ocrx_word' id='word_1_380' title='bbox 2722 2909 2900 2979; x_wconf 88' lang='lat' dir='ltr'><strong>capite</strong></span> <span class='ocrx_word' id='word_1_381' title='bbox 2926 2909 3238 2974; x_wconf 89' lang='lat' dir='ltr'><strong>rubescere,</strong></span> <span class='ocrx_word' id='word_1_382' title='bbox 3270 2910 3465 2980; x_wconf 87' lang='lat' dir='ltr'><strong>pennis</strong></span> <span class='ocrx_word' id='word_1_383' title='bbox 3504 2909 3807 2978; x_wconf 80' lang='lat' dir='ltr'><strong>nigrescere</strong></span> 
     </span>
    </p>
   </div>
   <div class='ocr_carea' id='block_1_61' title="bbox 2229 2998 3806 3071">
    <p class='ocr_par' dir='ltr' id='par_1_61' title="bbox 2229 2998 3806 3071">
     <span class='ocr_line' id='line_1_61' title="bbox 2229 2998 3806 3071; baseline -0.002 -16"><span class='ocrx_word' id='word_1_384' title='bbox 2229 3008 2284 3055; x_wconf 93' lang='lat' dir='ltr'><strong>et</strong></span> <span class='ocrx_word' id='word_1_385' title='bbox 2343 3015 2476 3055; x_wconf 87' lang='lat' dir='ltr'><strong>voce</strong></span> <span class='ocrx_word' id='word_1_386' title='bbox 2525 3001 2856 3064; x_wconf 87' lang='lat' dir='ltr'><strong>clarescere;</strong></span> <span class='ocrx_word' id='word_1_387' title='bbox 2915 3001 3072 3071; x_wconf 91' lang='lat' dir='ltr'><strong>cujus</strong></span> <span class='ocrx_word' id='word_1_388' title='bbox 3126 3001 3292 3056; x_wconf 85' lang='lat' dir='ltr'><strong>tantis</strong></span> <span class='ocrx_word' id='word_1_389' title='bbox 3362 2998 3806 3070; x_wconf 78' lang='lat' dir='ltr'><strong>prosperitatibus</strong></span> 
     </span>
    </p>
   </div>
   <div class='ocr_carea' id='block_1_62' title="bbox 2229 3091 3422 3163">
    <p class='ocr_par' dir='ltr' id='par_1_62' title="bbox 2229 3091 3422 3163">
     <span class='ocr_line' id='line_1_62' title="bbox 2229 3091 3422 3163; baseline 0 -17"><span class='ocrx_word' id='word_1_390' title='bbox 2229 3107 2326 3148; x_wconf 87' lang='lat' dir='ltr'><strong>vos</strong></span> <span class='ocrx_word' id='word_1_391' title='bbox 2361 3094 2616 3149; x_wconf 85' lang='lat' dir='ltr'><strong>convenit</strong></span> <span class='ocrx_word' id='word_1_392' title='bbox 2644 3093 3006 3163; x_wconf 85' lang='lat' dir='ltr'><strong>congaudere.</strong></span> <span class='ocrx_word' id='word_1_393' title='bbox 3051 3092 3194 3146; x_wconf 88' lang='lat' dir='ltr'><strong>Bene</strong></span> <span class='ocrx_word' id='word_1_394' title='bbox 3225 3091 3422 3147; x_wconf 88' lang='lat' dir='ltr'><strong>valete.</strong></span> 
     </span>
    </p>
   </div>
   <div class='ocr_carea' id='block_1_63' title="bbox 2771 3185 3238 3241">
    <p class='ocr_par' dir='ltr' id='par_1_63' title="bbox 2771 3185 3238 3241">
     <span class='ocr_line' id='line_1_63' title="bbox 2771 3185 3238 3241; baseline -0.002 -1"><span class='ocrx_word' id='word_1_395' title='bbox 2771 3185 3104 3241; x_wconf 85' lang='lat' dir='ltr'><strong>EPISTOLA</strong></span> <span class='ocrx_word' id='word_1_396' title='bbox 3149 3185 3238 3240; x_wconf 78' lang='grc' dir='ltr'><strong>ιν.</strong></span> 
     </span>
    </p>
   </div>
   <div class='ocr_carea' id='block_1_64' title="bbox 2441 3291 3599 3333">
    <p class='ocr_par' dir='ltr' id='par_1_64' title="bbox 2441 3291 3599 3333">
     <span class='ocr_line' id='line_1_64' title="bbox 2441 3291 3599 3333; baseline -0.002 -1"><span class='ocrx_word' id='word_1_397' title='bbox 2441 3291 2670 3332; x_wconf 62' lang='lat' dir='ltr'><strong>EIUSDEM</strong></span> <span class='ocrx_word' id='word_1_398' title='bbox 2705 3291 2774 3331; x_wconf 74' lang='grc' dir='ltr'><strong>ΑΒ</strong></span> <span class='ocrx_word' id='word_1_399' title='bbox 2813 3291 3039 3333; x_wconf 62' lang='grc' dir='ltr'><strong>εΑβιοιωί</strong></span> <span class='ocrx_word' id='word_1_400' title='bbox 3090 3291 3352 3332; x_wconf 65' lang='grc' dir='ltr'><strong>Μνλιιιιι</strong></span> <span class='ocrx_word' id='word_1_401' title='bbox 3395 3292 3599 3333; x_wconf 74' lang='grc' dir='ltr'><strong>ιιεςειί.</strong></span> 
     </span>
    </p>
   </div>
   <div class='ocr_carea' id='block_1_65' title="bbox 2825 3369 3210 3439">
    <p class='ocr_par' dir='ltr' id='par_1_65' title="bbox 2825 3369 3210 3439">
     <span class='ocr_line' id='line_1_65' title="bbox 2825 3369 3210 3439; baseline 0.003 -17"><span class='ocrx_word' id='word_1_402' title='bbox 2825 3369 2999 3439; x_wconf 77' lang='lat' dir='ltr'><strong>(Anno</strong></span> <span class='ocrx_word' id='word_1_403' title='bbox 3024 3369 3210 3439; x_wconf 74' lang='grc'><strong>1025.)</strong></span> 
     </span>
    </p>
   </div>
   <div class='ocr_carea' id='block_1_66' title="bbox 2301 3460 3808 3532">
    <p class='ocr_par' dir='ltr' id='par_1_66' title="bbox 2301 3460 3808 3532">
     <span class='ocr_line' id='line_1_66' title="bbox 2301 3460 3808 3532; baseline -0.002 -13"><span class='ocrx_word' id='word_1_404' title='bbox 2301 3460 2631 3519; x_wconf 65' lang='lat' dir='ltr'><strong>Orthodoxas</strong></span> <span class='ocrx_word' id='word_1_405' title='bbox 2675 3461 2801 3518; x_wconf 84' lang='lat' dir='ltr'><strong>ﬁdei</strong></span> <span class='ocrx_word' id='word_1_406' title='bbox 2843 3461 3037 3518; x_wconf 90' lang='lat' dir='ltr'><strong>cultori</strong></span> <span class='ocrx_word' id='word_1_407' title='bbox 3069 3462 3358 3532; x_wconf 79' lang='lat' dir='ltr'><strong>magniﬁco</strong></span> <span class='ocrx_word' id='word_1_408' title='bbox 3383 3461 3586 3517; x_wconf 90' lang='lat' dir='ltr'><strong>domno</strong></span> <span class='ocrx_word' id='word_1_409' title='bbox 3618 3461 3808 3517; x_wconf 64' lang='lat' dir='ltr'><strong>Sancto</strong></span> 
     </span>
    </p>
   </div>
   <div class='ocr_carea' id='block_1_67' title="bbox 2233 3549 3803 3625">
    <p class='ocr_par' dir='ltr' id='par_1_67' title="bbox 2233 3549 3803 3625">
     <span class='ocr_line' id='line_1_67' title="bbox 2233 3549 3803 3625; baseline -0.003 -17"><span class='ocrx_word' id='word_1_410' title='bbox 2233 3554 2348 3625; x_wconf 85' lang='lat' dir='ltr'><strong>regi</strong></span> <span class='ocrx_word' id='word_1_411' title='bbox 2404 3551 2816 3624; x_wconf 79' lang='lat' dir='ltr'><strong>gloriosissimo,</strong></span> <span class='ocrx_word' id='word_1_412' title='bbox 2845 3550 3116 3606; x_wconf 86' lang='lat' dir='ltr'><strong>univcrsis</strong></span> <span class='ocrx_word' id='word_1_413' title='bbox 3145 3550 3396 3605; x_wconf 80' lang='lat' dir='ltr'><strong>laudibus</strong></span> <span class='ocrx_word' id='word_1_414' title='bbox 3442 3549 3803 3620; x_wconf 69' lang='lat' dir='ltr'><strong>praeferendo,</strong></span> 
     </span>
    </p>
   </div>
   <div class='ocr_carea' id='block_1_68' title="bbox 2233 3641 3807 3723">
    <p class='ocr_par' dir='ltr' id='par_1_68' title="bbox 2233 3641 3807 3723">
     <span class='ocr_line' id='line_1_68' title="bbox 2233 3641 3807 3723; baseline -0.004 -22"><span class='ocrx_word' id='word_1_415' title='bbox 2233 3645 2404 3702; x_wconf 63' lang='lat' dir='ltr'><strong>Ouva</strong></span> <span class='ocrx_word' id='word_1_416' title='bbox 2433 3654 2636 3723; x_wconf 82' lang='lat' dir='ltr'><strong>sanctae</strong></span> <span class='ocrx_word' id='word_1_417' title='bbox 2662 3642 2997 3698; x_wconf 84' lang='lat' dir='ltr'><strong>Ausonensis</strong></span> <span class='ocrx_word' id='word_1_418' title='bbox 3025 3643 3283 3698; x_wconf 75' lang='lat' dir='ltr'><strong>Ecclesia:</strong></span> <span class='ocrx_word' id='word_1_419' title='bbox 3328 3641 3526 3712; x_wconf 66' lang='lat' dir='ltr'><strong>praesul</strong></span> <span class='ocrx_word' id='word_1_420' title='bbox 3557 3651 3617 3696; x_wconf 92' lang='lat' dir='ltr'><strong>et</strong></span> <span class='ocrx_word' id='word_1_421' title='bbox 3646 3642 3807 3696; x_wconf 78' lang='lat' dir='ltr'><strong>abbas</strong></span> 
     </span>
    </p>
   </div>
   <div class='ocr_carea' id='block_1_69' title="bbox 2232 3735 3806 3810">
    <p class='ocr_par' dir='ltr' id='par_1_69' title="bbox 2232 3735 3806 3810">
     <span class='ocr_line' id='line_1_69' title="bbox 2232 3735 3806 3810; baseline -0.004 -15"><span class='ocrx_word' id='word_1_422' title='bbox 2232 3740 2359 3796; x_wconf 92' lang='lat' dir='ltr'><strong>licet</strong></span> <span class='ocrx_word' id='word_1_423' title='bbox 2384 3740 2658 3810; x_wconf 86' lang='lat' dir='ltr'><strong>indignus,</strong></span> <span class='ocrx_word' id='word_1_424' title='bbox 2689 3752 2984 3808; x_wconf 88' lang='lat' dir='ltr'><strong>secumque</strong></span> <span class='ocrx_word' id='word_1_425' title='bbox 3030 3752 3382 3793; x_wconf 90' lang='lat' dir='ltr'><strong>commanens</strong></span> <span class='ocrx_word' id='word_1_426' title='bbox 3406 3736 3580 3791; x_wconf 89' lang='lat' dir='ltr'><strong>divini</strong></span> <span class='ocrx_word' id='word_1_427' title='bbox 3604 3735 3806 3792; x_wconf 85' lang='lat' dir='ltr'><strong>ordinis</strong></span> 
     </span>
    </p>
   </div>
   <div class='ocr_carea' id='block_1_70' title="bbox 2231 3828 3804 3900">
    <p class='ocr_par' dir='ltr' id='par_1_70' title="bbox 2231 3828 3804 3900">
     <span class='ocr_line' id='line_1_70' title="bbox 2231 3828 3804 3900; baseline -0.004 -12"><span class='ocrx_word' id='word_1_428' title='bbox 2231 3842 2426 3895; x_wconf 69' lang='lat' dir='ltr'><strong>coetus,</strong></span> <span class='ocrx_word' id='word_1_429' title='bbox 2455 3831 2642 3886; x_wconf 80' lang='lat' dir='ltr'><strong>felices</strong></span> <span class='ocrx_word' id='word_1_430' title='bbox 2692 3829 3090 3900; x_wconf 89' lang='lat' dir='ltr'><strong>triumphaliter</strong></span> <span class='ocrx_word' id='word_1_431' title='bbox 3141 3829 3230 3884; x_wconf 90' lang='lat' dir='ltr'><strong>hic</strong></span> <span class='ocrx_word' id='word_1_432' title='bbox 3281 3828 3566 3898; x_wconf 87' lang='lat' dir='ltr'><strong>possidere</strong></span> <span class='ocrx_word' id='word_1_433' title='bbox 3593 3842 3804 3882; x_wconf 84' lang='lat' dir='ltr'><strong>succes-</strong></span> 
     </span>
    </p>
   </div>
   <div class='ocr_carea' id='block_1_71' title="bbox 2231 3917 3808 3987">
    <p class='ocr_par' dir='ltr' id='par_1_71' title="bbox 2231 3917 3808 3987">
     <span class='ocr_line' id='line_1_71' title="bbox 2231 3917 3808 3987; baseline -0.003 -10"><span class='ocrx_word' id='word_1_434' title='bbox 2231 3939 2346 3987; x_wconf 89' lang='lat' dir='ltr'><strong>sus,</strong></span> <span class='ocrx_word' id='word_1_435' title='bbox 2403 3930 2458 3976; x_wconf 86' lang='lat' dir='ltr'><strong>et</strong></span> <span class='ocrx_word' id='word_1_436' title='bbox 2510 3937 2616 3976; x_wconf 91' lang='lat' dir='ltr'><strong>non</strong></span> <span class='ocrx_word' id='word_1_437' title='bbox 2683 3921 2950 3976; x_wconf 82' lang='lat' dir='ltr'><strong>ﬁniendos</strong></span> <span class='ocrx_word' id='word_1_438' title='bbox 3005 3921 3058 3975; x_wconf 93' lang='lat' dir='ltr'><strong>in</strong></span> <span class='ocrx_word' id='word_1_439' title='bbox 3119 3918 3432 3974; x_wconf 71' lang='lat' dir='ltr'><strong>cmlestibus</strong></span> <span class='ocrx_word' id='word_1_440' title='bbox 3479 3917 3808 3974; x_wconf 75' lang='lat' dir='ltr'><strong>aeternaliter</strong></span> 
     </span>
    </p>
   </div>
   <div class='ocr_carea' id='block_1_72' title="bbox 2233 4015 2458 4073">
    <p class='ocr_par' dir='ltr' id='par_1_72' title="bbox 2233 4015 2458 4073">
     <span class='ocr_line' id='line_1_72' title="bbox 2233 4015 2458 4073; baseline 0 -3"><span class='ocrx_word' id='word_1_441' title='bbox 2233 4015 2258 4070; x_wconf 84' lang='lat' dir='ltr'><strong>f</strong></span> <span class='ocrx_word' id='word_1_442' title='bbox 2258 4027 2458 4073; x_wconf 89' lang='lat' dir='ltr'><strong>ructus.</strong></span> 
     </span>
    </p>
   </div>
   <div class='ocr_carea' id='block_1_73' title="bbox 2162 4104 3807 4176">
    <p class='ocr_par' dir='ltr' id='par_1_73' title="bbox 2162 4104 3807 4176">
     <span class='ocr_line' id='line_1_73' title="bbox 2162 4104 3807 4176; baseline -0.002 -14"><span class='ocrx_word' id='word_1_443' title='bbox 2162 4104 2207 4168; x_wconf 92' lang='lat' dir='ltr'><strong><em>C</em></strong></span> <span class='ocrx_word' id='word_1_444' title='bbox 2310 4107 2366 4162; x_wconf 90' lang='lat' dir='ltr'><strong>Si</strong></span> <span class='ocrx_word' id='word_1_445' title='bbox 2398 4107 2730 4176; x_wconf 87' lang='lat' dir='ltr'><strong>prosperitas</strong></span> <span class='ocrx_word' id='word_1_446' title='bbox 2778 4115 2973 4162; x_wconf 74' lang='lat' dir='ltr'><strong>vestra:</strong></span> <span class='ocrx_word' id='word_1_447' title='bbox 3026 4105 3438 4176; x_wconf 65' lang='lat' dir='ltr'><strong>magnificentiae</strong></span> <span class='ocrx_word' id='word_1_448' title='bbox 3487 4104 3661 4160; x_wconf 87' lang='lat' dir='ltr'><strong>divini</strong></span> <span class='ocrx_word' id='word_1_449' title='bbox 3700 4121 3807 4159; x_wconf 90' lang='lat' dir='ltr'><strong>mu-</strong></span> 
     </span>
    </p>
   </div>
   <div class='ocr_carea' id='block_1_74' title="bbox 2235 4197 3808 4269">
    <p class='ocr_par' dir='ltr' id='par_1_74' title="bbox 2235 4197 3808 4269">
     <span class='ocr_line' id='line_1_74' title="bbox 2235 4197 3808 4269; baseline -0.004 -13"><span class='ocrx_word' id='word_1_450' title='bbox 2235 4202 2385 4256; x_wconf 85' lang='lat' dir='ltr'><strong>neris</strong></span> <span class='ocrx_word' id='word_1_451' title='bbox 2439 4200 2883 4256; x_wconf 84' lang='lat' dir='ltr'><strong>eoncessionibus</strong></span> <span class='ocrx_word' id='word_1_452' title='bbox 2936 4207 3354 4269; x_wconf 83' lang='lat' dir='ltr'><strong>augmentatur,</strong></span> <span class='ocrx_word' id='word_1_453' title='bbox 3411 4197 3551 4253; x_wconf 86' lang='lat' dir='ltr'><strong>nihil</strong></span> <span class='ocrx_word' id='word_1_454' title='bbox 3613 4197 3808 4252; x_wconf 86' lang='lat' dir='ltr'><strong>nostris</strong></span> 
     </span>
    </p>
   </div>
   <div class='ocr_carea' id='block_1_75' title="bbox 2234 4287 3808 4360">
    <p class='ocr_par' dir='ltr' id='par_1_75' title="bbox 2234 4287 3808 4360">
     <span class='ocr_line' id='line_1_75' title="bbox 2234 4287 3808 4360; baseline -0.004 -14"><span class='ocrx_word' id='word_1_455' title='bbox 2234 4291 2513 4346; x_wconf 87' lang='lat' dir='ltr'><strong>mentibus</strong></span> <span class='ocrx_word' id='word_1_456' title='bbox 2538 4289 2830 4360; x_wconf 90' lang='lat' dir='ltr'><strong>optabilius</strong></span> <span class='ocrx_word' id='word_1_457' title='bbox 2855 4289 3033 4343; x_wconf 88' lang='lat' dir='ltr'><strong>inesse</strong></span> <span class='ocrx_word' id='word_1_458' title='bbox 3062 4290 3343 4358; x_wconf 88' lang='lat' dir='ltr'><strong>probatur.</strong></span> <span class='ocrx_word' id='word_1_459' title='bbox 3395 4288 3600 4342; x_wconf 70' lang='lat' dir='ltr'><strong>Verum</strong></span> <span class='ocrx_word' id='word_1_460' title='bbox 3623 4288 3668 4341; x_wconf 93' lang='lat' dir='ltr'><strong>si</strong></span> <span class='ocrx_word' id='word_1_461' title='bbox 3697 4287 3808 4358; x_wconf 85' lang='lat' dir='ltr'><strong>qui-</strong></span> 
     </span>
    </p>
   </div>
   <div class='ocr_carea' id='block_1_76' title="bbox 2233 4375 3808 4450">
    <p class='ocr_par' dir='ltr' id='par_1_76' title="bbox 2233 4375 3808 4450">
     <span class='ocr_line' id='line_1_76' title="bbox 2233 4375 3808 4450; baseline -0.005 -14"><span class='ocrx_word' id='word_1_462' title='bbox 2233 4381 2469 4436; x_wconf 89' lang='lat' dir='ltr'><strong>buslibet</strong></span> <span class='ocrx_word' id='word_1_463' title='bbox 2499 4380 2858 4435; x_wconf 88' lang='lat' dir='ltr'><strong>incommodis</strong></span> <span class='ocrx_word' id='word_1_464' title='bbox 2896 4387 3266 4450; x_wconf 86' lang='lat' dir='ltr'><strong>promovetur,</strong></span> <span class='ocrx_word' id='word_1_465' title='bbox 3297 4376 3433 4431; x_wconf 91' lang='lat' dir='ltr'><strong>nihil</strong></span> <span class='ocrx_word' id='word_1_466' title='bbox 3464 4376 3616 4446; x_wconf 90' lang='lat' dir='ltr'><strong>quod</strong></span> <span class='ocrx_word' id='word_1_467' title='bbox 3645 4375 3808 4446; x_wconf 85' lang='lat' dir='ltr'><strong>magis</strong></span> 
     </span>
    </p>
   </div>
   <div class='ocr_carea' id='block_1_77' title="bbox 2234 4467 3810 4538">
    <p class='ocr_par' dir='ltr' id='par_1_77' title="bbox 2234 4467 3810 4538">
     <span class='ocr_line' id='line_1_77' title="bbox 2234 4467 3810 4538; baseline -0.008 -10"><span class='ocrx_word' id='word_1_468' title='bbox 2234 4472 2486 4528; x_wconf 92' lang='lat' dir='ltr'><strong>nolumus</strong></span> <span class='ocrx_word' id='word_1_469' title='bbox 2514 4471 2809 4526; x_wconf 89' lang='lat' dir='ltr'><strong>invenitur.</strong></span> <span class='ocrx_word' id='word_1_470' title='bbox 2862 4469 3088 4538; x_wconf 85' lang='lat' dir='ltr'><strong>Agimus</strong></span> <span class='ocrx_word' id='word_1_471' title='bbox 3137 4476 3316 4522; x_wconf 88' lang='lat' dir='ltr'><strong>autem</strong></span> <span class='ocrx_word' id='word_1_472' title='bbox 3369 4467 3690 4521; x_wconf 89' lang='lat' dir='ltr'><strong>innumeras</strong></span> <span class='ocrx_word' id='word_1_473' title='bbox 3719 4478 3810 4535; x_wconf 89' lang='lat' dir='ltr'><strong>pro</strong></span> 
     </span>
    </p>
   </div>
   <div class='ocr_carea' id='block_1_78' title="bbox 2233 4554 3810 4635">
    <p class='ocr_par' dir='ltr' id='par_1_78' title="bbox 2233 4554 3810 4635">
     <span class='ocr_line' id='line_1_78' title="bbox 2233 4554 3810 4635; baseline -0.006 -18"><span class='ocrx_word' id='word_1_474' title='bbox 2233 4578 2391 4634; x_wconf 82' lang='lat' dir='ltr'><strong>posse</strong></span> <span class='ocrx_word' id='word_1_475' title='bbox 2417 4563 2620 4635; x_wconf 78' lang='lat' dir='ltr'><strong>gratias</strong></span> <span class='ocrx_word' id='word_1_476' title='bbox 2663 4561 3066 4630; x_wconf 65' lang='lat' dir='ltr'><strong>omnipotentiae</strong></span> <span class='ocrx_word' id='word_1_477' title='bbox 3096 4557 3424 4622; x_wconf 87' lang='lat' dir='ltr'><strong>Conditoris,</strong></span> <span class='ocrx_word' id='word_1_478' title='bbox 3457 4558 3550 4626; x_wconf 91' lang='lat' dir='ltr'><strong>qui</strong></span> <span class='ocrx_word' id='word_1_479' title='bbox 3579 4557 3662 4610; x_wconf 91' lang='lat' dir='ltr'><strong>sic</strong></span> <span class='ocrx_word' id='word_1_480' title='bbox 3693 4554 3810 4608; x_wconf 87' lang='lat' dir='ltr'><strong>lati-</strong></span> 
     </span>
    </p>
   </div>
   <div class='ocr_carea' id='block_1_79' title="bbox 2233 4643 3809 4714">
    <p class='ocr_par' dir='ltr' id='par_1_79' title="bbox 2233 4643 3809 4714">
     <span class='ocr_line' id='line_1_79' title="bbox 2233 4643 3809 4714; baseline -0.007 -7"><span class='ocrx_word' id='word_1_481' title='bbox 2233 4654 2472 4707; x_wconf 85' lang='lat' dir='ltr'><strong>tudinem</strong></span> <span class='ocrx_word' id='word_1_482' title='bbox 2499 4651 2669 4708; x_wconf 87' lang='lat' dir='ltr'><strong>vestri</strong></span> <span class='ocrx_word' id='word_1_483' title='bbox 2699 4651 2880 4705; x_wconf 89' lang='lat' dir='ltr'><strong>cordis</strong></span> <span class='ocrx_word' id='word_1_484' title='bbox 2906 4649 3123 4703; x_wconf 90' lang='lat' dir='ltr'><strong>vinculo</strong></span> <span class='ocrx_word' id='word_1_485' title='bbox 3150 4648 3231 4703; x_wconf 92' lang='lat' dir='ltr'><strong>sui</strong></span> <span class='ocrx_word' id='word_1_486' title='bbox 3259 4645 3592 4714; x_wconf 80' lang='lat' dir='ltr'><strong>constringit</strong></span> <span class='ocrx_word' id='word_1_487' title='bbox 3613 4643 3809 4700; x_wconf 86' lang='lat' dir='ltr'><strong>amoris</strong></span> 
     </span>
    </p>
   </div>
   <div class='ocr_carea' id='block_1_80' title="bbox 2231 4734 3808 4811">
    <p class='ocr_par' dir='ltr' id='par_1_80' title="bbox 2231 4734 3808 4811">
     <span class='ocr_line' id='line_1_80' title="bbox 2231 4734 3808 4811; baseline -0.007 -15"><span class='ocrx_word' id='word_1_488' title='bbox 2231 4751 2292 4796; x_wconf 91' lang='lat' dir='ltr'><strong>ut</strong></span> <span class='ocrx_word' id='word_1_489' title='bbox 2313 4756 2431 4811; x_wconf 79' lang='lat' dir='ltr'><strong>qua:</strong></span> <span class='ocrx_word' id='word_1_490' title='bbox 2458 4741 2696 4796; x_wconf 82' lang='lat' dir='ltr'><strong>maxima</strong></span> <span class='ocrx_word' id='word_1_491' title='bbox 2731 4749 3100 4808; x_wconf 91' lang='lat' dir='ltr'><strong>suntoperum</strong></span> <span class='ocrx_word' id='word_1_492' title='bbox 3131 4747 3457 4800; x_wconf 86' lang='lat' dir='ltr'><strong>vestrorum,</strong></span> <span class='ocrx_word' id='word_1_493' title='bbox 3496 4735 3584 4790; x_wconf 88' lang='lat' dir='ltr'><strong>vel</strong></span> <span class='ocrx_word' id='word_1_494' title='bbox 3616 4734 3808 4796; x_wconf 87' lang='lat' dir='ltr'><strong>media,</strong></span> 
     </span>
    </p>
   </div>
   <div class='ocr_carea' id='block_1_81' title="bbox 2232 4822 3807 4903">
    <p class='ocr_par' dir='ltr' id='par_1_81' title="bbox 2232 4822 3807 4903">
     <span class='ocr_line' id='line_1_81' title="bbox 2232 4822 3807 4903; baseline -0.008 -15"><span class='ocrx_word' id='word_1_495' title='bbox 2232 4849 2339 4888; x_wconf 82' lang='lat' dir='ltr'><strong>non</strong></span> <span class='ocrx_word' id='word_1_496' title='bbox 2385 4833 2603 4903; x_wconf 87' lang='lat' dir='ltr'><strong>propria</strong></span> <span class='ocrx_word' id='word_1_497' title='bbox 2653 4839 2842 4901; x_wconf 87' lang='lat' dir='ltr'><strong>sponte</strong></span> <span class='ocrx_word' id='word_1_498' title='bbox 2877 4829 3172 4899; x_wconf 76' lang='lat' dir='ltr'><strong>peragatis,</strong></span> <span class='ocrx_word' id='word_1_499' title='bbox 3205 4828 3296 4883; x_wconf 90' lang='lat' dir='ltr'><strong>scd</strong></span> <span class='ocrx_word' id='word_1_500' title='bbox 3323 4825 3634 4880; x_wconf 87' lang='lat' dir='ltr'><strong>timentium</strong></span> <span class='ocrx_word' id='word_1_501' title='bbox 3666 4822 3807 4878; x_wconf 88' lang='lat' dir='ltr'><strong>illum</strong></span> 
     </span>
    </p>
   </div>
   <div class='ocr_carea' id='block_1_82' title="bbox 2233 4916 3805 4990">
    <p class='ocr_par' dir='ltr' id='par_1_82' title="bbox 2233 4916 3805 4990">
     <span class='ocr_line' id='line_1_82' title="bbox 2233 4916 3805 4990; baseline -0.008 -9"><span class='ocrx_word' id='word_1_502' title='bbox 2233 4926 2480 4988; x_wconf 92' lang='lat' dir='ltr'><strong>consilia,</strong></span> <span class='ocrx_word' id='word_1_503' title='bbox 2511 4926 2703 4978; x_wconf 87' lang='lat' dir='ltr'><strong>horum</strong></span> <span class='ocrx_word' id='word_1_504' title='bbox 2731 4922 2984 4977; x_wconf 88' lang='lat' dir='ltr'><strong>videlicet</strong></span> <span class='ocrx_word' id='word_1_505' title='bbox 3006 4921 3099 4990; x_wconf 91' lang='lat' dir='ltr'><strong>qui</strong></span> <span class='ocrx_word' id='word_1_506' title='bbox 3126 4920 3282 4990; x_wconf 87' lang='lat' dir='ltr'><strong>longe</strong></span> <span class='ocrx_word' id='word_1_507' title='bbox 3297 4925 3422 4973; x_wconf 92' lang='lat' dir='ltr'><strong>sunt</strong></span> <span class='ocrx_word' id='word_1_508' title='bbox 3439 4928 3494 4972; x_wconf 88' lang='lat' dir='ltr'><strong>et</strong></span> <span class='ocrx_word' id='word_1_509' title='bbox 3509 4916 3607 4986; x_wconf 90' lang='lat' dir='ltr'><strong>qui</strong></span> <span class='ocrx_word' id='word_1_510' title='bbox 3625 4929 3805 4986; x_wconf 83' lang='lat' dir='ltr'><strong>prope,</strong></span> 
     </span>
    </p>
   </div>
   <div class='ocr_carea' id='block_1_83' title="bbox 2232 5007 3806 5089">
    <p class='ocr_par' dir='ltr' id='par_1_83' title="bbox 2232 5007 3806 5089">
     <span class='ocr_line' id='line_1_83' title="bbox 2232 5007 3806 5089; baseline -0.01 -15"><span class='ocrx_word' id='word_1_511' title='bbox 2232 5017 2398 5089; x_wconf 82' lang='lat' dir='ltr'><strong>regali</strong></span> <span class='ocrx_word' id='word_1_512' title='bbox 2428 5017 2646 5071; x_wconf 88' lang='lat' dir='ltr'><strong>solertia</strong></span> <span class='ocrx_word' id='word_1_513' title='bbox 2691 5014 3047 5083; x_wconf 88' lang='lat' dir='ltr'><strong>conquiratis.</strong></span> <span class='ocrx_word' id='word_1_514' title='bbox 3085 5013 3250 5066; x_wconf 76' lang='lat' dir='ltr'><strong>Vobis</strong></span> <span class='ocrx_word' id='word_1_515' title='bbox 3289 5024 3505 5080; x_wconf 81' lang='lat' dir='ltr'><strong>quoque</strong></span> <span class='ocrx_word' id='word_1_516' title='bbox 3549 5007 3806 5078; x_wconf 86' lang='lat' dir='ltr'><strong>plurimas</strong></span> 
     </span>
    </p>
   </div>
  </div>
