3992 5338
207 427 306 481 601

1657 416 2039 473 ΕΡΙΞΤΟΙΑΕ.

3349 419 3450 474 602

205 538 514 593 retulerunt
552 529 862 591 mandatum
897 541 951 589 et
971 532 1362 589 sollicitudines
1401 531 1565 585 animi
1588 529 1773 584 vestri.
1807 531 1852 589 Α
1881 541 1978 595 per
2014 527 2115 580 hoc
2142 526 2472 592 cbntineant,
2505 527 2619 584 haec
2645 528 2712 583 ab
2741 528 2846 583 illis
2878 528 2943 582 ad
2998 537 3242 598 posteros
3289 532 3448 586 missa

272 631 328 684 Ξ.
359 630 532 700 Igitur
570 629 636 684 de
665 629 790 691 hoc,
827 626 967 682 unde
997 626 1200 696 placuit
1244 635 1438 680 vestrm
1468 623 1770 679 celsitudini

201 729 446 775 nostram
480 719 758 790 inquirere
787 720 1144 790 parvitatem‘,
1199 719 1456 787 quidquid
1489 717 1678 771 melius
1704 730 1772 769 ex

200 811 320 881 lege
349 820 406 868 et
436 812 738 882 prophetis,
768 812 853 867 vel
879 812 945 867 de
979 813 1192 866 caeteris
1235 811 1430 865 divinis
1477 808 1773 878 Scripturis

201 903 464 974 colligere
511 904 808 974 potuimus,
842 902 1042 957 vestris
1088 902 1366 956 obtutibus
1397 900 1632 967 dirigere
1661 908 1773 952 stu-

199 993 440 1048 duimus.
462 993 662 1060 Quanti
688 1008 816 1063 ergo
863 994 935 1046 sit
971 992 1214 1046 criminis
1263 990 1528 1060 conjugali
1561 988 1771 1043 vinculo

196 1083 480 1152 proximos
523 1085 851 1154 conjungere
902 1084 1180 1153 sanguinis
1207 1083 1290 1136 lex
1324 1081 1534 1136 Veteris
1582 1081 1770 1135 Testa-

197 1173 367 1228 menti
390 1173 727 1244 pronuntiat,
752 1172 1024 1243 prophetze
1053 1172 1306 1235 clamant,
1339 1170 1565 1241 apostoli
1589 1181 1770 1224 osten-

195 1265 353 1331 dunt,
381 1267 664 1334 sanctique
712 1272 833 1334 post
879 1263 999 1318 illos
1027 1263 1216 1318 Patres
1246 1265 1358 1319 suis
1387 1263 1770 1318 dictaminihus

197 1354 453 1409 innuunt.
479 1355 546 1408 Et
573 1355 715 1422 quod
744 1354 912 1407 veteri
945 1352 1063 1422 lege
1102 1353 1390 1408 damnatur
1410 1369 1438 1406 a
1469 1352 1768 1421 prophetis,

195 1442 247 1495 id
274 1442 450 1512 ipsum
502 1441 849 1497 interdicitur
875 1441 942 1496 ab
970 1441 1260 1510 apostolis;
1283 1440 1692 1503 contradicitur,
1715 1446 1770 1492 et

194 1550 225 1588 a
255 1535 472 1589 caeteris
493 1588 496 1590 γ
520 1533 861 1604 postmodum
889 1533 1082 1588 divinae
1117 1534 1358 1588 scientia:
1399 1530 1770 1601 cognitoribus

192 1625 712 1679 anathematizatur.
745 1623 954 1678 Clamat
982 1623 1211 1693 denique
1255 1623 1509 1679 Dominus
1535 1623 1646 1690 ipsc
1675 1636 1771 1690 per

195 1713 418 1785 Moysen
449 1715 504 1768 in
535 1715 673 1768 libro
699 1713 940 1769 Levitico
965 1733 978 1769 :
1003 1713 1182 1769 Omnis
1206 1716 1358 1768 homo
1381 1713 1449 1765 ad
1475 1718 1768 1782 proximam

189 1807 273 1857 sui
324 1807 604 1874 sanguinis
652 1822 754 1859 non
800 1806 1038 1866 accedat.
1085 1817 1136 1858 ut
1181 1804 1361 1859 revelet
1391 1803 1766 1871 turpitudinem

1877 615 2268 669 demonstrant.
2299 615 2371 670 De
2399 618 2640 682 incestis,
2667 634 2732 672 ex
2769 619 2997 672 concilio
3048 619 3327 687 llerdeusi,
3358 638 3451 676 ca-

1875 702 2044 772 pitulo
2077 705 2110 758 4
2143 723 2155 758 :
2187 705 2248 758 Ili
2283 707 2372 774 qui
2403 722 2461 760 se
2489 709 2675 762 incesti
2715 709 3004 776 pollutione
3032 710 3448 777 connnaculaut,

1874 794 2074 862 quique
2117 794 2170 847 in
2201 795 2303 848 hoc
2343 795 2662 850 detestaudo
2691 798 3051 852 contubernio
3077 812 3446 868 perseverant,

1873 898 1993 935 eum
2026 882 2171 938 nullo
2200 883 2628 940 Christianorum
2681 889 2858 942 cibum
2909 899 3147 944 sumant.
3197 891 3329 946 Item
3381 894 3449 948 de

1873 973 1977 1035 his,
2006 974 2097 1042 qui
2129 975 2390 1044 proximis
2418 992 2476 1030 se
2499 976 2849 1048 conjttngunt,
2878 995 2941 1036 ex
2982 982 3212 1038 concilio
3243 983 3452 1039 Toleta-

1873 1081 1960 1125 no,
1995 1066 2229 1136 capitulo
2255 1065 2288 1120 5
2316 1085 2328 1121 :
2361 1067 2547 1123 Nullus
2581 1069 2812 1124 lidclium
2841 1074 3196 1142 propinquam
3229 1077 3442 1145 sangui~

1872 1164 1956 1217 nis
1990 1165 2069 1218 sui
2105 1165 2156 1218 in
2183 1165 2526 1220 matrimonio
2552 1165 2654 1220 sibi
2687 1167 2925 1236 capulet;
2975 1169 3116 1236 quod
3147 1170 3190 1223 si
3217 1169 3442 1237 fecerit,

1873 1264 2022 1308 tanto
2052 1265 2290 1325 tempore
2329 1272 2358 1310 a
2386 1256 2586 1312 Christi
2607 1272 2832 1327 corpore
2861 1267 2914 1312 et
2945 1259 3186 1313 fraterno
3213 1275 3441 1316 consor-

1872 1346 1946 1399 tio
1969 1349 2465 1404 excommunicatus
2490 1350 2687 1404 existat
2717 1360 2920 1419 quanto
2950 1350 3113 1405 fuerit
3133 1352 3234 1407 ista
3257 1365 3446 1408 conta-

1871 1434 2028 1502 gione
2055 1435 2305 1504 pollutus.
2334 1437 2462 1492 Item
2491 1453 2558 1493 ex
2589 1438 2818 1493 concilio
2863 1440 3164 1510 Agatheusi
3203 1441 3443 1510 capitulo

1872 1525 1979 1580 ηε
2013 1527 2090 1582 De
2118 1525 2340 1583 incestis
2367 1537 2422 1584 et
2444 1526 2813 1597 junctionibus
2858 1529 2991 1584 nihil
3027 1545 3247 1600 prorsus
3276 1531 3448 1585 veniae

1871 1631 2234 1683 reservamus,
2265 1618 2369 1672 nisi
2401 1633 2522 1673 cum
2553 1618 2874 1674 adulteriqu
2905 1620 3249 1690 separatione
3279 1635 3445 1674 sana-

1870 1710 2066 1762 verlnt.
2099 1707 2336 1763 Incestos
2362 1724 2489 1762 vero
2518 1709 2766 1772 dicimus,
2813 1711 2904 1780 qui
2955 1711 3198 1765 relictam
3253 1710 3445 1766 fratris

1869 1812 2092 1851 uxorem
2126 1799 2432 1868 acceperint
2457 1809 2548 1852 aut
2584 1801 2768 1853 fratris
2818 1817 3155 1869 germanam,
3203 1811 3297 1856 aut
3351 1818 3447 1856 no-

188 1892 324 1961 ejus.
374 1893 661 1949 Subiufert
708 1909 922 1964 quoque
966 1904 1086 1964 post
1138 1909 1306 1964 pauca
1347 1903 1402 1948 et
1427 1894 1558 1946 dicit
1587 1913 1598 1946 :
1631 1891 1761 1945 Cum
1796 1884 1839 1942 Β
1869 1901 2102 1950 verram,
2134 1896 2226 1939 aut
2247 1888 2640 1948 consobrinam.
2669 1898 2763 1942 aut
2787 1890 2851 1943 de
2880 1892 3096 1960 propria
3121 1894 3450 1962 cognatione

189 2001 356 2040 uxore
380 1987 611 2052 proximi
639 1988 715 2039 tui
748 2004 850 2040 non
874 1987 1052 2049 coibis,
1072 2004 1163 2040 nec
1177 1987 1385 2042 seminis
1409 1986 1769 2039 commistione

188 2073 557 2130 maculaberis.
581 2076 710 2132 Izcm
737 2078 788 2131 in
816 2077 1002 2133 eodem
1038 2096 1050 2131 :
1084 2077 1266 2132 Omnis
1295 2078 1471 2130 anima
1495 2093 1609 2145 quae
1633 2076 1769 2144 fece-

189 2167 255 2218 rit
286 2167 353 2220 de
381 2165 860 2220 abominationibus
881 2167 962 2219 Itis
991 2167 1281 2235 quidpiam,
1306 2165 1490 2233 peribit
1516 2165 1577 2218 de
1595 2164 1764 2217 medio

185 2255 369 2324 pepuli
392 2256 496 2309 sui.
517 2255 650 2309 Item
678 2265 794 2325 post
824 2255 1090 2324 paululum
1118 2256 1170 2309 in
1194 2256 1381 2309 eodem
1415 2273 1426 2307 :
1459 2254 1560 2319 Qui
1584 2255 1764 2307 coierit

185 2360 301 2396 cum
333 2361 497 2398 uxore
519 2345 717 2412 patrui,
748 2345 825 2397 vel
849 2344 1093 2398 avunculi
1123 2346 1226 2406 sui,
1251 2356 1296 2396 et
1325 2344 1617 2397 ret'elarcrit
1646 2355 1763 2395 tur-

184 2433 476 2501 pitudinem
505 2435 645 2503 ejus,
669 2435 948 2503 portabunt
981 2435 1133 2488 ambo
1158 2436 1482 2504 iniquitatem
1511 2451 1685 2496 suam,
1713 2445 1760 2487 et

184 2525 379 2592 absque
424 2525 604 2578 liberis
645 2526 952 2578 morientur.
1012 2525 1144 2579 Item
1201 2527 1450 2580 Ezechiel
1501 2526 1760 2594 pr0phcta

186 2613 309 2666 dicit
343 2614 409 2668 de
439 2616 540 2668 hoc
570 2615 712 2669 inter
756 2625 948 2669 caetera
990 2634 1003 2669 :
1047 2615 1106 2670 Si
1146 2618 1378 2684 genuerit
1407 2619 1561 2669 homo
1590 2617 1758 2685 ﬁlium

184 2705 494 2772 sanguinem
521 2705 892 2772 effundentem,
922 2715 970 2758 et
999 2723 1214 2760 uxorem
1267 2709 1492 2776 proximi
1531 2709 1612 2760 sui
1641 2701 1758 2776 pol-

183 2793 436 2857 luentem,
478 2794 716 2863 nunquid
756 2795 923 2848 viret?
965 2794 1078 2848 Non
1119 2797 1281 2850 vivet.
1314 2797 1370 2850 In
1403 2806 1628 2864 peccato
1661 2813 1758 2852 suo

183 2881 328 2948 quod
374 2890 630 2951 operatus
683 2883 849 2938 estin
883 2884 997 2952 ipso
1039 2886 1320 2940 morietur.
1374 2885 1510 2940 Hinc
1562 2889 1754 2940 iterum

182 2974 320 3030 Osee
348 2976 611 3044 propheta
639 2976 876 3046 loquitur
894 2977 1034 3032 inter
1054 2979 1158 3034 alia
1185 2997 1198 3032 :
1228 2979 1588 3041 Maledictum,
1608 2995 1756 3032 men-

179 3065 413 3132 dacium,
445 3066 808 3130 homicidium,
841 3079 889 3120 et
916 3069 1116 3137 furtum
1165 3078 1211 3122 et
1254 3069 1571 3121 adulterium
1598 3069 1756 3121 inun-

179 3155 451 3218 daverant,
483 3168 530 3210 et
556 3157 774 3227 sanguis
822 3160 1127 3228 sanguinem
1179 3160 1364 3227 tetigit.
1412 3157 1635 3228 Propter
1655 3159 1751 3211 hoc

1867 1990 2036 2044 usque
2066 1976 2116 2029 in
2149 1977 2429 2046 septimam
2451 1977 2876 2046 generationem,
2907 1988 2999 2033 aut
3020 1995 3244 2035 uxorem
3268 1997 3437 2036 avun-

1873 2065 1977 2143 culi
2011 2064 2096 2120 vel
2134 2066 2295 2120 filiam
2326 2067 2605 2132 avunculi,
2640 2068 2723 2122 vel
2759 2069 2921 2124 tiliam
2951 2071 3125 2141 patrui
3157 2079 3250 2125 aut
3278 2072 3443 2141 privi-

1865 2173 1982 2227 gnae
2014 2175 2142 2223 snze,
2166 2159 2362 2226 quibus
2388 2160 2636 2214 omnibus
2663 2158 2970 2228 conjunctio
3002 2163 3187 2218 illicita
3214 2163 3438 2216 interdi-

1863 2252 2025 2304 citur.
2061 2252 2188 2302 Item
2217 2248 2509 2318 Gregorius
2538 2265 2670 2320 papa
2702 2253 3078 2307 sanctissimus
3107 2255 3158 2306 in
3206 2253 3442 2308 concilio

1863 2337 2108 2390 ltomano
2140 2338 2213 2390 ait
2240 2338 2307 2390 de
2338 2339 2440 2392 hoc
2468 2338 2608 2392 inter
2634 2350 2826 2394 caetera
2860 2359 2871 2394 :
2905 2340 2959 2395 Si
2993 2343 3114 2410 quis
3153 2346 3437 2398 consobri-

1862 2443 1985 2479 nam
2021 2418 2232 2478 amni
2276 2427 2327 2479 in
2373 2425 2648 2496 coniugio,
2698 2437 2790 2481 aut
2831 2444 3052 2484 uxorem
3102 2431 3168 2483 de
3220 2433 3437 2500 propria

1861 2516 2198 2585 cognatione,
2231 2516 2312 2569 vel
2343 2532 2504 2586 quam
2534 2527 2792 2584 cognatus
2822 2517 3011 2572 habuit
3057 2533 3227 2587 usque
3261 2519 3311 2572 in
3351 2534 3438 2574 se-

1861 2607 2090 2674 ptimam
2121 2606 2548 2675 generationem,
2578 2607 2864 2660 anathema
2908 2607 2997 2661 sit.
3051 2608 3113 2662 Et
3147 2610 3438 2677 responde-

1859 2708 1986 2750 runt
2012 2699 2171 2752 tertio
2199 2713 2387 2752 omnes
2413 2699 2504 2768 qui
2552 2711 2708 2753 erant
2740 2700 2795 2753 in
2825 2700 3057 2755 concilio
3088 2720 3100 2754 :
3132 2703 3434 2756 Anathcma

1858 2791 1949 2844 sit.

1928 2881 1981 2934 4.
2011 2881 2134 2935 Haec
2155 2881 2335 2950 itaque
2357 2889 2503 2946 sunt.
2531 2897 2564 2935 ο
2590 2882 2731 2936 bone
2751 2897 2845 2936 rex
2873 2891 2924 2937 et
2949 2881 3248 2936 clarissime
3279 2883 3436 2953 prin-

1856 2984 2002 3040 ceps,
2041 2972 2227 3025 incesti
2258 2971 2509 3025 connubii
2540 2973 2755 3025 damna.
2789 2971 2911 3026 Ilaec
2962 2972 3218 3026 divinitus
3268 2973 3434 3028 inter-

1855 3061 2011 3115 dictae
2036 3061 2240 3130 copulae
2281 3061 2626 3126 detrimenta,
2681 3078 2842 3131 super
2887 3077 3006 3131 qua:
3052 3063 3222 3117 multo
3271 3063 3432 3119 latins

1856 3161 2136 3203 auctorum
2189 3165 2474 3204 numerosa
2523 3166 2945 3221 congereremus
2996 3153 3265 3224 exempla,
3323 3155 3428 3210 nisi

178 3245 536 3311 inﬁrmabitur
563 3257 704 3302 terra
727 3259 775 3303 et
796 3227 964 3304 omnis
993 3251 1082 3321 qui
1107 3250 1306 3303 habitat
1330 3251 1383 3303 in
1413 3267 1474 3304 ea
1501 3227 1555 3306 in
1587 3250 1748 3304 bestia

1859 3253 1952 3292 nos
1998 3247 2050 3293 et
2094 3238 2330 3293 brevitas
2362 3241 2641 3308 temporis,
2673 3249 2725 3295 ct
2777 3243 3088 3297 nuntiorum
3140 3254 3428 3314 properata

175 3340 315 3407 agri,
342 3349 390 3392 et
420 3339 626 3394 coluere
659 3343 794 3406 cazli,
844 3351 890 3395 et
931 3343 984 3395 in
1015 3343 1242 3412 piscibus
1293 3345 1474 3397 maris.
1519 3343 1751 3414 Sanguis

174 3431 380 3483 ctenim
405 3433 722 3500 sanguinem
757 3435 948 3502 tangit,
981 3435 1105 3488 dum
1138 3434 1520 3489 irrationabilis
1546 3437 1748 3505 copula:

174 3521 400 3588 profana
450 3523 757 3576 commistio
807 3523 1085 3593 sanguinis
1130 3523 1376 3578 atlinitati
1435 3542 1494 3580 se
1543 3525 1744 3594 jungit,

172 3619 338 3679 atque
368 3611 424 3664 in
454 3609 830 3666 fornicationis
879 3614 1079 3666 nodum
1132 3615 1454 3668 connubiale
1483 3632 1746 3669 commer-

171 3701 314 3752 cium
367 3702 584 3754 transit.
641 3702 928 3771 IIucusque
985 3704 1052 3758 de
1102 3705 1396 3759 veteribus.
1427 3691 1745 3759 Christianre

171 3803 389 3858 quoque
423 3791 698 3860 religionis
729 3802 847 3860 post
878 3793 1151 3848 Christum
1186 3795 1461 3848 institutor
1483 3803 1536 3846 et
1556 3795 1746 3848 doctor

168 3879 444 3948 apostolus
472 3881 672 3936 Paulus
702 3883 1007 3952 hujusmodi
1037 3900 1205 3953 genus
1234 3884 1607 3939 fornicationis
1645 3884 1741 3937 de-

167 3979 398 4038 testans,
430 3973 485 4027 in
513 3973 753 4042 Epistula
801 3975 867 4028 ad
914 3975 1226 4030 Corinthios
1281 3977 1452 4045 prima
1501 3977 1575 4028 ait
1605 3977 1743 4028 inter

166 4070 405 4115 caetera:
440 4061 670 4117 Nescitis
697 4065 819 4134 quia
858 4082 1078 4130 corpora
1134 4077 1306 4120 vestra
1361 4067 1589 4119 membra
1621 4078 1740 4120 sunt

166 4154 625 4211 ChristiITollens
654 4174 776 4227 ergo
802 4158 1029 4210 membra
1045 4157 1260 4224 Christi,
1290 4159 1480 4226 faciam
1511 4159 1738 4213 membra
1797 4201 1804 4208 .

162 4245 453 4298 meretricis
475 4245 501 4297 3
521 4245 687 4300 Absit.
718 4247 799 4299 Au
845 4248 1052 4300 nescitis
1079 4251 1326 4317 quoniam
1368 4249 1455 4314 qui
1508 4249 1740 4301 adhtrret

161 4336 451 4402 meretrici,
479 4353 642 4390 unum
686 4354 873 4406 corpus
905 4339 1160 4408 efﬁcitur?
1187 4337 1381 4402 Erunt,
1413 4339 1606 4408 inquit,
1633 4340 1737 4392 duo

161 4426 210 4478 in
230 4443 396 4480 carne
418 4443 544 4481 una.
589 4427 693 4493 Qui
717 4439 888 4482 autem
916 4430 1146 4482 adhaeret
1187 4429 1434 4492 Domino,
1468 4448 1602 4484 unus
1630 4431 1737 4497 spi-

161 4517 288 4570 ritus
319 4527 421 4570 est.
444 4518 575 4571 Item
608 4519 660 4571 in
689 4519 877 4573 eodem
909 4519 1027 4574 loco
1052 4539 1064 4572 :
1095 4518 1285 4588 Fugite
1312 4521 1728 4588 fornicationem.

1852 3329 2139 3402 regressio,
2168 3339 2221 3383 et
2249 3330 2532 3398 prolixitas
2559 3332 2764 3386 charte
2794 3344 3053 3403 cogerent
3106 3336 3174 3389 ab
3209 3336 3426 3406 incepto

1849 3420 2130 3474 desistere.
2161 3420 2391 3475 Oramus
2411 3429 2588 3475 autem
2623 3437 2716 3476 vos
2747 3432 2802 3476 et
2826 3424 3176 3478 obsecramus
3200 3439 3294 3495 per
3324 3425 3432 3480 Do-

1847 3510 2051 3564 minum
2085 3509 2292 3574 Jesum,
2325 3519 2384 3564 ut
2410 3512 2556 3566 omni
2605 3513 3015 3568 circumstantia
3074 3530 3169 3568 vos
3226 3514 3294 3568 ab
3340 3514 3425 3569 his

1845 3600 2191 3654 exsecraudis
2222 3601 2478 3670 operibus
2502 3603 2845 3668 custodiatis,
2885 3603 3140 3673 nulloque
3168 3604 3426 3673 deinceps

1844 3689 2003 3742 modo
2031 3705 2310 3744 assensum
2336 3701 2440 3746 tam
2464 3692 2708 3748 nefandis
2735 3697 2920 3750 usibus
2943 3680 3247 3764 priebeatis.
3276 3695 3422 3763 Quo-

1843 3778 1985 3830 niam
2018 3779 2158 3833 sicut
2184 3781 2312 3835 dicit
2345 3781 2536 3837 beatus
2571 3783 2768 3838 Paulus
2796 3786 3068 3855 apostolus
3109 3801 3124 3839 :
3156 3785 3258 3851 Qui
3290 3786 3421 3840 talia

1843 3879 2000 3937 agunt
2027 3871 2171 3941 digni
2197 3883 2316 3925 sunt
2345 3885 2528 3939 ntorte,
2560 3892 2663 3928 non
2689 3878 2860 3930 solum
2903 3879 2994 3948 qui
3049 3879 3274 3948 faciunt,
3324 3881 3416 3934 sed

1841 3969 1887 4011 et
1915 3961 2001 4029 qui
2031 3964 2355 4016 consentiunt
2383 3955 2712 4033 facientibus.

1911 4051 1963 4102 5.
2006 4050 2109 4105 Sed
2145 4052 2371 4109 fortasse
2401 4056 2542 4110 dicet
2571 4058 2764 4126 aliquis
2801 4078 2813 4113 :
2859 4059 2913 4114 Si
2960 4076 3052 4115 rex
3102 4062 3412 4132 imperatori

1840 4145 2041 4198 sororis
2069 4146 2373 4216 conjugium
2405 4165 2510 4203 non
2559 4152 2856 4220 negaverit,
2891 4161 3018 4206 tunc
3052 4169 3408 4221 perseveran-

1842 4237 1912 4290 tia
1941 4239 2085 4305 paeis
2109 4249 2162 4291 et
2191 4255 2519 4309 paganorum
2570 4242 2784 4305 deletio,
2835 4252 2885 4297 et
2937 4244 3296 4298 Ecclesiarnm
3345 4245 3413 4298 ail

1839 4325 2008 4396 legem
2041 4327 2132 4382 Dei
2163 4344 2258 4396 per
2279 4343 2468 4383 omnes
2494 4329 2704 4384 illorum
2738 4342 2908 4385 terras
2938 4333 3252 4385 restituetur
3281 4347 3407 4386 cor-

1838 4419 2024 4472 rectio.
2054 4418 2207 4485 Quod
2232 4420 2275 4472 si
2308 4435 2412 4473 non
2443 4419 2652 4486 fecerit,
2677 4424 2824 4489 pacis
2851 4423 3152 4488 dissidium,
3185 4434 3238 4479 et
3268 4424 3414 4480 leva.

1843 4511 1915 4564 tio
1942 4526 2289 4580 paganorum,
2324 4520 2377 4566 et
2407 4512 2790 4568 detrimentum
2823 4515 2874 4568 in
2907 4516 2996 4569 Dei
3027 4515 3234 4586 legibus
3290 4533 3414 4588 per-

160 4604 324 4660 οηεηε
366 4617 634 4677 pet-calum
665 4609 1010 4680 quodcunque
1049 4610 1226 4679 fuerit
1270 4611 1422 4664 hom.
1451 4621 1595 4665 επινα
1619 4627 1733 4663 εον-
1762 4579 1810 4638 D
1837 4603 2104 4656 severabit
2135 4601 2519 4657 Ecclesiarum.
2554 4602 2702 4658 Vana
2733 4622 2954 4673 prorsus
2981 4617 3067 4662 est
3119 4608 3222 4662 ista
3256 4611 3408 4678 cogi-

155 4711 248 4761 pus
271 4707 371 4750 est.
396 4696 501 4762 Qui
528 4708 704 4752 autem
729 4699 1048 4767 fornicatur,
1069 4701 1123 4753 in
1150 4716 1337 4768 corpus
1362 4716 1514 4752 suum
1533 4709 1729 4769 peccat.

157 4784 292 4841 [line
318 4787 461 4843 idem
486 4789 778 4859 Apostolus
803 4790 853 4844 in
886 4790 1121 4859 Epistola
1137 4792 1203 4845 ad
1220 4790 1732 4845 Thessalonicenses

157 4876 294 4932 inter
314 4879 422 4934 alia
449 4896 464 4933 :
493 4879 623 4934 Ha'c
651 4894 723 4934 est
754 4881 895 4935 enim
952 4881 1194 4935 voluntas
1239 4881 1331 4934 Dei
1380 4881 1729 4948 sanctificatio

155 4978 345 5032 vestra,
385 4979 440 5023 ut
480 4970 786 5024 abstineatis
840 4987 928 5024 ros
981 4987 1012 5024 a
1069 4971 1438 5039 fornicatione,
1499 4982 1553 5025 ut
1596 4973 1728 5025 sciat

156 5060 505 5131 unusquisque
533 5079 687 5115 suum
713 5079 801 5116 vas
848 5063 1112 5130 possidere
1139 5063 1192 5115 in
1241 5064 1655 5132 sanctiﬁcatione
1678 5073 1729 5117 et

1836 4696 1986 4758 talio,
2019 4705 2073 4748 et
2102 4703 2159 4747 ut
2188 4695 2367 4749 verius
2398 4694 2595 4762 fatear,
2627 4698 2823 4752 diaboli
2856 4699 2908 4752 in
2937 4698 3192 4754 cordibus
3220 4701 3413 4755 huma-

1832 4783 1915 4837 nis
1948 4784 2230 4848 immissio,
2263 4794 2317 4837 et
2348 4784 2416 4838 ab
2450 4787 2598 4840 omni
2631 4785 2874 4842 funditus
2907 4787 3120 4841 ratione
3167 4789 3416 4843 veritatis

1831 4873 2121 4928 absistens.
2172 4873 2453 4943 Nunquam
2501 4877 2646 4931 enim
2694 4893 2755 4929 ex
2809 4876 3175 4945 hujuscemodi
3225 4875 3416 4944 eupula

1829 4987 1931 5041 pax
1965 4973 2246 5041 processit,
2286 4980 2378 5026 aut
2418 4988 2486 5028 ex
2526 4983 2638 5028 tam
2674 4973 2888 5028 incesto
2932 4971 3201 5025 connubio
3251 4967 3417 5025 divini

1832 5065 2006 5118 cultus
2034 5063 2297 5121 securitas
2324 5066 2623 5120 emanavit.
2659 5063 2915 5132 Denique
2942 5059 3174 5128 Spiritus
3200 5064 3424 5111 sanctus
