3992 5338
482 396 490 401 .
567 349 673 407 C03

1587 353 1816 410 OLI\’.~E
1854 351 2168 411 VICENSIS
2206 351 2510 411 EPlSCOPl
2541 358 2849 420 SCRIPTA.
3719 373 3805 430 60-!

573 461 718 514 niam
747 474 961 530 semper
988 473 1051 514 ex
1083 461 1334 516 castitate
1358 469 1412 516 et
1437 463 1694 532 pudicitia
1751 480 1851 532 pax
1887 465 2146 535 procedit,
2178 468 2230 533 Α
2258 471 2312 517 et
2359 465 2691 536 desolantur,
2746 473 2886 546 sicut
2927 475 2982 530 in
3011 478 3264 536 vastitate
3313 483 3518 540 hostili.
3565 484 3804 552 Quoniam

570 565 738 619 quare
767 547 1006 603 Christus
1028 551 1120 620 qui
1147 561 1223 604 est
1253 568 1358 621 pax
1386 563 1585 617 nostra,
1621 563 1783 608 casta:
1813 564 1868 608 et
1915 556 2148 623 pudicis-

570 644 720 694 simze
753 641 987 710 Virginis
1017 641 1158 696 [ilius
1184 642 1326 696 inter
1353 644 1600 698 homines
1627 645 1794 710 venit,
1823 656 1877 698 ut
1904 647 2152 714 paciﬁca-

571 744 642 784 ret
667 747 727 784 ea
753 748 872 800 qua:
901 732 953 786 in
985 732 1123 786 caelis
1148 743 1289 798 sunt,
1317 747 1362 788 et
1392 751 1508 804 qua:
1537 735 1590 789 in
1614 737 1786 789 terris.
1815 735 1973 790 Certe
1988 736 2156 792 Joan-

572 836 669 875 nes
705 821 948 890 Baptista
982 831 1037 876 et
1068 839 1375 893 praecursor
1403 825 1643 893 ejusdem
1685 825 1808 880 Filii
1858 827 1973 890 Dei,
2023 828 2151 882 dum

571 911 791 980 copulas
821 911 1051 967 Herodis
1084 914 1394 985 prohiberet
1421 915 1657 982 illicitas,
1685 916 1856 986 capite
1876 925 2154 972 truncatus

565 1013 790 1075 propter
817 991 1083 1072 justitiam
1135 1006 1370 1076 perdidit
1413 1007 1601 1074 vitam,
1638 1008 1733 1062 sed
1781 1007 2024 1062 lucratus
2067 1015 2154 1062 est

569 1093 814 1164 gloriam.
844 1093 910 1149 Et
935 1109 1043 1150 non
1073 1095 1248 1150 solum
1283 1097 1420 1166 ipse,
1476 1099 1568 1152 sed
1600 1107 1654 1152 et
1701 1114 1891 1153 omnes
1939 1099 2138 1164 sancti,

570 1186 663 1254 qui
693 1201 794 1241 nos
823 1186 1086 1242 hactenus
1110 1197 1532 1262 praecesserunt,
1566 1189 1761 1244 divina:
1790 1190 1924 1258 legis
1961 1191 2153 1244 adver-

570 1280 733 1335 sariis
776 1295 947 1350 usque
993 1281 1062 1337 ad
1114 1281 1432 1337 effusionem
1489 1282 1767 1353 sanguinis
1813 1283 2151 1338 restiterunt.

515 1356 521 1362 ’
566 1369 711 1442 Ergo
739 1369 784 1425 si
812 1379 1036 1441 propter
1062 1371 1164 1427 hoc
1191 1380 1381 1428 contra
1412 1387 1509 1427 vos
1535 1373 1835 1428 adversitas
1877 1373 2152 1444 improbo-

566 1477 688 1516 rum
721 1461 1022 1530 hominum,
1055 1464 1491 1520 Christianorum
1525 1465 1739 1521 scilicet
1785 1467 1871 1521 vel
1916 1480 2156 1538 pagano-

567 1567 714 1616 rum,
741 1551 1115 1619 insurrexerit,
1143 1569 1212 1610 ne
1244 1554 1483 1609 timeatis
1511 1553 1652 1621 illos,
1691 1571 1867 1625 neque
1891 1556 2152 1626 paveatis.

489 1657 492 1661 '
567 1641 854 1698 Dominum
881 1653 1055 1700 autem
1084 1644 1369 1712 Christum,
1419 1646 1591 1717 ipsum
1637 1648 1984 1716 sanctiﬁcata.
2035 1647 2155 1718 Ipse

571 1743 752 1790 terror
778 1746 979 1804 vester,
1008 1746 1063 1794 et
1089 1739 1205 1809 ipse
1229 1753 1397 1812 pavor
1424 1747 1623 1804 vester,
1657 1749 1710 1794 et
1743 1741 1850 1794 erit
1898 1741 2052 1796 vobis
2099 1742 2150 1796 in

2254 553 2430 610 tribus
2467 557 2611 612 inter
2651 573 2848 620 caetera
2897 567 3026 621 vitia
3071 573 3317 640 pessimis
3347 578 3608 647 nequitiis
3636 594 3808 649 cogno-

2251 645 2424 736 scitur
2481 650 2794 722 subjacere,
2847 657 3070 715 incestis
3118 663 3369 722 videlicet
3421 645 3722 739 coiijugiis,
3765 681 3810 726 et

2250 737 2504 834 ebrietati
2549 753 2712 814 atque
2765 753 3024 821 auguriis.
3056 755 3120 809 Et
3153 758 3218 812 de
3245 762 3420 829 primo
3468 737 3685 831 quidem
3729 780 3810 834 pro

2250 843 2410 898 posse
2432 827 2548 900 jam
2602 836 2865 906 diximus;
2916 843 2983 898 de
3025 847 3288 905 ebrietate
3334 868 3464 907 vero
3512 870 3610 923 per
3641 855 3811 910 Isaiam

2252 919 2492 990 loquitur
2519 923 2818 984 Dominus:
2876 931 2967 988 Va:
3015 938 3104 1006 qui
3143 950 3375 1008 potentes
3417 919 3544 998 estis
3575 945 3638 998 ab
3666 945 3813 999 biben-

2251 1008 2377 1064 dum
2405 1013 2607 1081 vinum,
2639 1029 2688 1072 et
2727 1024 2822 1077 viri
2854 1025 3017 1094 fortes
3046 1028 3115 1081 ad
3153 1032 3470 1088 miscendam
3509 1036 3810 1091 ebrietatem.

2252 1098 2392 1156 Hinc
2421 1117 2476 1160 et
2516 1105 2713 1164 Paulus
2756 1116 3034 1185 apostolus
3081 1119 3212 1176 dicit
3239 1123 3364 1191 quia
3395 1125 3587 1180 ebn’osi
3622 1142 3812 1196 regnum

2253 1194 2350 1286 Dei
2381 1209 2484 1252 nan
2529 1204 2886 1268 possidebunt.
2940 1205 3014 1260 De
3065 1213 3305 1280 auguriis
3351 1224 3532 1270 autem
3581 1194 3814 1286 praecepit

2253 1282 2398 1340 Deus
2428 1288 2478 1341 in
2527 1287 2685 1362 lege:
2740 1293 2863 1348 Non
2898 1299 3329 1372 auguriabimini,
3365 1322 3458 1360 nec
3498 1282 3816 1363 obse‘rvabitis

2253 1379 2479 1433 somnia.
2519 1379 2656 1438 lline
2679 1393 2732 1438 et
2761 1384 2961 1444 Paulus
2990 1393 3266 1462 apostolus
3294 1397 3372 1452 ait
3397 1414 3412 1452 :
3440 1397 3570 1453 Dies
3599 1399 3818 1454 observo-

2254 1467 2342 1531 tis,
2371 1477 2418 1522 et
2456 1487 2686 1540 menses,
2718 1484 2770 1531 et
2801 1486 3036 1550 tempora
3067 1493 3114 1536 et
3152 1500 3355 1551 annos;
3402 1487 3559 1540 timeo
3614 1504 3675 1542 ne
3701 1488 3820 1555 forte

2254 1556 2368 1610 sine
2388 1575 2548 1616 causa
2578 1561 2925 1622 laboraverim
2973 1571 3028 1625 in
3068 1572 3230 1628 vobis.
3269 1575 3489 1630 Interim
3534 1593 3637 1633 nos
3673 1576 3813 1633 linem

2257 1647 2448 1705 damus
2474 1653 2733 1723 epistolze.
2761 1657 3038 1732 Rogamus
3065 1677 3160 1718 vos
3189 1673 3247 1718 ut
3269 1665 3581 1733 dominum,
3609 1677 3662 1721 et
3681 1669 3814 1723 obse-

2257 1753 2474 1796 eramus
2501 1753 2558 1796 ut
2586 1755 2820 1814 patrem,
2865 1760 2919 1804 et
2964 1752 3321 1811 admonemus
3351 1766 3411 1812 ut
3454 1757 3652 1823 lilium,
3694 1759 3816 1828 quod

569 1827 1074 1892 sanetilicationem,
1105 1829 1158 1884 in
1185 1829 1436 1900 laqueum
1476 1840 1658 1886 autem
1712 1831 2054 1898 offensionis,
2099 1844 2155 1888 et
2187 1819 2230 1878 Β
2258 1833 2460 1887 nostris
2498 1835 2678 1901 dictis,
2707 1838 2816 1894 imo
2847 1841 3044 1898 divinis
3071 1845 3468 1903 assertionibus
3488 1849 3711 1904 credere
3728 1866 3820 1905 non.

569 1917 624 1973 in
657 1930 867 1989 petram
900 1923 1140 1977 scandali
1165 1924 1436 1988 omnibus,
1463 1925 1554 1994 qui
1588 1935 1810 1995 propter
1838 1926 1940 1980 hoc
1971 1927 2151 1980 insur-

570 2012 815 2065 rexerint
840 2013 1124 2068 adversum
1153 2029 1265 2069 vos.
1298 2015 1522 2085 Eritque
1552 2031 1676 2070 cum
1725 2016 1832 2071 illis
1872 2017 2152 2072 brachium

572 2115 857 2166 carneum,
891 2105 1167 2160 vobiscum
1199 2121 1330 2160 vero
1360 2107 1621 2162 Dominus
1651 2108 1789 2164 Deus
1820 2117 2022 2174 noster,
2067 2111 2156 2180 qui

572 2201 648 2244 est
678 2191 894 2262 adjutor
923 2195 976 2248 in
1007 2198 1504 2265 opportunitatibus,
1536 2200 1588 2252 in
1639 2199 1998 2254 tribulatione.
2054 2200 2159 2256 Ve-

575 2298 694 2337 rum
722 2284 765 2339 si
793 2285 1132 2355 aliquatenus
1162 2305 1260 2344 vos
1287 2290 1355 2344 ab
1401 2291 1507 2346 illis
1536 2295 1843 2362 permiserit
1874 2295 2158 2366 ﬂagellari,

575 2375 770 2432 habete
800 2378 852 2431 in
875 2381 1137 2437 memoria
1169 2383 1462 2453 repositam
1495 2394 1756 2440 teternam
1788 2402 1960 2456 Spem.
1993 2404 2156 2458 quam

574 2469 691 2524 sine
721 2470 881 2524 dubio
912 2473 1063 2528 vobis
1093 2477 1380 2543 concedet,
1416 2478 1761 2546 sempiterna:
1801 2480 2155 2544 hmreditatis,

575 2573 735 2626 quam
769 2562 952 2615 oculus
981 2579 1081 2616 non
1110 2564 1258 2627 vidit,
1291 2582 1381 2619 nec
1405 2569 1552 2620 auris
1602 2569 1826 2634 audivit,
1859 2586 1951 2622 nec
1982 2570 2037 2623 in
2067 2585 2159 2622 cor

575 2651 800 2705 hominis
829 2655 1080 2719 ascendit,
1108 2673 1225 2727 qua:
1248 2659 1563 2727 prwpararit
1619 2659 1761 2713 Deus
1810 2661 2154 2731 diligentibus

578 2759 651 2794 se.
682 2742 794 2794 Non
825 2745 967 2797 enim
1000 2760 1216 2816 semper
1245 2747 1370 2802 boni
1401 2749 1746 2814 tribulantur,
1803 2769 1904 2807 nec
1944 2769 2162 2822 semper

585 2834 912 2903 malijustos
956 2838 1288 2906 opprimunt.
1338 2840 1460 2908 quia
1510 2839 1678 2910 gloria
1735 2857 1923 2895 eorum
1961 2853 2160 2897 stercus

580 2933 629 2976 et
680 2926 863 2979 vermis
909 2938 1007 2987 est,
1040 2938 1087 2982 et
1141 2930 1338 2982 ducunt
1381 2933 1434 2984 in
1467 2931 1614 2985 bonis
1659 2933 1769 2988 dies
1815 2951 1961 2999 suos,
2011 2946 2057 2989 et
2107 2936 2160 2992 iu

580 3027 773 3083 puncto
807 3017 874 3068 ad
903 3017 1072 3084 infera
1099 3019 1440 3074 descendunt.

657 3105 712 3158 6.
747 3104 938 3160 Notum
971 3119 1150 3163 autem
1173 3110 1434 3165 habemus
1461 3113 1584 3181 quia
1617 3114 1670 3168 in
1700 3114 1899 3170 vestris
1919 3115 2046 3169 olim
2075 3131 2160 3171 re-

583 3197 833 3266 gionibus
879 3197 1023 3267 leges
1071 3203 1389 3255 rectissima:
1415 3203 1766 3272 promulgata:
1789 3213 1844 3261 et
1871 3207 2040 3260 sancti
2069 3221 2161 3260 ca-

583 3302 752 3342 nones
781 3303 808 3340 a
843 3288 1171 3345 beatissimis
1199 3291 1454 3348 Patribns
1485 3305 1610 3348 sunt
1641 3295 1888 3352 instituti.
1926 3297 2164 3368 Eratque

587 3384 716 3429 tunc
755 3380 1012 3447 temporis
1038 3388 1180 3434 terra
1207 3391 1389 3436 vestra
1414 3385 1685 3453 specimen
1720 3386 1882 3440 totius
1912 3388 2062 3442 orbis
2110 3387 2163 3441 in

583 3470 846 3540 religione
885 3474 1066 3529 divina
1103 3487 1157 3530 et
1203 3477 1574 3532 dominatione
1603 3488 1838 3532 terrena.
1868 3479 2020 3534 Nunc
2067 3497 2165 3534 au-

585 3567 694 3616 tem
729 3564 1000 3634 regionem
1030 3575 1266 3622 vestram
1301 3582 1488 3623 coram
1516 3569 1672 3623 vobis
1709 3570 1869 3623 alieni
1902 3571 2162 3626 devorant

2257 1923 2638 1996 dedignemini,
2656 1945 2757 1985 nec
2771 1931 3033 1988 malorum
3059 1936 3338 1992 hominum
3357 1940 3684 2009 permittatis
3703 1955 3819 2010 pra:-

2255 2015 2437 2072 valere
2485 2034 2807 2077 consensum
2855 2034 3041 2080 contra
3089 2026 3238 2098 leges
3284 2029 3498 2085 divinas
3543 2040 3602 2086 et
3644 2041 3819 2086 statuta

2257 2118 2598 2176 sanctormn,
2635 2111 2690 2167 in
2725 2115 2918 2170 ordine
2966 2117 3178 2173 scilicet
3213 2119 3581 2175 Ecclesiarum
3628 2130 3683 2176 et
3715 2138 3822 2177 cor-

2258 2199 2504 2253 rectione
2540 2205 3034 2274 monasteriorum,
3083 2209 3395 2265 defensione
3428 2227 3645 2282 quoque
3678 2214 3821 2283 pupil-

2258 2287 2432 2343 lorum
2461 2300 2517 2346 et
2553 2293 2869 2363 viduarum,
2895 2297 3268 2368 etjustissima
3306 2303 3664 2373 dispositione
3693 2308 3829 2360 vobis.

2258 2380 2494 2449 plebium
2527 2388 2964 2445 commissarum.
3014 2391 3122 2448 Nos
3157 2405 3362 2455 autem,
3389 2397 3633 2465 quandiu
3659 2411 3825 2452 sumus

2259 2474 2312 2529 in
2342 2475 2444 2530 hoc
2489 2492 2744 2548 corpore,
2775 2497 2993 2554 semper
3019 2486 3222 2541 erimus
3259 2498 3479 2542 orantes
3528 2504 3629 2557 pro
3654 2489 3821 2557 Nobis,

2263 2569 2720 2635 quemadmodum
2769 2588 2867 2642 pro
2896 2574 3180 2630 animabus
3216 2577 3446 2642 nostris,
3473 2586 3534 2630 ut
3565 2577 3707 2631 Deus
3729 2591 3825 2630 oni-

2262 2659 2514 2727 nipotens
2554 2660 2621 2714 ab
2649 2661 2861 2718 insidiis
2894 2665 3238 2720 inimicorum
3279 2676 3583 2722 vestrorum
3613 2684 3708 2722 vos
3731 2667 3828 2721 cle-

2261 2760 2477 2804 menter
2515 2751 2741 2822 eripiat,
2791 2762 2847 2807 et
2898 2755 2952 2808 in
3003 2757 3209 2810 sanctis
3258 2757 3516 2827 operibus
3562 2771 3731 2826 usque
3770 2757 3825 2808 ad

2263 2841 2424 2896 ﬁnem
2478 2843 2600 2899 vita:
2660 2862 3009 2915 perseverare
3059 2849 3338 2904 concedat.
3391 2849 3448 2903 Si
3523 2850 3656 2918 quid
3704 2863 3820 2902 vero

2261 2934 2428 2987 vestri
2470 2935 2626 2990 nobis
2678 2937 2890 3006 placeat
2939 2939 3200 2994 mandare
3245 2939 3486 3005 servitii,
3513 2939 3702 3008 jubete
3742 2955 3827 3008 pro

2264 3023 2434 3090 velle,
2484 3027 2740 3095 quoniam
2791 3030 2963 3098 parati
3014 3045 3200 3085 sumus
3251 3029 3476 3084 obedire
3521 3044 3621 3098 pro
3669 3042 3828 3098 posse.

2267 3111 2420 3178 Quod
2470 3127 2648 3169 autem
2692 3117 2779 3170 hic
2825 3134 2931 3171 non
2976 3119 3152 3189 potuit
3183 3118 3380 3184 scribi,
3426 3118 3479 3172 in
3527 3132 3625 3172 ore
3664 3117 3830 3170 damni

2267 3206 2501 3276 positum
2549 3215 2631 3260 est
2679 3207 2968 3263 Pontii.....
3018 3210 3212 3264 Datum
3262 3225 3361 3280 per
3406 3224 3601 3262 manus
3643 3207 3831 3261 Arnalli

2211 3357 2215 3362 ,
2270 3295 2429 3364 hujus
2459 3299 2639 3366 operis
2682 3300 2947 3364 ministri,
2975 3316 3006 3354 v
3031 3301 3215 3355 ldumn
3255 3299 3555 3364 Maiarum,
3590 3297 3834 3352 anno-ln-

2268 3391 2602 3445 (amationis
2637 3389 2836 3446 Christi
2874 3391 3162 3446 millesimo
3193 3391 3454 3462 vigesimo
3480 3391 3671 3455 tertio,
3710 3389 3835 3442 indi-

2265 3496 2448 3537 ειιοιιρ
2477 3499 2547 3539 γι.

585 3732 2572 3762 —_———-—————————__—____—_—-——

2111 3887 2308 4004 IV.

1148 4120 2356 4216 VICENSIS'ECCLESI/E
2430 4122 3293 4220 CONSECRATIO.

1982 4324 2186 4406 (Anno
2235 4319 2438 4401 1038.)

2187 4491 2430 4504 _

674 4625 832 4681 Anno
869 4625 1258 4681 incarnationis
1290 4625 1586 4680 Dominicae
1614 4623 1780 4690 1038,
1811 4640 1918 4679 aera
1955 4637 2180 4688 eum,
2214 4625 2259 4683 D
2288 4617 2428 4684 hem,
2475 4619 2667 4687 suique
2713 4618 2924 4687 nepotis
2971 4617 3154 4673 domui
3205 4617 3499 4697 Raimundi
3545 4625 3756 4676 comitis
3799 4631 3844 4676 et

607 4717 903 4773 indictione
932 4733 963 4770 v
997 4716 1096 4789 [vr]
1119 4719 1265 4772 venit
1306 4718 1536 4772 domnus
1582 4715 1871 4771 Guifredus
1905 4714 1961 4770 S.
1991 4717 2180 4784 primae

608 4811 752 4865 sedis
772 4807 1009 4864 Narbon.
1026 4810 1486 4881 archiepiscopus,
1510 4810 1594 4862 vir
1614 4809 1924 4864 excellentis
1957 4807 2180 4878 ingenii,

609 4910 665 4955 ct
711 4901 990 4970 sapientizn
1037 4900 1344 4971 singularis,
1375 4903 1441 4955 ad
1471 4901 1651 4956 sedem
1688 4901 1743 4956 Β.
1778 4900 1922 4956 Petri
1956 4899 2183 4970 apostoli

611 4992 872 5024 “B:I\Is:l\=t‘
1196 4993 1516 5024 Anonnnnn:.-
1600 5002 1762 5024 ΛΙΙΙΙΙΛ
1801 5009 1918 5024 ΛΙΙΙὶὶ
1965 5007 2029 5024 nn
2072 4990 2187 5024 01·ιῖ-

2287 4709 2636 4774 marchionis,
2669 4710 2822 4779 pueri
2852 4711 3085 4780 egregize
3113 4711 3327 4766 indolis.
3356 4709 3562 4766 Horum
3603 4731 3734 4770 vero
3764 4731 3842 4769 nu-

2289 4816 2500 4857 merosa
2523 4803 2838 4856 catervatim
2861 4801 3131 4871 proﬂuens
3155 4805 3432 4872 congeries
3453 4804 3843 4865 advocatorum.

2290 4902 2344 4948 ct
2367 4901 2666 4948 conventus
2698 4893 3122 4948 reverendorum
3140 4933 3155 4958 ,
3182 4908 3341 4962 quem
3367 4910 3526 4962 supra
3561 4897 3844 4954 retulimus,

2289 4985 2580 5024 πρίωμαι-ιη
2635 4984 2771 5024 nam.)
2800 4994 2923 5024 cunt
2963 4984 3220 5024 inclinnln
3250 4997 3300 5024 ιη
3335 4985 3602 5024 ἰηιΙιιςΙν-ἷει
3648 4986 3847 5024 montic-
