3992 5338
219 162 330 221 605

1156 164 1244 221 DE
1282 163 1633 221 ECCLESle
1670 161 1978 222 VICENSIS
2007 165 2593 228 CONSECRATIONE.

3367 138 3475 231 sas

292 277 544 348 Denique
576 278 643 344 is,
671 277 740 333 de
760 288 869 347 quo
889 292 1050 347 supra
1075 277 1387 341 retulimus,
1417 278 1646 334 domnus
1672 274 1803 333 Gui-
1828 280 1876 339 Α
1905 293 2076 349 usque
2102 280 2156 335 iu
2186 279 2402 337 ﬁuvium
2439 280 2623 348 Teser,
2664 292 2719 339 et
2747 286 2988 354 pervenit
3020 302 3189 358 usque
3218 287 3285 342 ad
3322 287 3476 359 plan-

220 371 410 428 l‘redus
425 369 685 430 Ecclesia:
703 369 939 424 Narbon.
964 367 1309 438 archiprzesnl
1332 368 1580 428 eximius,
1600 376 1655 423 et
1674 365 1806 421 mul-

223 461 447 517 timodis
489 459 742 515 laudibus
765 457 1071 514 ell'erendus
1094 458 1404 527 pontiﬁcum
1429 457 1530 513 sibi
1551 457 1807 512 assisten-

220 553 362 608 tium
387 551 622 613 chorus,
654 548 907 616 iucundae
942 548 1271 603 celebritatis
1306 548 1555 602 laudibus
1585 547 1804 617 perpul-

220 644 371 699 chr-.1:
382 642 577 699 salutis
589 642 863 711 divinique
880 649 1253 695 consummato
1271 640 1373 694 ﬁne
1389 640 1653 711 mysterii,
1667 641 1808 695 hanc

222 733 633 789 constitutionis
646 732 825 787 dotem
842 731 1017 786 eidem
1033 730 1274 786 ecclesiae
1288 730 1651 796 contulerunt,
1667 746 1808 785 eam-

222 840 334 894 que
359 832 624 895 perpetua
654 823 772 893 lege
799 821 1088 877 valituram
1112 821 1403 892 pontiﬁcali
1434 837 1661 877 censura
1687 837 1810 891 pro-

223 914 627 986 mulgaverunt.
646 913 705 968 In
720 914 937 969 nomine
954 914 1149 969 summi
1167 922 1222 968 et
1238 913 1692 969 incommutabilis
1713 913 1808 969 Dei

221 1015 282 1062 et
306 1004 611 1062 Salvatoris
631 1004 802 1060 nostri
819 1002 945 1060 Jesu
966 1003 1189 1070 Christi,
1203 1020 1302 1075 ego
1316 1003 1606 1059 Cuil‘redus
1621 1005 1810 1072 prima:

224 1097 375 1153 sedis
406 1095 778 1153 Narbonensis
797 1095 1257 1166 archiepiscopus,
1287 1104 1343 1149 et
1371 1095 1525 1152 Oliva
1567 1094 1810 1164 pontifex

224 1180 587 1253 Ausbnensis,
634 1195 693 1242 et.
743 1185 1105 1256 Berengarius
1144 1184 1446 1250 Elenensis,
1497 1195 1553 1241 et
1598 1184 1812 1241 Guisla-

222 1280 418 1337 bertus
444 1279 928 1345 Barchinonensis,
976 1286 1032 1333 et
1068 1277 1339 1333 Eriballus
1363 1277 1715 1349 Urgellensis,
1753 1285 1810 1333 et

224 1371 521 1428 Guil'redus
564 1371 1041 1436 Carcassonensis,
1088 1384 1197 1425 uno
1245 1369 1427 1423 animo
1472 1378 1530 1424 et
1580 1368 1812 1423 indivisa

222 1464 497 1518 sententia
533 1462 694 1518 simul
733 1477 922 1518 omnes
951 1462 1093 1516 hanc
1129 1460 1308 1515 dotem
1344 1460 1810 1515 corroborationis

225 1562 436 1610 sancta:
465 1555 623 1609 matri
650 1552 1207 1609 ecclesizeAusonensi
1229 1552 1282 1606 in
1312 1552 1514 1606 honore
1529 1553 1806 1606 beatorum

224 1647 600 1718 apostolorum
629 1646 776 1701 Petri
806 1656 863 1700 et
903 1644 1056 1699 Pauli
1110 1644 1344 1700 fundata:
1378 1654 1434 1699 et
1475 1655 1809 1701 consecrata:
1839 1616 1884 1675 Β

225 1737 604 1804 concedimus,
626 1746 684 1792 et
703 1736 1179 1799 conﬁrmamus,et
1202 1746 1259 1787 ut
1287 1734 1646 1804 irrefragabili
1669 1736 1810 1807 juris

223 1829 920 1904 perpetuitateincouvulsa
943 1836 1256 1899 permaneat
1279 1829 1378 1883 sub
1394 1829 1561 1883 divini
1576 1831 1810 1886 nominis

225 1922 619 1984 obtestatione.
640 1930 696 1976 et
723 1919 893 1975 nostri
916 1918 1127 1973 ordinis
1156 1918 1485 1973 auctoritate
1515 1919 1808 1974 sancimus.

225 2014 285 2070 ln
315 2014 506 2084 primis
538 2012 785 2067 eamdem
811 2010 1095 2066 ecclesiam
1127 2010 1413 2064 statuimus
1440 2025 1562 2065 esse
1591 2011 1811 2065 omnino

225 2104 482 2170 liberam,
508 2120 610 2161 nec
657 2105 1026 2174 cujuscunque
1066 2102 1272 2158 servitii
1303 2103 1537 2172 qualibet
1590 2119 1814 2159 exsecu-

226 2198 380 2252 tione
442 2195 755 2251 obnoxiam.
817 2193 1017 2249 Omnes
1068 2191 1369 2256 ecclesias,
1418 2192 1506 2248 vel
1560 2193 1810 2247 universa

226 2285 435 2357 prmdia
483 2292 903 2354 quantacunque
949 2283 1030 2336 vel
1081 2283 1391 2352 ubicunque
1447 2280 1815 2350 quorumlibet

228 2376 476 2431 ﬁdelium
514 2375 654 2429 dono
680 2373 782 2428 sibi
801 2373 947 2444 juste
974 2387 1255 2438 concessa,
1282 2372 1369 2426 vel
1400 2387 1571 2442 usque
1602 2372 1658 2425 in
1685 2386 1812 2441 per-

226 2474 458 2536 petuum
503 2463 649 2534 juste
690 2461 1033 2517 concedenda
1079 2462 1247 2517 libere
1279 2471 1472 2522 teneat,
1524 2468 1580 2515 et
1626 2474 1814 2514 secure

228 2555 531 2627 possideat,
589 2571 654 2610 ea
697 2554 978 2619 videlicet,
1021 2568 1141 2622 quae
1194 2553 1458 2608 hactenus
1500 2552 1711 2615 habuit,
1761 2558 1815 2606 et

230 2661 377 2700 nunc
413 2646 598 2709 habet,
646 2643 734 2698 vel
787 2644 1044 2713 quidquid
1096 2643 1149 2697 in
1199 2643 1452 2698 omnibus
1504 2640 1814 2697 mortalium

232 2737 573 2807 temporibus
598 2736 872 2800 habuerit,
916 2736 1133 2790 tertiam
1170 2745 1379 2806 partem
1416 2736 1482 2789 de
1520 2733 1817 2789 redditilms

231 2826 607 2893 ecclesiarum,
650 2825 737 2880 vel
786 2826 1068 2889 silvarum,
1106 2838 1200 2880 aut
1229 2827 1293 2879 de
1340 2825 1531 2895 pratis,
1565 2834 1656 2878 aut
1699 2836 1816 2877 ere-

233 2917 361 2983 mis.
390 2917 507 2971 sive
535 2912 740 2987 raﬁgis,
754 2915 837 2970 vel
862 2914 1000 2986 quos
1025 2915 1186 2983 lmjus
1201 2917 1388 2984 patriae
1403 2914 1600 2985 vulgus
1628 2913 1816 2967 tertios

236 2963 361 2983 ---.
390 2963 506 2971 --η
535 2963 740 2987 ----ο--.
768 2963 837 2970 ---
865 2963 998 2986 τη-
1027 2963 1386 2984 "ur—rw.“
1421 2963 1598 2985 --τπ-

236 3006 485 3063 absolute
505 3015 688 3078 vocat,
720 3007 1177 3077 quemadmodum
1203 3008 1482 3076 hucusque
1511 3005 1717 3069 habuit,
1732 3004 1815 3058 vel
1843 2963 1888 3025 Ο

236 3099 443 3154 habere
495 3099 713 3164 debuit,
768 3098 851 3153 vel
894 3099 1056 3153 etiam
1102 3097 1416 3168 pascuarios
1464 3098 1818 3165 undecunque

236 3188 425 3253 habet,
453 3188 540 3243 vel
565 3188 767 3244 habere
806 3188 983 3253 debet,
1016 3199 1073 3241 ut
1107 3189 1157 3241 in
1190 3198 1507 3259 perpetuum
1546 3187 1662 3241 sine
1686 3201 1815 3255 quo-

238 3277 497 3332 rumlibet
545 3278 931 3348 impedimento
984 3279 1281 3349 possideat,
1328 3280 1731 3343 conﬁrmamus,
1767 3288 1821 3334 et

239 3375 300 3419 ut
355 3378 571 3435 semper
620 3366 816 3421 haheat
866 3367 1156 3421 statuimus
1206 3378 1479 3422 monetam
1544 3368 1817 3438 publicam

242 3470 351 3509 sua:
398 3454 659 3524 regionis,
706 3464 761 3509 et
810 3454 1080 3509 toloneum
1111 3456 1177 3510 de
1213 3457 1466 3510 marcatis
1500 3456 1669 3525 ipsius
1715 3455 1816 3509 luci

240 3556 297 3598 et
344 3544 630 3612 Miuorisae,
657 3554 722 3600 ut
762 3560 977 3616 semper
1001 3544 1264 3611 obtineat,
1289 3546 1436 3600 omni
1477 3547 1635 3600 modo
1662 3544 1820 3599 robo-

246 3651 456 3693 ramus.

311 3728 686 3784 lnterdicimus
710 3742 926 3799 quoque
947 3728 1100 3798 juxta
1133 3736 1333 3783 statuta
1370 3737 1681 3784 sanctorum
1725 3742 1820 3782 ca-

243 3834 466 3885 nonum,
491 3830 547 3874 et
568 3819 947 3875 auctoritatem
972 3819 1317 3889 antiquorum
1344 3817 1590 3881 Patrum,
1616 3828 1675 3871 ut
1704 3816 1818 3871 nul.

245 3910 328 3965 lus
351 3909 718 3980 quorumlibet
767 3909 1080 3980 pontiﬁcum
1116 3910 1258 3964 intra
1310 3908 1445 3963 ﬁnes
1491 3910 1660 3979 ipsius
1709 3907 1820 3977 epi-

245 4010 494 4073 scopatus
518 4001 804 4056 ecclesiam
832 4016 1171 4066 consecrare,
1211 4002 1293 4055 vel
1330 4001 1653 4070 pmnitentes
1674 4000 1820 4070 ejus-

245 4090 364 4147 dem
393 4092 629 4163 episcOpi
677 4092 977 4160 suscipere,
1010 4107 1108 4146 nec
1143 4092 1259 4160 ejus
1284 4091 1514 4147 clericos
1564 4093 1822 4146 ordinare

245 4192 574 4252 praesumat,
624 4182 733 4237 nisi
784 4180 924 4236 forte
972 4182 1169 4251 praesul
1223 4183 1626 4252 praenominata:
1677 4182 1822 4237 sedis

247 4287 527 4328 assensum
562 4282 861 4343 spontanee
897 4273 1153 4341 praebeat.
1196 4272 1366 4327 Nemo
1409 4273 1609 4343 praedia
1656 4274 1823 4342 ipsius

246 4364 507 4428 ecclesias,
525 4363 836 4431 ubicunque
860 4362 1035 4416 debita
1053 4361 1127 4415 illi
1151 4362 1382 4426 noverit,
1409 4362 1587 4416 celare
1605 4364 1820 4428 audeat,

246 4453 338 4506 sed
384 4466 515 4508 mox
562 4452 659 4506 ubi
685 4451 1021 4520 cognoverit,
1060 4451 1127 4505 ad
1183 4450 1480 4520 profectum
1512 4451 1655 4506 illius
1703 4468 1827 4507 cono

248 4540 426 4597 testim
453 4541 806 4597 manifestare
830 4554 935 4595 non
962 4541 1162 4611 pigeat.
1184 4540 1370 4596 Nullus
1385 4542 1654 4613 princeps.
1680 4543 1824 4597 uulla

251 4631 497 4701 quaelibet
518 4641 761 4702 potestas
792 4645 987 4701 magna
1017 4631 1100 4685 vel
1138 4645 1325 4701 parva,
1359 4646 1459 4685 nec
1502 4632 1713 4702 aliquis
1735 4649 1826 4688 cn-

249 4718 543 4791 juscunque
571 4721 875 4791 dignitatis,
925 4729 1015 4775 aut
1067 4736 1251 4780 sexus,
1293 4731 1387 4773 aut
1429 4722 1637 4777 ordinis
1666 4722 1829 4777 homo

258 4813 506 4868 terminos
550 4814 727 4884 ipsius
762 4812 1103 4882 episcopatus
1155 4810 1472 4867 abbreviare
1516 4823 1826 4883 prtesumat,

262 4914 352 4954 nec
374 4902 436 4956 ad
457 4903 716 4956 damnum
744 4900 979 4970 praefatae
1022 4901 1168 4957 sedis
1196 4898 1434 4969 quolibet
1460 4903 1622 4957 modo
1649 4911 1827 4958 trans-

256 4992 389 5052 ferre
414 4997 496 5053 vel
526 4997 778 5051 alienare
804 4998 1111 5053 contendat.

317 5087 607 5143 Terminus
641 5099 776 5138 vero
819 5085 980 5141 totius
1021 5087 1371 5158 episcopatus
1411 5084 1471 5142 S.
1497 5086 1834 5143 Ausonensis

249 5176 498 5233 Ecclesiae
547 5174 753 5244 incipit
783 5188 812 5227 a
857 5175 1049 5235 ﬁnibus
1076 5176 1378 5246 Bergitani,
1415 5187 1467 5233 et
1517 5178 1834 5236 conscendit

247 5284 406 5338 usque
429 5271 485 5325 in
508 5277 787 5334 mentem,
817 5268 905 5338 qui
928 5271 1128 5327 dicitur
1163 5268 1433 5334 Eramala,
1475 5281 1531 5328 et
1559 5282 1731 5338 usque
1774 5270 1831 5325 in

1907 369 2090 431 tatios,
2111 370 2201 438 qui
2227 370 2487 427 terminus
2527 382 2611 427 est
2648 374 2785 428 inter
2815 373 3100 431 Gerunden
3133 386 3188 430 et
3216 379 3477 434 terminos

1903 458 2336 530 Ausoris,usque
2364 462 2415 514 in
2448 462 2621 516 rivum
2644 462 2897 521 Anseris:
2927 465 3242 519 conscendit
3261 481 3476 536 quoque

1906 564 2003 619 per
2030 550 2200 618 ipsam
2247 550 2468 631 Serram
2515 566 2684 621 usque
2721 553 2774 607 in
2822 553 3234 621 Gerundcllam;
3282 556 3477 611 deinde

1907 655 2003 711 per
2035 641 2201 711 ipsam
2234 643 2398 707 viam,
2453 658 2571 713 qum
2613 646 2761 700 venit
2804 648 2869 701 ad
2923 647 3125 703 Bellam
3171 649 3390 718 pullam,
3422 659 3480 705 et

1905 734 2251 802 progreditur
2275 748 2444 804 usque
2473 737 2540 791 ad
2570 738 2849 804 terminos,
2877 740 2969 809 qui
3007 750 3133 795 sunt
3162 741 3302 796 inter
3319 739 3482 796 Joan-

1908 832 2000 878 net
2037 833 2089 876 et
2119 824 2286 893 ipsam
2338 824 2601 890 Elzetaut,
2633 835 2687 882 et
2715 829 2858 883 venit
2894 830 2946 883 in
2984 830 3181 886 ﬁnibus
3215 830 3479 896 Arbutite,

1907 920 1961 966 et
2005 912 2132 967 inde
2180 914 2454 969 descendit
2506 930 2675 985 usque
2714 917 2781 972 ad
2825 932 3085 973 cacumen
3116 919 3337 984 montis,
3386 918 3481 988 qui

1909 1004 2104 1057 dicitur
2134 1004 2289 1074 Sera,
2320 1014 2376 1060 et
2417 1020 2588 1076 usque
2636 1009 2704 1063 ad
2753 1008 2923 1076 Calm,
2958 1026 3077 1081 quae
3106 1011 3305 1066 dicitur
3351 1011 3484 1065 Era-

1910 1095 2075 1161 mala,
2124 1106 2177 1153 et
2211 1098 2458 1168 pervenit
2505 1113 2675 1169 usque
2717 1099 2771 1153 in
2820 1099 3010 1155 collem
3061 1101 3257 1156 montis
3287 1099 3479 1172 Nigri:

1911 1185 2105 1241 deinde
2131 1186 2199 1241 ad
2231 1187 2406 1242 rivum
2435 1186 2693 1259 Congusti
2723 1189 2871 1244 venit
2900 1205 3071 1259 usque
3101 1190 3169 1244 ad
3200 1189 3481 1245 castellum

1908 1271 2163 1339 Bertillis,
2195 1284 2251 1331 et
2280 1291 2451 1347 usque
2494 1292 2659 1348 super
2688 1294 2877 1351 rupem
2915 1277 2973 1334 S.
3010 1278 3247 1344 Genesii,
3275 1288 3332 1333 et
3362 1278 3486 1336 inde

1911 1367 1979 1422 ad
2026 1376 2262 1424 montem
2312 1367 2373 1424 S.
2404 1367 2705 1436 Saturnini,
2751 1380 2808 1427 et
2856 1372 2925 1427 ad
2965 1382 3198 1427 montem
3241 1370 3485 1436 Calvum,

1910 1467 2073 1528 atque
2119 1459 2242 1514 inde
2276 1461 2619 1529 protenditur
2661 1478 2833 1533 usque
2882 1464 2950 1519 ad
3006 1474 3243 1520 montem
3296 1463 3490 1519 Serra-

1913 1556 2046 1602 tum.
2089 1547 2435 1619 Progreditur
2478 1560 2659 1604 autem
2693 1566 2791 1621 per
2830 1552 3039 1609 medios
3082 1552 3365 1616 terminos,
3395 1552 3488 1623 qui

1912 1647 2042 1692 sunt
2069 1638 2210 1692 inter
2251 1638 2548 1693 marchiam
2590 1638 3082 1698 Barcltinonensem
3126 1651 3183 1696 et
3209 1642 3493 1698 Ausoneu—

1911 1740 2048 1789 sem,
2087 1727 2226 1781 sicut
2254 1728 2566 1782 dividuntur
2594 1729 2725 1799 ipsa:
2765 1731 3037 1795 marcltite,
3069 1740 3125 1786 et
3153 1732 3299 1786 vadit
3321 1746 3493 1801 neque

1912 1828 2173 1883 castrum,
2200 1817 2362 1890 fquod
2392 1820 2592 1874 dicitur
2610 1821 2850 1885 Cheralt,
2876 1830 2931 1875 et
2953 1822 3125 1892 pergit
3150 1838 3243 1891 per
3262 1822 3492 1876 mediam

1912 1906 2232 1962 divisionem
2282 1909 2518 1977 ipsarum
2546 1910 2936 1977 marchiarum,
2984 1926 3152 1981 usque
3184 1911 3237 1965 in
3270 1910 3493 1964 ﬂuvium

1914 1996 2173 2070 Sigerim,
2202 2000 2450 2054 similiter
2478 2000 2545 2056 ab
2577 2016 2643 2055 eo
2669 2000 2860 2066 latere,
2889 2001 3033 2071 quod
3074 2000 3324 2070 superius
3350 2000 3492 2055 scri-

1910 2099 2060 2160 ptum
2088 2101 2173 2145 est
2218 2091 2271 2145 in
2300 2090 2499 2146 ﬁnibus
2526 2092 2819 2162 Bergitani,
2877 2094 3026 2148 vadit
3072 2093 3186 2162 ipse
3229 2092 3496 2147 terminus

1912 2180 2055 2237 inter
2096 2181 2395 2235 marchiam
2435 2180 2805 2237 Ausonensem
2835 2193 2891 2237 et
2938 2183 3236 2238 marchiam
3266 2181 3493 2236 Barchi-

1917 2278 2222 2333 tanensem,
2250 2269 2391 2323 sicut
2415 2269 2728 2324 dividuntur
2753 2271 2880 2341 ipsa:
2905 2271 3181 2336 marchiae,
3220 2279 3277 2325 et
3318 2270 3497 2341 pergit

1915 2374 2085 2427 usque
2116 2358 2171 2411 in
2198 2357 2419 2412 ﬂuvium
2455 2359 2713 2430 Sigorim.
3366 2354 3369 2357 ’

1988 2448 2063 2503 De
2110 2447 2224 2517 ipsa
2274 2464 2489 2519 quoque
2545 2458 2713 2515 terra,
2766 2449 2850 2504 vel
2900 2449 3168 2505 universis
3226 2447 3495 2512 ecclesiis,

1917 2545 2011 2591 aut
2060 2536 2331 2607 parocbiis
2359 2576 2375 2602 ,
2416 2536 2500 2591 vel
2543 2537 3007 2608 qualibuscunque
3063 2538 3316 2609 praediis,
3375 2552 3497 2607 qua:

1917 2628 1984 2681 ad
2012 2628 2329 2682 canonicam
2359 2625 2598 2695 ejusdem
2643 2628 2788 2683 sedis
2829 2629 2889 2683 Β.
2922 2629 3067 2683 Petri
3108 2627 3335 2699 apostoli
3374 2642 3500 2697 per-

1920 2718 2112 2781 tinent,
2143 2716 2415 2782 videlicct,
2438 2717 2578 2786 quod
2616 2719 2777 2774 hodie
2809 2716 2955 2788 juste
2984 2717 3259 2790 possidet,
3288 2717 3372 2772 vel
3400 2716 3498 2772 ab-

1917 2809 2047 2864 biuc
2099 2824 2198 2879 per
2225 2810 2478 2864 universa
2528 2819 2770 2880 tempora
2818 2809 2963 2879 juste
3018 2809 3360 2879 possederit,
3411 2808 3498 2862 vel

1919 2901 2257 2970 aequisierit,
2290 2917 2387 2971 per
2415 2902 2795 2956 auctoritatem
2831 2901 2889 2956 Β.
2919 2902 3061 2956 Petri
3094 2901 3320 2972 apostoli
3350 2901 3498 2971 prin-

1920 2991 2077 3062 cipis,
2112 3002 2167 3046 et
2220 3009 2317 3062 per
2361 2993 2609 3048 ordinem
2658 3003 2902 3049 nostrum
2959 2993 3494 3047 excommunicamus

1918 3091 1970 3135 et
1996 3082 2396 3148 interdicimus,
2442 3092 2669 3153 excepto
2713 3090 2974 3153 quantum
3007 3083 3176 3139 frater
3228 3094 3283 3137 et
3328 3082 3503 3152 coepi—

1919 3187 2113 3242 scopus
2160 3181 2345 3228 noster
2396 3173 2625 3229 domnus
2691 3171 2844 3228 Oliva
2910 3172 3174 3238 solverit,
3219 3180 3277 3226 ut
3322 3172 3501 3226 nullus

1919 3263 2082 3317 homo
2130 3262 2412 3331 cujuslibet
2454 3264 2764 3333 potestatis,
2805 3273 2899 3318 aut
2937 3279 3098 3318 sexus
3143 3272 3237 3317 aut
3276 3262 3503 3327 ordinis,

1919 3356 2122 3425 aliquid
2177 3356 2302 3411 inde
2351 3356 2547 3411 audeat
2585 3357 2812 3423 tollere,
2860 3367 2954 3411 aut
3006 3357 3275 3422 alienare,
3305 3357 3501 3411 vcl'ad

1920 3448 2174 3502 damnum
2226 3449 2496 3518 prmdictze
2544 3450 2817 3505 canonica:
2859 3450 3099 3521 quolibet
3126 3450 3285 3504 modo
3307 3459 3498 3521 trans-

1923 3541 2092 3607 ferre,
2126 3542 2210 3597 vel
2260 3552 2612 3596 commutare.
2640 3542 2752 3598 Hoc
2784 3544 2956 3613 ipsum
2986 3557 3135 3606 vero,
3172 3542 3315 3612 quod
3356 3541 3500 3613 juris

1921 3632 2087 3703 ipsius
2140 3633 2385 3687 canonici
2441 3632 2556 3687 fore
2598 3633 2940 3705 dignoscitur
2968 3674 2983 3699 ,
3044 3648 3110 3689 eo
3156 3642 3339 3687 tenore
3371 3630 3506 3686 obli-

1920 3738 2126 3791 gamus,
2161 3732 2238 3789 ut,
2270 3723 2722 3793 quemadmodqu
2749 3724 3118 3793 supradictum
3164 3730 3279 3785 est,
3339 3718 3502 3791 quid-

1920 3812 2048 3882 quid
2075 3812 2270 3867 exinde
2304 3812 2561 3882 prml'atus
2592 3812 2835 3882 pontifex
2874 3813 3024 3869 Oliva
3074 3812 3314 3876 solverit,
3353 3810 3505 3866 solu-

1925 3910 2037 3955 tum
2060 3912 2403 3971 permaneat,
2450 3902 2711 3972 quidquid
2749 3903 2959 3957 solvere
2989 3902 3243 3969 noluerit,
3282 3916 3501 3958 excom-

1920 3991 2252 4045 municatqu
2282 3990 2574 4061 pontiﬁcali
2604 4006 2830 4046 censura
2858 3992 3136 4060 persistat.

1990 4079 2159 4149 Igitur
2200 4078 2340 4134 hanc
2378 4081 2685 4135 universam
2723 4088 2921 4135 nostra:
2959 4078 3366 4135 constitutionis
3406 4078 3505 4134 do-

1922 4178 2032 4225 tem
2066 4170 2314 4241 superius
2350 4171 2747 4242 promulgatam
2786 4171 3010 4242 perenni
3060 4170 3178 4240 lcge
3216 4169 3509 4225 valituram

1933 4275 2250 4327 eensemus;
2276 4276 2601 4331 omnemque
2625 4262 2899 4318 hominem
2928 4261 3074 4316 illam
3105 4262 3511 4325 observantem,

1928 4361 1983 4407 et
2017 4361 2075 4406 ut
2104 4353 2314 4407 stabilis
2351 4361 2658 4423 permaneat
2715 4353 3057 4421 adjuvantem
3098 4368 3198 4423 pro
3230 4366 3391 4421 posse
3419 4351 3513 4405 be-

1929 4442 2253 4509 nedicimus,
2300 4453 2355 4499 et
2405 4452 2466 4499 ut
2513 4444 2923 4499 diuturnitatem
2966 4444 3088 4497 vitae
3132 4441 3418 4514 prteseutis
3457 4448 3513 4495 et

1931 4536 2346 4607 perpetuitatem
2384 4551 2600 4606 semper
2636 4536 2909 4599 manentis
2938 4535 3203 4595 obtineat,
3244 4539 3514 4602 przeOpta-

1932 4643 2075 4682 mus.
2130 4628 2434 4684 Statuimus
2483 4637 2664 4684 autem
2704 4628 2803 4682 sub
2848 4628 3017 4683 divini
3042 4623 3233 4693 judicii
3276 4624 3516 4679 obtesta-

1936 4719 2083 4773 tione
2122 4730 2177 4775 et
2220 4720 2582 4774 anathematis
2610 4718 3015 4781 interdictione,
3066 4722 3126 4767 ut.
3175 4713 3219 4768 si
3261 4710 3520 4782 quislibet

1931 4810 2095 4864 homo
2136 4812 2506 4882 cujuscunque
2536 4808 2820 4877 potestatis
2876 4817 2971 4862 aut
3014 4802 3223 4856 ordinis
3264 4801 3406 4854 hanc
3436 4796 3520 4850 di-

1931 4914 2188 4966 rumpere
2238 4898 2317 4952 vel
2364 4899 2569 4952 violare
2620 4897 2769 4949 uisus
2832 4892 3036 4955 fuerit,
3091 4897 3185 4941 aut
3224 4886 3524 4957 diruporit,

1933 5001 2027 5045 aut
2058 4993 2365 5057 violaverit,
2395 4993 2481 5046 hic
2509 4992 2572 5045 de
2605 4997 2757 5058 parte
2780 4987 2884 5041 Dei
2924 4981 3342 5048 imiuipoteutis,
3373 4988 3425 5033 et
3460 4976 3527 5029 Β.

1935 5080 2082 5134 Petri
2120 5080 2345 5153 apostoli
2377 5079 2730 5144 omniumque
2757 5084 3103 5135 sanctorum,
3133 5076 3191 5121 et
3224 5078 3409 5121 nostra
3438 5079 3530 5120 ex-

1936 5174 2371 5229 communicatus
2400 5174 2739 5240 permaneat,
2768 5173 2824 5219 et
2862 5169 3134 5221 conventu
3164 5157 3228 5213 S.
3251 5156 3532 5214 Ecclesiae.

1935 5248 2256 5320 etomniitm
2297 5262 2728 5318 Christianorum
2779 5256 2997 5313 alienus
3025 5250 3245 5315 existat,
3281 5249 3539 5310 tartareis
