3992 5338
474 322 575 377 607

1295 321 1522 377 OLIWE
1561 321 1865 378 VlCENSlS
1903 323 2203 382 EPISCOPI
2238 326 2595 383 SYNODICA.
2627 325 2934 383 SCRll’TA.

3604 318 3688 376 liba

476 435 968 491 communicatione
997 434 1255 500 SOIVMUT,
1286 444 1340 489 et
1370 436 1487 490 haec
1513 443 1698 488 nostra
1731 435 2049 491 οοηειὶιυιίο
2077 446 2130 502 Α
2153 439 2428 496 Godebalo
2457 443 2523 497 de
2560 440 2817 506 Bisaura;
2851 437 3012 493 Falco
3051 433 3402 498 vicccomile;
3454 429 3689 486 Βςιῖῃιιιη-

479 526 867 595 irrel'ragabilis
897 534 951 580 et
984 525 1298 579 inconvulsa
1343 524 1727 594 perpetualiter
1763 525 2048 581 habeatur.

547 618 740 671 Actum
787 626 870 670 est
922 618 1024 672 ltoc
1072 617 1124 670 in
1177 618 1303 671 sede
1353 617 1632 672 beatorum
1685 619 2050 688 apostolorum

475 705 620 760 Petri
660 713 716 760 et
748 704 898 759 Pauli
943 706 1180 759 secundo
1220 705 1582 760 Kalendarum
1629 705 2047 776 Septembrium,

475 810 566 850 an.
602 795 635 850 8
663 795 813 865 regni
842 795 984 865 regis
1011 794 1249 858 Henriei,
1282 795 1543 866 scriptum
1573 812 1734 850 manu
1761 797 2047 853 Ermemiri

476 884 716 950 ejusdem
748 885 893 940 sedis
921 886 1167 941 canonici
1203 896 1258 941 et
1281 889 1608 958 presbyteri,
1651 888 1717 942 ad
1748 889 1919 944 vicem
1946 889 2050 943 Ar-

478 973 647 1040 naldi,
693 973 859 1030 Oliva:
887 973 1158 1045 pontificis
1199 978 1418 1031 notarii.
1468 977 1820 1034 Raimbaldus
1857 979 2050 1034 Arela~

474 1064 649 1119 tensis
686 1065 1153 1136 archiepiscopus;
1207 1067 1429 1122 Pontius
1471 1067 1738 1138 Agnensis
1779 1069 2050 1138 archiepi-

482 1170 706 1224 scopus;
750 1155 1040 1212 Guifredus
1071 1158 1150 1226 ,S.
1193 1156 1556 1214 Narbonensis
1593 1159 1846 1216 Ecclesiae
1877 1161 2056 1216 archi-

479 1246 764 1316 episcopus
789 1287 805 1311 ,
859 1247 951 1316 qui
986 1249 1126 1302 hanc
1166 1249 1449 1304 ecclesiam
1495 1258 1694 1305 nostra:
1739 1251 2053 1320 metropolis

483 1335 755 1403 dedicari;
789 1335 940 1392 Oliva
985 1338 1296 1407 episcopus;
1342 1338 1704 1394 Guislibertus
1743 1342 1914 1410 gratia
1959 1339 2052 1394 Dei

484 1425 934 1481 Barcliinonensis
984 1427 1319 1497 episcOpus;
1393 1427 1662 1482 Eriballus
1714 1431 2048 1499 episcopus;

484 1514 733 1571 Aruallus
757 1517 1222 1590 archipresbyter;
1259 1517 1561 1576 Willelmus
1590 1521 2003 1576 archidiaconus
2029 1536 2043 1586 ;

493 1703 3392 1743 WM

2157 534 2257 590 dus
2291 548 2474 589 comes
2508 542 2563 588 et
2607 531 2878 596 marchio;
2928 528 3251 583 Adalbertus
3293 525 3501 584 Levita,
3537 523 3618 591 qui
3649 531 3695 574 et

2155 626 2511 696 praepositus;
2563 622 2898 678 Ermesindis
2937 619 3106 690 gratia
3137 617 3228 671 Dei
3271 614 3571 676 cmnilissa;
3603 611 3697 665 Wi-

2154 718 2336 772 fredus
2357 717 2527 787 gratia
2556 715 2646 768 Dci
2667 710 3114 767 Carcassonensis
3139 706 3359 778 pmsul;
3394 707 3577 757 Petrus
3603 703 3701 771 epi-

2155 824 2380 878 scopus;
2427 807 2678 861 Aruallus
2702 805 3016 873 episcopus;
3056 797 3416 868 Berengarius
3457 803 3581 846 nutu
3619 791 3699 846 Dei

2155 901 2215 957 S.
2248 900 2529 956 Elenensis
2554 893 3028 965 Ecclesize‘prmsul
3060 893 3172 946 haec
3201 886 3562 956 suprascripta
3590 899 3700 937 con-

2157 992 2354 1046 firmo:
2381 988 2686 1044 Bernardus
2727 985 2895 1056 gratia
2934 983 3026 1036 Dei
3071 980 3355 1046 episcopus
3393 975 3702 1030 Coseranen-

2157 1083 2264 1146 sis;
2289 1080 2595 1135 Bernardus
2615 1078 2710 1141 'l‘.;
2740 1073 2986 1130 Gerallus
3011 1073 3341 1132 vicecomes;
3373 1064 3700 1128 Ermemims,

2157 1175 2404 1246 quamvis
2434 1172 2706 1242 indignus,
2734 1167 3006 1226 sacerdos,
3037 1163 3126 1232 qui
3159 1163 3211 1215 in
3241 1159 3549 1230 supradicto
3581 1172 3704 1208 anno

2159 1268 2243 1323 vel
2283 1268 2370 1321 die.
2416 1264 2607 1332 scripsi
2655 1263 2788 1324 lucc,
2833 1274 2952 1327 qua:
2999 1254 3247 1324 superius
3273 1251 3417 1306 dicta
3460 1256 3583 1302 sunt
3619 1248 3707 1301 sub

2151 1363 2308 1432 jussu
2355 1357 2703 1429 praefatorum
2738 1352 3054 1422 pontificum
3105 1357 3160 1404 et
3199 1357 3511 1418 procerum,
3553 1351 3605 1395 et
3629 1353 3710 1394 co-

2157 1453 2288 1506 mite
2316 1447 2618 1504 Itaimundo
2643 1454 2699 1501 et
2725 1444 2826 1499 sub
2861 1440 2904 1495 τ

2040 1874 2186 1989 V.

1043 2110 1578 2204 CONCILII
1659 2079 2489 2199 NARBONENSIS
2559 2098 3159 2194 SYNODICA

910 2305 1224 2367 Adversus
1264 2321 1473 2365 rerum
1515 2319 1838 2362 sacrarum
1879 2303 2216 2369 invasores,
2263 2297 2374 2358 sub
2419 2295 2620 2358 Ouva
2664 2293 3012 2356 Ausonenst'
3044 2287 3342 2367 pra’sule.

564 2592 1127 2664 WiruzousS.prim:e
1152 2591 1673 2648 sedisNarbonensis
1694 2589 2056 2659 archiepisco-
2087 2596 2135 2656 Β
2164 2587 2564 2650 auctoritatem,
2613 2594 2669 2641 et
2714 2599 2809 2640 vos
2855 2580 3117 2652 dirigendi
3165 2578 3495 2640 facultatem,
3551 2585 3606 2634 et
3649 2591 3738 2647 per.

497 2702 664 2756 pus...
682 2683 1085 2753 convenitapud
1109 2681 1412 2736 Narbonam
1427 2680 1686 2752 synodus,
1701 2677 2067 2734 dilectissimis

498 2778 551 2830 in
597 2774 813 2831 Christo
859 2773 984 2829 filiis
1023 2772 1326 2828 Bermundo
1381 2771 1683 2826 vicecomiti
1741 2769 2067 2834 Ausouensi,

496 2866 709 2922 Gerallo
755 2865 1134 2935 Caprariensi,
1182 2863 1458 2918 Bernardo
1501 2862 1801 2927 Gurbensi,
1851 2861 2072 2916 Wisado

499 2954 773 3017 Ellemari,
824 2953 1127 3008 Bermundo
1165 2951 1542 3014 Foratellensi,
1578 2949 1826 3004 Witardo
1876 2949 2075 3004 Mauri-

501 3045 670 3109 censi,
703 3043 894 3098 Mironi
925 3041 1275 3106 Salliforensi,
1307 3041 1479 3112 Ugoni
1503 3039 1836 3106 Cervulensi,
1863 3041 2075 3096 Elnrico

502 3134 808 3198 Aurisensi,
842 3132 1158 3188 Seniol‘redo
1195 3131 1568 3195 Lausianensi,
1595 3131 1840 3187 Wifredo
1864 3132 2077 3188 Balcia-

505 3224 693 3291 zeusi,
739 3224 1013 3280 Bernardo
1059 3224 1380 3278 ltenvirensi
1408 3263 1424 3288 ,
1466 3222 1716 3278 Wilelmo
1775 3224 2080 3279 Montanio-

506 3313 666 3378 lensi,
720 3312 998 3368 Bernardo
1041 3313 1271 3368 Tovensi
1318 3312 1549 3368 salutem
1593 3313 1972 3368 charissimam
2023 3322 2080 3370 et

507 3404 937 3460 benedictionem
966 3414 1299 3474 perpetuam.
2078 3389 2080 3391 l

580 3497 712 3551 Cum
758 3498 812 3551 in
847 3498 943 3552 Dei
991 3496 1375 3568 omnipotentis
1405 3499 1623 3554 nomine
1667 3499 1980 3572 congregati
2015 3499 2081 3554 de

513 3589 834 3642 necessariis
881 3605 1061 3644 rerum
1107 3590 1287 3645 causis
1323 3606 1557 3661 cunque.
1591 3630 1605 3645 .
1631 3608 1711 3647 re.
1739 3631 1753 3646 .
1783 3632 1798 3646 .
1829 3629 1844 3645 .
1875 3607 2080 3656 remur,

514 3679 754 3731 surrexit
799 3679 851 3732 in
883 3680 1061 3734 medio
1107 3689 1354 3735 nostrum
1405 3682 1786 3736 dilectissimus
1818 3681 1984 3735 frater
2029 3689 2086 3734 et

515 3768 866 3837 coepiscopus
917 3781 1101 3824 noster
1151 3770 1327 3837 Oliva,
1382 3788 1608 3826 narrans
1655 3773 1888 3842 qualiter
1939 3771 2084 3827 beati

515 3854 880 3926 apostolorum
930 3859 1185 3928 principis
1237 3862 1435 3929 prmdia
1494 3863 1730 3917 fidelium
1781 3864 1882 3918 sibi
1943 3863 2083 3918 dono

2168 2681 2410 2738 omnium
2457 2689 2702 2734 nostrum
2743 2677 2899 2732 nobis
2942 2674 3146 2746 ligandi
3171 2682 3227 2728 et
3273 2671 3516 2726 solvendi
3558 2684 3589 2724 a
3637 2669 3740 2725 Dea

2170 2772 2422 2827 traditam
2471 2776 2816 2840 potestatem,
2859 2773 2919 2820 ut
2963 2763 3376 2818 reminiscentes
3425 2759 3553 2814 mali
3606 2757 3739 2828 quod

2172 2863 2374 2927 facitis,
2411 2862 2535 2915 dum
2563 2860 2656 2914 Dei
2686 2859 2888 2930 justum
2912 2857 3085 2923 juste,
3110 2853 3307 2921 injuste
3335 2851 3552 2914 tenetis,
3581 2862 3738 2917 usque

2176 2955 2242 3009 ad
2272 2962 2715 3023 superventuram
2768 2948 2826 3003 S.
2857 2945 3080 3002 Joannis
3109 2944 3358 3014 Baptista:
3389 2942 3622 3012 primam
3668 2936 3739 2992 fe—

2174 3045 2468 3102 stivitatem
2531 3040 2764 3097 reddatis
2805 3040 2915 3094 Deo
2960 3035 3322 3104 Ecclesizeque
3378 3033 3543 3088 matri
3609 3028 3745 3101 quod

2176 3137 2432 3209 perdidit,
2475 3145 2532 3188 ut
2568 3136 2706 3189 Deus
2737 3133 2887 3187 vobis
2931 3139 3110 3185 vestra
3138 3127 3427 3192 custodiat,
3474 3140 3599 3194 quae
3625 3138 3743 3178 con-

2178 3229 2361 3286 cessit.
2405 3227 2461 3282 Si
2495 3235 2694 3289 autem,
2744 3223 2888 3293 quod
2942 3221 3102 3285 absit,
3143 3229 3381 3274 nostram
3426 3213 3746 3269 admonitio-

2178 3337 2302 3378 nem
2331 3316 2795 3390 parvipenderitis,
2829 3323 2884 3368 et
2920 3309 3342 3379 increpationem
3384 3302 3749 3374 neglexeritis,

2180 3425 2283 3466 nos
2326 3389 2635 3464 sanctorum
2689 3403 2907 3456 Patrum
2936 3399 3164 3469 vestigia
3212 3401 3529 3471 sequentes,
3581 3400 3644 3444 ut
3681 3389 3748 3444 illi

2185 3501 2309 3555 talia
2344 3498 2756 3560 interdixerunt,
2788 3491 3182 3551 interdicimus,
3215 3496 3269 3542 et
3297 3499 3395 3555 per
3438 3483 3660 3537 Patrem
3701 3489 3753 3534 et

2181 3591 2373 3647 Filium
2403 3599 2456 3643 et
2487 3587 2745 3656 Spiritum
2787 3590 3063 3645 sanctum,
3087 3579 3192 3635 nisi
3227 3575 3425 3631 nostris
3449 3572 3615 3628 dictis
3643 3584 3751 3624 cre-

2185 3681 2448 3740 dideritis,
2492 3695 2585 3732 vos
2615 3686 2668 3729 et
2698 3675 2786 3743 qui
2821 3673 2946 3727 talia
2977 3671 3252 3726 vobiscum
3297 3665 3510 3736 egerint
3542 3675 3752 3716 excom-

2185 3771 2540 3827 munieanms.
2570 3777 2625 3821 et
2648 3781 2678 3818 a
2709 3763 2982 3818 lin'iinibus
3013 3769 3213 3814 sancta:
3253 3755 3507 3811 Ecclesia:
3539 3767 3638 3806 vos
3665 3765 3753 3819 ex-

2186 3869 2406 3917 traneos
2425 3859 2754 3929 judicamus,
2791 3863 2845 3908 et
2879 3865 3064 3906 omnes
3093 3847 3436 3919 presbyteros
3464 3843 3548 3898 vel
3575 3840 3751 3908 cujus-

515 3963 796 4015 concessa,
829 3950 982 4004 vobis
1029 3949 1265 4025 [illicite]
1309 3956 1603 4024 usurpetis,
1646 3963 1702 4010 et
1752 3956 1805 4009 in
1849 3964 2080 4020 vestros,
2111 3942 2157 4005 C
2188 3967 2399 4022 cunque
2424 3950 2629 4005 ordinis
2661 3946 2908 4007 clericos,
2942 3943 3033 4012 qui
3073 3941 3156 3996 vel
3187 3939 3356 4001 vobis,
3385 3936 3467 3990 vel
3499 3936 3552 3988 in
3582 3932 3754 3988 eccle.

516 4041 659 4111 quod
690 4040 783 4095 Dei
811 4050 912 4106 est,
943 4057 1070 4096 usus
1097 4044 1400 4112 expendere
1439 4061 1546 4099 non
1589 4043 1911 4100 formidetis.
1945 4044 2086 4111 Quo-

520 4135 690 4196 circa,
719 4134 1080 4202 dilectissimi,
1111 4137 1338 4192 nimium
1382 4138 1644 4192 miramur
1667 4138 1796 4209 quid
1825 4140 1915 4203 sit,
1944 4139 2086 4208 quod

521 4224 632 4278 Deo
657 4225 733 4278 sic
764 4241 857 4280 sua
890 4227 1106 4290 tollatis,
1134 4227 1220 4282 vel
1247 4244 1435 4298 quare,
1473 4229 1614 4299 quod
1638 4244 1827 4299 parum
1869 4229 1950 4283 sui
1981 4237 2084 4293 est,

525 4310 634 4367 non
678 4314 752 4368 illi
791 4316 1133 4386 relinquitis,
1183 4327 1242 4373 ut
1277 4310 1441 4373 vestri
1486 4319 1711 4373 multum
1742 4318 2083 4388 possidentis.

522 4401 606 4455 An
637 4403 727 4470 qui
757 4405 910 4460 vobis
953 4418 1037 4460 est
1061 4409 1300 4476 pontifex
1342 4410 1642 4475 ordinatus,
1676 4425 1794 4479 qua:
1840 4409 1930 4463 Dei
1965 4418 2090 4463 sunt

518 4505 619 4559 pro
646 4491 848 4556 debito,
879 4493 956 4548 sic
983 4496 1275 4564 dispensat,
1297 4509 1357 4550 ut
1398 4499 1448 4551 in
1479 4515 1657 4568 pravm
1686 4499 1974 4553 voluntatis
2009 4498 2088 4551 fa-

520 4581 797 4636 cinoribus
824 4583 909 4637 illa
943 4585 1241 4641 distrahat?
1268 4587 1543 4654 Quomodo
1568 4600 1746 4645 autem
1788 4608 1882 4647 vos
1909 4593 2091 4646 Eccle-

521 4671 614 4724 sia:
665 4671 765 4739 piae
819 4674 1008 4728 matris
1068 4675 1204 4731 filios
1250 4678 1558 4743 :rstimatis,
1609 4681 1693 4734 vel
1747 4682 1984 4735 debitum
2032 4691 2093 4736 ut

521 4761 682 4814 matri
714 4770 768 4815 et
797 4764 1208 4820 convenientem
1241 4768 1502 4821 honorem
1546 4770 1876 4837 impenditis,
1905 4771 1950 4823 si
1993 4785 2091 4825 ex-

524 4857 762 4904 terarum
795 4868 942 4908 more
965 4853 1016 4906 in
1047 4865 1228 4924 partes
1255 4857 1466 4910 trahitis
1503 4859 1645 4928 quod
1673 4858 1741 4913 ab
1770 4859 1858 4912 illa
1889 4859 2093 4915 violen-

523 4952 604 4992 ter
633 4941 890 4998 aufertis!
928 4943 1116 5000 Videte
1159 4957 1341 5000 autem
1383 4960 1640 5000 quantum
1670 4949 1809 5000 auod
1840 4951 1998 5000 agitis
2025 4952 2093 5000 ab

2188 4045 2288 4110 sia,
2337 4033 2399 4097 in‘
2444 4055 2548 4110 qua
2610 4052 2706 4093 vos
2763 4035 2994 4096 fueritis,
3047 4028 3475 4087 ecclesiasticum
3527 4023 3756 4078 oﬂicium

2187 4135 2365 4191 facere
2409 4127 2871 4202 przcsumpserint,
2911 4122 3162 4178 similiter
3206 4115 3758 4174 excommunicamus.

2187 4230 2342 4298 Quod
2391 4235 2570 4281 autem
2627 4223 2797 4277 frater
2848 4228 2903 4274 et
2952 4218 3302 4286 coepiscopus
3366 4220 3556 4266 noster
3608 4207 3757 4262 Oliva

2187 4297 2380 4379 exinde
2403 4318 2655 4380 solverit,
2678 4317 2780 4370 hoc
2809 4327 2907 4367 nos
2930 4309 3210 4370 solvimus,
3232 4315 3288 4360 et
3316 4303 3457 4373 quod
3487 4297 3761 4370 ligaverit,

2189 4415 2290 4469 hoc
2332 4412 2583 4480 ligamus.
2640 4406 2900 4459 Domuam
2942 4414 3072 4454 vero
3103 4387 3755 4453 Ermcsindamcomitis-

2189 4518 2329 4568 sam,
2365 4509 2421 4556 et
2455 4499 2623 4553 filium
2667 4495 2784 4564 ejus
2817 4490 3202 4562 Berengarium
3249 4486 3316 4540 ab
3341 4483 3487 4540 omni
3537 4481 3640 4555 ista
3671 4494 3759 4532 ex-

2189 4587 2672 4647 communicatione
2691 4583 3008 4652 excipimus,
3032 4577 3296 4646 simulque
3318 4574 3464 4628 illam
3481 4585 3580 4641 per
3597 4568 3758 4621 Deum

2191 4691 2244 4737 et
2268 4694 2520 4749 rogamus
2559 4686 2614 4732 et
2646 4687 3070 4734 commonemus,
3103 4677 3163 4724 ut
3205 4676 3392 4722 sancto
3429 4665 3593 4718 Petro
3641 4674 3762 4714 suo—

2191 4787 2296 4842 que
2321 4769 2559 4840 pontifici
2587 4769 2847 4821 honorem
2878 4762 3116 4817 debitum
3147 4757 3445 4827 impendat,
3482 4769 3582 4807 nec
3612 4752 3760 4807 illum

2191 4866 2447 4936 patiatur,
2489 4863 2542 4917 in
2573 4868 2833 4930 quantum
2863 4862 3066 4926 potest,
3110 4849 3447 4919 dispendium
3492 4845 3762 4898 sustinere

2192 4956 2432 5000 inctilim-
2483 4954 2636 5000 Sicut
2688 4959 2871 5000 autem
2916 4961 3038 4999 sua:
3088 4941 3285 4996 viderit
3335 4937 3576 4991 divinum
3628 4947 3766 5000 opus
