3992 5338
2056 442 2105 451 .-

1516 609 1685 655 ANNO
1728 609 1952 653 DOMINI
1996 609 2271 656 MXLVIII.

837 790 1989 959 RODULFUS
2102 797 2972 943 GLABER

1427 1051 1929 1153 αιυΝιΑαειγειδ
1966 1052 2371 1114 MONACHUS.

667 1334 1105 1416 NOTITIA
1167 1333 1723 1413 HISTORICA
1786 1333 1898 1414 IN
1955 1333 2536 1447 RODULFUM
2594 1283 3112 1416 GLABRUM.

754 1509 1017 1582 (Monum.
1047 1508 1225 1566 Gem.
1252 1509 1400 1599 hist.,
1440 1506 1642 1579 Script.
1675 1514 1804 1564 tom.
1837 1506 1947 1573 VII,
1978 1522 2046 1564 ex
2071 1505 2225 1579 prmi.
2256 1505 2321 1563 G.
2352 1507 2526 1564 Waitz
2559 1506 2612 1563 in
2644 1508 2982 1582 Roduliuni.)

319 1770 547 1828 Strculis
573 1785 609 1824 ι
633 1777 681 1824 et
707 1784 785 1833 si,
812 1768 999 1840 quibus
1033 1767 1089 1821 in
1118 1768 1356 1822 omnibus
1403 1765 1512 1838 fere
1536 1765 1833 1824 Germania:
1860 1774 1906 1833 Α
1934 1768 2094 1823 dicta.
2131 1767 2357 1823 Litteras
2403 1767 2638 1824 celeriter
2681 1775 2732 1823 et
2776 1784 2881 1822 nan
2911 1767 3024 1824 sine
3052 1768 3228 1839 fructu
3271 1771 3517 1828 didicisse

248 1861 534 1932 provinciis
579 1859 771 1914 litterte
806 1857 958 1913 valde
1010 1868 1262 1929 provectae
1306 1868 1455 1911 erant
1479 1867 1527 1911 et
1550 1861 1838 1926 praesertim

248 1968 335 2006 res
371 1960 481 2004 tant
526 1951 593 2003 ab
631 1949 860 2019 antiquis
907 1965 1065 2019 quam
1106 1965 1140 2001 a
1174 1948 1357 2001 caa'vis
1393 1958 1550 2017 gesttv
1573 1951 1766 2018 swpius
1792 1960 1841 2004 et

250 2042 456 2095 diverso
490 2040 647 2094 modo
682 2039 947 2093 memorite
976 2038 1340 2100 tradebantur,
1369 2036 1543 2091 Gallia
1567 2041 1651 2093 vix
1680 2056 1839 2093 unum

246 2130 328 2184 vel
354 2131 586 2184 alterum
626 2127 846 2199 protulit
895 2129 1221 2197 scriptorem,
1277 2128 1367 2198 qui
1405 2145 1438 2182 a
1476 2128 1700 2198 caligine
1735 2147 1840 2199 qua

248 2234 363 2277 tota
406 2223 599 2278 obruta
642 2231 756 2276 erat
800 2221 1066 2292 provincia
1118 2230 1422 2290 emergeret,
1467 2222 1841 2291 historiamque

248 2315 334 2370 sui
361 2314 613 2384 temporis
650 2312 1012 2368 conscriberet.
1066 2311 1193 2367 Post
1231 2310 1615 2378 Hadoardum,
1652 2313 1836 2367 Iiiche-

250 2425 370 2462 rum
405 2418 456 2462 et
511 2407 802 2470 Dudonem,
850 2422 943 2475 per
984 2405 1361 2476 quinquaginta
1409 2421 1598 2468 annos,
1651 2415 1841 2475 prarter

250 2497 576 2551 Ademaruin
609 2493 981 2565 Aquitanicum
1015 2502 1063 2545 et
1091 2491 1436 2546 Odarannum
1464 2490 1836 2557 Senonensem,

249 2586 343 2659 qui
371 2585 706 2640 brevissimos
732 2592 935 2637 tantum
965 2584 1220 2653 nimisque
1236 2582 1450 2652 jejunas
1472 2580 1690 2634 annales
1713 2598 1839 2635 can-

248 2679 430 2750 gessit,
474 2675 680 2731 nullum
720 2675 945 2729 invenies
984 2674 1072 2745 qui
1101 2675 1199 2727 hac
1245 2689 1458 2726 munere
1503 2672 1713 2742 functus
1746 2676 1834 2729 sit.

252 2767 705 2840 Deniquesieculo
754 2782 808 2820 XI
858 2766 1028 2820 media
1064 2765 1351 2819 monachus
1374 2765 1589 2836 quidam
1620 2764 1840 2821 Clunia-

250 2863 417 2915 censis
442 2860 717 2913 historians
741 2856 1081 2913 universalem
1103 2856 1431 2911 scribendam
1450 2860 1694 2928 suscepit,
1716 2859 1837 2914 inde

255 2969 290 3004 ιι
318 2949 481 3004 Beda:
526 2959 572 3003 et
602 2946 765 3001 Pauli
808 2945 1033 3001 Diacani
1078 2946 1390 3015 temporibus
1425 2947 1554 3000 nihil
1577 2949 1837 3017 ejusmodi

249 3048 512 3093 tentatum
570 3053 684 3091 esse
732 3052 1033 3105 persuasus.
1097 3062 1169 3075 —-
1221 3032 1486 3102 Radulfus
1532 3038 1835 3106 cognomine

1942 1860 2146 1915 videtur
2167 1877 2187 1925 ;
2210 1861 2301 1915 sed
2329 1870 2542 1930 propter
2568 1861 2801 1914 animant
2823 1860 3003 1928 levem,
3039 1862 3302 1914 turbidum
3328 1872 3375 1917 et
3401 1872 3517 1917 trit-

1940 1953 2224 2018 culentum,
2247 1955 2359 2021 ipsa
2383 1964 2531 2016 teste,
2553 1970 2584 2006 a
2601 1953 2853 2022 fratribus
2875 1951 3120 2021 expulsus
3148 1964 3221 2007 est
3246 1953 3342 2023 (Ξ).
3369 1953 3521 2009 Unde

1939 2042 2107 2111 ipsum
2151 2060 2242 2112 per
2293 2042 2449 2112 plura
2504 2041 2823 2095 monasteria
2876 2041 3186 2110 profectum,
3247 2043 3400 2096 modo
3461 2043 3520 2097 in

1940 2131 1998 2187 S.
2028 2132 2250 2201 Beuigni
2293 2132 2592 2186 Divionensi
2631 2131 2731 2203 (3),
2783 2131 2937 2186 modo
2966 2132 3021 2185 in
3055 2131 3392 2187 Meleredeiisi
3416 2132 3519 2202 (4),

1938 2224 1992 2277 in
2017 2222 2075 2276 S.
2114 2219 2362 2276 Germani
2400 2221 2842 2276 Antissiodorensi
2897 2220 2974 2292 (5)
3027 2229 3074 2274 et
3119 2220 3369 2275 Besuensi
3415 2222 3518 2292 (6),

1938 2313 2157 2383 denique
2192 2311 2435 2366 Cluniaci
2465 2312 2665 2381 degisse
2714 2311 2968 2364 videmus.
3010 2310 3228 2365 Diviane
3266 2310 3520 2366 Willelnu'

1937 2404 2140 2459 abbatis
2161 2403 2478 2457 celeberrimi
2515 2401 2932 2468 familiaritatem
2967 2400 3184 2471 adeptus
3206 2410 3302 2463 est,
3332 2403 3520 2472 quippe

1936 2510 2084 2565 quem
2116 2492 2311 2547 Christi
2366 2509 2503 2546 anno
2534 2491 2664 2546 10‘28
2687 2492 2742 2545 in
2784 2489 2998 2543 Italiam
3028 2490 3302 2544 comitatus
3338 2491 3404 2544 sit
3435 2488 3517 2562 (7)
3572 2484 3577 2489 ’

1937 2594 2090 2653 atque
2121 2584 2269 2652 cujus
2327 2579 2496 2635 Vitam
2543 2581 2655 2651 ipsa
2681 2590 2883 2634 mortua
2928 2581 3293 2651 conscripserit
3340 2580 3519 2653 (quam

1936 2674 2137 2727 edimus
2158 2672 2342 2744 infra).
2373 2671 2583 2726 Ultimis
2622 2673 2736 2727 vitta
2764 2675 2918 2727 annis
2966 2675 3022 2727 in
3048 2672 3382 2729 Cluniacensi
3405 2691 3520 2729 ma-

1937 2765 2371 2835 nasteria,'quad
2401 2774 2524 2819 tunc
2563 2764 2656 2817 sub
2708 2761 2929 2818 0diloue
2968 2765 3209 2833 ﬂorebat,
3256 2765 3385 2820 vixit
3415 2765 3518 2842 (8)⁹

1937 2854 2111 2909 abbati
2137 2854 2214 2908 illi
2243 2854 2572 2925 canjunctus,
2604 2855 2756 2924 cujus
2794 2855 2950 2924 jussu
2999 2856 3329 2926 fratrumque
3352 2858 3522 2927 preci-

1938 2946 2033 3001 bus
2077 2946 2335 3000 adductus
2360 2956 2456 3012 est,
2490 2955 2544 2999 ut
2577 2944 2889 3013 Historiam,
2923 2946 3039 3016 jam
3072 2947 3320 3002 Wille!mi
3341 2959 3521 3004 aucto-

1938 3039 2090 3092 ritate
2111 3039 2367 3108 inceptam
2398 3038 2494 3110 (9),
2536 3038 2819 3094 absolveret
2853 3039 2985 3111 (ili).
3024 3039 3123 3095 Res
3161 3043 3301 3097 circa
3326 3053 3375 3098 et
3397 3054 3517 3114 post

253 3127 454 3183 Claber
479 3127 578 3198 (Ι),
606 3128 665 3181 in
690 3125 998 3196 Burgundia
1036 3134 1092 3179 ut
1130 3126 1334 3181 videtur
1374 3137 1545 3189 natus,
1567 3127 1687 3196 jam
1712 3128 1838 3181 dua-
1864 3118 1912 3178 Β
1939 3149 2136 3188 annum
2160 3130 2490 3186 millesimum
2519 3133 2572 3189 iu
2602 3142 2829 3203 quatuor
2856 3133 3039 3187 mundi
3088 3135 3324 3202 partibus
3343 3146 3518 3207 gestas

250 3219 455 3272 decimo
483 3233 625 3271 anno
658 3215 723 3268 ab
766 3214 1025 3269 avunculo
1060 3216 1316 3268 monacho
1353 3216 1644 3284 disciplima
1672 3218 1840 3272 tradi-

246 3323 336 3366 tus
362 3320 438 3366 est
459 3309 772 3364 monasticis:
797 3308 850 3362 in
874 3307 1104 3362 caenobia
1137 3305 1195 3361 S.
1228 3304 1534 3377 Leodegarii
1558 3307 1837 3378 Campellis

312 3464 401 3533 (ι)
427 3461 486 3517 ιιι
517 3470 601 3516 est
632 3458 821 3533 Calvus
844 3476 862 3525 ;
887 3458 992 3533 _ci'._
1012 3459 1078 3513 de
1105 3457 1154 3533 la
1185 3457 1478 3533 Curngde
1524 3457 1837 3533 St.-_Peiaye

244 3533 308 3588 in
334 3527 511 3587 Mem.
544 3533 610 3584 de
632 3531 953 3599 l‘Acad.des
974 3527 1462 3599 inscriptionsﬂlll,
1492 3546 1544 3599 ι).
1573 3529 1700 3599 ὄιᾷθέ
1725 3527 1835 3586 Rb-

249 3602 463 3656 ilulfum
524 3617 710 3655 verum
764 3598 882 3666 ejus
944 3594 1146 3653 nomen
1188 3594 1354 3653 fuisse
1402 3594 1525 3654 vna
1577 3594 1836 3658 Wiiieliui

242 3674 511 3735 ostendit,
540 3672 642 3725 hoc
670 3670 788 3739 solo
818 3671 1108 3739 inscripta;
1145 3668 1265 3722 vide
1303 3667 1462 3739 inira.

315 3744 403 3810 (2)
436 3740 500 3807 γ,
534 3745 600 3795 ιε
637 3738 779 3793 Nam
822 3740 948 3812 dum
989 3737 1275 3812 aliquando
1412 3738 1546 3792 beati
1590 3742 1835 3812 martyris

251 3806 562 3881 Leodegarii
607 3809 920 3881 monasteria
947 3806 1086 3881 quod
1118 3806 1397 3881 Campetlis
1435 3806 1837 3881 cognominatur

251 3885 333 3953 (in
375 3877 597 3953 dilucesi
637 3877 984 3953 Lingoncasi)
1030 3879 1228 3946 positus
1279 3879 1548 3953 dege_rem._
1580 3917 1594 3930 .
1636 3916 1652 3932 .
1696 3917 1712 3934 .
1742 3878 1835 3953 ln-

251 3947 395 4007 terea
417 3950 651 4019 conﬁteri
681 3947 785 4002 non
806 3947 1068 4019 erubesco.
1099 3964 1179 4019 me
1201 3961 1305 3999 non
1333 3947 1502 3999 solum
1530 3949 1585 4002 in
1607 3949 1833 4017 peccatis

250 4017 529 4091 parentum
566 4034 799 4072 ratorum
829 4018 1059 4091 genitum
1084 4017 1268 4091 fuisse,
1319 4032 1492 4091 verum
1522 4019 1677 4091 etiam
1722 4035 1834 4071 nio-

251 4085 401 4145 ribus
432 4092 785 4157 importunum
822 4085 869 4141 et
906 4085 1505 4158 actibusintolerabilem
1535 4087 1652 4155 plus
1674 4104 1832 4158 quam

154 4162 165 4173 '
253 4161 468 4215 narrari
491 4155 645 4229 queat
676 4159 954 4229 exstitisse.
991 4155 1053 4229 Vi
1067 4155 1222 4209 etiam
1254 4155 1529 4223 cujusdam
1565 4155 1829 4229 monachi,

250 4233 356 4284 mei
408 4226 606 4284 sciticet
641 4226 932 4289 avunculi,
991 4226 1282 4279 abstractus
1339 4242 1371 4276 a
1426 4228 1829 4293 perv.:rsissima,

249 4316 411 4368 quam
437 4314 545 4368 prie
566 4298 769 4368 caeteris
806 4296 1055 4368 agebam,
1101 4293 1368 4348 saecularis
1419 4295 1828 4368 viiuf__vanitate,

249 4363 372 4423 cum
407 4363 568 4422 essent
596 4367 757 4434 ferme
781 4363 1060 4434 duodenis,
1088 4375 1240 4432 atque
1289 4363 1572 4418 monac/iiIi
1613 4368 1829 4421 indutus

249 4441 453 4499 habitu,
497 4433 602 4492 heu,
649 4435 776 4503 proh
798 4433 988 4488 dolor!
1032 4433 1277 4503 quoniam
1324 4444 1454 4487 veste
1481 4435 1805 4489 solummodo

251 4476 358 4563 33:.
387 4479 555 4562 mente
590 4476 842 4558 miitatus.
882 4476 1213 4573 Quaecunque
1248 4502 1384 4556 enim
1416 4519 1448 4554 a
1488 4506 1724 4573 patribus
1754 4477 1831 4559 vel
1858 4476 1902 4537 Ο

252 4578 578 4649 spiritalibus
624 4576 876 4644 fratribus
928 4574 1162 4649 modesta
1196 4583 1471 4649 et‘saiicta
1527 4575 1831 4649 charitative

252 4642 381 4702 mihi
418 4642 836 4716 suggererentur,
869 4643 1148 4697 truculenti
1179 4644 1339 4716 animi
1360 4642 1832 4716 inﬂationeturgi-

251 4720 381 4771 dum
419 4713 623 4770 senium
681 4714 855 4767 cordis
906 4728 1108 4782 gerens,
1165 4713 1394 4769 dictante
1450 4714 1715 4782 superbia,
1755 4713 1830 4770 'ne

253 4789 489 4842 salubria
517 4802 599 4838 me
643 4781 1016 4852 contingerent,
1056 4782 1393 4852 opponebam.
1433 4781 1631 4835 Dehinc
1659 4787 1831 4838 senio-

246 4857 397 4912 ribus
423 4872 531 4910 non
565 4851 830 4916 abedieus,
860 4851 1209 4922 cowqualibus
1241 4851 1506 4922 molestus,
1525 4852 1829 4920 junioribus

254 4943 524 4989 onerosus,
552 4936 728 4991 atque,
761 4933 812 4975 ut
836 4938 947 4976 vere
980 4920 1179 4991 fatear,
1207 4920 1454 4991 universis
1476 4923 1576 4975 mei
1602 4939 1830 4990 prtesen-

254 4999 328 5049 tia
354 4988 578 5065 gravedo
621 4988 772 5065 erat,
805 4988 1060 5065 levamen
1087 4989 1342 5065 absentia.
1364 4988 1646 5065 ⁸Ρηξιηενέα
1667 4992 1752 5065 his
1780 5006 1829 5050 ei

253 5057 558 5135 lmjissmadi
605 5063 844 5135 prtadicti
900 5061 1014 5135 loci
1031 5058 1222 5135 fratres
1251 5057 1484 5135 instigati
1521 5061 1831 5135 expulerunt

255 5127 337 5189 sne
386 5152 419 5188 a
469 5127 807 5188 contubernio
837 5148 945 5185 sua:
994 5127 1353 5189 habitationis,
1390 5127 1829 5189 tamen'scientes

253 5221 357 5258 non
375 5206 554 5273 defore
580 5201 710 5254 mihi
738 5201 902 5254 locum
930 5195 1225 5272 quempiam
1247 5200 1604 5254 communendi
1624 5210 1828 5260 tantum

1938 3221 2261 3276 conscribere
2288 3222 2389 3291 ipsi
2434 3223 2756 3292 propoeisum
2783 3221 2904 3290 fuit,
2951 3239 3081 3292 quas
3112 3223 3262 3278 initia
3289 3226 3516 3292 brevius,

1936 3323 2114 3384 postea
2142 3314 2438 3367 accuratius
2475 3315 2733 3384 exposuit,
2767 3313 2841 3368 ita
2868 3323 2924 3367 ut
2952 3331 3113 3385 usque
3139 3316 3209 3369 ad
3233 3333 3321 3371 an.
3352 3317 3513 3385 10H,

1938 3462 2288 3537 Meleredense
2313 3465 2631 3537 demorarer,
2662 3473 2767 3521 etc.
2806 3464 3085 3537 (Hautiers
3108 3466 3161 3521 in
3189 3466 3352 3523 diuae.
3381 3469 3500 3522 An-

1938 3533 2365 3605 tissirodoreusi.)

2033 3604 2085 3669 5)
2119 3604 2183 3669 V,
2220 3606 2266 3658 I.

2106 3606 2192 3740 ix”,
2304 3674 2469 3745 Cujus
2491 3675 2620 3729 socii
2643 3683 2946 3728 revertentes
2973 3674 3117 3727 nobis
3144 3691 3259 3745 qute
3280 3673 3512 3731 diximus

2007 3754 2044 3796 'u
2071 3755 2221 3796 erant
2244 3747 2425 3796 nositis
2470 3756 2595 3796 tunc
2622 3745 2763 3796 apud
2814 3743 2999 3796 Besute
3027 3745 3420 3796 monasterium.
3454 3747 3509 3796 in

1937 3743 2221 3814 retulerunt
2242 3743 2425 3814 positis
2470 3756 2595 3799 tunc
2622 3745 2763 3813 apud
2814 3743 2999 3798 Besute
3027 3743 3420 3814 monasterium.
3454 3747 3509 3801 in

1936 3813 2137 3885 Majore
2187 3813 2510 3870 Mouasterio
2577 3814 2948 3885 (Marmautier
3011 3813 3509 3885 prope__Turoiios)

1936 3883 2107 3952 ipsum
2134 3885 2331 3937 vixisse
2362 3900 2466 3937 non
2509 3882 2764 3953 putarim.
2806 3883 2939 3937 Nam
2970 3882 3132 3937 verba
3170 3882 3236 3947 V,
3272 3885 3292 3936 1
3326 3901 3341 3936 :
3381 3882 3511 3938 Erat

1933 3954 2208 4023 siquidem,
2242 3964 2294 4005 ut
2330 3954 2427 4023 ipsi
2455 3955 2833 4023 perspeaginius,
2861 3969 2970 4023 nios
2993 3953 3138 4023 illius
3175 3954 3417 4013 caznobii,
3441 3956 3511 4008 uti

1935 4021 2291 4079 Cl‘uniai-euse
2314 4021 2852 4090 spectare’videutur.
2879 4021 2933 4074 In
2950 4021 3124 4090 altero
3149 4023 3290 4075 cui."
3317 4023 3505 4078 codice

1935 4093 2145 4161 nonnisi
2186 4089 2470 4161 recentiori
2522 4106 2684 4146 manu
2736 4106 2873 4161 pro:
2924 4089 3202 4145 Cluniense
3246 4093 3509 4161 scriptum

1934 4171 2045 4217 est:
2087 4160 2137 4214 Μ
2145 4161 2308 4230 ajaris
2348 4160 2676 4215 Monasterii.

2034 4253 2080 4322 ἵ)
2109 4252 2196 4316 IV,
2233 4254 2267 4307 5
2297 4271 2310 4306 :
2353 4252 2492 4305 Nam
2520 4262 2570 4307 et
2621 4261 2817 4322 egomet
2861 4269 2979 4306 cum
3010 4252 3205 4321 swpius
3238 4253 3508 4308 nominata

1934 4322 2115 4378 abbate
2143 4323 2267 4375 illuc
2288 4323 2558 4394 deueniens
2590 4323 2897 4394 intereram.
2922 4322 3276 4391 [inpostorem
3321 4338 3512 4394 quem-

1935 4396 2083 4456 dam,
2112 4394 2200 4461 qui
2236 4392 2489 4460 reliquias
2528 4392 2783 4457 ﬁiixerat,
2808 4392 3103 4464 redarguit.

2002 4486 2194 4557 (8)1“.
2225 4486 2291 4540 ὃς
2337 4485 2477 4557 Nam
2515 4502 2633 4539 cum
2659 4502 2750 4555 ego
2777 4486 3104 4557 postmodum
3134 4483 3202 4557 in
3249 4493 3512 4538 monaste-

1933 4555 2018 4610 ria
2039 4555 2369 4610 Cluniacensi
2418 4570 2536 4607 cum
2582 4557 2784 4608 cmteris
2814 4556 3067 4623 fratribus
3096 4555 3364 4623 degerem.
3388 4569 3511 4605 can-

1929 4635 2177 4682 venerunt
2232 4624 2359 4679 illuc
2427 4625 2492 4677 ab
2543 4622 2822 4693 Hispaniis
2891 4622 3224 4691 quamplures
3280 4623 3510 4693 honeste

1931 4695 2335 4751 conversationis
2364 4693 2479 4763 jam
2510 4691 2709 4748 dudum
2739 4710 2881 4748 mare
2924 4696 3146 4747 viventes
3169 4691 3397 4761 prppria:
3424 4706 3507 4744 re-

1929 4767 2098 4837 giauis
2138 4765 2399 4818 monachi.

2002 4855 2078 4926 (9)
2105 4856 2223 4909 Vita
2265 4853 2521 4928 Willelmi
2564 4852 3049 4928 e.‘_2_7_:_Quondam
3081 4845 3511 4928 mearumculpis

1934 4916 2230 4997 faciiiariim
2274 4925 2502 4993 offensus
2557 4916 2928 5043 (Willeliiiusl),
2980 4931 3034 4973 ut
3075 4917 3222 4996 sensi.
3267 4916 3512 4997 illum-ad

1935 4999 2118 5043 Immm
2147 5000 2513 5043 amaricatum-
2554 4995 2738 5043 secessi
2765 4995 2821 5043 in
2845 5009 2875 5043 a
2902 4990 2992 5043 iud
3026 4987 3315 5039 cmnabium
3344 5000 3508 5043 ipsius

1935 4987 2118 5050 horam
2147 4987 2513 5057 ainaricatum,
2554 4987 2738 5048 secessi
2765 4995 2821 5045 in
2845 4987 2992 5044 aliud
3026 4987 3315 5057 amnabium
3344 4987 3508 5054 ipsius

1934 5065 2119 5136 ditioni
2142 5055 2670 5136 minimesubditum;
2698 5066 2938 5136 dumque
2978 5055 3085 5111 illic
3102 5056 3379 5136 degerent,
3415 5059 3515 5103 ad-

1934 5133 2139 5203 stitisse
2174 5133 2299 5203 mihi
2346 5145 2451 5185 una
2491 5144 2634 5184 nocte
2662 5132 2799 5203 visus
2838 5123 2911 5203 est
2941 5134 3149 5203 aspi’tfll}
3190 5123 3419 5203 Ρίιιςξάοο
3451 5138 3513 5173 αα

1934 5218 2094 5274 manu
2124 5201 2317 5268 injecta
2339 5213 2495 5274 rapat
2528 5203 2654 5253 mihi
2701 5191 3017 5274 demulcens;
3041 5191 3208 5244 aiebat
3232 5205 3260 5272 ξ.
3284 5192 3515 5274 Rogonie
