  <div class='ocr_page' id='page_1' title='image "/cluster/home/n/w/nwhite01/storage/ocr_20150623/142/hvd.32044015471808/312.png"; bbox 0 0 3992 5338; ppageno 0'>
   <div class='ocr_carea' id='block_1_1' title="bbox 139 257 1699 356">
    <p class='ocr_par' dir='ltr' id='par_1_1' title="bbox 139 257 1699 344">
     <span class='ocr_line' id='line_1_1' title="bbox 139 257 1699 344; baseline 0 -2"><span class='ocrx_word' id='word_1_1' title='bbox 139 288 224 344; x_wconf 76' lang='lat' dir='ltr'><strong>m3</strong></span> <span class='ocrx_word' id='word_1_2' title='bbox 655 257 662 264; x_wconf 79' lang='grc'><em>’</em></span> <span class='ocrx_word' id='word_1_3' title='bbox 1055 287 1526 344; x_wconf 60' lang='grc' dir='ltr'><strong>ιιιδτοῐιιλιιωι</strong></span> <span class='ocrx_word' id='word_1_4' title='bbox 1566 288 1699 343; x_wconf 78' lang='lat' dir='ltr'><strong>LIBl</strong></span> 
     </span>
    </p>
   </div>
   <div class='ocr_carea' id='block_1_2' title="bbox 1791 257 2420 356">
    <p class='ocr_par' dir='ltr' id='par_1_2' title="bbox 1791 285 2420 356">
     <span class='ocr_line' id='line_1_2' title="bbox 1791 285 2420 356; baseline -0.003 -13"><span class='ocrx_word' id='word_1_5' title='bbox 1791 285 2106 356; x_wconf 74' lang='lat' dir='ltr'><strong>QUINQUE.</strong></span> <span class='ocrx_word' id='word_1_6' title='bbox 2137 317 2198 326; x_wconf 92' lang='grc'><strong>-</strong></span> <span class='ocrx_word' id='word_1_7' title='bbox 2225 288 2352 341; x_wconf 87' lang='lat' dir='ltr'><strong>LIB.</strong></span> <span class='ocrx_word' id='word_1_8' title='bbox 2382 287 2420 340; x_wconf 85' lang='grc' dir='ltr'><strong>ι.</strong></span> 
     </span>
    </p>
   </div>
   <div class='ocr_carea' id='block_1_3' title="bbox 3242 290 3346 344">
    <p class='ocr_par' dir='ltr' id='par_1_3' title="bbox 3242 290 3346 344">
     <span class='ocr_line' id='line_1_3' title="bbox 3242 290 3346 344; baseline 0.019 -2"><span class='ocrx_word' id='word_1_9' title='bbox 3242 290 3346 344; x_wconf 71' lang='lat' dir='ltr'><strong>6N</strong></span> 
     </span>
    </p>
   </div>
   <div class='ocr_carea' id='block_1_4' title="bbox 142 395 3350 470">
    <p class='ocr_par' dir='ltr' id='par_1_4' title="bbox 142 395 3350 470">
     <span class='ocr_line' id='line_1_4' title="bbox 142 395 3350 470; baseline 0.002 -19"><span class='ocrx_word' id='word_1_10' title='bbox 142 395 374 468; x_wconf 86' lang='lat' dir='ltr'><strong>temporis</strong></span> <span class='ocrx_word' id='word_1_11' title='bbox 425 410 533 449; x_wconf 89' lang='lat' dir='ltr'><strong>non</strong></span> <span class='ocrx_word' id='word_1_12' title='bbox 581 395 848 467; x_wconf 85' lang='lat' dir='ltr'><strong>quispiam</strong></span> <span class='ocrx_word' id='word_1_13' title='bbox 884 397 1163 463; x_wconf 79' lang='lat' dir='ltr'><strong>existeret,</strong></span> <span class='ocrx_word' id='word_1_14' title='bbox 1194 401 1284 468; x_wconf 87' lang='lat' dir='ltr'><strong>qui</strong></span> <span class='ocrx_word' id='word_1_15' title='bbox 1325 399 1520 455; x_wconf 83' lang='lat' dir='ltr'><strong>futuris</strong></span> <span class='ocrx_word' id='word_1_16' title='bbox 1563 409 1684 470; x_wconf 87' lang='lat' dir='ltr'><strong>post</strong></span> <span class='ocrx_word' id='word_1_17' title='bbox 1711 407 1759 463; x_wconf 79' lang='grc' dir='ltr'>Α</span> <span class='ocrx_word' id='word_1_18' title='bbox 1787 416 1851 456; x_wconf 90' lang='lat' dir='ltr'><strong>ac</strong></span> <span class='ocrx_word' id='word_1_19' title='bbox 1900 402 2152 455; x_wconf 69' lang='lat' dir='ltr'><strong>fraternae</strong></span> <span class='ocrx_word' id='word_1_20' title='bbox 2204 399 2460 454; x_wconf 85' lang='lat' dir='ltr'><strong>voluntati</strong></span> <span class='ocrx_word' id='word_1_21' title='bbox 2510 399 2727 462; x_wconf 76' lang='lat' dir='ltr'><strong>ohedio,</strong></span> <span class='ocrx_word' id='word_1_22' title='bbox 2780 399 3030 467; x_wconf 75' lang='lat' dir='ltr'><strong>primitus</strong></span> <span class='ocrx_word' id='word_1_23' title='bbox 3083 401 3350 457; x_wconf 73' lang='lat' dir='ltr'><strong>duntaxat</strong></span> 
     </span>
    </p>
   </div>
   <div class='ocr_carea' id='block_1_5' title="bbox 141 489 1685 559">
    <p class='ocr_par' dir='ltr' id='par_1_5' title="bbox 141 489 1685 559">
     <span class='ocr_line' id='line_1_5' title="bbox 141 489 1685 559; baseline 0.004 -15"><span class='ocrx_word' id='word_1_24' title='bbox 141 505 226 544; x_wconf 88' lang='lat' dir='ltr'><strong>nos</strong></span> <span class='ocrx_word' id='word_1_25' title='bbox 251 489 555 559; x_wconf 73' lang='lat' dir='ltr'><strong>multiplicia</strong></span> <span class='ocrx_word' id='word_1_26' title='bbox 586 491 699 546; x_wconf 75' lang='lat' dir='ltr'><strong>haec</strong></span> <span class='ocrx_word' id='word_1_27' title='bbox 726 506 845 559; x_wconf 64' lang='lat' dir='ltr'><strong>qua!</strong></span> <span class='ocrx_word' id='word_1_28' title='bbox 871 492 1118 547; x_wconf 90' lang='lat' dir='ltr'><strong>videntur</strong></span> <span class='ocrx_word' id='word_1_29' title='bbox 1139 495 1252 547; x_wconf 85' lang='lat' dir='ltr'><strong>tieri</strong></span> <span class='ocrx_word' id='word_1_30' title='bbox 1287 503 1394 548; x_wconf 92' lang='lat' dir='ltr'><strong>tam</strong></span> <span class='ocrx_word' id='word_1_31' title='bbox 1429 495 1481 549; x_wconf 90' lang='lat' dir='ltr'><strong>in</strong></span> <span class='ocrx_word' id='word_1_32' title='bbox 1507 495 1685 550; x_wconf 85' lang='lat' dir='ltr'><strong>Eccle-</strong></span> 
     </span>
    </p>
   </div>
   <div class='ocr_carea' id='block_1_6' title="bbox 141 576 1683 654">
    <p class='ocr_par' dir='ltr' id='par_1_6' title="bbox 141 576 1683 654">
     <span class='ocr_line' id='line_1_6' title="bbox 141 576 1683 654; baseline 0.003 -22"><span class='ocrx_word' id='word_1_33' title='bbox 141 579 223 633; x_wconf 87' lang='lat' dir='ltr'><strong>siis</strong></span> <span class='ocrx_word' id='word_1_34' title='bbox 254 576 376 638; x_wconf 90' lang='lat' dir='ltr'><strong>Dei,</strong></span> <span class='ocrx_word' id='word_1_35' title='bbox 401 593 563 646; x_wconf 88' lang='lat' dir='ltr'><strong>quam</strong></span> <span class='ocrx_word' id='word_1_36' title='bbox 604 580 656 633; x_wconf 91' lang='lat' dir='ltr'><strong>in</strong></span> <span class='ocrx_word' id='word_1_37' title='bbox 691 580 956 648; x_wconf 84' lang='lat' dir='ltr'><strong>plebibus,</strong></span> <span class='ocrx_word' id='word_1_38' title='bbox 988 582 1206 637; x_wconf 89' lang='lat' dir='ltr'><strong>minime</strong></span> <span class='ocrx_word' id='word_1_39' title='bbox 1235 584 1477 639; x_wconf 87' lang='lat' dir='ltr'><strong>abdenda</strong></span> <span class='ocrx_word' id='word_1_40' title='bbox 1506 585 1683 654; x_wconf 83' lang='lat' dir='ltr'><strong>quali-</strong></span> 
     </span>
    </p>
   </div>
   <div class='ocr_carea' id='block_1_7' title="bbox 145 669 1682 743">
    <p class='ocr_par' dir='ltr' id='par_1_7' title="bbox 145 669 1682 743">
     <span class='ocr_line' id='line_1_7' title="bbox 145 669 1682 743; baseline 0.003 -22"><span class='ocrx_word' id='word_1_41' title='bbox 145 682 336 736; x_wconf 90' lang='lat' dir='ltr'><strong>cunque</strong></span> <span class='ocrx_word' id='word_1_42' title='bbox 387 669 511 737; x_wconf 81' lang='lat' dir='ltr'><strong>styli</strong></span> <span class='ocrx_word' id='word_1_43' title='bbox 565 671 940 738; x_wconf 83' lang='lat' dir='ltr'><strong>pernotatioue</strong></span> <span class='ocrx_word' id='word_1_44' title='bbox 997 671 1330 726; x_wconf 83' lang='lat' dir='ltr'><strong>mandaret:</strong></span> <span class='ocrx_word' id='word_1_45' title='bbox 1385 675 1682 743; x_wconf 60' lang='lat' dir='ltr'><strong>praesertim</strong></span> 
     </span>
    </p>
   </div>
   <div class='ocr_carea' id='block_1_8' title="bbox 141 758 1682 832">
    <p class='ocr_par' dir='ltr' id='par_1_8' title="bbox 141 758 1682 832">
     <span class='ocr_line' id='line_1_8' title="bbox 141 758 1682 832; baseline 0.002 -17"><span class='ocrx_word' id='word_1_46' title='bbox 141 777 278 824; x_wconf 85' lang='lat' dir='ltr'><strong>cum,</strong></span> <span class='ocrx_word' id='word_1_47' title='bbox 312 758 590 815; x_wconf 81' lang='lat' dir='ltr'><strong>Salvatore</strong></span> <span class='ocrx_word' id='word_1_48' title='bbox 635 771 794 825; x_wconf 80' lang='lat' dir='ltr'><strong>teste,</strong></span> <span class='ocrx_word' id='word_1_49' title='bbox 833 779 1004 832; x_wconf 89' lang='lat' dir='ltr'><strong>usque</strong></span> <span class='ocrx_word' id='word_1_50' title='bbox 1052 764 1104 817; x_wconf 92' lang='lat' dir='ltr'><strong>in</strong></span> <span class='ocrx_word' id='word_1_51' title='bbox 1161 764 1403 817; x_wconf 83' lang='lat' dir='ltr'><strong>ultimam</strong></span> <span class='ocrx_word' id='word_1_52' title='bbox 1453 767 1682 818; x_wconf 75' lang='lat' dir='ltr'><strong>extremi</strong></span> 
     </span>
    </p>
   </div>
   <div class='ocr_carea' id='block_1_9' title="bbox 139 851 1688 925">
    <p class='ocr_par' dir='ltr' id='par_1_9' title="bbox 139 851 1688 925">
     <span class='ocr_line' id='line_1_9' title="bbox 139 851 1688 925; baseline 0.005 -21"><span class='ocrx_word' id='word_1_53' title='bbox 139 851 236 905; x_wconf 87' lang='lat' dir='ltr'><strong>diei</strong></span> <span class='ocrx_word' id='word_1_54' title='bbox 258 853 456 915; x_wconf 84' lang='lat' dir='ltr'><strong>horam,</strong></span> <span class='ocrx_word' id='word_1_55' title='bbox 482 863 670 907; x_wconf 86' lang='lat' dir='ltr'><strong>sancto</strong></span> <span class='ocrx_word' id='word_1_56' title='bbox 695 853 898 923; x_wconf 86' lang='lat' dir='ltr'><strong>Spiritu</strong></span> <span class='ocrx_word' id='word_1_57' title='bbox 927 865 1272 925; x_wconf 77' lang='lat' dir='ltr'><strong>cooperante,</strong></span> <span class='ocrx_word' id='word_1_58' title='bbox 1302 857 1415 925; x_wconf 90' lang='lat' dir='ltr'><strong>ipse</strong></span> <span class='ocrx_word' id='word_1_59' title='bbox 1441 856 1688 912; x_wconf 80' lang='lat' dir='ltr'><strong>facturus</strong></span> 
     </span>
    </p>
   </div>
   <div class='ocr_carea' id='block_1_10' title="bbox 143 943 1687 1016">
    <p class='ocr_par' dir='ltr' id='par_1_10' title="bbox 143 943 1687 1016">
     <span class='ocr_line' id='line_1_10' title="bbox 143 943 1687 1016; baseline 0.003 -20"><span class='ocrx_word' id='word_1_60' title='bbox 143 943 205 996; x_wconf 88' lang='lat' dir='ltr'><strong>sit</strong></span> <span class='ocrx_word' id='word_1_61' title='bbox 231 945 277 996; x_wconf 93' lang='lat' dir='ltr'><strong>in</strong></span> <span class='ocrx_word' id='word_1_62' title='bbox 304 943 499 996; x_wconf 88' lang='lat' dir='ltr'><strong>mundo</strong></span> <span class='ocrx_word' id='word_1_63' title='bbox 527 959 664 996; x_wconf 87' lang='lat' dir='ltr'><strong>nova</strong></span> <span class='ocrx_word' id='word_1_64' title='bbox 690 959 810 996; x_wconf 92' lang='lat' dir='ltr'><strong>cum</strong></span> <span class='ocrx_word' id='word_1_65' title='bbox 837 943 1014 998; x_wconf 80' lang='lat' dir='ltr'><strong>Patre.</strong></span> <span class='ocrx_word' id='word_1_66' title='bbox 1043 945 1107 998; x_wconf 80' lang='lat' dir='ltr'><strong>Et</strong></span> <span class='ocrx_word' id='word_1_67' title='bbox 1142 947 1397 1014; x_wconf 87' lang='lat' dir='ltr'><strong>quoniam</strong></span> <span class='ocrx_word' id='word_1_68' title='bbox 1428 948 1480 1000; x_wconf 93' lang='lat' dir='ltr'><strong>in</strong></span> <span class='ocrx_word' id='word_1_69' title='bbox 1513 949 1687 1016; x_wconf 91' lang='lat' dir='ltr'><strong>spatio</strong></span> 
     </span>
    </p>
   </div>
   <div class='ocr_carea' id='block_1_11' title="bbox 145 1034 1690 1105">
    <p class='ocr_par' dir='ltr' id='par_1_11' title="bbox 145 1034 1690 1105">
     <span class='ocr_line' id='line_1_11' title="bbox 145 1034 1690 1105; baseline 0.003 -18"><span class='ocrx_word' id='word_1_70' title='bbox 145 1035 246 1088; x_wconf 78' lang='lat' dir='ltr'><strong>fere</strong></span> <span class='ocrx_word' id='word_1_71' title='bbox 272 1034 618 1087; x_wconf 87' lang='lat' dir='ltr'><strong>ducentorum</strong></span> <span class='ocrx_word' id='word_1_72' title='bbox 640 1049 905 1087; x_wconf 89' lang='lat' dir='ltr'><strong>annorum</strong></span> <span class='ocrx_word' id='word_1_73' title='bbox 933 1050 1091 1089; x_wconf 91' lang='lat' dir='ltr'><strong>nemo</strong></span> <span class='ocrx_word' id='word_1_74' title='bbox 1121 1035 1218 1089; x_wconf 83' lang='lat' dir='ltr'><strong>ista</strong></span> <span class='ocrx_word' id='word_1_75' title='bbox 1243 1046 1500 1105; x_wconf 86' lang='lat' dir='ltr'><strong>appetens</strong></span> <span class='ocrx_word' id='word_1_76' title='bbox 1521 1039 1690 1092; x_wconf 77' lang='lat' dir='ltr'><strong>exsti-</strong></span> 
     </span>
    </p>
   </div>
   <div class='ocr_carea' id='block_1_12' title="bbox 149 1122 1688 1194">
    <p class='ocr_par' dir='ltr' id='par_1_12' title="bbox 149 1122 1688 1194">
     <span class='ocr_line' id='line_1_12' title="bbox 149 1122 1688 1194; baseline 0.003 -19"><span class='ocrx_word' id='word_1_77' title='bbox 149 1125 223 1185; x_wconf 89' lang='lat' dir='ltr'><strong>tit,</strong></span> <span class='ocrx_word' id='word_1_78' title='bbox 261 1123 308 1176; x_wconf 88' lang='lat' dir='ltr'><strong>id</strong></span> <span class='ocrx_word' id='word_1_79' title='bbox 359 1131 464 1180; x_wconf 84' lang='lat' dir='ltr'><strong>est.</strong></span> <span class='ocrx_word' id='word_1_80' title='bbox 491 1133 605 1190; x_wconf 91' lang='lat' dir='ltr'><strong>post</strong></span> <span class='ocrx_word' id='word_1_81' title='bbox 633 1122 828 1176; x_wconf 76' lang='lat' dir='ltr'><strong>Bedam</strong></span> <span class='ocrx_word' id='word_1_82' title='bbox 854 1123 1143 1176; x_wconf 75' lang='lat' dir='ltr'><strong>Britannia:</strong></span> <span class='ocrx_word' id='word_1_83' title='bbox 1171 1127 1566 1194; x_wconf 78' lang='lat' dir='ltr'><strong>presbyterum,</strong></span> <span class='ocrx_word' id='word_1_84' title='bbox 1593 1143 1688 1180; x_wconf 89' lang='lat' dir='ltr'><strong>seu</strong></span> 
     </span>
    </p>
   </div>
   <div class='ocr_carea' id='block_1_13' title="bbox 145 1209 1691 1282">
    <p class='ocr_par' dir='ltr' id='par_1_13' title="bbox 145 1209 1691 1282">
     <span class='ocr_line' id='line_1_13' title="bbox 145 1209 1691 1282; baseline 0.004 -19"><span class='ocrx_word' id='word_1_85' title='bbox 145 1209 293 1263; x_wconf 67' lang='lat' dir='ltr'><strong>Italia!</strong></span> <span class='ocrx_word' id='word_1_86' title='bbox 341 1209 564 1263; x_wconf 82' lang='lat' dir='ltr'><strong>Paulum</strong></span> <span class='ocrx_word' id='word_1_87' title='bbox 587 1251 601 1273; x_wconf 86' lang='lat'><strong>,</strong></span> <span class='ocrx_word' id='word_1_88' title='bbox 632 1211 722 1278; x_wconf 86' lang='lat' dir='ltr'><strong>qui</strong></span> <span class='ocrx_word' id='word_1_89' title='bbox 769 1211 1122 1265; x_wconf 87' lang='lat' dir='ltr'><strong>historialiter</strong></span> <span class='ocrx_word' id='word_1_90' title='bbox 1153 1214 1426 1280; x_wconf 84' lang='lat' dir='ltr'><strong>quidpiam</strong></span> <span class='ocrx_word' id='word_1_91' title='bbox 1458 1215 1691 1282; x_wconf 83' lang='lat' dir='ltr'><strong>posteris</strong></span> 
     </span>
    </p>
   </div>
   <div class='ocr_carea' id='block_1_14' title="bbox 143 1300 1690 1374">
    <p class='ocr_par' dir='ltr' id='par_1_14' title="bbox 143 1300 1690 1374">
     <span class='ocr_line' id='line_1_14' title="bbox 143 1300 1690 1374; baseline 0.005 -22"><span class='ocrx_word' id='word_1_92' title='bbox 143 1300 365 1353; x_wconf 78' lang='lat' dir='ltr'><strong>misisset</strong></span> <span class='ocrx_word' id='word_1_93' title='bbox 399 1301 694 1369; x_wconf 85' lang='lat' dir='ltr'><strong>scriptum:</strong></span> <span class='ocrx_word' id='word_1_94' title='bbox 723 1316 948 1369; x_wconf 87' lang='lat' dir='ltr'><strong>quormu</strong></span> <span class='ocrx_word' id='word_1_95' title='bbox 992 1311 1216 1370; x_wconf 88' lang='lat' dir='ltr'><strong>uterque</strong></span> <span class='ocrx_word' id='word_1_96' title='bbox 1254 1303 1532 1358; x_wconf 80' lang='lat' dir='ltr'><strong>historiam</strong></span> <span class='ocrx_word' id='word_1_97' title='bbox 1567 1322 1690 1374; x_wconf 84' lang='lat' dir='ltr'><strong>pro-</strong></span> 
     </span>
    </p>
   </div>
   <div class='ocr_carea' id='block_1_15' title="bbox 147 1390 1689 1460">
    <p class='ocr_par' dir='ltr' id='par_1_15' title="bbox 147 1390 1689 1460">
     <span class='ocr_line' id='line_1_15' title="bbox 147 1390 1689 1460; baseline 0.008 -22"><span class='ocrx_word' id='word_1_98' title='bbox 147 1390 262 1456; x_wconf 73' lang='lat' dir='ltr'><strong>pt&#39;itt?</strong></span> <span class='ocrx_word' id='word_1_99' title='bbox 283 1391 477 1459; x_wconf 82' lang='lat' dir='ltr'><strong>gentis,</strong></span> <span class='ocrx_word' id='word_1_100' title='bbox 511 1390 591 1444; x_wconf 91' lang='lat' dir='ltr'><strong>vel</strong></span> <span class='ocrx_word' id='word_1_101' title='bbox 617 1393 801 1460; x_wconf 73' lang='lat' dir='ltr'><strong>patria:</strong></span> <span class='ocrx_word' id='word_1_102' title='bbox 829 1393 1088 1447; x_wconf 85' lang='lat' dir='ltr'><strong>condidit.</strong></span> <span class='ocrx_word' id='word_1_103' title='bbox 1120 1395 1257 1448; x_wconf 91' lang='lat' dir='ltr'><strong>Dum</strong></span> <span class='ocrx_word' id='word_1_104' title='bbox 1284 1395 1531 1450; x_wconf 87' lang='lat' dir='ltr'><strong>videlicet</strong></span> <span class='ocrx_word' id='word_1_105' title='bbox 1558 1412 1689 1451; x_wconf 85' lang='lat' dir='ltr'><strong>cou-</strong></span> 
     </span>
    </p>
   </div>
   <div class='ocr_carea' id='block_1_16' title="bbox 147 1482 1692 1553">
    <p class='ocr_par' dir='ltr' id='par_1_16' title="bbox 147 1482 1692 1553">
     <span class='ocr_line' id='line_1_16' title="bbox 147 1482 1692 1553; baseline 0.005 -19"><span class='ocrx_word' id='word_1_106' title='bbox 147 1491 239 1534; x_wconf 87' lang='lat' dir='ltr'><strong>stet</strong></span> <span class='ocrx_word' id='word_1_107' title='bbox 277 1491 379 1534; x_wconf 86' lang='lat' dir='ltr'><strong>tam</strong></span> <span class='ocrx_word' id='word_1_108' title='bbox 429 1482 483 1536; x_wconf 90' lang='lat' dir='ltr'><strong>in</strong></span> <span class='ocrx_word' id='word_1_109' title='bbox 522 1484 654 1538; x_wconf 84' lang='lat' dir='ltr'><strong>orhe</strong></span> <span class='ocrx_word' id='word_1_110' title='bbox 693 1484 960 1548; x_wconf 82' lang='lat' dir='ltr'><strong>Romano,</strong></span> <span class='ocrx_word' id='word_1_111' title='bbox 994 1500 1154 1553; x_wconf 91' lang='lat' dir='ltr'><strong>quam</strong></span> <span class='ocrx_word' id='word_1_112' title='bbox 1205 1485 1258 1538; x_wconf 92' lang='lat' dir='ltr'><strong>in</strong></span> <span class='ocrx_word' id='word_1_113' title='bbox 1311 1487 1692 1542; x_wconf 84' lang='lat' dir='ltr'><strong>transmarinis</strong></span> 
     </span>
    </p>
   </div>
   <div class='ocr_carea' id='block_1_17' title="bbox 145 1575 1690 1646">
    <p class='ocr_par' dir='ltr' id='par_1_17' title="bbox 145 1575 1690 1646">
     <span class='ocr_line' id='line_1_17' title="bbox 145 1575 1690 1646; baseline 0.005 -21"><span class='ocrx_word' id='word_1_114' title='bbox 145 1587 229 1626; x_wconf 85' lang='lat' dir='ltr'><strong>seu</strong></span> <span class='ocrx_word' id='word_1_115' title='bbox 267 1575 506 1629; x_wconf 84' lang='lat' dir='ltr'><strong>barbaris</strong></span> <span class='ocrx_word' id='word_1_116' title='bbox 537 1575 827 1645; x_wconf 82' lang='lat' dir='ltr'><strong>provinciis</strong></span> <span class='ocrx_word' id='word_1_117' title='bbox 859 1575 1110 1644; x_wconf 85' lang='lat' dir='ltr'><strong>perplura</strong></span> <span class='ocrx_word' id='word_1_118' title='bbox 1152 1575 1452 1639; x_wconf 86' lang='lat' dir='ltr'><strong>devenisse,</strong></span> <span class='ocrx_word' id='word_1_119' title='bbox 1485 1593 1604 1646; x_wconf 66' lang='lat' dir='ltr'><strong>qua:</strong></span> <span class='ocrx_word' id='word_1_120' title='bbox 1643 1577 1690 1634; x_wconf 86' lang='lat' dir='ltr'><strong>si</strong></span> 
     </span>
    </p>
   </div>
   <div class='ocr_carea' id='block_1_18' title="bbox 145 1667 1695 1734">
    <p class='ocr_par' dir='ltr' id='par_1_18' title="bbox 145 1667 1695 1734">
     <span class='ocr_line' id='line_1_18' title="bbox 145 1667 1695 1734; baseline 0.005 -18"><span class='ocrx_word' id='word_1_121' title='bbox 145 1667 399 1720; x_wconf 74' lang='lat' dir='ltr'><strong>memoria:</strong></span> <span class='ocrx_word' id='word_1_122' title='bbox 449 1668 964 1720; x_wconf 86' lang='lat' dir='ltr'><strong>commendarentur</strong></span> <span class='ocrx_word' id='word_1_123' title='bbox 993 1667 1230 1734; x_wconf 81' lang='lat' dir='ltr'><strong>proﬁcua</strong></span> <span class='ocrx_word' id='word_1_124' title='bbox 1264 1667 1486 1721; x_wconf 91' lang='lat' dir='ltr'><strong>nimium</strong></span> <span class='ocrx_word' id='word_1_125' title='bbox 1521 1669 1695 1723; x_wconf 82' lang='lat' dir='ltr'><strong>homi-</strong></span> 
     </span>
    </p>
   </div>
   <div class='ocr_carea' id='block_1_19' title="bbox 1784 492 3344 562">
    <p class='ocr_par' dir='ltr' id='par_1_19' title="bbox 1784 492 3344 562">
     <span class='ocr_line' id='line_1_19' title="bbox 1784 492 3344 562; baseline 0.001 -14"><span class='ocrx_word' id='word_1_126' title='bbox 1784 503 2122 558; x_wconf 89' lang='lat' dir='ltr'><strong>ostensurus,</strong></span> <span class='ocrx_word' id='word_1_127' title='bbox 2153 509 2456 562; x_wconf 87' lang='lat' dir='ltr'><strong>quanquam</strong></span> <span class='ocrx_word' id='word_1_128' title='bbox 2488 492 2632 547; x_wconf 90' lang='lat' dir='ltr'><strong>salus</strong></span> <span class='ocrx_word' id='word_1_129' title='bbox 2664 508 2925 546; x_wconf 89' lang='lat' dir='ltr'><strong>annorum</strong></span> <span class='ocrx_word' id='word_1_130' title='bbox 2955 509 2984 547; x_wconf 92' lang='lat' dir='ltr'><strong>a</strong></span> <span class='ocrx_word' id='word_1_131' title='bbox 3013 496 3193 548; x_wconf 90' lang='lat' dir='ltr'><strong>mundi</strong></span> <span class='ocrx_word' id='word_1_132' title='bbox 3231 497 3344 549; x_wconf 85' lang='lat' dir='ltr'><strong>ori-</strong></span> 
     </span>
    </p>
   </div>
   <div class='ocr_carea' id='block_1_20' title="bbox 1784 584 3346 655">
    <p class='ocr_par' dir='ltr' id='par_1_20' title="bbox 1784 584 3346 655">
     <span class='ocr_line' id='line_1_20' title="bbox 1784 584 3346 655; baseline 0.003 -17"><span class='ocrx_word' id='word_1_133' title='bbox 1784 585 1905 655; x_wconf 90' lang='lat' dir='ltr'><strong>gine</strong></span> <span class='ocrx_word' id='word_1_134' title='bbox 1952 592 2231 654; x_wconf 88' lang='lat' dir='ltr'><strong>pernotata</strong></span> <span class='ocrx_word' id='word_1_135' title='bbox 2276 586 2568 639; x_wconf 87' lang='lat' dir='ltr'><strong>secundum</strong></span> <span class='ocrx_word' id='word_1_136' title='bbox 2613 584 2961 640; x_wconf 72' lang='lat' dir='ltr'><strong>llebrmorum</strong></span> <span class='ocrx_word' id='word_1_137' title='bbox 3018 587 3275 642; x_wconf 83' lang='lat' dir='ltr'><strong>historias</strong></span> <span class='ocrx_word' id='word_1_138' title='bbox 3316 607 3346 654; x_wconf 83' lang='lat' dir='ltr'><strong>a</strong></span> 
     </span>
    </p>
   </div>
   <div class='ocr_carea' id='block_1_21' title="bbox 1787 675 3351 747">
    <p class='ocr_par' dir='ltr' id='par_1_21' title="bbox 1787 675 3351 747">
     <span class='ocr_line' id='line_1_21' title="bbox 1787 675 3351 747; baseline 0.003 -16"><span class='ocrx_word' id='word_1_139' title='bbox 1787 677 2134 746; x_wconf 79' lang='lat' dir='ltr'><strong>Septuaginta</strong></span> <span class='ocrx_word' id='word_1_140' title='bbox 2159 675 2508 745; x_wconf 86' lang='lat' dir='ltr'><strong>interpretum</strong></span> <span class='ocrx_word' id='word_1_141' title='bbox 2534 676 2883 732; x_wconf 85' lang='lat' dir='ltr'><strong>translatione</strong></span> <span class='ocrx_word' id='word_1_142' title='bbox 2908 678 3196 747; x_wconf 86' lang='lat' dir='ltr'><strong>discrepet.</strong></span> <span class='ocrx_word' id='word_1_143' title='bbox 3220 681 3351 736; x_wconf 72' lang='lat' dir='ltr'><strong>Illud</strong></span> 
     </span>
    </p>
   </div>
   <div class='ocr_carea' id='block_1_22' title="bbox 1788 769 3352 841">
    <p class='ocr_par' dir='ltr' id='par_1_22' title="bbox 1788 769 3352 841">
     <span class='ocr_line' id='line_1_22' title="bbox 1788 769 3352 841; baseline 0.003 -17"><span class='ocrx_word' id='word_1_144' title='bbox 1788 781 1965 824; x_wconf 91' lang='lat' dir='ltr'><strong>tamen</strong></span> <span class='ocrx_word' id='word_1_145' title='bbox 1999 769 2297 823; x_wconf 81' lang='lat' dir='ltr'><strong>certissime</strong></span> <span class='ocrx_word' id='word_1_146' title='bbox 2319 770 2777 834; x_wconf 86' lang='lat' dir='ltr'><strong>commendamus,</strong></span> <span class='ocrx_word' id='word_1_147' title='bbox 2801 773 2942 841; x_wconf 91' lang='lat' dir='ltr'><strong>quod</strong></span> <span class='ocrx_word' id='word_1_148' title='bbox 2973 787 3146 827; x_wconf 66' lang='lat' dir='ltr'><strong>annus</strong></span> <span class='ocrx_word' id='word_1_149' title='bbox 3176 775 3352 828; x_wconf 85' lang='lat' dir='ltr'><strong>incar-</strong></span> 
     </span>
    </p>
   </div>
   <div class='ocr_carea' id='block_1_23' title="bbox 1788 861 3351 934">
    <p class='ocr_par' dir='ltr' id='par_1_23' title="bbox 1788 861 3351 934">
     <span class='ocr_line' id='line_1_23' title="bbox 1788 861 3351 934; baseline 0 -16"><span class='ocrx_word' id='word_1_150' title='bbox 1788 862 1900 918; x_wconf 87' lang='lat' dir='ltr'><strong>nati</strong></span> <span class='ocrx_word' id='word_1_151' title='bbox 1936 861 2091 915; x_wconf 85' lang='lat' dir='ltr'><strong>Verbi</strong></span> <span class='ocrx_word' id='word_1_152' title='bbox 2146 861 2459 915; x_wconf 83' lang='lat' dir='ltr'><strong>millesimus</strong></span> <span class='ocrx_word' id='word_1_153' title='bbox 2487 861 2751 916; x_wconf 88' lang='lat' dir='ltr'><strong>secundus</strong></span> <span class='ocrx_word' id='word_1_154' title='bbox 2780 863 2893 932; x_wconf 87' lang='lat' dir='ltr'><strong>ipse</strong></span> <span class='ocrx_word' id='word_1_155' title='bbox 2909 864 2995 918; x_wconf 85' lang='lat' dir='ltr'><strong>‘sit</strong></span> <span class='ocrx_word' id='word_1_156' title='bbox 3033 866 3178 934; x_wconf 81' lang='lat' dir='ltr'><strong>regni</strong></span> <span class='ocrx_word' id='word_1_157' title='bbox 3211 865 3351 919; x_wconf 81' lang='lat' dir='ltr'><strong>lien-</strong></span> 
     </span>
    </p>
   </div>
   <div class='ocr_carea' id='block_1_24' title="bbox 1789 953 3352 1024">
    <p class='ocr_par' dir='ltr' id='par_1_24' title="bbox 1789 953 3352 1024">
     <span class='ocr_line' id='line_1_24' title="bbox 1789 953 3352 1024; baseline 0.002 -16"><span class='ocrx_word' id='word_1_158' title='bbox 1789 955 1885 1009; x_wconf 92' lang='lat' dir='ltr'><strong>rici</strong></span> <span class='ocrx_word' id='word_1_159' title='bbox 1934 953 2205 1007; x_wconf 77' lang='lat' dir='ltr'><strong>Saxonum</strong></span> <span class='ocrx_word' id='word_1_160' title='bbox 2238 953 2379 1021; x_wconf 84' lang='lat' dir='ltr'><strong>regis</strong></span> <span class='ocrx_word' id='word_1_161' title='bbox 2423 953 2646 1021; x_wconf 89' lang='lat' dir='ltr'><strong>primus.</strong></span> <span class='ocrx_word' id='word_1_162' title='bbox 2696 954 2868 1008; x_wconf 84' lang='lat' dir='ltr'><strong>Isdem</strong></span> <span class='ocrx_word' id='word_1_163' title='bbox 2919 971 3132 1024; x_wconf 83' lang='lat' dir='ltr'><strong>quoque</strong></span> <span class='ocrx_word' id='word_1_164' title='bbox 3178 972 3352 1014; x_wconf 88' lang='lat' dir='ltr'><strong>annus</strong></span> 
     </span>
    </p>
   </div>
   <div class='ocr_carea' id='block_1_25' title="bbox 1789 1041 3352 1112">
    <p class='ocr_par' dir='ltr' id='par_1_25' title="bbox 1789 1041 3352 1112">
     <span class='ocr_line' id='line_1_25' title="bbox 1789 1041 3352 1112; baseline 0.001 -13"><span class='ocrx_word' id='word_1_165' title='bbox 1789 1044 1998 1099; x_wconf 89' lang='lat' dir='ltr'><strong>Domini</strong></span> <span class='ocrx_word' id='word_1_166' title='bbox 2045 1043 2360 1098; x_wconf 87' lang='lat' dir='ltr'><strong>millesimus</strong></span> <span class='ocrx_word' id='word_1_167' title='bbox 2409 1041 2509 1096; x_wconf 77' lang='lat' dir='ltr'><strong>fuit</strong></span> <span class='ocrx_word' id='word_1_168' title='bbox 2546 1043 2697 1112; x_wconf 84' lang='lat' dir='ltr'><strong>regni</strong></span> <span class='ocrx_word' id='word_1_169' title='bbox 2736 1044 2972 1098; x_wconf 77' lang='lat' dir='ltr'><strong>Rolberti</strong></span> <span class='ocrx_word' id='word_1_170' title='bbox 3019 1046 3352 1101; x_wconf 87' lang='lat' dir='ltr'><strong>Francorum</strong></span> 
     </span>
    </p>
   </div>
   <div class='ocr_carea' id='block_1_26' title="bbox 1789 1132 3352 1203">
    <p class='ocr_par' dir='ltr' id='par_1_26' title="bbox 1789 1132 3352 1203">
     <span class='ocr_line' id='line_1_26' title="bbox 1789 1132 3352 1203; baseline 0.003 -17"><span class='ocrx_word' id='word_1_171' title='bbox 1789 1134 1936 1203; x_wconf 84' lang='lat' dir='ltr'><strong>regis</strong></span> <span class='ocrx_word' id='word_1_172' title='bbox 1966 1134 2162 1188; x_wconf 89' lang='lat' dir='ltr'><strong>tertius</strong></span> <span class='ocrx_word' id='word_1_173' title='bbox 2208 1134 2471 1187; x_wconf 89' lang='lat' dir='ltr'><strong>decimus.</strong></span> <span class='ocrx_word' id='word_1_174' title='bbox 2506 1132 2597 1186; x_wconf 85' lang='lat' dir='ltr'><strong>Isti</strong></span> <span class='ocrx_word' id='word_1_175' title='bbox 2635 1132 2798 1201; x_wconf 78' lang='lat' dir='ltr'><strong>igitur</strong></span> <span class='ocrx_word' id='word_1_176' title='bbox 2828 1133 2934 1187; x_wconf 92' lang='lat' dir='ltr'><strong>dno</strong></span> <span class='ocrx_word' id='word_1_177' title='bbox 2970 1133 3023 1188; x_wconf 91' lang='lat' dir='ltr'><strong>in</strong></span> <span class='ocrx_word' id='word_1_178' title='bbox 3053 1145 3238 1189; x_wconf 87' lang='lat' dir='ltr'><strong>nostro</strong></span> <span class='ocrx_word' id='word_1_179' title='bbox 3269 1137 3352 1190; x_wconf 90' lang='lat' dir='ltr'><strong>ei-</strong></span> 
     </span>
    </p>
   </div>
   <div class='ocr_carea' id='block_1_27' title="bbox 1790 1223 3355 1295">
    <p class='ocr_par' dir='ltr' id='par_1_27' title="bbox 1790 1223 3355 1295">
     <span class='ocr_line' id='line_1_27' title="bbox 1790 1223 3355 1295; baseline 0.002 -16"><span class='ocrx_word' id='word_1_180' title='bbox 1790 1227 2119 1280; x_wconf 87' lang='lat' dir='ltr'><strong>tra-mariuo</strong></span> <span class='ocrx_word' id='word_1_181' title='bbox 2161 1225 2292 1279; x_wconf 91' lang='lat' dir='ltr'><strong>orbe</strong></span> <span class='ocrx_word' id='word_1_182' title='bbox 2340 1235 2466 1278; x_wconf 90' lang='lat' dir='ltr'><strong>tunc</strong></span> <span class='ocrx_word' id='word_1_183' title='bbox 2515 1223 2962 1278; x_wconf 54' lang='lat' dir='ltr'><strong>Christianis-imi</strong></span> <span class='ocrx_word' id='word_1_184' title='bbox 3016 1235 3176 1294; x_wconf 88' lang='lat' dir='ltr'><strong>atque</strong></span> <span class='ocrx_word' id='word_1_185' title='bbox 3217 1243 3355 1295; x_wconf 67' lang='lat' dir='ltr'><strong>prte-</strong></span> 
     </span>
    </p>
   </div>
   <div class='ocr_carea' id='block_1_28' title="bbox 1791 1314 3354 1382">
    <p class='ocr_par' dir='ltr' id='par_1_28' title="bbox 1791 1314 3354 1382">
     <span class='ocr_line' id='line_1_28' title="bbox 1791 1314 3354 1382; baseline 0.003 -14"><span class='ocrx_word' id='word_1_186' title='bbox 1791 1315 2009 1368; x_wconf 79' lang='lat' dir='ltr'><strong>maximi</strong></span> <span class='ocrx_word' id='word_1_187' title='bbox 2081 1316 2438 1369; x_wconf 84' lang='lat' dir='ltr'><strong>habebantur.</strong></span> <span class='ocrx_word' id='word_1_188' title='bbox 2501 1315 2739 1380; x_wconf 89' lang='lat' dir='ltr'><strong>Quorum</strong></span> <span class='ocrx_word' id='word_1_189' title='bbox 2803 1314 3046 1382; x_wconf 89' lang='lat' dir='ltr'><strong>primus,</strong></span> <span class='ocrx_word' id='word_1_190' title='bbox 3105 1315 3354 1372; x_wconf 78' lang='lat' dir='ltr'><strong>videlicet</strong></span> 
     </span>
    </p>
   </div>
   <div class='ocr_carea' id='block_1_29' title="bbox 1791 1403 3354 1476">
    <p class='ocr_par' dir='ltr' id='par_1_29' title="bbox 1791 1403 3354 1476">
     <span class='ocr_line' id='line_1_29' title="bbox 1791 1403 3354 1476; baseline 0 -17"><span class='ocrx_word' id='word_1_191' title='bbox 1791 1405 2091 1472; x_wconf 83' lang='lat' dir='ltr'><strong>Henricus,</strong></span> <span class='ocrx_word' id='word_1_192' title='bbox 2153 1405 2456 1458; x_wconf 78' lang='lat' dir='ltr'><strong>Romanum</strong></span> <span class='ocrx_word' id='word_1_193' title='bbox 2533 1403 2870 1472; x_wconf 80' lang='lat' dir='ltr'><strong>postmodum</strong></span> <span class='ocrx_word' id='word_1_194' title='bbox 2917 1405 3143 1473; x_wconf 88' lang='lat' dir='ltr'><strong>sumpsit</strong></span> <span class='ocrx_word' id='word_1_195' title='bbox 3185 1406 3354 1476; x_wconf 83' lang='lat' dir='ltr'><strong>impc-</strong></span> 
     </span>
    </p>
   </div>
   <div class='ocr_carea' id='block_1_30' title="bbox 1791 1491 3359 1548">
    <p class='ocr_par' dir='ltr' id='par_1_30' title="bbox 1791 1491 3359 1548">
     <span class='ocr_line' id='line_1_30' title="bbox 1791 1491 3359 1548; baseline -0.001 -1"><span class='ocrx_word' id='word_1_196' title='bbox 1791 1494 1952 1548; x_wconf 87' lang='lat' dir='ltr'><strong>rium.</strong></span> <span class='ocrx_word' id='word_1_197' title='bbox 2007 1493 2213 1548; x_wconf 88' lang='lat' dir='ltr'><strong>Idcirco</strong></span> <span class='ocrx_word' id='word_1_198' title='bbox 2247 1509 2376 1548; x_wconf 90' lang='lat' dir='ltr'><strong>vero</strong></span> <span class='ocrx_word' id='word_1_199' title='bbox 2407 1493 2618 1546; x_wconf 89' lang='lat' dir='ltr'><strong>illorum</strong></span> <span class='ocrx_word' id='word_1_200' title='bbox 2666 1491 2980 1547; x_wconf 85' lang='lat' dir='ltr'><strong>memoriale</strong></span> <span class='ocrx_word' id='word_1_201' title='bbox 3029 1493 3187 1547; x_wconf 87' lang='lat' dir='ltr'><strong>seriei</strong></span> <span class='ocrx_word' id='word_1_202' title='bbox 3221 1502 3359 1546; x_wconf 90' lang='lat' dir='ltr'><strong>tem-</strong></span> 
     </span>
    </p>
   </div>
   <div class='ocr_carea' id='block_1_31' title="bbox 1790 1582 3360 1652">
    <p class='ocr_par' dir='ltr' id='par_1_31' title="bbox 1790 1582 3360 1652">
     <span class='ocr_line' id='line_1_31' title="bbox 1790 1582 3360 1652; baseline 0.001 -16"><span class='ocrx_word' id='word_1_203' title='bbox 1790 1597 1981 1652; x_wconf 87' lang='lat' dir='ltr'><strong>pormn</strong></span> <span class='ocrx_word' id='word_1_204' title='bbox 2009 1582 2384 1638; x_wconf 87' lang='lat' dir='ltr'><strong>stabilivimus.</strong></span> <span class='ocrx_word' id='word_1_205' title='bbox 2422 1582 2688 1637; x_wconf 77' lang='lat' dir='ltr'><strong>Przetcrea</strong></span> <span class='ocrx_word' id='word_1_206' title='bbox 2725 1583 2981 1651; x_wconf 83' lang='lat' dir='ltr'><strong>quoniam</strong></span> <span class='ocrx_word' id='word_1_207' title='bbox 3023 1584 3087 1636; x_wconf 89' lang='lat' dir='ltr'><strong>de</strong></span> <span class='ocrx_word' id='word_1_208' title='bbox 3129 1594 3360 1651; x_wconf 74' lang='lat' dir='ltr'><strong>quatuor</strong></span> 
     </span>
    </p>
   </div>
   <div class='ocr_carea' id='block_1_32' title="bbox 1793 1673 3358 1743">
    <p class='ocr_par' dir='ltr' id='par_1_32' title="bbox 1793 1673 3358 1743">
     <span class='ocr_line' id='line_1_32' title="bbox 1793 1673 3358 1743; baseline -0.001 -15"><span class='ocrx_word' id='word_1_209' title='bbox 1793 1675 2048 1729; x_wconf 83' lang='lat' dir='ltr'><strong>mundani</strong></span> <span class='ocrx_word' id='word_1_210' title='bbox 2097 1675 2246 1728; x_wconf 87' lang='lat' dir='ltr'><strong>orbis</strong></span> <span class='ocrx_word' id='word_1_211' title='bbox 2289 1674 2519 1743; x_wconf 88' lang='lat' dir='ltr'><strong>partium</strong></span> <span class='ocrx_word' id='word_1_212' title='bbox 2578 1675 2857 1727; x_wconf 72' lang='lat' dir='ltr'><strong>eventibus</strong></span> <span class='ocrx_word' id='word_1_213' title='bbox 2900 1673 3122 1727; x_wconf 88' lang='lat' dir='ltr'><strong>relaturi</strong></span> <span class='ocrx_word' id='word_1_214' title='bbox 3151 1691 3358 1739; x_wconf 86' lang='lat' dir='ltr'><strong>smnus,</strong></span> 
     </span>
    </p>
   </div>
   <div class='ocr_carea' id='block_1_33' title="bbox 145 1755 3361 1835">
    <p class='ocr_par' dir='ltr' id='par_1_33' title="bbox 145 1755 3361 1835">
     <span class='ocr_line' id='line_1_33' title="bbox 145 1755 3361 1835; baseline 0.003 -27"><span class='ocrx_word' id='word_1_215' title='bbox 145 1757 290 1810; x_wconf 86' lang='lat' dir='ltr'><strong>uibus</strong></span> <span class='ocrx_word' id='word_1_216' title='bbox 331 1756 526 1822; x_wconf 77' lang='lat' dir='ltr'><strong>forent,</strong></span> <span class='ocrx_word' id='word_1_217' title='bbox 576 1768 738 1826; x_wconf 90' lang='lat' dir='ltr'><strong>atque</strong></span> <span class='ocrx_word' id='word_1_218' title='bbox 793 1759 861 1811; x_wconf 87' lang='lat' dir='ltr'><strong>ad</strong></span> <span class='ocrx_word' id='word_1_219' title='bbox 902 1759 1352 1813; x_wconf 88' lang='lat' dir='ltr'><strong>commodandum</strong></span> <span class='ocrx_word' id='word_1_220' title='bbox 1385 1759 1690 1830; x_wconf 84' lang='lat' dir='ltr'><strong>quibusque</strong></span> <span class='ocrx_word' id='word_1_221' title='bbox 1725 1755 1768 1814; x_wconf 84' lang='grc' dir='ltr'><strong><em>Β</em></strong></span> <span class='ocrx_word' id='word_1_222' title='bbox 1795 1769 2012 1835; x_wconf 82' lang='lat' dir='ltr'><strong>dignum</strong></span> <span class='ocrx_word' id='word_1_223' title='bbox 2059 1767 2276 1821; x_wconf 89' lang='lat' dir='ltr'><strong>videtur</strong></span> <span class='ocrx_word' id='word_1_224' title='bbox 2307 1776 2364 1821; x_wconf 91' lang='lat' dir='ltr'><strong>ut</strong></span> <span class='ocrx_word' id='word_1_225' title='bbox 2399 1766 2550 1821; x_wconf 85' lang='lat' dir='ltr'><strong>cordi</strong></span> <span class='ocrx_word' id='word_1_226' title='bbox 2603 1775 2706 1829; x_wconf 89' lang='lat' dir='ltr'><strong>est,</strong></span> <span class='ocrx_word' id='word_1_227' title='bbox 2743 1765 2834 1834; x_wconf 90' lang='lat' dir='ltr'><strong>qui</strong></span> <span class='ocrx_word' id='word_1_228' title='bbox 2881 1766 3066 1833; x_wconf 85' lang='lat' dir='ltr'><strong>utique</strong></span> <span class='ocrx_word' id='word_1_229' title='bbox 3099 1766 3361 1835; x_wconf 78' lang='lat' dir='ltr'><strong>religiosis</strong></span> 
     </span>
    </p>
   </div>
   <div class='ocr_carea' id='block_1_34' title="bbox 145 1848 1694 1919">
    <p class='ocr_par' dir='ltr' id='par_1_34' title="bbox 145 1848 1694 1919">
     <span class='ocr_line' id='line_1_34' title="bbox 145 1848 1694 1919; baseline 0.004 -18"><span class='ocrx_word' id='word_1_230' title='bbox 145 1849 351 1903; x_wconf 74' lang='lat' dir='ltr'><strong>cautelae</strong></span> <span class='ocrx_word' id='word_1_231' title='bbox 388 1850 622 1904; x_wconf 90' lang='lat' dir='ltr'><strong>studium</strong></span> <span class='ocrx_word' id='word_1_232' title='bbox 670 1852 1009 1919; x_wconf 85' lang='lat' dir='ltr'><strong>potissiumm</strong></span> <span class='ocrx_word' id='word_1_233' title='bbox 1047 1848 1318 1918; x_wconf 86' lang='lat' dir='ltr'><strong>juvarent.</strong></span> <span class='ocrx_word' id='word_1_234' title='bbox 1354 1850 1471 1905; x_wconf 84' lang='lat' dir='ltr'><strong>Non</strong></span> <span class='ocrx_word' id='word_1_235' title='bbox 1516 1851 1694 1907; x_wconf 83' lang='lat' dir='ltr'><strong>secius</strong></span> 
     </span>
    </p>
   </div>
   <div class='ocr_carea' id='block_1_35' title="bbox 149 1947 1695 2018">
    <p class='ocr_par' dir='ltr' id='par_1_35' title="bbox 149 1947 1695 2018">
     <span class='ocr_line' id='line_1_35' title="bbox 149 1947 1695 2018; baseline 0.004 -21"><span class='ocrx_word' id='word_1_236' title='bbox 149 1960 269 2014; x_wconf 81' lang='lat' dir='ltr'><strong>ergo</strong></span> <span class='ocrx_word' id='word_1_237' title='bbox 311 1961 425 2013; x_wconf 69' lang='lat' dir='ltr'><strong>qua:</strong></span> <span class='ocrx_word' id='word_1_238' title='bbox 467 1947 754 2010; x_wconf 87' lang='lat' dir='ltr'><strong>dicuntur,</strong></span> <span class='ocrx_word' id='word_1_239' title='bbox 787 1950 914 2018; x_wconf 90' lang='lat' dir='ltr'><strong>quin</strong></span> <span class='ocrx_word' id='word_1_240' title='bbox 957 1949 1118 2002; x_wconf 88' lang='lat' dir='ltr'><strong>solito</strong></span> <span class='ocrx_word' id='word_1_241' title='bbox 1162 1949 1512 2017; x_wconf 88' lang='lat' dir='ltr'><strong>multiplicius</strong></span> <span class='ocrx_word' id='word_1_242' title='bbox 1549 1950 1695 2003; x_wconf 86' lang='lat' dir='ltr'><strong>circa</strong></span> 
     </span>
    </p>
   </div>
   <div class='ocr_carea' id='block_1_36' title="bbox 147 2033 1694 2105">
    <p class='ocr_par' dir='ltr' id='par_1_36' title="bbox 147 2033 1694 2105">
     <span class='ocr_line' id='line_1_36' title="bbox 147 2033 1694 2105; baseline 0.005 -21"><span class='ocrx_word' id='word_1_243' title='bbox 147 2033 465 2087; x_wconf 84' lang='lat' dir='ltr'><strong>millesimum</strong></span> <span class='ocrx_word' id='word_1_244' title='bbox 494 2034 767 2090; x_wconf 85' lang='lat' dir='ltr'><strong>humanali</strong></span> <span class='ocrx_word' id='word_1_245' title='bbox 793 2037 990 2090; x_wconf 83' lang='lat' dir='ltr'><strong>Christi</strong></span> <span class='ocrx_word' id='word_1_246' title='bbox 1021 2038 1317 2091; x_wconf 84' lang='lat' dir='ltr'><strong>Salvatoris</strong></span> <span class='ocrx_word' id='word_1_247' title='bbox 1348 2039 1694 2105; x_wconf 77' lang='lat' dir='ltr'><strong>contigerunt</strong></span> 
     </span>
    </p>
   </div>
   <div class='ocr_carea' id='block_1_37' title="bbox 139 2126 1695 2198">
    <p class='ocr_par' dir='ltr' id='par_1_37' title="bbox 139 2126 1695 2198">
     <span class='ocr_line' id='line_1_37' title="bbox 139 2126 1695 2198; baseline 0.004 -22"><span class='ocrx_word' id='word_1_248' title='bbox 139 2139 348 2178; x_wconf 85' lang='lat' dir='ltr'><strong>annum.</strong></span> <span class='ocrx_word' id='word_1_249' title='bbox 392 2126 460 2180; x_wconf 87' lang='lat' dir='ltr'><strong>Et</strong></span> <span class='ocrx_word' id='word_1_250' title='bbox 499 2126 703 2183; x_wconf 82' lang='lat' dir='ltr'><strong>idcirco</strong></span> <span class='ocrx_word' id='word_1_251' title='bbox 740 2137 901 2197; x_wconf 87' lang='lat' dir='ltr'><strong>prout</strong></span> <span class='ocrx_word' id='word_1_252' title='bbox 933 2127 1086 2181; x_wconf 82' lang='lat' dir='ltr'><strong>valeo</strong></span> <span class='ocrx_word' id='word_1_253' title='bbox 1119 2138 1312 2182; x_wconf 76' lang='lat' dir='ltr'><strong>vestra:</strong></span> <span class='ocrx_word' id='word_1_254' title='bbox 1345 2127 1695 2198; x_wconf 63' lang='lat' dir='ltr'><strong>prteeeptioni</strong></span> 
     </span>
    </p>
   </div>
   <div class='ocr_carea' id='block_1_38' title="bbox 147 2325 1502 2350">
    <p class='ocr_par' dir='ltr' id='par_1_38' title="bbox 147 2325 1502 2350">
     <span class='ocr_line' id='line_1_38' title="bbox 147 2325 1502 2350; baseline 0.002 -5"><span class='ocrx_word' id='word_1_255' title='bbox 147 2325 1502 2350; x_wconf 69' lang='lat' dir='ltr'><strong>W—</strong></span> 
     </span>
    </p>
   </div>
   <div class='ocr_carea' id='block_1_39' title="bbox 1792 1856 3359 1926">
    <p class='ocr_par' dir='ltr' id='par_1_39' title="bbox 1792 1856 3359 1926">
     <span class='ocr_line' id='line_1_39' title="bbox 1792 1856 3359 1926; baseline -0.001 -16"><span class='ocrx_word' id='word_1_256' title='bbox 1792 1857 2078 1926; x_wconf 88' lang='lat' dir='ltr'><strong>loquimur,</strong></span> <span class='ocrx_word' id='word_1_257' title='bbox 2113 1866 2172 1910; x_wconf 90' lang='lat' dir='ltr'><strong>nt</strong></span> <span class='ocrx_word' id='word_1_258' title='bbox 2202 1858 2308 1910; x_wconf 86' lang='lat' dir='ltr'><strong>vim</strong></span> <span class='ocrx_word' id='word_1_259' title='bbox 2347 1857 2540 1910; x_wconf 71' lang='lat' dir='ltr'><strong>divinae</strong></span> <span class='ocrx_word' id='word_1_260' title='bbox 2567 1867 2620 1910; x_wconf 89' lang='lat' dir='ltr'><strong>et</strong></span> <span class='ocrx_word' id='word_1_261' title='bbox 2648 1858 2935 1909; x_wconf 68' lang='lat' dir='ltr'><strong>abstracta:</strong></span> <span class='ocrx_word' id='word_1_262' title='bbox 2958 1856 3359 1924; x_wconf 79' lang='lat' dir='ltr'><strong>quateruilatis,</strong></span> 
     </span>
    </p>
   </div>
   <div class='ocr_carea' id='block_1_40' title="bbox 1793 1946 3362 2015">
    <p class='ocr_par' dir='ltr' id='par_1_40' title="bbox 1793 1946 3362 2015">
     <span class='ocr_line' id='line_1_40' title="bbox 1793 1946 3362 2015; baseline -0.004 -13"><span class='ocrx_word' id='word_1_263' title='bbox 1793 1946 2016 2015; x_wconf 83' lang='lat' dir='ltr'><strong>ejusque</strong></span> <span class='ocrx_word' id='word_1_264' title='bbox 2071 1946 2403 2000; x_wconf 78' lang='lat' dir='ltr'><strong>conformem</strong></span> <span class='ocrx_word' id='word_1_265' title='bbox 2455 1946 2909 2008; x_wconf 79' lang='lat' dir='ltr'><strong>convenientiam,</strong></span> <span class='ocrx_word' id='word_1_266' title='bbox 2949 1946 3176 1999; x_wconf 88' lang='lat' dir='ltr'><strong>Domino</strong></span> <span class='ocrx_word' id='word_1_267' title='bbox 3225 1959 3362 2014; x_wconf 76' lang='lat' dir='ltr'><strong>pra:-</strong></span> 
     </span>
    </p>
   </div>
   <div class='ocr_carea' id='block_1_41' title="bbox 1792 2035 2803 2104">
    <p class='ocr_par' dir='ltr' id='par_1_41' title="bbox 1792 2035 2803 2104">
     <span class='ocr_line' id='line_1_41' title="bbox 1792 2035 2803 2104; baseline -0.005 -13"><span class='ocrx_word' id='word_1_268' title='bbox 1792 2048 1977 2102; x_wconf 81' lang='lat' dir='ltr'><strong>euute,</strong></span> <span class='ocrx_word' id='word_1_269' title='bbox 2018 2047 2268 2104; x_wconf 85' lang='lat' dir='ltr'><strong>suscepto</strong></span> <span class='ocrx_word' id='word_1_270' title='bbox 2292 2036 2442 2102; x_wconf 86' lang='lat' dir='ltr'><strong>operi</strong></span> <span class='ocrx_word' id='word_1_271' title='bbox 2474 2035 2803 2089; x_wconf 81' lang='lat' dir='ltr'><strong>inseramus.</strong></span> 
     </span>
    </p>
   </div>
   <div class='ocr_carea' id='block_1_42' title="bbox 1515 2314 3341 2350">
    <p class='ocr_par' dir='ltr' id='par_1_42' title="bbox 1515 2314 3341 2350">
     <span class='ocr_line' id='line_1_42' title="bbox 1515 2314 3341 2350; baseline 0.001 -5"><span class='ocrx_word' id='word_1_272' title='bbox 1515 2314 3341 2350; x_wconf 51' lang='lat' dir='ltr'><strong>m—I—d</strong></span> 
     </span>
    </p>
   </div>
   <div class='ocr_carea' id='block_1_43' title="bbox 1275 2479 2188 2568">
    <p class='ocr_par' dir='ltr' id='par_1_43' title="bbox 1275 2479 2188 2568">
     <span class='ocr_line' id='line_1_43' title="bbox 1275 2479 2188 2568; baseline -0.002 -2"><span class='ocrx_word' id='word_1_273' title='bbox 1275 2481 1630 2567; x_wconf 80' lang='lat' dir='ltr'><strong>LIBER</strong></span> <span class='ocrx_word' id='word_1_274' title='bbox 1703 2479 2188 2568; x_wconf 76' lang='lat' dir='ltr'><strong>PRIMUS.</strong></span> 
     </span>
    </p>
   </div>
   <div class='ocr_carea' id='block_1_44' title="bbox 1137 2667 2324 2728">
    <p class='ocr_par' dir='ltr' id='par_1_44' title="bbox 1137 2667 2324 2728">
     <span class='ocr_line' id='line_1_44' title="bbox 1137 2667 2324 2728; baseline -0.003 -4"><span class='ocrx_word' id='word_1_275' title='bbox 1137 2670 1480 2728; x_wconf 82' lang='lat' dir='ltr'><strong>lNClPlUNT</strong></span> <span class='ocrx_word' id='word_1_276' title='bbox 1519 2670 1858 2727; x_wconf 77' lang='lat' dir='ltr'><strong>CAPITULA</strong></span> <span class='ocrx_word' id='word_1_277' title='bbox 1898 2668 2080 2725; x_wconf 75' lang='lat' dir='ltr'><strong>LIBRI</strong></span> <span class='ocrx_word' id='word_1_278' title='bbox 2114 2667 2324 2724; x_wconf 77' lang='lat' dir='ltr'><strong>PRIMI.</strong></span> 
     </span>
    </p>
   </div>
   <div class='ocr_carea' id='block_1_45' title="bbox 331 2825 1150 2891">
    <p class='ocr_par' dir='ltr' id='par_1_45' title="bbox 331 2825 1150 2891">
     <span class='ocr_line' id='line_1_45' title="bbox 331 2825 1150 2891; baseline 0 -12"><span class='ocrx_word' id='word_1_279' title='bbox 331 2827 370 2880; x_wconf 86' lang='grc' dir='ltr'><strong>Ι.</strong></span> <span class='ocrx_word' id='word_1_280' title='bbox 489 2826 561 2879; x_wconf 87' lang='lat' dir='ltr'><strong>De</strong></span> <span class='ocrx_word' id='word_1_281' title='bbox 586 2825 760 2880; x_wconf 75' lang='lat' dir='ltr'><strong>divina</strong></span> <span class='ocrx_word' id='word_1_282' title='bbox 786 2826 1150 2891; x_wconf 79' lang='lat' dir='ltr'><strong>quaternitate.</strong></span> 
     </span>
    </p>
   </div>
   <div class='ocr_carea' id='block_1_46' title="bbox 335 2895 1019 2964">
    <p class='ocr_par' dir='ltr' id='par_1_46' title="bbox 335 2895 1019 2964">
     <span class='ocr_line' id='line_1_46' title="bbox 335 2895 1019 2964; baseline -0.001 -15"><span class='ocrx_word' id='word_1_283' title='bbox 335 2898 394 2949; x_wconf 94' lang='lat' dir='ltr'><strong>Il.</strong></span> <span class='ocrx_word' id='word_1_284' title='bbox 489 2897 566 2949; x_wconf 85' lang='lat' dir='ltr'><strong>De</strong></span> <span class='ocrx_word' id='word_1_285' title='bbox 608 2895 840 2963; x_wconf 76' lang='lat' dir='ltr'><strong>Rodulfo</strong></span> <span class='ocrx_word' id='word_1_286' title='bbox 887 2913 1019 2964; x_wconf 85' lang='lat' dir='ltr'><strong>rege.</strong></span> 
     </span>
    </p>
   </div>
   <div class='ocr_carea' id='block_1_47' title="bbox 329 2966 1027 3033">
    <p class='ocr_par' dir='ltr' id='par_1_47' title="bbox 329 2966 1027 3033">
     <span class='ocr_line' id='line_1_47' title="bbox 329 2966 1027 3033; baseline -0.004 -12"><span class='ocrx_word' id='word_1_287' title='bbox 329 2968 411 3021; x_wconf 79' lang='lat' dir='ltr'><strong>Ill.</strong></span> <span class='ocrx_word' id='word_1_288' title='bbox 484 2967 564 3020; x_wconf 81' lang='lat' dir='ltr'><strong>De</strong></span> <span class='ocrx_word' id='word_1_289' title='bbox 607 2966 851 3017; x_wconf 82' lang='lat' dir='ltr'><strong>Lothurio</strong></span> <span class='ocrx_word' id='word_1_290' title='bbox 893 2983 1027 3033; x_wconf 77' lang='lat' dir='ltr'><strong>rege.</strong></span> 
     </span>
    </p>
   </div>
   <div class='ocr_carea' id='block_1_48' title="bbox 331 3035 1895 3106">
    <p class='ocr_par' dir='ltr' id='par_1_48' title="bbox 331 3035 1895 3106">
     <span class='ocr_line' id='line_1_48' title="bbox 331 3035 1895 3106; baseline -0.002 -15"><span class='ocrx_word' id='word_1_291' title='bbox 331 3037 418 3092; x_wconf 75' lang='grc' dir='ltr'><strong>Ν.</strong></span> <span class='ocrx_word' id='word_1_292' title='bbox 489 3037 594 3102; x_wconf 78' lang='lat' dir='ltr'><strong>Qui</strong></span> <span class='ocrx_word' id='word_1_293' title='bbox 630 3038 957 3106; x_wconf 79' lang='lat' dir='ltr'><strong>postmodum</strong></span> <span class='ocrx_word' id='word_1_294' title='bbox 999 3035 1176 3089; x_wconf 63' lang='lat' dir='ltr'><strong>Romae</strong></span> <span class='ocrx_word' id='word_1_295' title='bbox 1211 3035 1548 3105; x_wconf 78' lang='lat' dir='ltr'><strong>imperatores</strong></span> <span class='ocrx_word' id='word_1_296' title='bbox 1585 3035 1895 3089; x_wconf 72' lang='lat' dir='ltr'><strong>exstiterint.</strong></span> 
     </span>
    </p>
   </div>
   <div class='ocr_carea' id='block_1_49' title="bbox 333 3108 1148 3176">
    <p class='ocr_par' dir='ltr' id='par_1_49' title="bbox 333 3108 1148 3176">
     <span class='ocr_line' id='line_1_49' title="bbox 333 3108 1148 3176; baseline -0.001 -15"><span class='ocrx_word' id='word_1_297' title='bbox 333 3109 392 3162; x_wconf 67' lang='grc' dir='ltr'><strong>Υ.</strong></span> <span class='ocrx_word' id='word_1_298' title='bbox 487 3109 568 3160; x_wconf 69' lang='lat' dir='ltr'><strong>De</strong></span> <span class='ocrx_word' id='word_1_299' title='bbox 605 3125 924 3176; x_wconf 78' lang='lat' dir='ltr'><strong>paganorum</strong></span> <span class='ocrx_word' id='word_1_300' title='bbox 961 3108 1148 3176; x_wconf 71' lang='lat' dir='ltr'><strong>plagis.</strong></span> 
     </span>
    </p>
   </div>
   <div class='ocr_carea' id='block_1_50' title="bbox 627 3394 1175 3450">
    <p class='ocr_par' dir='ltr' id='par_1_50' title="bbox 627 3394 1175 3450">
     <span class='ocr_line' id='line_1_50' title="bbox 627 3394 1175 3450; baseline -0.005 -1"><span class='ocrx_word' id='word_1_301' title='bbox 627 3395 851 3450; x_wconf 79' lang='lat' dir='ltr'><strong>CAPUT</strong></span> <span class='ocrx_word' id='word_1_302' title='bbox 885 3394 1175 3449; x_wconf 71' lang='lat' dir='ltr'><strong>PRIMUM.</strong></span> 
     </span>
    </p>
   </div>
   <div class='ocr_carea' id='block_1_51' title="bbox 567 3486 1248 3556">
    <p class='ocr_par' dir='ltr' id='par_1_51' title="bbox 567 3486 1248 3556">
     <span class='ocr_line' id='line_1_51' title="bbox 567 3486 1248 3556; baseline -0.004 -16"><span class='ocrx_word' id='word_1_303' title='bbox 567 3486 646 3540; x_wconf 85' lang='lat' dir='ltr'><strong>De</strong></span> <span class='ocrx_word' id='word_1_304' title='bbox 673 3487 849 3540; x_wconf 77' lang='lat' dir='ltr'><strong>divina</strong></span> <span class='ocrx_word' id='word_1_305' title='bbox 877 3487 1248 3556; x_wconf 79' lang='lat' dir='ltr'><strong>qualernitale.</strong></span> 
     </span>
    </p>
   </div>
   <div class='ocr_carea' id='block_1_52' title="bbox 203 3575 1699 3650">
    <p class='ocr_par' dir='ltr' id='par_1_52' title="bbox 203 3575 1699 3650">
     <span class='ocr_line' id='line_1_52' title="bbox 203 3575 1699 3650; baseline -0.004 -16"><span class='ocrx_word' id='word_1_306' title='bbox 203 3579 571 3650; x_wconf 74' lang='lat' dir='ltr'><strong>Multiplieibus</strong></span> <span class='ocrx_word' id='word_1_307' title='bbox 633 3577 821 3646; x_wconf 78' lang='lat' dir='ltr'><strong>ﬁguris</strong></span> <span class='ocrx_word' id='word_1_308' title='bbox 876 3578 1171 3645; x_wconf 83' lang='lat' dir='ltr'><strong>l&#39;ormisque</strong></span> <span class='ocrx_word' id='word_1_309' title='bbox 1231 3576 1373 3631; x_wconf 86' lang='lat' dir='ltr'><strong>Deus</strong></span> <span class='ocrx_word' id='word_1_310' title='bbox 1449 3575 1699 3630; x_wconf 86' lang='lat' dir='ltr'><strong>conditor</strong></span> 
     </span>
    </p>
   </div>
   <div class='ocr_carea' id='block_1_53' title="bbox 143 3665 1696 3738">
    <p class='ocr_par' dir='ltr' id='par_1_53' title="bbox 143 3665 1696 3738">
     <span class='ocr_line' id='line_1_53' title="bbox 143 3665 1696 3738; baseline -0.003 -17"><span class='ocrx_word' id='word_1_311' title='bbox 143 3670 499 3725; x_wconf 83' lang='lat' dir='ltr'><strong>universorum</strong></span> <span class='ocrx_word' id='word_1_312' title='bbox 528 3668 867 3738; x_wconf 83' lang='lat' dir='ltr'><strong>distinguens</strong></span> <span class='ocrx_word' id='word_1_313' title='bbox 910 3683 973 3722; x_wconf 91' lang='lat' dir='ltr'><strong>ea</strong></span> <span class='ocrx_word' id='word_1_314' title='bbox 1011 3683 1131 3738; x_wconf 65' lang='lat' dir='ltr'><strong>quae</strong></span> <span class='ocrx_word' id='word_1_315' title='bbox 1181 3665 1345 3728; x_wconf 80' lang='lat' dir='ltr'><strong>fecit,</strong></span> <span class='ocrx_word' id='word_1_316' title='bbox 1381 3674 1440 3719; x_wconf 91' lang='lat' dir='ltr'><strong>ut</strong></span> <span class='ocrx_word' id='word_1_317' title='bbox 1484 3680 1578 3733; x_wconf 90' lang='lat' dir='ltr'><strong>per</strong></span> <span class='ocrx_word' id='word_1_318' title='bbox 1633 3680 1696 3718; x_wconf 88' lang='lat' dir='ltr'><strong>ea</strong></span> 
     </span>
    </p>
   </div>
   <div class='ocr_carea' id='block_1_54' title="bbox 141 3757 1700 3828">
    <p class='ocr_par' dir='ltr' id='par_1_54' title="bbox 141 3757 1700 3828">
     <span class='ocr_line' id='line_1_54' title="bbox 141 3757 1700 3828; baseline 0.001 -18"><span class='ocrx_word' id='word_1_319' title='bbox 141 3773 248 3827; x_wconf 73' lang='lat' dir='ltr'><strong>qua:</strong></span> <span class='ocrx_word' id='word_1_320' title='bbox 284 3761 463 3814; x_wconf 89' lang='lat' dir='ltr'><strong>vident</strong></span> <span class='ocrx_word' id='word_1_321' title='bbox 490 3758 660 3824; x_wconf 90' lang='lat' dir='ltr'><strong>oculi,</strong></span> <span class='ocrx_word' id='word_1_322' title='bbox 703 3758 790 3813; x_wconf 89' lang='lat' dir='ltr'><strong>vel</strong></span> <span class='ocrx_word' id='word_1_323' title='bbox 839 3758 1090 3828; x_wconf 80' lang='lat' dir='ltr'><strong>intelligit</strong></span> <span class='ocrx_word' id='word_1_324' title='bbox 1123 3757 1360 3822; x_wconf 91' lang='lat' dir='ltr'><strong>animus,</strong></span> <span class='ocrx_word' id='word_1_325' title='bbox 1390 3759 1700 3812; x_wconf 84' lang='lat' dir='ltr'><strong>sublevaret</strong></span> 
     </span>
    </p>
   </div>
   <div class='ocr_carea' id='block_1_55' title="bbox 144 3849 1700 3920">
    <p class='ocr_par' dir='ltr' id='par_1_55' title="bbox 144 3849 1700 3920">
     <span class='ocr_line' id='line_1_55' title="bbox 144 3849 1700 3920; baseline -0.001 -16"><span class='ocrx_word' id='word_1_326' title='bbox 144 3851 399 3907; x_wconf 85' lang='lat' dir='ltr'><strong>hominem</strong></span> <span class='ocrx_word' id='word_1_327' title='bbox 425 3851 700 3907; x_wconf 92' lang='lat' dir='ltr'><strong>eruditum</strong></span> <span class='ocrx_word' id='word_1_328' title='bbox 729 3851 796 3906; x_wconf 90' lang='lat' dir='ltr'><strong>ad</strong></span> <span class='ocrx_word' id='word_1_329' title='bbox 835 3850 1135 3920; x_wconf 89' lang='lat' dir='ltr'><strong>simplicem</strong></span> <span class='ocrx_word' id='word_1_330' title='bbox 1167 3849 1392 3903; x_wconf 89' lang='lat' dir='ltr'><strong>Deitatis</strong></span> <span class='ocrx_word' id='word_1_331' title='bbox 1425 3849 1700 3903; x_wconf 87' lang='lat' dir='ltr'><strong>intuitum.</strong></span> 
     </span>
    </p>
   </div>
   <div class='ocr_carea' id='block_1_56' title="bbox 139 3938 1700 4010">
    <p class='ocr_par' dir='ltr' id='par_1_56' title="bbox 139 3938 1700 4010">
     <span class='ocr_line' id='line_1_56' title="bbox 139 3938 1700 4010; baseline 0 -17"><span class='ocrx_word' id='word_1_332' title='bbox 139 3939 192 3994; x_wconf 83' lang='lat' dir='ltr'><strong>In</strong></span> <span class='ocrx_word' id='word_1_333' title='bbox 221 3941 300 3996; x_wconf 93' lang='lat' dir='ltr'><strong>his</strong></span> <span class='ocrx_word' id='word_1_334' title='bbox 332 3956 460 4010; x_wconf 82' lang='lat' dir='ltr'><strong>ergo</strong></span> <span class='ocrx_word' id='word_1_335' title='bbox 489 3939 902 4010; x_wconf 86' lang='lat' dir='ltr'><strong>perserutaudis</strong></span> <span class='ocrx_word' id='word_1_336' title='bbox 929 3938 1425 4008; x_wconf 85' lang='lat' dir='ltr'><strong>pernoscendisque</strong></span> <span class='ocrx_word' id='word_1_337' title='bbox 1450 3939 1700 4007; x_wconf 85' lang='lat' dir='ltr'><strong>primitus</strong></span> 
     </span>
    </p>
   </div>
   <div class='ocr_carea' id='block_1_57' title="bbox 141 4026 1700 4085">
    <p class='ocr_par' dir='ltr' id='par_1_57' title="bbox 141 4026 1700 4085">
     <span class='ocr_line' id='line_1_57' title="bbox 141 4026 1700 4085; baseline -0.001 -3"><span class='ocrx_word' id='word_1_338' title='bbox 141 4028 368 4085; x_wconf 85' lang='lat' dir='ltr'><strong>claruere</strong></span> <span class='ocrx_word' id='word_1_339' title='bbox 422 4030 622 4084; x_wconf 87' lang='lat' dir='ltr'><strong>Patres</strong></span> <span class='ocrx_word' id='word_1_340' title='bbox 682 4027 996 4084; x_wconf 66' lang='lat' dir='ltr'><strong>Graecorum</strong></span> <span class='ocrx_word' id='word_1_341' title='bbox 1053 4026 1303 4081; x_wconf 86' lang='lat' dir='ltr'><strong>catholici</strong></span> <span class='ocrx_word' id='word_1_342' title='bbox 1357 4027 1700 4082; x_wconf 82' lang='lat' dir='ltr'><strong>mediocriter</strong></span> 
     </span>
    </p>
   </div>
   <div class='ocr_carea' id='block_1_58' title="bbox 140 4117 1700 4189">
    <p class='ocr_par' dir='ltr' id='par_1_58' title="bbox 140 4117 1700 4189">
     <span class='ocr_line' id='line_1_58' title="bbox 140 4117 1700 4189; baseline -0.001 -16"><span class='ocrx_word' id='word_1_343' title='bbox 140 4120 448 4189; x_wconf 85' lang='lat' dir='ltr'><strong>philosophi.</strong></span> <span class='ocrx_word' id='word_1_344' title='bbox 477 4120 612 4175; x_wconf 88' lang='lat' dir='ltr'><strong>Cum</strong></span> <span class='ocrx_word' id='word_1_345' title='bbox 641 4119 785 4174; x_wconf 87' lang='lat' dir='ltr'><strong>enim</strong></span> <span class='ocrx_word' id='word_1_346' title='bbox 826 4119 879 4174; x_wconf 92' lang='lat' dir='ltr'><strong>in</strong></span> <span class='ocrx_word' id='word_1_347' title='bbox 914 4117 1162 4188; x_wconf 87' lang='lat' dir='ltr'><strong>plurimis</strong></span> <span class='ocrx_word' id='word_1_348' title='bbox 1183 4118 1512 4173; x_wconf 80' lang='lat' dir='ltr'><strong>exercitatos</strong></span> <span class='ocrx_word' id='word_1_349' title='bbox 1534 4118 1700 4172; x_wconf 88' lang='lat' dir='ltr'><strong>habe-</strong></span> 
     </span>
    </p>
   </div>
   <div class='ocr_carea' id='block_1_59' title="bbox 141 4208 1696 4280">
    <p class='ocr_par' dir='ltr' id='par_1_59' title="bbox 141 4208 1696 4280">
     <span class='ocr_line' id='line_1_59' title="bbox 141 4208 1696 4280; baseline 0 -18"><span class='ocrx_word' id='word_1_350' title='bbox 141 4220 250 4264; x_wconf 89' lang='lat' dir='ltr'><strong>rent</strong></span> <span class='ocrx_word' id='word_1_351' title='bbox 293 4225 483 4265; x_wconf 90' lang='lat' dir='ltr'><strong>sensus</strong></span> <span class='ocrx_word' id='word_1_352' title='bbox 527 4209 752 4280; x_wconf 90' lang='lat' dir='ltr'><strong>perinde</strong></span> <span class='ocrx_word' id='word_1_353' title='bbox 792 4209 845 4263; x_wconf 88' lang='lat' dir='ltr'><strong>iu</strong></span> <span class='ocrx_word' id='word_1_354' title='bbox 875 4210 1237 4278; x_wconf 89' lang='lat' dir='ltr'><strong>quarumdam</strong></span> <span class='ocrx_word' id='word_1_355' title='bbox 1268 4208 1696 4278; x_wconf 88' lang='lat' dir='ltr'><strong>quaternitatum</strong></span> 
     </span>
    </p>
   </div>
   <div class='ocr_carea' id='block_1_60' title="bbox 140 4299 1698 4370">
    <p class='ocr_par' dir='ltr' id='par_1_60' title="bbox 140 4299 1698 4370">
     <span class='ocr_line' id='line_1_60' title="bbox 140 4299 1698 4370; baseline 0.001 -18"><span class='ocrx_word' id='word_1_356' title='bbox 140 4300 509 4367; x_wconf 82' lang='lat' dir='ltr'><strong>speculatione,</strong></span> <span class='ocrx_word' id='word_1_357' title='bbox 559 4314 658 4370; x_wconf 89' lang='lat' dir='ltr'><strong>per</strong></span> <span class='ocrx_word' id='word_1_358' title='bbox 705 4315 864 4369; x_wconf 89' lang='lat' dir='ltr'><strong>quam</strong></span> <span class='ocrx_word' id='word_1_359' title='bbox 915 4315 1153 4370; x_wconf 61' lang='lat' dir='ltr'><strong>praesens</strong></span> <span class='ocrx_word' id='word_1_360' title='bbox 1195 4299 1430 4354; x_wconf 89' lang='lat' dir='ltr'><strong>mundus</strong></span> <span class='ocrx_word' id='word_1_361' title='bbox 1481 4299 1698 4354; x_wconf 79' lang='lat' dir='ltr'><strong>intimus</strong></span> 
     </span>
    </p>
   </div>
   <div class='ocr_carea' id='block_1_61' title="bbox 141 4390 1699 4462">
    <p class='ocr_par' dir='ltr' id='par_1_61' title="bbox 141 4390 1699 4462">
     <span class='ocr_line' id='line_1_61' title="bbox 141 4390 1699 4462; baseline 0.002 -20"><span class='ocrx_word' id='word_1_362' title='bbox 141 4391 463 4462; x_wconf 88' lang='lat' dir='ltr'><strong>mundusque</strong></span> <span class='ocrx_word' id='word_1_363' title='bbox 489 4391 706 4446; x_wconf 82' lang='lat' dir='ltr'><strong>futurus</strong></span> <span class='ocrx_word' id='word_1_364' title='bbox 726 4393 885 4446; x_wconf 87' lang='lat' dir='ltr'><strong>datur</strong></span> <span class='ocrx_word' id='word_1_365' title='bbox 908 4391 1133 4462; x_wconf 89' lang='lat' dir='ltr'><strong>intelligi</strong></span> <span class='ocrx_word' id='word_1_366' title='bbox 1165 4407 1449 4460; x_wconf 87' lang='lat' dir='ltr'><strong>supernus.</strong></span> <span class='ocrx_word' id='word_1_367' title='bbox 1475 4390 1699 4458; x_wconf 85' lang='lat' dir='ltr'><strong>Quater-</strong></span> 
     </span>
    </p>
   </div>
   <div class='ocr_carea' id='block_1_62' title="bbox 142 4480 1697 4552">
    <p class='ocr_par' dir='ltr' id='par_1_62' title="bbox 142 4480 1697 4552">
     <span class='ocr_line' id='line_1_62' title="bbox 142 4480 1697 4552; baseline 0.003 -20"><span class='ocrx_word' id='word_1_368' title='bbox 142 4480 325 4536; x_wconf 87' lang='lat' dir='ltr'><strong>nitates</strong></span> <span class='ocrx_word' id='word_1_369' title='bbox 353 4496 479 4536; x_wconf 70' lang='lat' dir='ltr'><strong>vero</strong></span> <span class='ocrx_word' id='word_1_370' title='bbox 504 4499 728 4546; x_wconf 90' lang='lat' dir='ltr'><strong>earum,</strong></span> <span class='ocrx_word' id='word_1_371' title='bbox 775 4498 894 4552; x_wconf 74' lang='lat' dir='ltr'><strong>qua:</strong></span> <span class='ocrx_word' id='word_1_372' title='bbox 940 4483 996 4537; x_wconf 86' lang='lat' dir='ltr'><strong>in</strong></span> <span class='ocrx_word' id='word_1_373' title='bbox 1039 4499 1157 4538; x_wconf 88' lang='lat' dir='ltr'><strong>sese</strong></span> <span class='ocrx_word' id='word_1_374' title='bbox 1216 4482 1476 4548; x_wconf 79' lang='lat' dir='ltr'><strong>reﬂexus,</strong></span> <span class='ocrx_word' id='word_1_375' title='bbox 1515 4483 1640 4538; x_wconf 88' lang='lat' dir='ltr'><strong>dum</strong></span> <span class='ocrx_word' id='word_1_376' title='bbox 1667 4499 1697 4537; x_wconf 88' lang='lat' dir='ltr'><strong>a</strong></span> 
     </span>
    </p>
   </div>
   <div class='ocr_carea' id='block_1_63' title="bbox 142 4572 1694 4642">
    <p class='ocr_par' dir='ltr' id='par_1_63' title="bbox 142 4572 1694 4642">
     <span class='ocr_line' id='line_1_63' title="bbox 142 4572 1694 4642; baseline 0.004 -22"><span class='ocrx_word' id='word_1_377' title='bbox 142 4572 280 4626; x_wconf 86' lang='lat' dir='ltr'><strong>nobis</strong></span> <span class='ocrx_word' id='word_1_378' title='bbox 312 4573 592 4641; x_wconf 88' lang='lat' dir='ltr'><strong>despertiri</strong></span> <span class='ocrx_word' id='word_1_379' title='bbox 623 4573 969 4628; x_wconf 79' lang='lat' dir='ltr'><strong>immobiliter</strong></span> <span class='ocrx_word' id='word_1_380' title='bbox 990 4573 1274 4642; x_wconf 74' lang='lat' dir='ltr'><strong>cmperint,</strong></span> <span class='ocrx_word' id='word_1_381' title='bbox 1301 4582 1507 4628; x_wconf 88' lang='lat' dir='ltr'><strong>mentes</strong></span> <span class='ocrx_word' id='word_1_382' title='bbox 1534 4573 1694 4628; x_wconf 90' lang='lat' dir='ltr'><strong>simul</strong></span> 
     </span>
    </p>
   </div>
   <div class='ocr_carea' id='block_1_64' title="bbox 141 4661 1692 4731">
    <p class='ocr_par' dir='ltr' id='par_1_64' title="bbox 141 4661 1692 4731">
     <span class='ocr_line' id='line_1_64' title="bbox 141 4661 1692 4731; baseline 0.004 -21"><span class='ocrx_word' id='word_1_383' title='bbox 141 4670 286 4728; x_wconf 82' lang='lat' dir='ltr'><strong>atque</strong></span> <span class='ocrx_word' id='word_1_384' title='bbox 309 4661 612 4716; x_wconf 81' lang='lat' dir='ltr'><strong>intellecws</strong></span> <span class='ocrx_word' id='word_1_385' title='bbox 634 4676 692 4716; x_wconf 90' lang='lat' dir='ltr'><strong>se</strong></span> <span class='ocrx_word' id='word_1_386' title='bbox 725 4662 1118 4731; x_wconf 88' lang='lat' dir='ltr'><strong>speculantium</strong></span> <span class='ocrx_word' id='word_1_387' title='bbox 1132 4661 1424 4717; x_wconf 84' lang='lat' dir='ltr'><strong>alacriores</strong></span> <span class='ocrx_word' id='word_1_388' title='bbox 1451 4661 1692 4717; x_wconf 91' lang='lat' dir='ltr'><strong>reddent.</strong></span> 
     </span>
    </p>
   </div>
   <div class='ocr_carea' id='block_1_65' title="bbox 1721 3389 3365 3459">
    <p class='ocr_par' dir='ltr' id='par_1_65' title="bbox 1721 3389 3365 3459">
     <span class='ocr_line' id='line_1_65' title="bbox 1721 3389 3365 3459; baseline 0.003 -19"><span class='ocrx_word' id='word_1_389' title='bbox 1721 3396 1766 3456; x_wconf 84' lang='lat' dir='ltr'>c</span> <span class='ocrx_word' id='word_1_390' title='bbox 1797 3391 1938 3459; x_wconf 88' lang='lat' dir='ltr'><strong>quod</strong></span> <span class='ocrx_word' id='word_1_391' title='bbox 1967 3404 2060 3444; x_wconf 88' lang='lat' dir='ltr'><strong>aer</strong></span> <span class='ocrx_word' id='word_1_392' title='bbox 2101 3393 2152 3444; x_wconf 92' lang='lat' dir='ltr'><strong>in</strong></span> <span class='ocrx_word' id='word_1_393' title='bbox 2195 3389 2394 3444; x_wconf 88' lang='lat' dir='ltr'><strong>mundo</strong></span> <span class='ocrx_word' id='word_1_394' title='bbox 2437 3394 2726 3459; x_wconf 85' lang='lat' dir='ltr'><strong>corporali,</strong></span> <span class='ocrx_word' id='word_1_395' title='bbox 2763 3389 2994 3459; x_wconf 90' lang='lat' dir='ltr'><strong>idipsum</strong></span> <span class='ocrx_word' id='word_1_396' title='bbox 3026 3393 3280 3444; x_wconf 76' lang='lat' dir='ltr'><strong>fortitudo</strong></span> <span class='ocrx_word' id='word_1_397' title='bbox 3311 3397 3365 3445; x_wconf 91' lang='lat' dir='ltr'><strong>in</strong></span> 
     </span>
    </p>
   </div>
   <div class='ocr_carea' id='block_1_66' title="bbox 1799 3479 3363 3550">
    <p class='ocr_par' dir='ltr' id='par_1_66' title="bbox 1799 3479 3363 3550">
     <span class='ocr_line' id='line_1_66' title="bbox 1799 3479 3363 3550; baseline 0.001 -17"><span class='ocrx_word' id='word_1_398' title='bbox 1799 3479 2170 3542; x_wconf 87' lang='lat' dir='ltr'><strong>intellectuali,</strong></span> <span class='ocrx_word' id='word_1_399' title='bbox 2216 3480 2311 3550; x_wconf 85' lang='lat' dir='ltr'><strong>qui</strong></span> <span class='ocrx_word' id='word_1_400' title='bbox 2358 3489 2552 3534; x_wconf 89' lang='lat' dir='ltr'><strong>cuncta</strong></span> <span class='ocrx_word' id='word_1_401' title='bbox 2597 3480 2833 3533; x_wconf 86' lang='lat' dir='ltr'><strong>viventia</strong></span> <span class='ocrx_word' id='word_1_402' title='bbox 2881 3488 3156 3550; x_wconf 83' lang='lat' dir='ltr'><strong>vegetans,</strong></span> <span class='ocrx_word' id='word_1_403' title='bbox 3199 3489 3254 3535; x_wconf 91' lang='lat' dir='ltr'><strong>et</strong></span> <span class='ocrx_word' id='word_1_404' title='bbox 3309 3483 3363 3534; x_wconf 89' lang='lat' dir='ltr'><strong>in</strong></span> 
     </span>
    </p>
   </div>
   <div class='ocr_carea' id='block_1_67' title="bbox 1797 3572 3363 3644">
    <p class='ocr_par' dir='ltr' id='par_1_67' title="bbox 1797 3572 3363 3644">
     <span class='ocr_line' id='line_1_67' title="bbox 1797 3572 3363 3644; baseline 0 -19"><span class='ocrx_word' id='word_1_405' title='bbox 1797 3589 2173 3643; x_wconf 88' lang='lat' dir='ltr'><strong>quemcunque</strong></span> <span class='ocrx_word' id='word_1_406' title='bbox 2225 3583 2404 3628; x_wconf 87' lang='lat' dir='ltr'><strong>actum</strong></span> <span class='ocrx_word' id='word_1_407' title='bbox 2449 3572 2827 3644; x_wconf 81' lang='lat' dir='ltr'><strong>promoventia</strong></span> <span class='ocrx_word' id='word_1_408' title='bbox 2878 3574 3118 3627; x_wconf 86' lang='lat' dir='ltr'><strong>roborat.</strong></span> <span class='ocrx_word' id='word_1_409' title='bbox 3187 3573 3363 3627; x_wconf 85' lang='lat' dir='ltr'><strong>Simili</strong></span> 
     </span>
    </p>
   </div>
   <div class='ocr_carea' id='block_1_68' title="bbox 1797 3665 3362 3736">
    <p class='ocr_par' dir='ltr' id='par_1_68' title="bbox 1797 3665 3362 3736">
     <span class='ocr_line' id='line_1_68' title="bbox 1797 3665 3362 3736; baseline 0.002 -20"><span class='ocrx_word' id='word_1_410' title='bbox 1797 3667 1995 3736; x_wconf 89' lang='lat' dir='ltr'><strong>quippe</strong></span> <span class='ocrx_word' id='word_1_411' title='bbox 2040 3668 2199 3720; x_wconf 91' lang='lat' dir='ltr'><strong>modo</strong></span> <span class='ocrx_word' id='word_1_412' title='bbox 2230 3665 2372 3735; x_wconf 88' lang='lat' dir='ltr'><strong>quod</strong></span> <span class='ocrx_word' id='word_1_413' title='bbox 2400 3668 2539 3734; x_wconf 81' lang='lat' dir='ltr'><strong>gerit</strong></span> <span class='ocrx_word' id='word_1_414' title='bbox 2573 3680 2711 3733; x_wconf 85' lang='lat' dir='ltr'><strong>aqua</strong></span> <span class='ocrx_word' id='word_1_415' title='bbox 2755 3665 2809 3717; x_wconf 92' lang='lat' dir='ltr'><strong>in</strong></span> <span class='ocrx_word' id='word_1_416' title='bbox 2840 3665 3040 3719; x_wconf 91' lang='lat' dir='ltr'><strong>mundo</strong></span> <span class='ocrx_word' id='word_1_417' title='bbox 3071 3666 3362 3736; x_wconf 86' lang='lat' dir='ltr'><strong>corporali,</strong></span> 
     </span>
    </p>
   </div>
   <div class='ocr_carea' id='block_1_69' title="bbox 1800 3755 3366 3826">
    <p class='ocr_par' dir='ltr' id='par_1_69' title="bbox 1800 3755 3366 3826">
     <span class='ocr_line' id='line_1_69' title="bbox 1800 3755 3366 3826; baseline 0 -16"><span class='ocrx_word' id='word_1_418' title='bbox 1800 3757 1940 3810; x_wconf 91' lang='lat' dir='ltr'><strong>idem</strong></span> <span class='ocrx_word' id='word_1_419' title='bbox 1987 3756 2344 3826; x_wconf 77' lang='lat' dir='ltr'><strong>temperantia</strong></span> <span class='ocrx_word' id='word_1_420' title='bbox 2396 3757 2450 3810; x_wconf 93' lang='lat' dir='ltr'><strong>in</strong></span> <span class='ocrx_word' id='word_1_421' title='bbox 2503 3755 2876 3810; x_wconf 88' lang='lat' dir='ltr'><strong>intellectuali.</strong></span> <span class='ocrx_word' id='word_1_422' title='bbox 2927 3755 3120 3810; x_wconf 81' lang='lat' dir='ltr'><strong>Nutrix</strong></span> <span class='ocrx_word' id='word_1_423' title='bbox 3167 3757 3366 3826; x_wconf 87' lang='lat' dir='ltr'><strong>quippe</strong></span> 
     </span>
    </p>
   </div>
   <div class='ocr_carea' id='block_1_70' title="bbox 1797 3844 3368 3914">
    <p class='ocr_par' dir='ltr' id='par_1_70' title="bbox 1797 3844 3368 3914">
     <span class='ocr_line' id='line_1_70' title="bbox 1797 3844 3368 3914; baseline -0.001 -14"><span class='ocrx_word' id='word_1_424' title='bbox 1797 3858 1880 3900; x_wconf 85' lang='lat' dir='ltr'><strong>est</strong></span> <span class='ocrx_word' id='word_1_425' title='bbox 1928 3846 2212 3910; x_wconf 89' lang='lat' dir='ltr'><strong>bonorum,</strong></span> <span class='ocrx_word' id='word_1_426' title='bbox 2241 3845 2576 3914; x_wconf 64' lang='lat' dir='ltr'><strong>eﬂ‘erensque</strong></span> <span class='ocrx_word' id='word_1_427' title='bbox 2602 3845 2813 3914; x_wconf 89' lang='lat' dir='ltr'><strong>copiam</strong></span> <span class='ocrx_word' id='word_1_428' title='bbox 2846 3844 3130 3909; x_wconf 89' lang='lat' dir='ltr'><strong>virtutum,</strong></span> <span class='ocrx_word' id='word_1_429' title='bbox 3161 3860 3225 3898; x_wconf 89' lang='lat' dir='ltr'><strong>ac</strong></span> <span class='ocrx_word' id='word_1_430' title='bbox 3252 3860 3368 3898; x_wconf 84' lang='lat' dir='ltr'><strong>ser-</strong></span> 
     </span>
    </p>
   </div>
   <div class='ocr_carea' id='block_1_71' title="bbox 1798 3932 3363 4003">
    <p class='ocr_par' dir='ltr' id='par_1_71' title="bbox 1798 3932 3363 4003">
     <span class='ocr_line' id='line_1_71' title="bbox 1798 3932 3363 4003; baseline -0.002 -15"><span class='ocrx_word' id='word_1_431' title='bbox 1798 3950 1930 3989; x_wconf 91' lang='lat' dir='ltr'><strong>vans</strong></span> <span class='ocrx_word' id='word_1_432' title='bbox 1961 3936 2116 3990; x_wconf 81' lang='lat' dir='ltr'><strong>tidem</strong></span> <span class='ocrx_word' id='word_1_433' title='bbox 2151 3949 2248 4003; x_wconf 90' lang='lat' dir='ltr'><strong>per</strong></span> <span class='ocrx_word' id='word_1_434' title='bbox 2281 3935 2447 3988; x_wconf 91' lang='lat' dir='ltr'><strong>divini</strong></span> <span class='ocrx_word' id='word_1_435' title='bbox 2491 3935 2694 3988; x_wconf 89' lang='lat' dir='ltr'><strong>amoris</strong></span> <span class='ocrx_word' id='word_1_436' title='bbox 2733 3933 3088 3988; x_wconf 89' lang='lat' dir='ltr'><strong>desiderium.</strong></span> <span class='ocrx_word' id='word_1_437' title='bbox 3131 3932 3363 3988; x_wconf 82' lang='lat' dir='ltr'><strong>Confor-</strong></span> 
     </span>
    </p>
   </div>
   <div class='ocr_carea' id='block_1_72' title="bbox 1798 4022 3368 4097">
    <p class='ocr_par' dir='ltr' id='par_1_72' title="bbox 1798 4022 3368 4097">
     <span class='ocr_line' id='line_1_72' title="bbox 1798 4022 3368 4097; baseline -0.004 -15"><span class='ocrx_word' id='word_1_438' title='bbox 1798 4043 1938 4082; x_wconf 89' lang='lat' dir='ltr'><strong>mem</strong></span> <span class='ocrx_word' id='word_1_439' title='bbox 1963 4043 2174 4096; x_wconf 87' lang='lat' dir='ltr'><strong>quoque</strong></span> <span class='ocrx_word' id='word_1_440' title='bbox 2197 4039 2338 4080; x_wconf 84' lang='lat' dir='ltr'><strong>terra</strong></span> <span class='ocrx_word' id='word_1_441' title='bbox 2362 4027 2498 4097; x_wconf 89' lang='lat' dir='ltr'><strong>gerit</strong></span> <span class='ocrx_word' id='word_1_442' title='bbox 2522 4027 2758 4096; x_wconf 87' lang='lat' dir='ltr'><strong>speciem</strong></span> <span class='ocrx_word' id='word_1_443' title='bbox 2785 4025 2968 4078; x_wconf 90' lang='lat' dir='ltr'><strong>mundi</strong></span> <span class='ocrx_word' id='word_1_444' title='bbox 2994 4025 3185 4087; x_wconf 79' lang='lat' dir='ltr'><strong>infimi,</strong></span> <span class='ocrx_word' id='word_1_445' title='bbox 3209 4022 3368 4093; x_wconf 84' lang='lat' dir='ltr'><strong>justi-</strong></span> 
     </span>
    </p>
   </div>
   <div class='ocr_carea' id='block_1_73' title="bbox 1801 4118 3367 4188">
    <p class='ocr_par' dir='ltr' id='par_1_73' title="bbox 1801 4118 3367 4188">
     <span class='ocr_line' id='line_1_73' title="bbox 1801 4118 3367 4188; baseline 0.003 -18"><span class='ocrx_word' id='word_1_446' title='bbox 1801 4121 1886 4174; x_wconf 73' lang='lat' dir='ltr'><strong>tia:</strong></span> <span class='ocrx_word' id='word_1_447' title='bbox 1913 4119 2110 4188; x_wconf 88' lang='lat' dir='ltr'><strong>speciei</strong></span> <span class='ocrx_word' id='word_1_448' title='bbox 2140 4119 2192 4172; x_wconf 89' lang='lat' dir='ltr'><strong>in</strong></span> <span class='ocrx_word' id='word_1_449' title='bbox 2229 4119 2598 4174; x_wconf 89' lang='lat' dir='ltr'><strong>intellectuali.</strong></span> <span class='ocrx_word' id='word_1_450' title='bbox 2635 4118 2853 4177; x_wconf 88' lang='lat' dir='ltr'><strong>Scilicet</strong></span> <span class='ocrx_word' id='word_1_451' title='bbox 2881 4120 3179 4174; x_wconf 88' lang='lat' dir='ltr'><strong>subsistens</strong></span> <span class='ocrx_word' id='word_1_452' title='bbox 3205 4127 3367 4188; x_wconf 87' lang='lat' dir='ltr'><strong>atque</strong></span> 
     </span>
    </p>
   </div>
   <div class='ocr_carea' id='block_1_74' title="bbox 1800 4210 3365 4282">
    <p class='ocr_par' dir='ltr' id='par_1_74' title="bbox 1800 4210 3365 4282">
     <span class='ocr_line' id='line_1_74' title="bbox 1800 4210 3365 4282; baseline 0.001 -19"><span class='ocrx_word' id='word_1_453' title='bbox 1800 4213 2086 4267; x_wconf 83' lang='lat' dir='ltr'><strong>immobilis</strong></span> <span class='ocrx_word' id='word_1_454' title='bbox 2117 4212 2399 4268; x_wconf 76' lang='lat' dir='ltr'><strong>collocatio</strong></span> <span class='ocrx_word' id='word_1_455' title='bbox 2438 4221 2601 4268; x_wconf 68' lang='lat' dir='ltr'><strong>rectae</strong></span> <span class='ocrx_word' id='word_1_456' title='bbox 2636 4213 3053 4268; x_wconf 86' lang='lat' dir='ltr'><strong>distributionis.</strong></span> <span class='ocrx_word' id='word_1_457' title='bbox 3085 4210 3365 4282; x_wconf 84' lang='lat' dir='ltr'><strong>Dignosei-</strong></span> 
     </span>
    </p>
   </div>
   <div class='ocr_carea' id='block_1_75' title="bbox 1802 4301 3369 4372">
    <p class='ocr_par' dir='ltr' id='par_1_75' title="bbox 1802 4301 3369 4372">
     <span class='ocr_line' id='line_1_75' title="bbox 1802 4301 3369 4372; baseline -0.002 -15"><span class='ocrx_word' id='word_1_458' title='bbox 1802 4314 1889 4357; x_wconf 89' lang='lat' dir='ltr'><strong>tur</strong></span> <span class='ocrx_word' id='word_1_459' title='bbox 1935 4319 2168 4372; x_wconf 87' lang='lat' dir='ltr'><strong>namque</strong></span> <span class='ocrx_word' id='word_1_460' title='bbox 2211 4319 2307 4371; x_wconf 80' lang='lat' dir='ltr'><strong>per</strong></span> <span class='ocrx_word' id='word_1_461' title='bbox 2335 4305 2513 4357; x_wconf 86' lang='lat' dir='ltr'><strong>omnia</strong></span> <span class='ocrx_word' id='word_1_462' title='bbox 2557 4303 2747 4358; x_wconf 89' lang='lat' dir='ltr'><strong>similis</strong></span> <span class='ocrx_word' id='word_1_463' title='bbox 2780 4301 3190 4372; x_wconf 82' lang='lat' dir='ltr'><strong>Evangeliornm</strong></span> <span class='ocrx_word' id='word_1_464' title='bbox 3221 4315 3369 4354; x_wconf 89' lang='lat' dir='ltr'><strong>com-</strong></span> 
     </span>
    </p>
   </div>
   <div class='ocr_carea' id='block_1_76' title="bbox 1799 4392 3368 4463">
    <p class='ocr_par' dir='ltr' id='par_1_76' title="bbox 1799 4392 3368 4463">
     <span class='ocr_line' id='line_1_76' title="bbox 1799 4392 3368 4463; baseline 0.001 -18"><span class='ocrx_word' id='word_1_465' title='bbox 1799 4393 1976 4462; x_wconf 86' lang='lat' dir='ltr'><strong>plexio</strong></span> <span class='ocrx_word' id='word_1_466' title='bbox 2025 4394 2298 4463; x_wconf 83' lang='lat' dir='ltr'><strong>spiritalis.</strong></span> <span class='ocrx_word' id='word_1_467' title='bbox 2342 4394 2693 4463; x_wconf 81' lang='lat' dir='ltr'><strong>Evangelinm</strong></span> <span class='ocrx_word' id='word_1_468' title='bbox 2722 4394 2902 4463; x_wconf 83' lang='lat' dir='ltr'><strong>itaque</strong></span> <span class='ocrx_word' id='word_1_469' title='bbox 2945 4392 3178 4447; x_wconf 78' lang='lat' dir='ltr'><strong>Matthtei</strong></span> <span class='ocrx_word' id='word_1_470' title='bbox 3211 4402 3368 4447; x_wconf 69' lang='lat' dir='ltr'><strong>terra:</strong></span> 
     </span>
    </p>
   </div>
   <div class='ocr_carea' id='block_1_77' title="bbox 1799 4482 3370 4554">
    <p class='ocr_par' dir='ltr' id='par_1_77' title="bbox 1799 4482 3370 4554">
     <span class='ocr_line' id='line_1_77' title="bbox 1799 4482 3370 4554; baseline 0 -18"><span class='ocrx_word' id='word_1_471' title='bbox 1799 4485 2079 4552; x_wconf 85' lang='lat' dir='ltr'><strong>mysticam</strong></span> <span class='ocrx_word' id='word_1_472' title='bbox 2107 4483 2611 4554; x_wconf 84' lang='lat' dir='ltr'><strong>continet‘liguram,</strong></span> <span class='ocrx_word' id='word_1_473' title='bbox 2635 4484 2888 4552; x_wconf 87' lang='lat' dir='ltr'><strong>quoniam</strong></span> <span class='ocrx_word' id='word_1_474' title='bbox 2907 4482 3107 4538; x_wconf 85' lang='lat' dir='ltr'><strong>Christi</strong></span> <span class='ocrx_word' id='word_1_475' title='bbox 3132 4483 3370 4537; x_wconf 89' lang='lat' dir='ltr'><strong>hominis</strong></span> 
     </span>
    </p>
   </div>
   <div class='ocr_carea' id='block_1_78' title="bbox 1797 4573 3368 4643">
    <p class='ocr_par' dir='ltr' id='par_1_78' title="bbox 1797 4573 3368 4643">
     <span class='ocr_line' id='line_1_78' title="bbox 1797 4573 3368 4643; baseline -0.002 -15"><span class='ocrx_word' id='word_1_476' title='bbox 1797 4574 2006 4628; x_wconf 63' lang='lat' dir='ltr'><strong>ueteris</strong></span> <span class='ocrx_word' id='word_1_477' title='bbox 2031 4575 2267 4643; x_wconf 83' lang='lat' dir='ltr'><strong>apertius</strong></span> <span class='ocrx_word' id='word_1_478' title='bbox 2291 4573 2625 4628; x_wconf 86' lang='lat' dir='ltr'><strong>demonstrat</strong></span> <span class='ocrx_word' id='word_1_479' title='bbox 2641 4575 2822 4629; x_wconf 88' lang='lat' dir='ltr'><strong>carnis</strong></span> <span class='ocrx_word' id='word_1_480' title='bbox 2841 4573 3217 4629; x_wconf 87' lang='lat' dir='ltr'><strong>substantiam.</strong></span> <span class='ocrx_word' id='word_1_481' title='bbox 3237 4573 3368 4626; x_wconf 89' lang='lat' dir='ltr'><strong>lllnd</strong></span> 
     </span>
    </p>
   </div>
   <div class='ocr_carea' id='block_1_79' title="bbox 1798 4663 3372 4733">
    <p class='ocr_par' dir='ltr' id='par_1_79' title="bbox 1798 4663 3372 4733">
     <span class='ocr_line' id='line_1_79' title="bbox 1798 4663 3372 4733; baseline -0.001 -16"><span class='ocrx_word' id='word_1_482' title='bbox 1798 4674 1978 4720; x_wconf 87' lang='lat' dir='ltr'><strong>autem</strong></span> <span class='ocrx_word' id='word_1_483' title='bbox 2015 4666 2309 4719; x_wconf 87' lang='lat' dir='ltr'><strong>secundum</strong></span> <span class='ocrx_word' id='word_1_484' title='bbox 2349 4663 2587 4718; x_wconf 82' lang='lat' dir='ltr'><strong>Marcum</strong></span> <span class='ocrx_word' id='word_1_485' title='bbox 2631 4664 3030 4733; x_wconf 69' lang='lat' dir='ltr'><strong>temperantia),</strong></span> <span class='ocrx_word' id='word_1_486' title='bbox 3069 4677 3188 4731; x_wconf 69' lang='lat' dir='ltr'><strong>qua:</strong></span> <span class='ocrx_word' id='word_1_487' title='bbox 3218 4677 3372 4732; x_wconf 67' lang='lat' dir='ltr'><strong>aqum</strong></span> 
     </span>
    </p>
   </div>
   <div class='ocr_carea' id='block_1_80' title="bbox 142 4747 3371 4825">
    <p class='ocr_par' dir='ltr' id='par_1_80' title="bbox 142 4747 3371 4825">
     <span class='ocr_line' id='line_1_80' title="bbox 142 4747 3371 4825; baseline 0 -23"><span class='ocrx_word' id='word_1_488' title='bbox 142 4747 371 4814; x_wconf 87' lang='lat' dir='ltr'><strong>Quatuor</strong></span> <span class='ocrx_word' id='word_1_489' title='bbox 409 4753 570 4821; x_wconf 84' lang='lat' dir='ltr'><strong>igitur</strong></span> <span class='ocrx_word' id='word_1_490' title='bbox 615 4763 742 4806; x_wconf 90' lang='lat' dir='ltr'><strong>sunt</strong></span> <span class='ocrx_word' id='word_1_491' title='bbox 779 4752 1091 4823; x_wconf 86' lang='lat' dir='ltr'><strong>Evangelia,</strong></span> <span class='ocrx_word' id='word_1_492' title='bbox 1122 4768 1239 4824; x_wconf 62' lang='lat' dir='ltr'><strong>quae</strong></span> <span class='ocrx_word' id='word_1_493' title='bbox 1263 4755 1599 4808; x_wconf 89' lang='lat' dir='ltr'><strong>constituunt</strong></span> <span class='ocrx_word' id='word_1_494' title='bbox 1637 4755 1692 4809; x_wconf 90' lang='lat' dir='ltr'><strong>in</strong></span> <span class='ocrx_word' id='word_1_495' title='bbox 1726 4761 1770 4820; x_wconf 86' lang='grc' dir='ltr'><strong>ι)</strong></span> <span class='ocrx_word' id='word_1_496' title='bbox 1797 4758 2027 4824; x_wconf 76' lang='lat' dir='ltr'><strong>Speciem</strong></span> <span class='ocrx_word' id='word_1_497' title='bbox 2058 4757 2224 4825; x_wconf 83' lang='lat' dir='ltr'><strong>gerit,</strong></span> <span class='ocrx_word' id='word_1_498' title='bbox 2249 4771 2371 4810; x_wconf 91' lang='lat' dir='ltr'><strong>cum</strong></span> <span class='ocrx_word' id='word_1_499' title='bbox 2401 4772 2463 4809; x_wconf 80' lang='lat' dir='ltr'><strong>ex</strong></span> <span class='ocrx_word' id='word_1_500' title='bbox 2498 4753 2722 4808; x_wconf 83' lang='lat' dir='ltr'><strong>Joannis</strong></span> <span class='ocrx_word' id='word_1_501' title='bbox 2754 4755 3079 4824; x_wconf 74' lang='lat' dir='ltr'><strong>baptismate</strong></span> <span class='ocrx_word' id='word_1_502' title='bbox 3103 4753 3371 4819; x_wconf 67' lang='lat' dir='ltr'><strong>poenitet:-</strong></span> 
     </span>
    </p>
   </div>
   <div class='ocr_carea' id='block_1_81' title="bbox 141 4839 3374 4917">
    <p class='ocr_par' dir='ltr' id='par_1_81' title="bbox 141 4839 3374 4917">
     <span class='ocr_line' id='line_1_81' title="bbox 141 4839 3374 4917; baseline 0.001 -26"><span class='ocrx_word' id='word_1_503' title='bbox 141 4842 327 4894; x_wconf 88' lang='lat' dir='ltr'><strong>nostris</strong></span> <span class='ocrx_word' id='word_1_504' title='bbox 375 4844 644 4898; x_wconf 87' lang='lat' dir='ltr'><strong>mentibus</strong></span> <span class='ocrx_word' id='word_1_505' title='bbox 699 4858 993 4912; x_wconf 87' lang='lat' dir='ltr'><strong>supernum</strong></span> <span class='ocrx_word' id='word_1_506' title='bbox 1058 4843 1338 4897; x_wconf 75' lang='lat' dir='ltr'><strong>mundum.</strong></span> <span class='ocrx_word' id='word_1_507' title='bbox 1399 4843 1499 4898; x_wconf 93' lang='lat' dir='ltr'><strong>Tot</strong></span> <span class='ocrx_word' id='word_1_508' title='bbox 1548 4845 1692 4900; x_wconf 89' lang='lat' dir='ltr'><strong>enim</strong></span> <span class='ocrx_word' id='word_1_509' title='bbox 1802 4850 1929 4904; x_wconf 88' lang='lat' dir='ltr'><strong>tiam</strong></span> <span class='ocrx_word' id='word_1_510' title='bbox 1958 4859 2318 4917; x_wconf 87' lang='lat' dir='ltr'><strong>temperanter</strong></span> <span class='ocrx_word' id='word_1_511' title='bbox 2349 4847 2553 4901; x_wconf 88' lang='lat' dir='ltr'><strong>indicit.</strong></span> <span class='ocrx_word' id='word_1_512' title='bbox 2577 4844 2714 4898; x_wconf 86' lang='lat' dir='ltr'><strong>Illud</strong></span> <span class='ocrx_word' id='word_1_513' title='bbox 2739 4859 2954 4916; x_wconf 87' lang='lat' dir='ltr'><strong>quoque</strong></span> <span class='ocrx_word' id='word_1_514' title='bbox 2972 4841 3128 4911; x_wconf 74' lang='lat' dir='ltr'><strong>juxta</strong></span> <span class='ocrx_word' id='word_1_515' title='bbox 3172 4839 3374 4894; x_wconf 76' lang='lat' dir='ltr'><strong>Lucam</strong></span> 
     </span>
    </p>
   </div>
   <div class='ocr_carea' id='block_1_82' title="bbox 141 4933 3384 5009">
    <p class='ocr_par' dir='ltr' id='par_1_82' title="bbox 141 4933 3384 5009">
     <span class='ocr_line' id='line_1_82' title="bbox 141 4933 3384 5009; baseline 0.001 -29"><span class='ocrx_word' id='word_1_516' title='bbox 141 4942 378 4985; x_wconf 84' lang='lat' dir='ltr'><strong>constant</strong></span> <span class='ocrx_word' id='word_1_517' title='bbox 425 4934 711 4998; x_wconf 86' lang='lat' dir='ltr'><strong>elementa,</strong></span> <span class='ocrx_word' id='word_1_518' title='bbox 757 4949 878 5004; x_wconf 64' lang='lat' dir='ltr'><strong>qua:</strong></span> <span class='ocrx_word' id='word_1_519' title='bbox 904 4933 1192 5004; x_wconf 84' lang='lat' dir='ltr'><strong>perﬁciunt</strong></span> <span class='ocrx_word' id='word_1_520' title='bbox 1217 4935 1378 4989; x_wconf 89' lang='lat' dir='ltr'><strong>istum</strong></span> <span class='ocrx_word' id='word_1_521' title='bbox 1429 4939 1693 4994; x_wconf 83' lang='lat' dir='ltr'><strong>intimum.</strong></span> <span class='ocrx_word' id='word_1_522' title='bbox 1803 4942 2052 5009; x_wconf 84' lang='lat' dir='ltr'><strong>aerisque</strong></span> <span class='ocrx_word' id='word_1_523' title='bbox 2088 4948 2142 4991; x_wconf 89' lang='lat' dir='ltr'><strong>et</strong></span> <span class='ocrx_word' id='word_1_524' title='bbox 2168 4937 2496 4992; x_wconf 83' lang='lat' dir='ltr'><strong>fortitudinis</strong></span> <span class='ocrx_word' id='word_1_525' title='bbox 2538 4937 2754 5006; x_wconf 72' lang='lat' dir='ltr'><strong>praefert</strong></span> <span class='ocrx_word' id='word_1_526' title='bbox 2782 4933 3214 4997; x_wconf 82' lang='lat' dir='ltr'><strong>similitudinem,</strong></span> <span class='ocrx_word' id='word_1_527' title='bbox 3249 4947 3384 5002; x_wconf 85' lang='lat' dir='ltr'><strong>quo-</strong></span> 
     </span>
    </p>
   </div>
   <div class='ocr_carea' id='block_1_83' title="bbox 143 5021 3378 5100">
    <p class='ocr_par' dir='ltr' id='par_1_83' title="bbox 143 5021 3378 5100">
     <span class='ocr_line' id='line_1_83' title="bbox 143 5021 3378 5100; baseline -0.002 -22"><span class='ocrx_word' id='word_1_528' title='bbox 143 5023 368 5087; x_wconf 83' lang='lat' dir='ltr'><strong>Quatuor</strong></span> <span class='ocrx_word' id='word_1_529' title='bbox 409 5041 621 5095; x_wconf 88' lang='lat' dir='ltr'><strong>quoque</strong></span> <span class='ocrx_word' id='word_1_530' title='bbox 673 5027 924 5090; x_wconf 85' lang='lat' dir='ltr'><strong>virtutes,</strong></span> <span class='ocrx_word' id='word_1_531' title='bbox 969 5042 1089 5096; x_wconf 73' lang='lat' dir='ltr'><strong>qua:</strong></span> <span class='ocrx_word' id='word_1_532' title='bbox 1142 5035 1459 5082; x_wconf 73' lang='lat' dir='ltr'><strong>cacterarum</strong></span> <span class='ocrx_word' id='word_1_533' title='bbox 1502 5037 1700 5100; x_wconf 75' lang='lat' dir='ltr'><strong>gerunt</strong></span> <span class='ocrx_word' id='word_1_534' title='bbox 1801 5035 1946 5086; x_wconf 89' lang='lat' dir='ltr'><strong>niam</strong></span> <span class='ocrx_word' id='word_1_535' title='bbox 1965 5029 2240 5099; x_wconf 89' lang='lat' dir='ltr'><strong>spatiatim</strong></span> <span class='ocrx_word' id='word_1_536' title='bbox 2266 5021 3378 5097; x_wconf 71' lang='lat' dir='ltr'><strong>dill‘usum,plurimisqueesthistoriisro-</strong></span> 
     </span>
    </p>
   </div>
   <div class='ocr_carea' id='block_1_84' title="bbox 141 5107 3392 5188">
    <p class='ocr_par' dir='ltr' id='par_1_84' title="bbox 141 5107 3392 5188">
     <span class='ocr_line' id='line_1_84' title="bbox 141 5107 3392 5188; baseline -0 -22"><span class='ocrx_word' id='word_1_537' title='bbox 141 5117 502 5185; x_wconf 88' lang='lat' dir='ltr'><strong>principatum,</strong></span> <span class='ocrx_word' id='word_1_538' title='bbox 536 5135 745 5188; x_wconf 88' lang='lat' dir='ltr'><strong>nosque</strong></span> <span class='ocrx_word' id='word_1_539' title='bbox 777 5134 870 5187; x_wconf 91' lang='lat' dir='ltr'><strong>per</strong></span> <span class='ocrx_word' id='word_1_540' title='bbox 895 5118 1308 5172; x_wconf 87' lang='lat' dir='ltr'><strong>admirationem</strong></span> <span class='ocrx_word' id='word_1_541' title='bbox 1331 5122 1414 5174; x_wconf 91' lang='lat' dir='ltr'><strong>sui</strong></span> <span class='ocrx_word' id='word_1_542' title='bbox 1442 5122 1508 5175; x_wconf 88' lang='lat' dir='ltr'><strong>ad</strong></span> <span class='ocrx_word' id='word_1_543' title='bbox 1534 5129 1696 5176; x_wconf 67' lang='lat' dir='ltr'><strong>cmte-</strong></span> <span class='ocrx_word' id='word_1_544' title='bbox 1802 5127 2070 5180; x_wconf 85' lang='lat' dir='ltr'><strong>horatum.</strong></span> <span class='ocrx_word' id='word_1_545' title='bbox 2090 5119 2220 5172; x_wconf 86' lang='lat' dir='ltr'><strong>illud</strong></span> <span class='ocrx_word' id='word_1_546' title='bbox 2237 5134 2361 5173; x_wconf 86' lang='lat' dir='ltr'><strong>vero</strong></span> <span class='ocrx_word' id='word_1_547' title='bbox 2386 5119 2677 5171; x_wconf 88' lang='lat' dir='ltr'><strong>secundum</strong></span> <span class='ocrx_word' id='word_1_548' title='bbox 2693 5113 2969 5174; x_wconf 80' lang='lat' dir='ltr'><strong>Joannem</strong></span> <span class='ocrx_word' id='word_1_549' title='bbox 2992 5107 3192 5182; x_wconf 76' lang='lat' dir='ltr'><strong>igniﬁci</strong></span> <span class='ocrx_word' id='word_1_550' title='bbox 3220 5111 3392 5166; x_wconf 65' lang='lat' dir='ltr'><strong>aethe-</strong></span> 
     </span>
    </p>
   </div>
   <div class='ocr_carea' id='block_1_85' title="bbox 143 5196 3391 5284">
    <p class='ocr_par' dir='ltr' id='par_1_85' title="bbox 143 5196 3391 5284">
     <span class='ocr_line' id='line_1_85' title="bbox 143 5196 3391 5284; baseline -0.001 -21"><span class='ocrx_word' id='word_1_551' title='bbox 143 5223 223 5262; x_wconf 83' lang='lat' dir='ltr'><strong>ras</strong></span> <span class='ocrx_word' id='word_1_552' title='bbox 260 5210 564 5276; x_wconf 79' lang='lat' dir='ltr'><strong>informant.</strong></span> <span class='ocrx_word' id='word_1_553' title='bbox 600 5212 728 5266; x_wconf 88' lang='lat' dir='ltr'><strong>Pari</strong></span> <span class='ocrx_word' id='word_1_554' title='bbox 773 5212 932 5266; x_wconf 89' lang='lat' dir='ltr'><strong>etiam</strong></span> <span class='ocrx_word' id='word_1_555' title='bbox 966 5215 1178 5266; x_wconf 88' lang='lat' dir='ltr'><strong>ratione</strong></span> <span class='ocrx_word' id='word_1_556' title='bbox 1227 5221 1462 5278; x_wconf 88' lang='lat' dir='ltr'><strong>quatuor</strong></span> <span class='ocrx_word' id='word_1_557' title='bbox 1507 5227 1733 5268; x_wconf 60' lang='lat' dir='ltr'><strong>sensus.</strong></span> <span class='ocrx_word' id='word_1_558' title='bbox 1805 5217 1878 5270; x_wconf 90' lang='lat' dir='ltr'><strong>ris</strong></span> <span class='ocrx_word' id='word_1_559' title='bbox 1912 5210 2236 5284; x_wconf 65' lang='lat' dir='ltr'><strong>prudentiae,</strong></span> <span class='ocrx_word' id='word_1_560' title='bbox 2270 5208 2517 5278; x_wconf 90' lang='lat' dir='ltr'><strong>quodque</strong></span> <span class='ocrx_word' id='word_1_561' title='bbox 2557 5204 2774 5261; x_wconf 80' lang='lat' dir='ltr'><strong>caeteris</strong></span> <span class='ocrx_word' id='word_1_562' title='bbox 2817 5210 3045 5263; x_wconf 85' lang='lat' dir='ltr'><strong>constat</strong></span> <span class='ocrx_word' id='word_1_563' title='bbox 3080 5196 3391 5260; x_wconf 81' lang='lat' dir='ltr'><strong>sublimius.</strong></span> 
     </span>
    </p>
   </div>
   <div class='ocr_carea' id='block_1_86' title="bbox 2756 5285 3397 5316">
    <p class='ocr_par' dir='ltr' id='par_1_86' title="bbox 2756 5285 3397 5316">
     <span class='ocr_line' id='line_1_86' title="bbox 2756 5285 3397 5316; baseline 0 0"><span class='ocrx_word' id='word_1_564' title='bbox 2756 5294 2798 5316; x_wconf 40' lang='grc' dir='ltr'><strong>,ΙΑ</strong></span> <span class='ocrx_word' id='word_1_565' title='bbox 2831 5313 2878 5316; x_wconf 37' lang='grc' dir='ltr'><strong>*Α</strong></span> <span class='ocrx_word' id='word_1_566' title='bbox 2947 5285 3244 5316; x_wconf 57' lang='grc' dir='ltr'><strong>,ξωπὶιῖηιὶινὶ</strong></span> <span class='ocrx_word' id='word_1_567' title='bbox 3302 5288 3397 5316; x_wconf 58' lang='lat' dir='ltr'><strong>“Is:</strong></span> 
     </span>
    </p>
   </div>
  </div>
