3992 5338
193 306 297 365 Cl‘l

1061 300 1538 360 ωδτοιιιΑιιωι
1579 294 1756 352 LIBRI
1799 289 2134 358 QUINQUE.
2179 320 2244 329 -
2278 289 2403 344 ΗΒ.
2433 289 2474 344 I.

3364 284 3468 339 618

190 433 370 474 "oms
394 427 575 473 tamen
599 415 931 478 ωιιίιιῖιειιίε,
971 415 1085 486 τεεί
1133 415 1355 470 minimc
1380 423 1551 469 semet
1574 409 1778 482 suppli—
1806 410 1853 470 Α
1883 405 2102 460 verbmn
2140 422 2151 456 :
2193 423 2211 455 ι
2250 403 2544 458 Duodecim
2569 398 2897 468 fuimus,qui
2924 399 3266 454 traditionem
3291 400 3470 456 Caroli

189 520 348 567 caret
379 529 392 563 :
419 518 574 580 pater
601 523 852 572 cernens,
876 506 966 575 qui
1019 515 1241 576 propter
1271 507 1502 566 astabat,
1539 503 1784 557 valenter

189 604 414 672 alapam
449 601 586 656 collo
630 600 845 670 juvenis
875 599 1075 653 intulit.
1117 617 1135 648 σ
1176 598 1479 661 Seniorem,
1511 597 1782 666 inquiens,

184 701 247 749 et
298 707 485 762 regem
537 701 720 746 erecto
766 705 994 759 corpore
1045 690 1414 746 oseulaturum
1447 705 1551 744 non
1588 687 1786 743 debere

181 785 476 854 suscipere
503 783 824 853 quandoque
847 782 1004 836 scito.
1038 801 1056 833 ι
1092 781 1244 849 Quod
1292 782 1506 835 intuens
1537 795 1629 835 rex
1655 795 1788 834 cun-

187 879 380 946 ctique
433 876 527 945 qui
577 875 824 937 aderant,
869 873 1068 929 abhinc
1099 872 1434 942 deeeptionis
1470 871 1788 940 fraudisque

189 968 463 1021 adversus
492 981 675 1036 regem
730 965 1076 1020 Heribertum
1109 973 1388 1035 expertem
1415 961 1784 1018 crediderunt.

190 1057 404 1111 \‘idens
448 1071 666 1126 quoque
726 1071 909 1125 regem
953 1065 1146 1110 contra
1177 1068 1237 1110 se
1270 1054 1564 1124 placatum,
1590 1053 1788 1107 nihila-

187 1146 378 1202 minus
404 1149 629 1218 rogabat
656 1149 922 1202 alteutius
951 1155 1029 1211 ul,
1067 1147 1134 1201 ad
1166 1161 1226 1201 se
1250 1146 1496 1211 veniens,
1510 1145 1786 1214 negotium

191 1237 618 1303 deliberaturus,
645 1238 790 1308 quod
815 1239 1015 1294 dudum
1047 1245 1393 1308 poposcerat.
1429 1236 1627 1291 Statim
1656 1251 1789 1291 vero

191 1343 289 1383 rex
311 1328 566 1400 promisit
597 1343 678 1393 se,
704 1343 813 1398 quo
843 1328 1026 1391 vellet,
1055 1329 1277 1382 iturum.
1309 1326 1597 1398 Designato
1625 1326 1789 1394 igitur

183 1417 302 1486 die,
324 1419 474 1474 venit
499 1435 593 1474 rex
610 1420 700 1474 ubi
726 1419 1042 1474 Ileribertus
1065 1426 1367 1489 rogaverat,
1393 1425 1608 1472 tenuem
1623 1416 1788 1470 etiam

179 1507 403 1563 ducens
423 1509 748 1575 exercitum,
771 1508 1025 1563 amicitia:
1046 1508 1239 1580 gratia.
1263 1505 1366 1574 Qui
1382 1507 1608 1561 nimium
1630 1522 1786 1576 pom-

189 1613 326 1668 pose
357 1600 442 1654 die
463 1600 642 1669 primo
669 1601 736 1655 ab
759 1615 825 1656 eo
873 1610 1180 1672 susceptus.
1215 1601 1274 1656 In
1305 1603 1546 1656 secundo
1577 1613 1785 1667 autem,

191 1689 356 1758 quasi
405 1705 471 1745 ex
513 1678 668 1758 jussit
719 1691 884 1761 regis,
931 1693 1186 1762 praecepit
1221 1693 1360 1748 idem
1392 1691 1706 1748 lleribcrtus
1728 1700 1787 1746 ut

1880 496 2121 565 juraudo
2173 497 2563 551 consensimus.
2620 493 2840 562 Hocque
2889 491 3179 560 plurimum
3229 500 3477 562 repetens

1886 589 2204 658 exspiravit.
2235 588 2501 644 Przetcrea
2533 585 2837 640 Ludovicus
2863 600 2925 637 ex
2957 584 3254 654 Ccrberga,
3304 601 3477 640 uxore

1886 680 2159 750 quondam
2190 679 2477 734 Gisleberti
2509 677 2682 741 ducis,
2707 678 2890 747 genuit
2918 677 3108 741 lilium,
3140 679 3359 731 nomine
3378 677 3480 731 Lo-

1889 771 2146 824 tharium.
2179 770 2300 837 Qui,
2349 770 2700 823 confirmatus
2731 769 2782 822 iu
2824 784 3011 840 regno,
3065 777 3266 823 uterat
3316 771 3476 839 agilis

1888 876 2116 931 corpore
2149 871 2203 916 et
2232 861 2458 924 validus,
2495 876 2763 930 sensuque
2793 861 3023 930 integer,
3067 862 3298 914 tentavit
3352 862 3474 916 red-

1889 954 2164 1024 integrare
2213 969 2436 1024 regnum
2497 962 2556 1007 ut
2619 953 2747 1008 olim
2805 953 2998 1007 fuerat.
3072 953 3205 1006 Nam
3263 962 3474 1023 partem

1891 1045 2058 1115 ipsius
2089 1045 2237 1116 regni
2267 1044 2626 1114 superiorem,
2657 1060 2777 1113 qua:
2801 1045 2963 1098 etiam
2987 1044 3232 1098 Lotliarii
3254 1060 3476 1111 regnum

1889 1136 2322 1203 cognominatur,
2378 1134 2505 1190 Otto
2546 1150 2641 1190 rex
2683 1135 2981 1197 Saxonum,
3039 1136 3148 1189 imo
3177 1137 3478 1204 imperator

1890 1229 2281 1292 Romanorum,
2311 1228 2376 1281 ad
2409 1243 2590 1292 suum,
2620 1227 2672 1281 id
2694 1236 2777 1281 est
2799 1226 3094 1288 Saxonum,
3124 1229 3482 1282 inclinaverat

1891 1336 2138 1392 regnum.
2173 1323 2348 1392 Ipsum
2375 1322 2606 1394 denique
2631 1321 2906 1385 Ottouem,
2933 1323 3138 1377 scilicet
3158 1325 3478 1385 secundum,

1890 1415 2058 1470 filium
2093 1417 2252 1486 primi
2282 1431 2346 1470 ac
2374 1416 2862 1470 maximividelicet
2886 1416 3118 1475 Ottonis,
3149 1425 3377 1470 conatus
3399 1427 3483 1467 est

1890 1506 2161 1575 quondam
2184 1521 2386 1576 capere
2416 1508 2648 1576 positum
2674 1508 2725 1561 in
2747 1506 2950 1577 palatio
2976 1506 3348 1575 Aquisg'ranis.
3372 1505 3481 1560 Sed

1889 1599 2144 1668 quoniam
2184 1599 2357 1653 eidem
2382 1598 2565 1655 Ottoni
2587 1599 2722 1652 clam
2755 1597 3170 1668 przeuuutiatutn
3200 1614 3228 1652 a
3259 1598 3483 1668 quisbus-

1891 1691 2014 1746 dam
2062 1699 2168 1754 est,
2192 1698 2463 1760 noctuque
2493 1705 2616 1744 eum
2649 1705 2817 1744 uxore
2859 1689 2948 1742 vix
2983 1687 3122 1757 fugze
3167 1688 3399 1758 prmsidit
3425 1704 3479 1742 m

191 1779 440 1834 universi
493 1780 585 1850 qui
626 1795 751 1836 cum
782 1796 910 1851 rege
966 1792 1252 1849 venerant,
1292 1785 1360 1838 ad
1400 1784 1616 1854 propria
1667 1786 1788 1840 red-
1819 1768 1862 1827 Β
1890 1791 2076 1851 petens
2141 1781 2394 1836 obzinuit.
2445 1781 2596 1836 Tune
2660 1782 2890 1852 denique
2951 1781 3100 1844 Otto,
3149 1789 3481 1850 congregato

191 1866 379 1935 irent,
404 1871 571 1926 veluti
603 1871 716 1942 ipse
737 1888 861 1928 cum
889 1873 1004 1928 suis
1024 1873 1288 1944 obsequio
1317 1874 1461 1944 regis
1491 1873 1784 1929 sufﬁceret.

189 1960 273 2016 Illi
303 1978 522 2034 quoque
543 1964 727 2019 audito
757 1964 1045 2019 Ileriberto
1074 1973 1441 2029 recesserunt,
1474 1965 1788 2035 ignorantes

179 2053 342 2122 quod
393 2068 576 2125 regem
627 2055 682 2110 in
715 2055 948 2111 vinculis
997 2056 1364 2127 reliquissent.
1411 2056 1607 2112 Tenuit
1641 2074 1787 2113 emm

187 2144 526 2200 Heriloertus
554 2144 798 2200 vinctum
821 2146 1141 2217 praedictum
1166 2160 1347 2216 regem
1377 2148 1614 2216 usquein
1643 2148 1788 2203 diem

185 2236 393 2290 mortis
415 2250 546 2289 sum.
579 2234 857 2291 Genuerat
886 2244 1148 2307 praeterea
1179 2237 1324 2291 idem
1365 2252 1459 2291 rex
1492 2235 1660 2298 filium
1686 2253 1787 2293 no-

187 2326 344 2381 mine
373 2325 726 2391 Ludovicum,
755 2328 934 2383 adhuc
965 2338 1146 2384 tamen
1186 2345 1437 2399 puerum,
1476 2332 1593 2400 qui,
1617 2339 1676 2385 ut
1704 2347 1790 2388 eoo

190 2418 382 2486 gnovit
403 2419 547 2488 quod
565 2419 632 2474 de
653 2419 1019 2488 patrefaetum
1049 2420 1247 2486 fuerat,
1281 2421 1550 2492 arripiens
1580 2423 1783 2493 fugam,

187 2505 474 2562 Oceanum
531 2509 770 2577 transiit,
829 2511 1012 2581 ibique
1057 2525 1230 2582 usque
1291 2513 1360 2568 ad
1405 2527 1578 2568 annos
1606 2513 1788 2571 viriles

185 2595 366 2668 degit.

834 2692 1065 2749 CAPUT
1091 2693 1155 2750 II.

705 2784 784 2838 De
825 2784 1105 2855 Rodulpho
1143 2801 1280 2855 rege.

261 2873 400 2930 Erat
438 2875 607 2946 igitur
654 2885 784 2932 tunc
837 2878 1101 2948 temporis
1150 2876 1468 2948 Rodulphus
1525 2877 1782 2934 Bicbardi

187 2967 351 3021 ducis
385 2966 714 3038 Burgundia:
760 2967 922 3033 filius,
983 2979 1142 3037 aptus
1171 2969 1425 3024 videlicet
1454 2984 1702 3038 corpore,
1731 2977 1786 3024 et

191 3056 476 3112 intellectu
528 3058 773 3113 idoneus.
798 3058 899 3126 Qui
926 3059 1092 3113 etiam
1124 3074 1347 3113 uxorem
1385 3060 1631 3121 duxerat,
1659 3060 1784 3113 Em-

189 3163 340 3200 mam
365 3151 605 3213 nomine,
637 3165 799 3204 sensu
828 3150 1038 3206 scilicet
1065 3159 1230 3221 atque
1253 3160 1474 3220 aspectu
1499 3151 1784 3222 insignem,
1813 3133 1859 3194 (ἶ

190 3250 442 3291 sororem
482 3239 737 3302 videlicet
791 3238 967 3312 Magni
1015 3241 1275 3312 IIugonis.
1322 3240 1474 3310 cujus
1498 3243 1787 3311 siquidem

192 3325 423 3379 militari
482 3327 748 3383 industria
780 3345 1006 3402 regnum
1063 3331 1399 3387 Francorum
1435 3332 1785 3402 dirigebatur.

191 3415 244 3470 Is
270 3431 492 3488 quoque
518 3419 672 3491 Ilugo
701 3435 931 3477 cernens
961 3437 1187 3490 regnum
1215 3438 1340 3492 rege
1364 3424 1701 3488 destitutum,
1727 3440 1790 3480 ac

192 3507 381 3563 sciens
434 3511 580 3580 regis
637 3511 1088 3569 instaurationem
1139 3530 1237 3570 suo
1275 3517 1512 3586 pendere
1539 3517 1783 3578 arbitrio,

191 3599 347 3654 misit
376 3601 445 3655 ad
478 3618 745 3667 sororem,
773 3606 1066 3662 consulens
1094 3607 1238 3662 illam
1261 3624 1420 3677 quem
1446 3609 1786 3678 potissnumu

191 3693 262 3746 ad
317 3693 502 3762 regale
550 3696 777 3766 eligeret
826 3697 1066 3763 culmen,
1114 3714 1173 3754 se
1217 3700 1468 3755 videlicet
1496 3715 1651 3754 suum
1682 3699 1779 3753 fras

195 3791 360 3845 trem,
389 3800 457 3839 an
489 3787 668 3854 potius
716 3789 968 3844 maritum
1001 3791 1337 3860 prcedictum,
1361 3792 1565 3846 scilicet
1591 3792 1790 3846 nodul-

191 3875 388 3943 phum.
413 3876 504 3930 Illa
536 3879 702 3948 igitur
739 3881 1052 3949 prudenter,
1101 3892 1159 3936 ut
1195 3881 1372 3937 fuerat
1402 3883 1675 3947 consulta,
1706 3899 1789 3938 re-

193 3968 419 4035 spondit
467 3970 642 4040 magis
693 3985 751 4025 se
795 3971 934 4025 velle
984 3973 1127 4042 regis
1159 3974 1338 4027 mariti
1379 3988 1518 4043 genu
1551 3976 1787 4030 osculari

195 4072 360 4126 quam
387 4058 596 4113 fratris.
631 4061 870 4115 Audiens
891 4073 1071 4117 autem
1105 4064 1255 4134 llugo
1278 4077 1557 4136 gratanter
1577 4069 1785 4131 annuit,

195 4150 462 4218 regnique
508 4150 705 4205 solium
755 4151 1042 4221 Rodulplto
1094 4155 1297 4210 habere
1347 4157 1635 4211 concessit.
1686 4158 1785 4224 Qui

169 4238 543 4310 Bodulphus,
572 4255 768 4296 carens
798 4245 944 4296 omni
970 4243 1142 4314 prole,
1173 4244 1319 4300 solus
1347 4247 1427 4299 sui
1472 4248 1686 4316 generis
1708 4263 1791 4302 re-

193 4334 286 4402 gni
309 4333 546 4388 culmine
594 4334 802 4403 potitus
845 4336 998 4389 obiit.
1035 4335 1159 4390 Fuit
1189 4338 1332 4391 enim
1358 4337 1444 4392 hic
1471 4337 1624 4409 llugo
1648 4339 1788 4393 filius

195 4421 422 4477 Boberti
451 4423 788 4479 Parisiorum
838 4425 1072 4490 comitis,
1118 4427 1210 4495 qui
1238 4427 1488 4482 videlicet
1516 4427 1784 4484 Robertus

197 4516 350 4570 brevi
413 4517 468 4571 in
526 4527 778 4586 tempore
828 4533 922 4572 rex
969 4520 1317 4585 constitutus,
1352 4529 1406 4574 et
1450 4521 1519 4575 ab
1552 4522 1792 4576 exercitu

197 4607 475 4662 Saxonum
513 4621 600 4665 est
627 4609 966 4664 interfectus.
998 4610 1162 4679 Cujus
1197 4626 1368 4681 genus
1397 4611 1600 4667 idcirco
1628 4613 1796 4668 adno-

195 4708 319 4754 tare
345 4702 677 4769 distulimus,
707 4703 833 4772 quia
861 4701 1014 4756 valde
1052 4703 1106 4756 iu
1139 4713 1266 4758 ante
1300 4705 1570 4772 reperitur
1600 4705 1787 4759 obscu-

199 4807 338 4846 rum.
1172 4810 1182 4817 ’

814 4883 1044 4939 CAPUT
1096 4885 1184 4940 III.

732 4974 812 5028 De
844 4973 1093 5030 Lat/tario
1127 4992 1263 5046 rege.

221 5049 228 5053 ’
251 5081 264 5110 ~'
317 5084 465 5125 terea
483 5069 657 5126 totius
677 5068 833 5138 regni
864 5068 1124 5137 primates
1152 5067 1404 5138 elegeruu
1429 5071 1785 5137 Ludovieum,

198 5153 356 5196 ﬁlium
385 5161 638 5196 υἷιΙοΙῖιιοι
672 5158 916 5196 ηιηηιὶιιιί
947 5161 1085 5196 νηηῖα
1112 5159 1287 5196 (Ἴθι-ιτιί
1341 5176 1637 5196 ιιηηηηιιοηρ
1663 5179 1784 5196 οη...

1891 1874 2131 1929 exercitu
2187 1873 2465 1944 sexaginta
2526 1873 2692 1927 millia
2749 1881 2803 1928 et
2833 1872 3169 1943 eo‘amplius
3218 1872 3476 1933 militum,

1891 1965 2177 2020 Franciam
2226 1967 2520 2035 ingressus,
2569 1966 2720 2020 venit
2764 1981 2934 2035 usque
2980 1965 3239 2026 Parisios.
3297 1965 3482 2033 illique.

1891 2055 2070 2110 triduo
2099 2064 2495 2116 commoratus:
2531 2056 2694 2125 erepit
2723 2057 2901 2109 redire
2939 2055 3321 2119 inSaxoniam,
3362 2071 3480 2107 rur-

1887 2158 2093 2214 susque
2122 2159 2340 2215 quoque
2387 2145 2700 2207 Lotharius,
2747 2159 2811 2200 ex
2865 2148 3010 2198 omni
3043 2145 3270 2200 Francia
3317 2154 3480 2214 atque

1887 2234 2199 2306 Burgundia
2225 2236 2446 2290 militari
2490 2253 2652 2291 manu
2703 2238 2757 2290 in
2809 2253 2972 2290 unum
3034 2250 3246 2300 coacta,
3296 2254 3474 2307 perse-

1889 2337 2049 2382 cutus
2073 2327 2382 2383 estOttonis
2401 2329 2699 2383 exercitum
2726 2345 2896 2398 usque
2931 2331 2981 2383 in
3006 2329 3225 2383 fluvium
3252 2330 3476 2394 Musam,

1890 2418 2196 2488 multosque
2239 2435 2304 2474 ex
2358 2420 2489 2490 ipsis
2533 2420 2862 2492 fugientibus
2911 2423 2962 2476 in
3011 2424 3200 2478 colem
3258 2424 3480 2476 ﬂumine

1881 2511 2116 2581 contigit
2145 2510 2385 2566 interire.
2420 2510 2624 2565 Dehine
2653 2527 2782 2566 vero
2815 2522 3043 2582 uterque
3087 2513 3336 2577 cessavit,
3373 2514 3476 2566 ln-

1891 2601 2069 2657 tltario
2095 2603 2271 2656 minus
2295 2601 2544 2672 explente
2568 2604 2709 2673 quod
2743 2600 2932 2674 eu'piit.
2972 2604 3067 2658 Hie
3114 2604 3347 2672 denique
3388 2620 3479 2673 ge-

1888 2691 2008 2746 nuit
2033 2692 2201 2746 filium
2232 2693 2451 2748 nomine
2474 2693 2824 2749 Ludovicum.
2869 2694 3063 2762 Quem,
3092 2693 3204 2763 jam
3236 2695 3477 2750 adultum

1883 2783 2162 2853 juvenem,
2195 2794 2256 2838 ut
2301 2796 2422 2855 post
2447 2799 2507 2841 se
2534 2801 2805 2856 regnaret,
2834 2804 3016 2858 regem
3046 2790 3350 2843 constituit.
3380 2790 3478 2843 (Ini

1889 2877 2053 2931 etiam
2077 2877 2299 2932 adduxit
2328 2879 2396 2930 ab
2440 2877 2726 2947 Aquitanis
2754 2879 2999 2946 partibus
3043 2896 3290 2946 uxorem,
3333 2897 3478 2948 qna',

1889 2983 2120 3023 cernens
2151 2967 2401 3024 videlicet
2436 2969 2690 3038 juvenem
2731 2979 2885 3040 patre
2927 2972 3105 3026 minus
3154 2971 3270 3026 fore
3327 2973 3484 3026 indu-

1886 3058 2100 3121 strium,
2126 3067 2182 3110 ut
2212 3059 2557 3129 eratingenio
2574 3059 2784 3125 callida,
2810 3061 2969 3132 elegit
2991 3078 3152 3132 agere.
3168 3063 3480 3121 divortium.

1891 3150 2206 3219 monuitque
2247 3149 2397 3204 illum
2451 3150 2575 3205 ficte
2604 3160 2662 3206 ut
2709 3152 2892 3216 simul,
2929 3154 2995 3207 de
3023 3170 3127 3224 qua
3165 3155 3479 3211 advenerat.

1891 3243 2132 3297 redirent
2181 3242 2542 3310 Provinciam,
2575 3245 2782 3300 scilicet
2810 3245 2933 3313 jure
2976 3248 3320 3321 II'J'I‘CtllUII‘IO
3375 3251 3481 3303 silit

1890 3334 2246 3389 subdituram.
2305 3335 2396 3391 Ille
2425 3353 2661 3407 quoque,
2719 3355 2825 3394 non
2881 3327 3191 3410 intelligens
3236 3341 3480 3394 mulieris

1891 3427 2170 3492 astutiam,
2203 3438 2262 3483 ut
2297 3430 2534 3485 monitus
2566 3430 2763 3497 fuerat,
2789 3434 3132 3502 ireparavit.
3185 3435 3264 3488 Ad
3316 3451 3476 3504 quam

1891 3518 2676 3592 dum-venissent,relinquens
2701 3538 2825 3577 euut
2851 3525 3061 3589 mulier,
3090 3526 3201 3580 suis
3229 3527 3476 3580 adhaesit.

1891 3608 2134 3679 Cumque
2167 3613 2307 3680 patri
2343 3615 2647 3668 nuntiatum
2690 3615 2899 3680 fuisset,
2939 3632 3272 3688 prosequens
3311 3619 3480 3672 filium

1891 3705 1957 3758 ad
1989 3721 2048 3761 se
2095 3707 2328 3762 reduxit.
2385 3709 2486 3776 Qui
2546 3710 2706 3764 simul
2760 3713 3012 3782 deinceps
3041 3714 3314 3780 degentes,
3361 3729 3485 3782 post

1891 3799 2098 3869 aliquot
2149 3815 2320 3855 annos
2355 3803 2558 3871 absque
2608 3802 2714 3856 ulla
2762 3803 3054 3858 liberorum
3109 3820 3209 3873 ope
3255 3813 3482 3872 uterque

1890 3889 2044 3942 obiit.
2079 3889 2135 3942 In
2163 3890 2250 3944 his
2289 3890 2450 3959 igitur
2473 3892 2681 3946 duobus
2715 3893 2896 3961 regale
2929 3909 3024 3948 seu
3052 3894 3328 3964 imperiale
3359 3895 3481 3949 illo-

1891 3995 2011 4034 rum
2039 3996 2208 4050 genus
2237 3982 2492 4051 regnandi
2525 3983 2684 4036 finem
2715 3984 2946 4052 accepit.

2503 4073 2733 4129 CAPUT
2771 4073 2860 4129 IV.

2004 4161 2109 4227 Qui
2129 4163 2456 4231 postmodum
2488 4162 2669 4219 Romre
2692 4166 3030 4235 imperatores
3058 4169 3372 4225 exstiterint.

1963 4251 2408 4323 I’nescriptorum
2459 4254 2622 4323 igitur
2693 4271 2876 4327 regum
2933 4274 3129 4328 genere
3181 4261 3430 4315 exinanit
3466 4311 3481 4327 ,

1892 4355 2238 4414 sumpserunt
2269 4346 2552 4416 imperium
2582 4346 2948 4406 Romauomzn
2985 4367 3138 4423 reges
3179 4354 3480 4410 Saxonum.

1850 4486 1871 4517 ,ε
1898 4435 2135 4499 Quorum
2166 4437 2372 4490 scilicet
2402 4438 2606 4507 primus
2633 4438 2757 4494 Otto
2784 4440 3003 4498 llenriei
3040 4445 3315 4500 Saxonum
3340 4449 3484 4517 regis

1899 4525 2062 4589 filius,
2085 4524 2239 4592 cujus
2262 4527 2424 4580 etiam
2446 4543 2708 4594 sororem,
2738 4531 2957 4589 nomine
2981 4534 3300 4597 IIaduidem,
3330 4538 3487 4592 duxit

1898 4631 2120 4669 uxorem
2151 4616 2304 4687 IIugo
2331 4617 2436 4672 dux
2470 4618 2823 4685 Francorum,
2849 4635 3204 4695 cognomento
3237 4625 3483 4698 Magnus.

1898 4708 1948 4763 Is
1971 4710 2205 4780 denique
2229 4712 2357 4767 Otto
2379 4712 2429 4766 in
2455 4713 2622 4784 gloria
2653 4725 2707 4770 et
2736 4717 2922 4786 vigore
2947 4719 3159 4788 imperii
3177 4736 3281 4774 non
3299 4722 3484 4790 dispar

1898 4803 2113 4856 illorum
2156 4805 2246 4873 qui
2274 4815 2403 4860 ante
2433 4821 2491 4860 se
2527 4807 2813 4878 imperium
2848 4819 3125 4874 rexerant,
3175 4825 3387 4865 necnon
3436 4825 3492 4863 et

1897 4891 1950 4946 iu
2003 4893 2366 4949 Eeclcsiarum
2421 4905 2583 4965 atque
2634 4898 2996 4970 eleemosynze
3047 4900 3303 4966 expensis
3342 4879 3495 4954 valie

1895 4987 2132 5042 liberalis
2183 4989 2410 5042 exstitit.
2463 4988 2634 5059 Hujus
2685 5006 2913 5058 quoque
2971 4990 3182 5056 imperii
3221 4997 3501 5062 tempore,

1895 5079 2098 5147 egressi
2150 5080 2408 5136 audacter
2456 5081 2746 5137 Sarraceai
2801 5083 2880 5136 ab
2934 5081 3199 5138 Africanis
3249 5086 3510 5148 partibus

1897 5183 2226 5196 Αι-Α.·ΑΑ-σΑ-.Α
2281 5173 2473 5194 ..-οῗ-ω-
2544 5172 2743 5194 ΑΙ.-2.----
2805 5189 2854 5194 __-
