3992 5338
549 116 656 183 tito

1529 132 1822 189 RODULFI
1862 132 2116 190 GLABRI
2155 135 2464 194 MONACHI
2506 138 2824 197 CLUNIAC.

3707 141 3800 199 620

548 247 688 302 vitcr
720 246 772 299 iu
798 258 958 298 manu
991 242 1289 310 vulnerato,
1317 245 1442 300 dum
1474 246 1528 301 in
1559 262 1621 303 ea
1657 249 1959 319 excepisset
1993 248 2132 304 ultro
2163 254 2206 311 Α
2237 252 2327 320 qui
2355 252 2559 308 scilicet
2584 254 3485 327 abAbrahamnarratgenealogiae
3513 256 3797 329 catalogum

549 341 717 394 ictum
743 337 910 410 jaculi
953 352 1119 408 super
1158 353 1324 392 unum
1354 338 1420 394 de
1451 339 1564 393 suis
1594 339 1884 395 venieulis.
1916 341 2130 410 Disper-

547 431 662 486 titis
707 444 921 500 quoque
975 429 1115 483 inter
1153 444 1212 485 se
1257 429 1508 484 omnibus
1541 445 1660 500 qua:
1698 430 1842 485 illius
1892 429 2130 496 fuerant,

548 522 1018 592 interrogaverunt
1067 533 1190 574 eum
1241 519 1286 574 si
1324 527 1483 574 tantae
1529 519 1576 575 ei
1622 529 1806 576 essent
1857 520 1909 575 in
1955 522 2132 592 patria

546 614 831 669 facultates
863 626 1062 679 rerum,
1087 612 1283 682 quibus
1309 611 1559 667 videlicet
1582 626 1642 666 se
1666 627 1902 682 suosque
1923 613 2133 668 valeret

545 704 816 762 redimere
838 704 903 759 de
939 702 1191 758 manibus
1217 702 1452 757 illorum.
1484 702 1638 758 Tunc
1666 702 1748 757 vir
1777 701 1894 766 Det,
1929 713 1983 758 ut
2015 712 2135 759 erat

546 797 711 852 totius
739 793 1068 850 affabilitatis
1108 793 1370 863 dignitate
1409 793 1731 864 praecipuus,
1767 794 2044 863 respondit
2074 808 2134 849 se

545 888 598 941 in
627 889 730 942 hoc
760 887 960 942 mundo
1003 886 1135 940 nihil
1167 885 1444 956 proprium
1483 886 1784 956 possidere,
1825 902 1925 941 nec
1970 901 2135 956 pecu-

543 979 695 1034 liaris
739 982 818 1034 rei
871 994 930 1034 se
976 978 1093 1032 fieri
1147 992 1522 1047 possessorem
1569 977 1738 1043 velle;
1803 993 1896 1032 sua
1954 987 2132 1034 tamen

542 1070 748 1126 ditionc
796 1086 905 1126 non
960 1085 1162 1141 negans
1210 1070 1394 1138 plures
1449 1069 1648 1136 teneri,
1696 1070 1790 1140 qui
1829 1071 2132 1141 amplorum

542 1163 832 1219 fundorum
859 1169 912 1216 et
940 1161 1294 1232 pecuniarum
1322 1160 1524 1216 domini
1551 1161 1898 1216 haberentur.
1927 1158 2132 1229 Quibus

544 1255 764 1323 auditis,
789 1253 1006 1324 ipsimet
1045 1252 1408 1307 hortabantur
1435 1251 1584 1305 illum
1627 1260 1684 1305 ut
1719 1267 1886 1306 unum
1935 1267 1966 1306 e
2018 1268 2131 1308 suis

541 1347 778 1402 mitteret
817 1344 908 1416 qui
940 1360 1050 1400 suae
1097 1357 1429 1413 suorumque
1477 1342 1866 1414 redemptionis
1895 1346 2130 1413 pretium

541 1440 648 1495 illis
673 1438 926 1495 deferret.
954 1437 1179 1506 insuper
1205 1435 1450 1506 pecuniae
1478 1435 1688 1506 pondus
1719 1444 1885 1506 atque
1939 1450 2131 1490 nume-

539 1548 660 1589 rum
696 1530 744 1586 ei
787 1528 1210 1584 determinantes
1240 1526 1572 1582 indixerunt.
1615 1525 1744 1580 Fuit
1786 1527 1931 1581 enim
1982 1526 2130 1582 mille

2236 359 2404 413 usque
2433 345 2501 398 ad
2530 345 2826 408 Christum,
2859 359 2957 414 per
2992 344 3141 400 Isaac
3163 346 3563 402 successionem
3591 347 3797 404 descen-

2235 432 2386 487 dens.
2436 433 2491 488 ln
2526 432 2679 502 cujus
2716 434 2968 489 videlicet
3013 435 3220 490 semine
3266 437 3649 492 universorum
3684 455 3799 510 pm-

2235 524 2396 579 missa
2421 534 2581 601 atque
2596 527 2850 596 praedicta
2861 536 2945 582 est
2957 527 3261 583 benedictio
3276 529 3488 583 illorum
3501 529 3796 600 ,inquiens:

2233 614 2425 671 lsmael
2482 618 2668 688 genuit
2705 616 2995 684 Nabaioth,
3045 627 3209 689 atque
3253 620 3510 691 deinceps
3566 635 3732 691 usque
3753 623 3799 678 in

2233 721 2522 762 erroneum
2551 707 2762 763 illorum
2794 709 3129 765 descendens
3164 710 3504 781 ﬁgmentum,
3544 714 3688 783 quod
3711 714 3802 769 sci-

2232 797 2359 853 licet
2382 807 2589 853 tantum
2609 807 2693 854 cst
2715 814 2746 853 a
2790 801 3017 856 veritate
3048 801 3282 857 alienum
3311 812 3580 872 quantum
3604 819 3637 858 ι
3659 819 3800 859 sacra

2232 900 2287 947 et
2339 893 2611 948 catholica
2660 895 2990 950 auctoritate
3043 905 3380 951 extraneum.
3434 895 3805 962 Partem,“

2231 980 2376 1037 beati
2409 981 2584 1038 Maioli
2616 984 2878 1040 sanctitas
2922 984 3268 1051 claresceret,
3299 986 3346 1041 is
3386 986 3479 1056 qui
3531 987 3650 1057 ejus
3676 987 3805 1042 volu-

2232 1087 2355 1127 men
2393 1073 2526 1142 pede
2581 1073 2913 1140 calcaverat,
2959 1075 3152 1130 eodem
3205 1076 3293 1131 die
3332 1091 3431 1146 pro
3478 1078 3672 1147 quavis
3725 1093 3806 1133 oc-

2230 1163 2467 1231 casione,
2495 1179 2684 1220 revera
2703 1164 2907 1235 judicio
2919 1167 3038 1233 Dei,
3060 1166 3239 1221 caateri
3262 1165 3739 1224 furioseirruentes
3757 1169 3805 1222 in

2230 1265 2375 1321 eum,
2408 1254 2659 1310 eumdem
2689 1255 2739 1310 ei
2776 1265 3167 1312 truncaverunt
3207 1259 3421 1328 pedem.
3475 1258 3668 1314 Plures
3693 1273 3807 1314 vero

2225 1347 2335 1418 jam
2363 1363 2428 1402 ex
2454 1348 2586 1412 ipsis
2613 1365 2742 1418 erga
2765 1363 2888 1404 eum
2914 1360 3238 1420 coeperuth
3272 1352 3522 1408 mitiores
3563 1367 3628 1407 ac
3669 1367 3807 1408 reve-

2231 1439 2496 1495 rentiorcs
2528 1439 2786 1497 existere.
2816 1442 3058 1497 Tandem
3087 1458 3217 1500 vero
3238 1445 3458 1513 quidam
3476 1445 3542 1499 de
3559 1442 3806 1500 fratribus

2230 1531 2355 1588 illuc
2385 1533 2691 1602 expeditius
2719 1543 3046 1599 remeantes,
3090 1536 3214 1590 data
3263 1537 3470 1592 eisdem
3503 1535 3806 1590 Sarracenis

538 1623 800 1680 librarum
831 1620 1060 1693 argenti,
1105 1627 1164 1674 ut
1204 1617 1458 1673 videlicet
1506 1618 1730 1690 singulis
1767 1617 1904 1674 libra
1935 1634 2040 1673 una
2068 1619 2122 1674 in
2154 1608 2200 1668 B
2228 1626 2553 1696 pmsignala
2587 1628 2842 1698 pecunia,
2871 1638 3082 1698 partem
3123 1643 3245 1683 cum
3288 1629 3420 1683 viris
3469 1637 3679 1682 ιεηιιιω
3723 1627 3802 1697 qui

536 1725 748 1786 partem
793 1711 1122 1783 proveniret.
1177 1708 1323 1765 Misit
1378 1723 1592 1779 quoque
1619 1709 1704 1762 vir
1752 1716 1976 1764 sanctus
2030 1723 2127 1779 per

537 1825 702 1865 unum
730 1809 799 1864 de
830 1807 944 1863 suis
981 1806 1049 1861 ad
1077 1804 1465 1861 monasterium
1495 1804 1722 1872 scilicet,
1756 1805 1841 1860 cui
1870 1813 2124 1876 praeerat,

535 1902 917 1969 Cluniacense,
939 1915 1261 1972 pcrparvam
1292 1899 1577 1971 epistolam
1606 1901 1677 1956 ita
1705 1917 1763 1957 se
1790 1901 2074 1958 habentem
2106 1919 2122 1959 :

541 2018 558 2048 ι
596 1997 838 2051 Dominis
875 2003 929 2050 et
967 1994 1224 2049 fratribus
1268 1993 1732 2061 Cluniacensibus,
1762 1997 1929 2049 lrater
1959 1995 2118 2050 Maio-

535 2093 620 2146 lus
646 2093 812 2146 miser
837 2099 888 2146 et
913 2097 1124 2160 captus.
1159 2088 1436 2143 Torrenm
1466 2087 1636 2143 Belial
1667 2089 2124 2145 circumdederunt

534 2200 638 2247 me,
667 2190 1159 2253 prwoccupaverunt
1191 2197 1272 2234 me
1305 2179 1480 2252 laquei
1528 2180 1734 2235 mortis.
1786 2179 1939 2236 Nunc
1972 2197 2123 2248 vero,

534 2273 576 2326 si
600 2271 796 2342 placet,
827 2286 926 2342 pro
974 2285 1060 2326 me
1089 2279 1144 2326 ct
1173 2269 1257 2325 his
1303 2269 1395 2340 qui
1443 2285 1652 2326 mecum
1703 2280 1830 2326 sunt
1858 2272 1999 2341 capti
2037 2287 2126 2327 re-

533 2364 897 2434 demptionem
929 2361 1147 2417 mittite.
1188 2379 1207 2414 ι
1251 2364 1380 2428 Quce
1411 2371 1470 2416 ut
1513 2362 1689 2417 delata
1739 2372 1822 2417 est
1875 2362 2127 2418 videlicet

531 2454 773 2526 praedicti
814 2453 1130 2509 monasterii
1168 2452 1448 2517 fratribus,
1482 2454 1690 2508 exstitit
1737 2453 1842 2508 illis
1882 2469 1981 2524 pro
2014 2453 2125 2509 vita

534 2546 973 2618 incomparabilis
1020 2560 1224 2602 mceror
1255 2561 1318 2602 ac
1368 2545 1564 2610 luctus,
1601 2561 1813 2602 necnon
1860 2554 1916 2600 et
1960 2549 2126 2604 totius

533 2637 727 2706 patria:
793 2635 1068 2705 pertristis
1124 2635 1366 2691 nuntius.
1437 2635 1725 2690 Distractis
1787 2651 2002 2705 quoque
2057 2637 2127 2692 ab

517 2727 740 2784 .eisdem
771 2726 1050 2793 fratribus,
1081 2741 1311 2796 qumque
1356 2726 1410 2780 in
1459 2726 1608 2780 omni
1658 2724 1901 2795 ejusdem
1944 2743 2128 2782 mona-

518 2816 685 2871 sterii
710 2825 1156 2872 ornamentorum
1184 2823 1345 2870 erant
1375 2815 1719 2885 supellectili,
1763 2817 2125 2886 praestitutum

527 2906 608 2976 pii
633 2907 802 2976 patris
830 2907 1155 2976 quantocius
1177 2905 1550 2961 coadunavere
1583 2906 1838 2977 pretium.

2231 1733 2353 1773 cum
2383 1732 2448 1773 eo
2485 1720 2628 1789 capti
2675 1720 2912 1786 fuerant,
2958 1720 3011 1774 in
3062 1720 3295 1790 patriam
3324 1721 3684 1775 reduxerunt.
3711 1719 3804 1789 ipsi

2227 1808 2460 1879 denique
2476 1810 2764 1866 Sarraceni
2793 1811 2954 1880 paulo
2980 1819 3123 1882 post,
3151 1811 3207 1866 in
3231 1811 3350 1866 loco
3373 1812 3467 1881 qui
3491 1810 3805 1865 Fraxinetus

2226 1899 2445 1967 dicitur,
2476 1902 2790 1957 circumacti
2814 1902 2883 1958 ab
2911 1904 3156 1958 exercitu
3180 1903 3449 1961 Willermi
3476 1903 3807 1959 Arelatensis

2225 1997 2400 2062 ducis,
2431 2012 2731 2068 omnesque
2759 1999 2814 2053 in
2843 1999 2994 2055 brevi
3017 1999 3316 2069 perierunt,
3344 2007 3405 2055 ut
3429 2013 3501 2054 ne
3535 2013 3677 2054 unus
3697 1999 3806 2068 qui-

2227 2091 2350 2147 dem
2381 2091 2585 2160 rediret
2607 2094 2659 2148 in
2688 2094 2939 2164 patriam.

2296 2182 2418 2254 ipso
2449 2184 2613 2255 igitur
2641 2185 2696 2239 in
2730 2195 2971 2256 tempore
2991 2195 3238 2243 mortuus
3260 2195 3344 2243 est
3373 2186 3671 2258 prmdictus
3694 2183 3809 2241 Otto

2220 2273 2542 2345 imperator,
2571 2279 2920 2348 suscepitque
2945 2279 3087 2336 ﬁlius
3103 2280 3242 2350 ejus,
3268 2281 3540 2336 secundus
3569 2280 3810 2336 videlicet

2225 2365 2372 2433 Otto,
2403 2367 2544 2423 idem
2574 2368 2882 2439 imperium,
2911 2371 3055 2440 quod
3093 2371 3226 2425 satis
3255 2379 3480 2426 strenue
3514 2371 3644 2425 dum
3677 2369 3812 2424 advi-

2226 2467 2378 2511 veret
2401 2457 2564 2512 rexit.
2590 2457 2791 2512 Eodem
2822 2474 2951 2529 ergo
2990 2459 3310 2530 imperante,
3339 2459 3673 2514 venerabilis
3689 2474 3814 2528 pou-

2228 2547 2365 2603 tifex
2390 2549 2736 2618 Adalbertus,
2757 2566 2824 2606 ex
2847 2551 3274 2621 provincia-qua?
3294 2551 3474 2622 lingua
3505 2551 3810 2607 Sclavorum

2225 2647 2453 2692 vocatur
2481 2638 2728 2704 Betliem,
2759 2639 2813 2692 in
2850 2638 3070 2694 civitate
3089 2639 3266 2710 Braga
3293 2654 3489 2711 regens
3533 2638 3812 2694 ecclesiam

2229 2729 2404 2784 sancti
2429 2730 2691 2800 martyris
2721 2728 3021 2794 Vitisclodi,
3054 2744 3308 2800 egressus
3335 2730 3402 2784 ad
3430 2739 3653 2800 gentem
3690 2728 3816 2782 Bru-

2227 2833 2466 2883 scorum,
2519 2826 2579 2872 ut
2628 2817 2710 2872 eis
2759 2819 2986 2873 verbum
3039 2818 3228 2873 salutis
3274 2819 3626 2888 przedicaret,
3675 2818 3816 2872 duin-

2227 2924 2333 2978 que
2365 2908 2507 2978 apud
2555 2909 2773 2963 eosdem
2803 2907 3094 2977 plurimam
3122 2909 3320 2980 egisset
3351 2909 3813 2979 praedicationem,

604 2997 710 3054 Sed
740 2997 823 3051 vir
845 3006 1065 3052 sanctus
1111 2996 1408 3063 saecularis,
1443 2997 1568 3053 dum
1606 2998 1822 3053 interim
1860 3015 1891 3052 a
1928 2998 2123 3054 Sarra-
2150 2973 2194 3037 Ο
2226 3001 2490 3070 multique
2522 3015 2590 3056 ex
2639 3001 2718 3056 eis
2763 3009 3217 3056 converterentur
3259 2999 3327 3054 ad
3383 3000 3548 3054 fidem
3598 2999 3814 3062 Christi,

515 3089 687 3144 :eenis
718 3097 908 3159 captus
957 3096 1265 3154 teneretur,
1317 3088 1470 3160 cujus
1527 3090 1704 3145 meriti
1756 3099 1900 3146 esset
1955 3089 2122 3146 latere

533 3194 638 3234 non
689 3179 880 3250 potuit.
935 3177 1071 3236 Nam
1107 3194 1230 3234 cum
1262 3179 1310 3235 ei
1351 3180 1485 3236 hora
1539 3181 1754 3251 prandii
1803 3180 2124 3238 obtulissent

519 3270 689 3326 scibos
720 3271 917 3340 quibus
963 3271 1342 3336 vescebantur,
1377 3287 1573 3328 carnes
1603 3273 1857 3328 videlicet
1899 3289 2124 3344 panem-

533 3376 640 3429 que
686 3360 976 3415 admodum
1030 3376 1305 3432 asperum,
1369 3373 1424 3416 et
1476 3363 1763 3418 dicerent:
1813 3382 1831 3416 ι
1865 3362 2124 3431 Comede,

533 3454 861 3522 respondit:
911 3453 1024 3523 Ego
1073 3469 1205 3509 vero
1246 3454 1289 3509 si
1333 3454 1601 3522 esuriero,
1653 3455 1868 3510 Domini
1907 3465 1992 3511 est
2037 3472 2126 3512 me

531 3561 791 3614 pascere;
821 3562 886 3601 ex
913 3547 999 3602 bis
1029 3556 1208 3604 tamen
1239 3563 1343 3603 non
1363 3549 1669 3613 comedam,
1703 3549 1828 3619 quia
1859 3565 1966 3605 non
1991 3549 2124 3605 mihi

532 3638 587 3691 in
612 3653 710 3692 usu
733 3636 969 3692 fuerunt.
1001 3658 1019 3692 ι
1055 3639 1298 3695 Cernens
1321 3640 1465 3695 enim
1491 3656 1629 3697 unus
1653 3641 1867 3697 illorum
1893 3642 1998 3696 viri
2029 3641 2123 3696 Dei

537 3726 920 3793 reverentiam,
935 3726 1138 3797 pietate
1159 3728 1375 3793 ductus,
1391 3743 1592 3785 exuens
1615 3730 1838 3786 brachia
1855 3730 2126 3800 simulque

535 3817 783 3884 abluens,
820 3827 874 3874 et
902 3818 1168 3891 clypeum,
1196 3835 1358 3890 super
1374 3837 1534 3890 quem
1555 3823 1719 3878 etiam
1751 3825 1804 3878 in
1832 3833 2124 3893 conspectu

534 3912 864 3967 venerabilis
889 3912 1067 3968 Maioli
1102 3914 1236 3969 satis
1266 3914 1618 3970 mundissimo
1644 3932 1838 3987 panem
1869 3916 2124 3972 confecit.

534 4001 704 4067 Quem
735 4002 897 4057 etiam
943 4003 1208 4059 citissime
1235 4005 1565 4075 decoquens,
1611 4007 1661 4062 ei
1692 4005 2129 4063 reverentissime

536 4092 749 4149 detulit.
778 4093 897 4164 lpse
926 4111 1139 4165 quoque
1164 4098 1466 4168 suscipiens
1493 4099 1666 4167 illum,
1699 4109 1862 4170 atque
1884 4117 1950 4156 ex
1979 4117 2128 4158 more

534 4185 780 4239 oratione
797 4187 1074 4255 praemissa
1089 4204 1156 4243 ex
1179 4190 1369 4245 eodem
1395 4191 1666 4258 reficiens,
1680 4193 1907 4250 Domino
1927 4195 2130 4266 gratias

537 4273 668 4343 egit.
701 4274 854 4332 Alius
880 4292 1094 4348 quoque
1121 4280 1549 4338 Sarracenorum
1581 4284 1922 4350 earumdem,
1952 4286 2128 4343 cultro

534 4363 832 4435 deplanans
856 4367 983 4437 ligni
1017 4370 1310 4437 hastulam,
1333 4374 1510 4442 posuit
1533 4375 1913 4433 incunctanter
1933 4378 2125 4448 pedem

535 4472 703 4527 super
743 4459 842 4512 viri
878 4458 970 4514 Dei
1000 4462 1262 4529 codicem,
1304 4463 1530 4521 Bibliam
1559 4467 1830 4535 videlicet,
1861 4484 2023 4539 quam
2058 4484 2128 4525 ex

543 4564 696 4604 more
727 4563 914 4604 secum
945 4566 1160 4621 semper
1185 4551 1330 4609 ferre
1362 4569 1739 4614 consueverat.
1769 4561 2014 4630 Dumque
2043 4561 2128 4615 vir

540 4650 760 4695 sanctus
791 4641 1002 4696 intuens
1028 4641 1396 4712 ingemuisset,
1426 4646 1589 4718 aliqui
1618 4649 1798 4704 minus
1827 4650 2038 4707 feroces
2058 4667 2126 4707 ex

541 4733 694 4802 ipsis,
717 4733 1130 4804 perspicientes,
1179 4751 1335 4791 suum
1381 4737 1770 4810 increpucrunt
1792 4757 2127 4814 comparem,

539 4827 780 4881 dicentes
840 4843 948 4882 non
1010 4827 1207 4883 debere
1259 4844 1484 4900 magnos
1540 4833 1837 4902 prophetas
1890 4835 1970 4890 sic
2027 4850 2128 4906 pro

543 4916 710 4972 nihilo
763 4918 886 4974 duci
935 4926 995 4974 ut
1041 4918 1258 4975 illorum
1291 4921 1431 4977 dicta
1465 4924 1587 4993 pedi
1637 4923 2030 4992 substerneret,
2083 4925 2131 4981 si

541 5010 759 5078 quidem
782 5010 1071 5068 Sarraceni
1107 5011 1482 5077 llebrzeorum,
1505 5015 1634 5085 quin
1661 5016 1840 5086 potius
1867 5017 2132 5073 Christia-

542 5115 760 5166 norum,
789 5103 1078 5173 prophetas
1099 5102 1301 5174 legunt,
1346 5105 1586 5162 dicentes
1615 5107 1782 5162 etiam
1809 5108 2132 5178 completum

538 5189 651 5258 jam
703 5208 822 5249 esse
877 5195 931 5250 in
961 5195 1194 5265 quodam
1221 5212 1461 5262 suorum,
1516 5214 1677 5268 quem
1732 5198 1806 5254 illi
1847 5199 2134 5256 Mahomed

546 5288 1145 5338 nUﬂCUI_laltl.flllid(lllid
1166 5289 1231 5338 de
1257 5290 1631 5338 universorum
1658 5290 1888 5338 Domino
1911 5291 2132 5338 Christo

2161 4331 2208 4386 ι)

2223 3093 2476 3164 praedixit
2507 3092 2620 3148 suis
2661 3091 2917 3161 quoniam
2954 3091 3009 3146 in
3063 3091 3254 3147 eadem
3299 3091 3526 3162 regione
3577 3088 3814 3160 martyrii

2226 3197 2480 3238 coronam
2505 3190 2652 3238 esset
2676 3189 3033 3252 accepturus;
3065 3196 3130 3237 ac
3179 3195 3247 3235 ne
3271 3189 3561 3250 paverent,
3613 3179 3697 3233 cis
3727 3192 3816 3248 pa-

2227 3276 2360 3331 riter
2384 3276 2663 3342 indicavit,
2689 3277 2817 3345 quia
2839 3284 3038 3346 prarter
3058 3291 3182 3331 eum
3207 3275 3406 3331 ibidem
3446 3290 3614 3330 nemo
3639 3290 3705 3331 ex
3743 3273 3817 3329 eis

2225 3375 2344 3422 erat
2370 3366 2741 3436 perimendus.
2770 3364 3010 3435 Contigit
3037 3367 3179 3421 enim
3205 3374 3264 3419 ut
3291 3365 3378 3420 die
3399 3366 3664 3435 quadam,
3681 3379 3814 3434 pra)-

2225 3457 2461 3528 cipiente
2487 3457 2676 3512 eodem
2705 3457 2984 3526 episcopo,
3007 3455 3253 3526 quaedam
3280 3455 3508 3525 profana
3537 3457 3703 3510 arbor
3720 3457 3814 3510 sita

2220 3549 2377 3621 juxta
2430 3546 2676 3615 ﬂuvium,
2729 3547 2816 3602 cui
2874 3547 3037 3602 etiam
3095 3547 3471 3618 superstitiose
3508 3547 3817 3603 immolabat

2226 3639 2541 3694 universum
2579 3639 2811 3709 vulgus,
2857 3637 3110 3694 videlicet
3156 3639 3340 3693 excisa
3397 3639 3814 3701 convelleretur,

2228 3737 2648 3799 constructoque
2697 3744 2762 3784 ac
2807 3738 3026 3785 sacrato
3077 3730 3132 3785 in
3191 3729 3384 3785 eodem
3442 3729 3567 3785 loco
3621 3729 3814 3790 altari,

2229 3823 2516 3877 missarum
2565 3821 2831 3876 solemnia
2878 3836 2975 3892 per
3005 3837 3064 3878 se
3097 3821 3381 3892 episcopus
3409 3835 3479 3876 ex
3531 3821 3692 3892 plebe
3724 3836 3816 3891 pa-

2231 3915 2390 3969 ravit.
2439 3913 2564 3980 Qui,
2612 3913 2738 3968 dum
2787 3913 2842 3968 in
2895 3913 3028 3983 ipsis
3090 3913 3451 3969 sacramentis
3500 3911 3822 3983 peragendis

2227 4017 2375 4062 esset
2407 4007 2754 4072 constitutus,
2801 4005 2997 4062 ictibus
3017 4004 3324 4075 jaculorum
3378 4006 3448 4060 ab
3475 4005 3663 4075 impiis
3705 4019 3823 4075 per—

2229 4098 2432 4164 fossus,
2467 4098 2795 4167 tandcmque
2843 4113 3060 4153 sacrum
3109 4096 3350 4152 solemne
3395 4104 3706 4167 peractum,
3753 4096 3824 4150 si-

2230 4191 2451 4259 mulque
2476 4189 2759 4260 prmsentis
2782 4189 2909 4243 vitae
2936 4188 3193 4259 imposuit
3221 4187 3537 4244 terminum.
3581 4188 3825 4257 Denique

2235 4281 2490 4351 discipuli
2546 4295 2684 4348 ejus,
2740 4288 2966 4350 accepto
3011 4295 3241 4351 corpore
3285 4279 3370 4337 sui
3419 4279 3656 4344 domini,
3701 4279 3823 4333 illud

2235 4391 2422 4432 secum
2454 4373 2715 4440 ferentes,
2753 4373 2805 4428 in
2846 4373 3122 4444 propriam
3167 4378 3294 4427 sunt
3321 4373 3530 4428 reversi
3569 4371 3820 4442 patriam.

2233 4467 2400 4539 Cujus
2429 4467 2595 4523 etiam
2644 4467 2852 4522 meritis
2897 4481 3070 4535 usque
3128 4465 3181 4521 in
3233 4479 3476 4535 prazsens
3522 4464 3826 4535 largiuntur

2236 4559 2544 4616 hominibus
2584 4559 2812 4629 plurima
2851 4558 3133 4614 beneficia.
3165 4558 3420 4628 Sequenti
3443 4572 3687 4627 quoque,
3709 4566 3827 4626 post

2235 4650 2404 4705 multa
2451 4649 2707 4706 nobiliter
2761 4658 2910 4722 gesta
2965 4664 3190 4719 remque
3238 4649 3510 4720 publicam
3570 4652 3826 4705 decenter

2235 4742 2575 4812 dispositam,
2614 4751 2858 4812 tempore
2913 4741 3048 4797 obiit
3090 4741 3243 4808 Otto,
3299 4742 3614 4812 relinquens
3662 4741 3822 4795 filium

2233 4833 2484 4892 Ottonem
2513 4835 2762 4890 videlicet
2785 4835 3030 4901 tertium,
3069 4835 3469 4890 adolescentem
3496 4842 3684 4888 tamen
3713 4831 3824 4886 fere

2236 4924 2522 4980 duodecim
2567 4940 2854 4979 annorum.
2896 4923 3020 4992 Qui,
3051 4936 3114 4980 ut
3152 4936 3271 4981 erat
3304 4925 3652 4994 juvcnculus,
3703 4939 3824 4977 acer

2239 5025 2418 5070 tamen
2448 5017 2655 5072 viribus
2685 5017 3006 5089 etingenio,
3032 5019 3272 5088 suscepit
3279 5016 3403 5086 jure
3431 5026 3666 5087 paterno
3695 5015 3825 5086 regi-

2238 5122 2363 5164 men
2389 5109 2623 5179 imperii.

2313 5199 2553 5270 Contigit
2593 5201 2760 5271 igitur
2803 5202 3014 5273 imperii
3056 5201 3204 5256 illius
3233 5200 3390 5258 initio
3421 5211 3481 5256 ut
3503 5200 3665 5256 sedes
3696 5215 3824 5269 apo-

2241 5291 2431 5338 stnlica
2461 5293 2610 5338 urhis
2638 5293 2828 5338 anm
2867 5294 3138 5338 nmnncitn
3190 5295 3510 5338 viduantur
3547 5293 3822 5338 nnulifine.
