3992 5338
193 198 306 268 «εει

1127 207 1609 268 HISTORIARU.“
1645 206 1824 264 LIBRI
1863 205 2193 276 ρυιλρυε.
2225 242 2293 251 -
2321 212 2446 272 LIB.
2484 215 2526 271 l.

3374 225 3481 283 022

193 318 488 378 mandavit
539 317 693 388 Quod
738 318 924 392 utique
973 318 1104 376 dum
1150 323 1271 378 sine
1316 339 1468 379 mora
1514 331 1788 398 peractum
1819 329 1870 388 Α
1897 322 2108 379 inventi
2139 322 2374 392 fuerant,
2417 327 2721 394 trucidatis,
2771 331 3034 387 miserunt
3078 334 3146 390 ad
3188 335 3484 409 imperato-

201 414 423 481 fuisset,
452 414 778 488 pergrandis
807 413 1140 472 calamitatis
1166 417 1383 473 occasio
1409 419 1636 474 exstitit.
1665 419 1794 473 Erat

197 508 352 565 enim
383 509 607 580 quidam
619 507 991 573 Crescentius,
1025 507 1397 566 Romanorum
1424 511 1560 566 civis
1585 525 1794 581 praepo-

193 609 350 667 tens,
387 601 510 672 qui,
544 611 610 657 ut
635 600 851 656 illorum
900 614 1019 656 mos
1062 608 1165 663 est.
1209 610 1471 670 quantum
1512 603 1795 658 onerosior

190 692 476 763 pecunia,
510 699 720 748 tantum
740 691 970 763 pronior
998 693 1243 749 serviens
1269 693 1530 749 avaritiae.
1579 694 1677 750 llic
1699 709 1794 749 auo

195 793 311 840 teni
336 799 452 842 non
468 783 664 854 plane,
701 791 762 840 ut
796 785 879 840 rei
907 785 1164 856 probavit
1198 786 1617 856 eventus,.parti
1645 785 1795 840 fave-

186 874 292 931 bat
330 874 573 936 Ottonis.
614 875 754 934 Nam
776 877 952 948 ipsum
980 877 1318 950 pontificem,
1346 893 1530 948 quem,
1563 888 1623 934 ut
1653 879 1793 934 dixi-

194 981 346 1032 mus,
376 967 648 1034 ordinari,
674 966 804 1025 Otto
831 969 1085 1040 iusserat,
1114 969 1256 1025 idem
1281 967 1624 1025 Crescentius
1645 969 1792 1025 omni

191 1058 522 1115 destitutum
567 1061 775 1118 honore
800 1075 832 1117 a
863 1063 991 1118 sede
1024 1061 1256 1134 expulit,
1289 1061 1631 1132 alterumque
1665 1075 1790 1132 pro-

189 1150 409 1207 caciter
449 1151 505 1207 in
548 1150 669 1221 ejus
708 1151 830 1209 loco
867 1154 1206 1226 subrogavit.
1252 1152 1361 1210 Sed
1402 1169 1529 1209 mox
1564 1161 1624 1208 ut
1667 1153 1793 1210 Otto

187 1242 329 1298 hocf
345 1253 529 1300 actum
557 1245 844 1316 comperit,
880 1246 962 1302 ira
987 1262 1273 1312 accensus,
1303 1261 1428 1303 cum
1455 1247 1793 1319 permaxima

183 1335 444 1390 exercitu
475 1336 702 1392 Romam
733 1339 1069 1409 properavit.
1102 1339 1258 1408 Quod
1289 1354 1416 1395 cum
1445 1339 1794 1411 cognovisset

187 1425 566 1494 Crescentius,
612 1429 762 1484 illum
804 1430 1016 1486 scilicet
1070 1432 1191 1487 urbi
1237 1431 1622 1503 propinquare,
1656 1448 1791 1488 con-

189 1517 466 1574 scendens
492 1535 616 1576 cum
646 1522 762 1576 suis
808 1522 1002 1578 turrim
1051 1537 1172 1593 qua:
1215 1523 1319 1579 sita
1351 1533 1437 1578 est
1466 1533 1623 1580 extra
1649 1526 1790 1580 civi-

188 1621 361 1667 tatem
394 1622 548 1670 trans
578 1614 843 1682 Tiberim,
873 1615 945 1672 ob
971 1615 1314 1673 altitudinem
1342 1619 1423 1674 sui
1469 1618 1787 1675 lntercmlos

1895 430 2011 471 rem
2033 418 2161 487 quid
2185 419 2251 473 de
2271 433 2338 474 eo
2356 431 2695 492 praeciperet.
2719 423 2820 492 Qui
2847 425 2924 479 ait
2949 440 2964 480 :
2997 445 3016 480 ι
3045 427 3152 484 Per
3175 435 3481 502 superiora,

1895 506 2091 577 inquit,
2121 511 2525 580 propugnacula
2555 513 2705 568 illum
2730 515 2946 585 dejicite
2974 529 3182 588 aperte,
3207 538 3276 578 ne
3299 525 3487 585 dicant

1893 595 2128 652 Romani
2162 615 2320 654 suum
2346 603 2650 674 principem
2677 620 2777 661 nos
2799 606 3006 664 furatos
3031 609 3216 669 fuisse.
3241 634 3260 667 ι
3290 617 3484 686 Quem,

1895 697 1956 744 ut
1994 689 2207 760 jussum
2265 691 2466 756 fuerat,
2523 696 2887 765 projicientes.
2947 701 3143 759 deinde
3179 717 3305 777 post
3335 717 3487 784 terga

1895 779 2060 834 boum
2100 781 2386 852 religatum
2429 799 2526 854 per
2570 787 2792 856 paludes
2823 790 3033 847 viarum
3066 794 3362 865 plurimum
3389 779 3486 858 de-

1892 871 2197 938 volventes,
2239 874 2306 927 ad
2346 873 2598 930 ultimum
2644 893 2778 934 vero
2816 879 2869 934 in
2918 894 3207 954 conspectu
3246 889 3488 947 civitatis

1894 962 1949 1016 in
1974 963 2124 1018 trabe
2164 965 2378 1020 excelsa
2423 967 2683 1036 pendere
2716 970 3056 1030 dimiserunt.
3099 976 3203 1034 His
3248 981 3484 1053 denique

1895 1053 1969 1108 ita
2000 1056 2188 1125 gestis,
2220 1059 2525 1115 acccrsiens
2553 1060 2848 1132 imperator
2870 1064 3196 1126 Gerbertum
3231 1073 3484 1131 videlicet

1893 1143 2166 1202 Ravenna:
2210 1149 2699 1222 archiepisc0pum.
2750 1159 3034 1213 constituit
3083 1161 3231 1218 illum
3279 1166 3486 1234 princi-

1891 1236 2070 1306 palem
2112 1238 2478 1295 Romanorum
2522 1244 2856 1312 pontificem.
2921 1248 3081 1320 lsque
3116 1251 3419 1314 .Gerbertus
3448 1274 3482 1314 e

1892 1327 2080 1385 Galliis
2099 1331 2363 1387 oriundus
2389 1335 2621 1401 exstitit,
2647 1337 2916 1395 minorum
2945 1343 3111 1398 etiam
3141 1360 3334 1416 gerens
3355 1366 3480 1420 pro-

1891 1419 2124 1490 sapiam,
2152 1422 2245 1476 sed
2295 1431 2474 1478 tamen
2519 1425 2745 1495 ingenio
2793 1431 3118 1500 acerrimus,
3169 1419 3480 1510 artiumque

1881 1512 2196 1568 liberalium
2256 1517 2448 1572 studiis
2500 1519 2816 1580 plenissime
2873 1523 3187 1583 instructus.
3247 1529 3481 1588 Proinde

1891 1605 2186 1662 Remorum
2229 1603 2442 1664 etiaina
2470 1627 2597 1684 rege
2643 1613 2979 1672 Francorum
3025 1619 3252 1690 llugone
3302 1621 3481 1678 fuerat

186 1714 472 1768 vocatam,
523 1706 745 1762 vanam
787 1721 948 1774 eam,
993 1707 1316 1766 defensurus
1347 1725 1444 1780 ριιο
1477 1710 1610 1766 vita,
1639 1711 1784 1766 Tan-
1817 1699 1862 1759 Β
1889 1699 2216 1756 constitutus
2272 1701 2537 1770 pontifex.
2595 1703 2700 1760 Sed
2759 1709 3048 1776 quoniam,
3103 1720 3161 1766 ut
3211 1713 3478 1783 diximus,

183 1795 319 1853 dem
375 1814 501 1855 cum
551 1799 892 1870 pervenisset
931 1800 1566 1871 imperator-ad'urbent,
1595 1804 1786 1876 primi-

186 1897 280 1944 tus
294 1888 464 1958 jussit
485 1891 951 1961 comprehendere
980 1893 1128 1948 illum
1153 1893 1294 1950 male
1317 1909 1568 1951 securum
1603 1899 1786 1968 ponti-

186 1981 372 2044 ﬁcem,
416 1980 672 2038 videlicet
711 1981 1016 2038 Crescendi
1060 1986 1371 2056 arrogantia
1405 1987 1782 2044 constitutum.

186 2072 1061 2146 Comprehensumque,pr:ecepit
1087 2076 1409 2147 ejusmanus
1433 2079 1588 2150 quasi
1613 2079 1786 2135 sacri-

183 2161 342 2235 legas
388 2165 684 2234 amputari,
736 2165 934 2222 deinde
971 2182 1102 2223 vero
1139 2183 1300 2225 aures
1347 2170 1593 2226 abscindi
1618 2179 1784 2241 atque

181 2254 379 2310 oculos
425 2255 624 2326 expelli
665 2253 737 2328 [Ῑ.
771 2256 984 2330 evelli].
1021 2257 1152 2315 Post
1191 2260 1308 2316 haec
1361 2261 1594 2331 denique
1635 2276 1786 2316 com-

182 2349 409 2422 perieris
455 2350 856 2417 Crescentium,
895 2361 955 2407 ut
999 2351 1256 2420 diximus,
1306 2359 1456 2408 turre
1502 2353 1781 2419 vallatum,

184 2455 309 2511 qua:
333 2439 544 2496 scilicet
575 2439 740 2511 paulo
769 2449 893 2512 post
930 2441 1080 2498 illum
1110 2443 1315 2498 crudeli
1346 2451 1468 2498 erat
1499 2443 1779 2498 redditura

183 2532 332 2598 neci,
362 2532 631 2602 praecepit
671 2533 920 2588 eamdem
960 2533 1284 2588 circumdari
1311 2532 1478 2588 densa
1505 2532 1784 2590 obsidione
1830 2528 1834 2532 ’

179 2625 271 2680 sui
301 2624 600 2688 exercitus,
637 2638 704 2680 ne
729 2623 983 2681 videlicet
1021 2623 1336 2681 Crescentio
1373 2640 1590 2696 quoquo
1622 2627 1783 2681 modo

178 2715 583 2773 locusldaretur
601 2715 866 2788 confugii.
909 2717 1144 2783 Interea,
1170 2717 1396 2788 jnbcnte
1428 2719 1779 2790 imperatore,

181 2817 584 2864 construuntur
639 2808 694 2863 in
739 2823 876 2880 gyro
925 2809 1193 2866 machina:
1223 2825 1290 2866 ex
1325 2810 1486 2880 lignis
1515 2812 1781 2867 celsarum

181 2897 421 2954 abietum
450 2899 683 2955 nimiunn
711 2899 1005 2955 artiﬁciose
1026 2901 1362 2972 composita).
1386 2901 1626 2957 Cernens
1647 2917 1783 2972 quo-

184 3005 294 3060 que
333 2991 688 3048 Crescentius
723 2991 927 3046 nullam
955 3007 1117 3062 posse
1151 2992 1416 3048 evadendi
1446 2993 1589 3048 viam
1623 3009 1782 3064 repe-

1887 1789 2044 1844 valde
2087 1800 2207 1846 erat
2245 1806 2372 1847 acer
2401 1808 2464 1847 ac
2490 1795 2765 1863 providus.
2794 1798 3110 1871 intelligens
3138 1804 3477 1875 Arnulphum

1885 1879 2127 1950 ejusdem
2160 1884 2312 1940 urbis
2338 1887 2828 1960 archiepiscopum,
2867 1907 2976 1963 quo
3010 1895 3224 1952 vivente
3256 1902 3480 1954 ordina-

1887 1981 1976 2029 tus
2008 1973 2186 2029 fuerat
2213 1991 2278 2030 ex
2306 1992 2576 2033 consensu
2609 1979 2849 2048 ejusdem
2881 1985 3044 2054 regis,
3084 1987 3181 2042 niti
3214 1989 3264 2043 in
3293 1991 3477 2060 pristi-

1886 2079 2015 2119 nam
2047 2064 2330 2123 reformari
2360 2070 2566 2136 sedem,
2599 2082 2758 2126 caute
2798 2074 2902 2128 iter
2941 2078 3212 2146 arripiens
3242 2083 3308 2134 ad
3341 2097 3480 2150 pra:-

1887 2157 2089 2212 dictum
2121 2158 2336 2212 devenit
2368 2160 2642 2216 Ottonem.
2671 2163 2771 2230 Qui
2798 2166 2930 2222 satis
2963 2167 3259 2226 honorifice
3289 2175 3357 2227 ab
3383 2189 3478 2229 eo-

1885 2247 2004 2302 dem
2021 2259 2321 2319 susceptus;
2337 2266 2496 2320 quem
2511 2252 2673 2307 etiam
2688 2255 2872 2309 statim
2891 2257 3307 2326 Ravennmﬁnde
3325 2279 3477 2327 vero.

1883 2347 1944 2395 ut
1984 2339 2242 2404 diximus,
2285 2343 2542 2399 Romanae
2582 2345 2733 2402 urbis
2777 2347 3091 2405 sublimavit
3138 2353 3472 2421 pontificem.

1956 2433 2198 2506 Contigit
2221 2435 2384 2505 igitur
2398 2436 2522 2507 ipso
2544 2437 2597 2493 in
2626 2448 2869 2512 tempore
2893 2452 2951 2498 ut
2981 2444 3122 2499 idem
3154 2447 3472 2517 imperator.

1886 2538 2213 2598 suggerente
2245 2538 2351 2584 tam
2382 2531 2499 2602 ipso
2522 2535 2778 2602 pontifice
2807 2552 2969 2607 quam
3010 2539 3132 2596 aliis
3167 2542 3472 2612 quibusque

1884 2619 2058 2676 zelum
2100 2622 2377 2692 profectus
2425 2625 2702 2697 religionis
2753 2630 2944 2688 domus
2992 2632 3083 2688 Dei
3133 2636 3470 2705 gerentibus.

1884 2727 2130 2784 quosque
2160 2714 2214 2770 in
2243 2716 2388 2772 beati
2415 2717 2569 2774 Pauli
2602 2720 2846 2777 Ecclesia
2891 2726 3110 2782 nomine
3161 2737 3318 2784 tenus
3359 2745 3476 2785 mo-

1885 2806 2113 2872 nachos,
2169 2818 2427 2864 etnterum
2475 2826 2642 2881 prave
2691 2815 2980 2887 degentes,
3034 2819 3157 2875 inde
3203 2821 3476 2891 expellere

1885 2899 2139 2967 deberet;
2193 2917 2258 2958 ac
2297 2903 2524 2960 alterius
2558 2907 2810 2976 instituti,
2849 2926 2984 2981 quos
3012 2913 3265 2969 videlicet
3302 2931 3474 2971 cano-

1886 2991 2038 3047 nicos
2077 2993 2333 3060 dicimus,
2385 2997 2439 3051 in
2471 2999 2661 3054 eodem
2689 3000 2809 3058 loco
2839 3005 3157 3073 servituros,
3190 3017 3248 3062 ut
3275 3009 3323 3063 ei
3349 3025 3475 3080 sug-

181 3086 319 3150 ﬂre.
359 3085 484 3141 ιῖρει
515 3085 726 3142 tardius
759 3085 1118 3156 pmniludinis
1147 3085 1427 3141 αάεηγεηίι
1455 3085 1773 3154 consilium;
1805 3067 1850 3130 C
1883 3081 2310 3152 gestumfuerat,
2330 3086 2898 3147 substituturusesset.
2915 3067 3158 3168 Cumque
3183 3099 3281 3153 hoc
3309 3067 3473 3170 appeo

183 3190 298 3229 non
331 3185 512 3231 tamen
540 3175 592 3232 ei
619 3176 878 3246 prmstitit
924 3176 1216 3232 miserendi
1258 3177 1488 3232 aditum.
1530 3177 1775 3244 Quadam

183 3265 352 3336 igitur
378 3268 484 3332 die,
517 3268 846 3338 quihusdam
875 3268 939 3324 de
973 3266 1322 3338 imperatoris
1355 3267 1598 3323 exercitu
1641 3283 1777 3322 con-

181 3357 590 3426 sentientibus,
644 3358 930 3430 egrediens
981 3357 1215 3414 latenter
1261 3358 1644 3424 Crescentius,
1709 3357 1777 3415 de

182 3457 342 3506 turre
382 3451 616 3518 scilicet,
642 3451 794 3508 bit-ro
841 3451 1084 3519 indutus,
1137 3462 1193 3508 et
1226 3462 1417 3523 operto
1447 3455 1646 3525 capite,
1681 3470 1776 3510 ve-

175 3544 452 3616 niensque
482 3546 810 3617 improvisus
845 3547 1054 3601 corruit
1089 3546 1160 3601 ad
1209 3547 1554 3617 imperatoris
1583 3550 1775 3618 pedes,

183 3652 466 3708 oransque
493 3653 554 3695 se
583 3639 651 3694 ab
681 3639 1027 3707 imperatoris
1055 3639 1254 3706 pietate
1283 3641 1408 3696 vitae
1437 3641 1665 3696 servari.

252 3728 430 3796 Quem
459 3745 580 3784 cum
623 3733 959 3800 respexisset
1005 3731 1318 3800 imperator,
1369 3748 1664 3788 conversus
1709 3733 1776 3788 ad

179 3833 333 3882 suos,
359 3827 419 3872 ut
437 3828 557 3874 erat
577 3834 765 3874 amaro
788 3819 1174 3882 animo.dixit:
1197 3820 1352 3884 «Cur,
1375 3821 1642 3892 inquiens,
1671 3821 1776 3875 lto-

178 3923 472 3964 manorum
497 3909 818 3979 principem,
842 3910 1228 3980 imperatorum
1251 3912 1610 3975 decretorem,
1630 3913 1776 3967 dato-

179 4016 412 4071 renique
432 4001 631 4072 legum,
649 4010 812 4072 atque
830 4003 1196 4058 ordinatorem
1211 4005 1549 4073 pontificum,
1569 4005 1774 4060 intrare

173 4095 396 4151 sinistis
439 4095 668 4168 magalia
717 4095 1034 4152 Saxonum?
1080 4095 1233 4152 Nune
1279 4113 1496 4168 quoque
1530 4097 1774 4152 reducite

177 4203 308 4242 eum
367 4188 438 4243 ad
494 4188 758 4245 thronum
812 4203 926 4243 sua:
975 4187 1363 4253 sublimitatis,
1427 4190 1598 4245 donec
1659 4188 1777 4259 ejus

163 4281 379 4338 .honori
404 4281 729 4353 condignam
758 4281 1010 4337 videlicet
1049 4297 1422 4352 prmparemus
1473 4285 1772 4352 susceptio-

176 4387 328 4428 nem.
359 4390 381 4424 ι
413 4373 514 4440 Qui
563 4371 925 4444 suscipientes
972 4371 1144 4437 illum,
1195 4373 1408 4428 scilicet
1459 4383 1517 4428 ut
1556 4373 1766 4444 jnssum

177 4461 384 4527 fuerat,
436 4460 664 4518 illzsum
723 4461 1059 4517 reduxerunt
1111 4461 1177 4516 ad
1237 4462 1405 4517 turris
1459 4461 1765 4517 introitum.

163 4553 566 4626 ingressusque
611 4553 882 4608 nuntiavit
927 4567 1112 4608 secum
1149 4553 1354 4623 pariter
1383 4552 1609 4610 reclusis
1636 4570 1767 4624 quo-

177 4649 328 4703 niam
383 4645 725 4702 solummodo
782 4651 992 4698 tantum
1043 4645 1388 4714 contingeret
1435 4644 1542 4700 illis
1587 4647 1769 4701 vivere

177 4739 418 4810 quandiu
439 4739 552 4809 ipsa
571 4745 625 4792 tu
635 4736 739 4792 rris
762 4735 897 4791 tueri
917 4735 1122 4791 valeret
1141 4735 1210 4788 ab
1231 4735 1468 4790 hostium
1495 4737 1768 4806 captione,

181 4847 282 4887 nec
326 4829 492 4885 ullam
521 4843 754 4901 prorsus
783 4825 1008 4882 salutem
1034 4827 1232 4882 debere
1252 4827 1390 4882 ultra
1417 4842 1658 4897 sperare.
1700 4829 1770 4882 At

181 4921 527 4993 imperatoris
572 4918 854 4977 exercitus
901 4931 930 4972 a
980 4917 1115 4973 foris
1176 4919 1420 4987 urgendo
1483 4918 1769 4988 impellens

180 5015 489 5080 machinas;
516 5011 892 5084 paulatimque
918 5021 1110 5066 euntes
1139 5010 1422 5078 applicatm
1447 5021 1576 5065 sunt
1603 5012 1762 5064 turri.

184 5107 378 5178 Sicque
410 5120 600 5178 pugna:
627 5103 767 5158 inito
790 5103 1109 5161 certamine.
1149 5099 1385 5169 dumque
1416 5101 1507 5155 alii
1538 5102 1769 5170 desuper

184 5201 562 5256 contendentes
585 5199 820 5260 intrare,
853 5193 938 5248 alii
958 5206 1262 5266 prorupere
1275 5194 1341 5247 ad
1360 5195 1559 5248 ostium
1596 5194 1764 5250 turris

185 5291 411 5338 illmlmie
438 5290 792 5338 mnsitlentes
837 5289 1097 5338 evellant.
1155 5299 1480 5338 sursumnue
1515 5286 1766 5338 certatim

1885 3179 2024 3228 teret
2051 3174 2274 3244 implere
2299 3176 2598 3244 decretum,
2629 3183 2882 3252 apparuit
2905 3186 2952 3239 ei
2988 3197 3147 3242 noctu
3173 3205 3270 3259 per
3293 3193 3468 3246 visum

1881 3263 2235 3323 beatissimus
2262 3269 2537 3338 apostolus
2573 3271 2792 3340 Paulus,
2832 3285 2994 3347 atque
3022 3283 3268 3337 eumdem
3303 3285 3460 3354 impe-

1881 3365 2118 3412 ratorem
2168 3358 2480 3428 huiusmodi
2527 3378 2751 3418 monere
2797 3371 3028 3425 curavit.
3073 3391 3089 3422 ι
3120 3372 3176 3427 Si
3206 3389 3354 3442 vere,
3388 3377 3463 3431 ins

1879 3447 2111 3517 quiens,
2163 3449 2312 3505 zelus
2360 3451 2556 3508 divina:
2602 3456 2884 3511 servitutis
2942 3459 3130 3528 Optimi
3189 3465 3369 3532 operis
3418 3476 3469 3520 te

1879 3538 2082 3604 adurit,
2119 3539 2238 3595 vide
2264 3557 2330 3596 ne
2359 3541 2518 3611 hujus
2541 3547 2800 3615 propositi
2831 3548 3138 3605 institutum
3169 3569 3468 3622 prrcsumas

1875 3629 1932 3683 in
1957 3631 2238 3687 monachis
2262 3633 2549 3690 immutare
2575 3637 2925 3707 expellendis.
2943 3639 3058 3695 Non
3079 3644 3222 3697 enim
3246 3650 3468 3701 omnino

1877 3723 2098 3794 expedit
2137 3725 2400 3797 cujusque
2447 3727 2805 3784 ecclesiastici
2853 3732 3060 3788 ordinis
3100 3738 3350 3804 quamvis
3397 3754 3467 3793 cx

1878 3824 2032 3883 parte
2061 3815 2363 3885 depravati.
2398 3818 2678 3888 proprium
2729 3835 2968 3892 unquam
3015 3823 3174 3895 abjici
3223 3842 3317 3880 seu
3359 3828 3460 3880 im-

1878 3906 2075 3959 mutari
2141 3911 2502 3978 propositum.
2561 3911 2616 3966 ln
2670 3928 2736 3969 eo
2799 3931 3033 3986 namque
3095 3921 3466 3990 unusquisque

1871 3996 2200 4066 judicandns
2255 4009 2340 4055 est
2393 4003 2624 4068 ordine,
2680 4005 2732 4058 in
2785 4021 2894 4076 quo
2941 4023 3001 4062 se
3048 4009 3299 4078 primitus
3350 4011 3463 4066 Deo

1877 4091 2026 4145 vovit
2087 4091 2315 4146 servire.
2386 4094 2744 4153 Reemendari
2825 4108 3003 4154 tamen
3077 4101 3203 4157 licet
3276 4120 3466 4163 corru-

1873 4192 1965 4250 pto
2006 4182 2202 4253 cuique
2257 4184 2310 4238 in
2363 4187 2551 4241 eadem
2608 4191 2840 4259 propria:
2891 4193 3190 4249 vocationis
3233 4205 3401 4251 sorte.
3432 4217 3456 4250 ι

1875 4273 2082 4329 Taliter
2109 4275 2308 4346 quippe
2350 4278 2610 4348 monitus,
2657 4281 2954 4352 imperator
2985 4285 3166 4340 retulit
3198 4287 3312 4342 suis
3343 4303 3468 4358 qua:

1875 4365 2122 4422 audierat
2159 4369 2228 4423 ab
2257 4369 2532 4438 Apostolo,
2559 4387 2852 4444 curamque
2884 4392 3051 4447 agens
3089 4377 3326 4447 qualiter
3369 4395 3440 4435 eo

1875 4456 2121 4512 rumdem
2155 4457 2483 4526 institutum,
2515 4463 2727 4519 scilicet
2753 4468 3165 4534 monachorum,
3197 4469 3470 4537 quivissei

1875 4549 1944 4604 ad
1998 4549 2192 4604 melius
2237 4551 2563 4619 informare,
2641 4572 2747 4611 non
2802 4559 3077 4629 expellere
3121 4573 3151 4613 a
3201 4559 3321 4615 loco
3381 4577 3471 4616 V'A

1873 4641 2188 4698 immutare.
2250 4643 2460 4700 Interea
2517 4646 2697 4702 minus
2756 4648 2954 4706 idoneo
3004 4664 3136 4704 usus
3195 4652 3455 4708 consilio.

1875 4733 2121 4802 praidiet‘i
2165 4735 2468 4791 Crescentii
2514 4736 2740 4793 Joannis
2770 4737 2822 4792 in
2853 4755 3008 4794 snam
3045 4753 3268 4792 uxorem
3317 4756 3474 4796 assu»

1876 4840 2048 4890 mens,
2075 4841 2237 4895 quam
2267 4827 2429 4882 etiam
2459 4827 2620 4898 paulo
2649 4838 2788 4900 post,
2816 4838 2878 4883 ut
2907 4827 3216 4884 inconsulte
3245 4845 3476 4898 accepe-

1879 4926 1999 4982 rat,
2067 4918 2361 4973 divortium
2427 4935 2594 4990 agens
2655 4921 2886 4975 ditnisit.
2953 4921 3201 4974 Tandem
3259 4937 3480 4990 quoque

1855 5010 2057 5080 _nitens
2098 5022 2341 5064 remeare
2370 5009 2439 5064 ad
2470 5009 2791 5072 Saxoniam,
2823 5018 3005 5064 morte
3036 5014 3471 5075 superveniente

1875 5099 1932 5154 in
1981 5099 2131 5154 Italia
2177 5099 2331 5154 obiit.
2373 5100 2618 5154 (Zernens
2671 5112 2898 5166 quoque
2946 5097 3253 5161 exercitus,
3329 5116 3492 5172 quem

1875 5205 2058 5245 secum
2083 5191 2330 5252 duxerat,
2357 5203 2416 5242 se
2437 5204 2535 5243 suo
2559 5186 2784 5255 domino
2805 5189 3158 5246 destitutum,
3187 5202 3502 5263 coegerunt

1877 5296 1937 5336 se
1973 5281 2179 5338 pariter
2206 5279 2258 5332 in
2286 5294 2453 5333 unum
2484 5293 2702 5338 agmen.
2735 5293 2821 5334 .ne
2861 5284 2931 5336 ab
2961 5281 3031 5334 iis
3069 5291 3212 5338 Quos
3246 5280 3309 5338 in
3351 5287 3500 5338 Italia
