3992 5338
542 142 651 197 095

1438 141 1451 150 ο
1501 134 1801 194 aooULrt
1838 135 2089 192 suam
2126 134 2434 195 MONACili
2474 137 2790 196 CLL’NIAC.
2866 120 2871 123 ’

3692 126 3784 195 est

544 255 898 328 cepitigitur,
920 259 1040 325 post
1058 249 1312 308 Ottonem
1351 250 1603 307 videlicet
1633 249 1873 320 tertium,
1899 264 2128 321 regnum
2156 262 2205 323 Α
2232 268 2421 325 perum
2451 263 2761 325 parentum,
2785 248 2948 324 elegit
2976 249 3128 307 exsul
3159 247 3275 325 fore
3299 226 3613 307 dominandi
3635 249 3790 309 victe:

547 350 825 405 Saxonum
855 345 997 400 illius
1030 344 1465 414 consanguineus
1491 342 1782 407 Henricus,
1819 343 1939 413 qui,
1964 342 2132 399 etiam

547 459 653 498 non
669 440 817 512 regni
829 438 911 493 sui
928 436 1248 511 [dominus],
1263 436 1563 508 imperator
1574 437 1750 493 factus
1762 444 1843 493 est
1855 436 2130 493 Romano-

552 548 692 587 rum.
709 529 814 585 Sed
844 529 1060 584 interim
1086 529 1218 584 libet
1244 542 1309 583 ex
1328 536 1480 598 parte
1493 541 1925 584 commemorare
1936 527 2133 597 quibus

532 620 787 675 vicissim
805 616 1069 683 cladibus,
1087 617 1528 688 praescriptorum
1550 631 1740 688 regum
1776 615 2129 687 temporibus,

549 723 658 767 tam
687 710 1102 781 exlernisquam
1122 708 1396 764 intestinis
1408 717 1806 778 consequenter
1817 707 1881 763 sit
1897 705 2134 777 ﬂagella-

547 813 636 857 tns
649 801 1106 857 orbisilomanus.
1121 799 1344 855 Constat
1361 800 1523 871 igitnr
1534 799 1600 854 ab
1614 798 1980 853 anterioribus
2005 796 2136 851 illud

549 893 849 965 principale
900 892 1069 947 totius
1121 891 1272 947 orbis
1322 890 1610 961 imperium
1658 888 1827 944 fuisse
1877 887 2134 952 divisum,

536 987 767 1042 scilicet
814 993 919 1050 ut,
987 983 1446 1054 quemadmodum
1504 983 1773 1038 universa:
1823 980 2137 1037 Latinitatis

549 1078 721 1134 Roma
749 1090 937 1148 gerere
971 1074 1194 1130 deberet
1219 1073 1611 1146 principatum,
1644 1073 1719 1128 ita
1749 1072 2135 1128 Constantino-

549 1173 688 1244 polis
715 1180 824 1225 tam
861 1168 1178 1226 Graecorum
1208 1166 1444 1237 speciale
1471 1175 1633 1237 caput
1664 1166 1718 1220 in
1754 1165 2137 1222 transmarinis

550 1262 779 1319 orientis
816 1261 1062 1332 partibus
1084 1274 1249 1330 quam
1280 1267 1625 1314 eretcrorum.
1668 1256 1774 1313 Sed
1810 1258 1936 1313 dtnn
1969 1256 2138 1312 semel

553 1354 608 1409 in
634 1370 755 1411 sese
802 1354 953 1409 novit
996 1350 1296 1424 dispertiri,
1343 1350 1683 1422 postmodum
1720 1349 1983 1421 paulatim
2013 1363 2139 1421 pars

551 1456 786 1517 utraque
835 1443 1089 1500 usitatius
1153 1441 1343 1498 didicit
1394 1440 1604 1507 minui,
1657 1439 1911 1495 videlicet
1968 1439 2138 1494 donec

555 1536 897 1606 contingeret
950 1532 1085 1589 illud
1152 1530 1442 1586 admodum
1499 1529 1765 1609 coarctari
1802 1528 2027 1600 prtuliis,
2079 1536 2140 1581 ut

2237 347 2511 403 cupidine.

2348 364 2511 403 Nilne.

2305 364 2549 510 genique
2572 438 2707 494 clam
2734 436 3018 510 egrediens
3041 434 3109 492 ad
3138 436 3453 508 praedictam
3477 434 3794 492 Normanno-

2235 546 2356 587 rum
2410 540 2647 604 gentem,
2722 530 2829 586 illis
2874 530 3252 586 tantummodo
3296 524 3553 600 primitus
3596 527 3799 583 adimit

2220 624 2355 695 'qni,
2385 623 2602 679 assiduo
2628 622 2803 694 raptui
2836 622 3155 687 servientes,
3186 621 3386 676 vietum
3411 619 3628 676 caeteris
3669 618 3801 675 mini-

2237 714 2509 780 strabant,
2534 728 2672 784 quos
2692 713 2856 768 etiam
2874 712 2946 768 illi
2974 708 3335 768 communiter
3351 708 3587 767 Flottam
3612 721 3798 767 vocant.

2220 805 2444 874 illoque
2461 804 2770 875 aliquandiu
2793 805 2919 860 huic
2934 819 3163 875 nequam
3182 803 3317 860 mori
3343 803 3687 867 inserviente,
3710 818 3804 859 cte-

2237 896 2317 969 pit
2349 894 2604 967 pessimis
2634 890 3095 950 commilitonibus
3125 902 3277 950 tanto
3316 894 3559 950 existere
3606 894 3805 964 diligen-

2238 986 2364 1054 tior,
2393 984 2939 1056 quantoellieiebalur
2962 984 3301 1057 ﬂagitiosior.
3337 985 3717 1073 Paulatimque
3732 1001 3806 1040 ro-

2238 1078 2453 1134 bustior
2488 1077 2702 1133 caeteris
2739 1077 2948 1134 viribus
2974 1092 3038 1134 ac
3061 1078 3223 1159 rebus
3243 1074 3490 1144 cll‘ectus,
3520 1093 3707 1132 omnes
3724 1092 3805 1146 pa-

2228 1170 2377 1224 riter
2436 1169 2588 1225 illum
2632 1169 2967 1225 constituere
3014 1177 3158 1225 terra
3210 1168 3457 1240 marique
3504 1168 3807 1239 principem.

2237 1260 2578 1317 Constitutus
2604 1272 2785 1316 autem
2834 1261 3169 1333 huiusmodi,
3220 1261 3483 1334 ampliore
3512 1260 3809 1316 crudelitate

2226 1365 2538 1426 assumpta,
2588 1355 2740 1427 parvi
2782 1355 3026 1425 pendens
3069 1353 3470 1423 prteteritorum
3540 1350 3810 1413 saevitiam,

2239 1448 2404 1526 caypit
2429 1463 2585 1502 suum
2618 1447 2671 1502 in
2704 1446 3028 1517 longinquas
3054 1441 3291 1516 gladium
3324 1443 3559 1498 dilatare
3610 1441 3811 1513 proviu~

2240 1529 2372 1596 eius.
2402 1540 2752 1595 Postmodum
2779 1539 2945 1593 etiam
2967 1553 3091 1593 eum
3113 1538 3364 1592 universa
3395 1549 3554 1606 pene,
3584 1534 3670 1589 cui
3696 1547 3814 1603 prte-

555 1627 701 1684 l‘oret
723 1626 961 1692 brevius,
989 1634 1045 1680 et
1066 1623 1205 1679 istud
1226 1630 1505 1693 appeteret
1528 1619 1796 1675 moderari
1825 1628 2138 1674 extraneus.

2254 1639 2380 1695 erat,
2406 1639 2573 1701 gente
2583 1629 2956 1685 conscendens
2976 1629 3042 1683 ad
3068 1629 3376 1698 superiores
3392 1625 3689 1681 Galliarum
3711 1638 3817 1694 par-

556 1722 625 1777 Et
652 1721 909 1793 quoniam
955 1718 1127 1789 magis
1147 1717 1497 1787 contingebat
1528 1713 1816 1787 tyrannide
1846 1714 2140 1784 imperare,

560 1829 726 1885 quam
757 1812 843 1869 vel
870 1811 1079 1867 liberali
1127 1810 1351 1882 pietate,
1407 1807 1490 1862 vel
1539 1805 1786 1877 originali
1823 1804 2140 1877 propagine,

568 1906 775 1961 ideirco
833 1917 932 1973 par
990 1911 1110 1957 erat
1166 1899 1355 1956 talium
1409 1895 1810 1954 contumaciam
1862 1909 1987 1950 cum
2038 1893 2142 1949 sibi

562 1994 798 2050 subditis
824 1992 1038 2048 crebris
1068 1990 1479 2047 inl‘cslationum
1506 1988 1679 2060 plagis
1706 1994 1990 2061 atterere.’

1180 2081 1407 2139 CAPUT
1452 2078 1513 2135 ν.

1020 2171 1100 2229 De
1130 2188 1455 2245 paganorum
1498 2170 1692 2243 plagis.

627 2268 877 2343 Denique
927 2269 1076 2325 circa
1135 2267 1608 2338 nongentesimum
1666 2262 1829 2320 Verbi
1881 2260 2150 2319 inearnati

562 2378 792 2428 annum,
847 2375 1104 2433 egressus
1155 2359 1225 2415 ab
1266 2358 1524 2429 Hispania
1576 2372 1670 2414 rex
1722 2351 2150 2412 Sarracenorum

561 2454 782 2528 Algalil',
801 2454 1134 2524 veniensque
1155 2466 1280 2507 cum
1301 2449 1545 2507 exercitu
1572 2448 1811 2504 maxime
1835 2446 1888 2502 in
1913 2445 2149 2513 Italiam,
2184 2440 2185 2443 “

561 2550 774 2608 scilicet
800 2547 1099 2603 traditurus
1125 2546 1390 2600 humanas
1416 2557 1505 2598 res
1525 2557 1649 2597 cum
1678 2541 1793 2597 suis
1812 2540 1865 2596 in
1893 2539 2150 2610 praedam,

564 2654 690 2695 cum
731 2638 914 2711 gladio
957 2645 1123 2706 atque
1154 2634 1404 2690 incendio
1444 2631 1837 2689 demoliendas.
1880 2630 1985 2698 Qui
2028 2644 2156 2685 cum

563 2730 827 2794 venisset,
875 2726 1211 2799 depopulans
1260 2732 1429 2780 totam
1472 2722 1750 2793 regionem
1782 2735 1957 2792 usque
1984 2720 2159 2776 Bene-

567 2827 790 2874 ventum
833 2829 1153 2887 progressus
1180 2823 1284 2870 cst.
1315 2814 1394 2869 Ex
1428 2812 1700 2883 aliquibus
1726 2819 1935 2867 tantum
1966 2810 2160 2867 civita-

568 2913 715 2970 tibus
757 2911 925 2968 ltaliae
973 2910 1259 2981 primates,
1309 2908 1537 2965 collecto
1568 2907 1822 2979 agmine,
1875 2906 1980 2963 nisi
2033 2914 2161 2962 sunt

2246 1730 2346 1784 tes,
2380 1719 2631 1791 quamvis
2659 1719 2883 1791 pestifer
2913 1733 3113 1790 parens
3143 1717 3384 1772 nativum
3413 1715 3557 1770 male
3582 1727 3817 1784 quaerens

2230 1812 2484 1867 revisere
2514 1810 2711 1866 solum.
2742 1806 2843 1877 Qui
2885 1824 3009 1865 cum
3061 1808 3321 1872 venisset,
3370 1806 3556 1879 gladio
3601 1813 3659 1860 et
3706 1805 3815 1875 igne

2232 1901 2390 1957 .ultra
2415 1908 2633 1956 'omnem
2684 1899 2924 1955 hostium
2974 1898 3181 1954 cladem
3211 1896 3467 1952 universa
3513 1895 3821 1958 demoliens,

2247 1990 2467 2047 nemine
2494 1998 2854 2062 repugnante,
2885 1990 3090 2045 diutius
3113 1986 3471 2059 consumpsit.
3506 1984 3662 2041 Tunc
3698 1999 3827 2055 quo-

2249 2095 2357 2153 que
2385 2082 2580 2138 domus
2609 2080 2976 2137 Ecclesiarum
3007 2094 3106 2150 per
3133 2078 3336 2135 Gallias
3360 2078 3651 2142 universae,
3702 2091 3829 2147 pra:-

2231 2185 2333 2233 'ter
2357 2190 2496 2248 quas
2527 2163 2823 2246 municipia
2858 2174 3140 2229 civitatum
3167 2172 3252 2228 vel
3290 2166 3613 2229 castrorum
3654 2183 3829 2226 serva-

2236 2274 2403 2335 .runt,
2428 2266 2759 2322 omnimodis
2806 2266 3177 2322 dehonestum
3204 2260 3369 2335 atque
3398 2277 3528 2332 igne
3563 2272 3830 2323 succensa:

2251 2366 2397 2414 sunt.
2428 2356 2709 2412 Universis
2737 2357 3004 2428 siquidem
3034 2357 3339 2428 pemgratis
3378 2350 3594 2421 Galliis,
3637 2353 3833 2424 opima-

2253 2464 2359 2521 que
2383 2450 2720 2506 diversarum
2749 2464 2931 2505 rerum
2958 2452 3166 2520 potitus
3190 2450 3476 2522 spolia,-ad
3506 2451 3726 2522 propria
3754 2464 3836 2504 re-

2255 2542 2409 2597 duxit
2439 2542 2764 2599 exercitum.
2795 2540 2994 2613 Sicque
3039 2543 3294 2613 deinceps
3339 2541 3547 2596 tamab
3572 2541 3692 2611 ipso
3735 2541 3834 2595 As—

2242 2637 2410 2705 tingo
2441 2648 2606 2704 quam
2653 2634 2722 2689 ab
2754 2628 2879 2706 ejus
2917 2634 3353 2701 successoribus,
3397 2635 3545 2690 illius
3594 2633 3836 2689 videlicet

2254 2725 2434 2797 gentis
2464 2723 2821 2796 principibus,
2852 2726 2905 2780 in
2936 2726 3112 2796 spatio
3156 2726 3272 2783 fere
3301 2718 3520 2803 centum
3569 2732 3832 2780 annorum

2259 2816 2570 2887 huiusmodi
2613 2816 2794 2872 clades
2845 2817 2995 2872 illata
3038 2827 3124 2873 est
3173 2816 3331 2889 longe
3373 2817 3593 2887 lateque
3640 2815 3837 2889 populis

2261 2908 2580 2965 Galliarum.
2613 2907 2739 2964 llaec
2763 2917 3002 2980 quoque,
3032 2925 3152 2980 qua:
3182 2911 3490 2976 retulimus,
3524 2924 3627 2981 per
3677 2911 3838 2966 inter-

570 3003 832 3059 adversus
868 3002 1189 3074 praedictum
1216 2999 1420 3070 Algalil'
1438 3000 1574 3054 inire
1596 3014 1850 3071 pugnam.
1890 2997 1999 3055 Sed
2028 3013 2155 3055 cum
2184 2992 2228 3058 C
2258 3000 2398 3057 valla
2424 2999 2800 3055 defunctorum
2835 3016 3020 3071 regum
3053 3015 3147 3057 seu
3197 3001 3592 3072 imperatorum
3649 3010 3755 3054 tam
3785 2999 3837 3053 in

571 3110 631 3149 se
647 3100 936 3149 cernerent
954 3091 1196 3147 exercitu
1223 3091 1449 3146 nimium
1471 3091 1728 3162 impares,
1750 3090 2018 3161 utsaepius
2038 3106 2155 3147 mos

572 3193 657 3239 est
688 3183 804 3239 istis
834 3182 1109 3238 modernis
1131 3179 1355 3247 ltalieis,
1397 3177 1539 3252 fugae
1558 3179 1737 3249 potius
1769 3193 1932 3249 quam
1956 3179 2157 3235 bellum

574 3272 769 3345 [belli],
803 3272 1008 3343 petiere
1037 3267 1371 3342 praesidium.
1418 3269 1629 3326 Interea
1656 3268 1864 3325 reversi
1902 3284 2026 3326 cum
2060 3283 2159 3325 suo

572 3363 819 3434 principe
848 3362 914 3417 ad
941 3360 1181 3417 Africam
1218 3359 1527 3426 Sarraccui,
1549 3361 1616 3415 ab
1663 3359 1754 3415 illo
1784 3369 2027 3431 tempore
2050 3374 2159 3415 non

572 3455 907 3511 destiterunt
957 3454 1273 3524 impugnare
1328 3451 1607 3524 regionem
1663 3449 1852 3517 italiae,
1913 3452 2162 3523 quamvis

573 3545 825 3616 plurimis
856 3543 1089 3601 fuissent
1118 3543 1321 3616 prmliis
1350 3542 1587 3599 lacessiti
1630 3550 1739 3598 tam
1768 3544 1837 3599 ab
1869 3544 2161 3613 imperato-

574 3638 729 3693 ribus
753 3652 914 3707 quam
938 3652 968 3691 a
993 3638 1185 3707 patria:
1207 3636 1433 3692 ducibus
1457 3650 1521 3690 ac
1541 3636 1969 3703 marebionibus,
1990 3650 2162 3707 usque

575 3733 644 3788 ad
672 3732 955 3787 Altmuzor
986 3730 1203 3787 illorum
1235 3730 1555 3801 principem,
1588 3738 1643 3783 et
1670 3730 1986 3800 praedictum
2017 3728 2161 3785 llen-

576 3823 750 3875 ricum
791 3821 1163 3877 Romanorum
1203 3820 1612 3891 imperatorem.
1642 3819 1968 3891 Praescripto
1997 3820 2164 3890 igitur

578 3923 845 3982 tempore,
895 3928 1001 3968 non
1035 3907 1212 3968 minor
1261 3912 1442 3968 clades
1486 3912 1540 3968 in
1584 3910 1882 3967 Galliarum
1927 3914 2161 3985 populis,

578 4004 1020 4060 Normannot‘um
1069 4004 1441 4071 infestatione,
1488 4006 1698 4062 exstitit
1742 4007 2000 4062 hostium.
2061 4008 2164 4076 Qui

578 4102 832 4157 videlicet
861 4100 1156 4157 Normanni
1186 4115 1385 4157 nomen
1415 4100 1543 4156 inde
1575 4115 1873 4172 sumpsere,
1906 4102 2163 4172 quoniam

581 4203 771 4262 raptus
837 4204 1025 4247 amore
1080 4192 1336 4262 primitus
1381 4191 1589 4263 egressi
1632 4206 1702 4245 ex
1753 4191 2166 4262 aquilonaribus

581 4283 830 4352 partibus
887 4283 1148 4337 audacter
1197 4282 1591 4340 occidentalem
1654 4283 1864 4354 petiere
1928 4283 2163 4355 plagam.

2259 3090 2411 3148 Italia
2451 3106 2612 3163 quam
2666 3092 2720 3146 in
2749 3091 2958 3159 Galliis,
3009 3094 3325 3164 priusquam
3375 3102 3836 3157 restanrarentur,

2261 3184 2463 3255 saepius
2492 3183 2863 3253 contigerunt.
2893 3183 2999 3240 Sed
3029 3199 3151 3239 cum
3186 3184 3394 3239 interea
3426 3185 3702 3255 pnediclze
3724 3198 3841 3252 gen-

2262 3277 2331 3333 tis
2362 3276 2637 3333 exereitus
2667 3288 2819 3330 more
2857 3275 3017 3331 solito
3047 3276 3114 3330 ad
3163 3274 3369 3331 Gallias
3417 3276 3722 3346 procedere
3762 3275 3843 3328 de-

2260 3367 2548 3433 crevisset,
2574 3366 2815 3422 oecurrit
2846 3366 2950 3422 illis
2981 3367 3094 3437 jam
3127 3366 3337 3438 longius
3383 3382 3416 3421 a
3469 3365 3589 3421 solo
3636 3365 3842 3436 proprio

2264 3463 2489 3519 remotis
2513 3461 2845 3519 venerabilis
2878 3462 3206 3535 Burgundizc
3235 3463 3343 3518 dux
3375 3463 3709 3526 ilicbardus,
3756 3477 3842 3532 pa-

2263 3562 2346 3609 ter
2372 3553 2581 3610 scilicet
2609 3554 2751 3626 regis
2780 3554 3072 3626 llodulpbi,
3105 3562 3165 3610 ut
3193 3569 3354 3621 supra
3402 3554 3847 3610 commemoravi-

2264 3660 2405 3701 mus.
2434 3645 2678 3716 Initoque
2704 3659 2827 3700 cum
2877 3645 2958 3702 eis
3008 3646 3219 3714 praelia,
3255 3654 3401 3700 tanta
3448 3645 3603 3700 caule
3636 3645 3845 3701 eosdem

2263 3738 2578 3807 prostravit,
2610 3746 2667 3792 ut
2688 3738 2955 3809 perpauci
2984 3753 3048 3792 ex
3078 3739 3159 3793 eis
3191 3738 3313 3810 fuga
3343 3737 3479 3809 lapsi
3532 3737 3603 3792 ad
3641 3739 3847 3808 prapria

2263 3826 2355 3882 vix
2386 3836 2716 3882 remearent.
2763 3827 2832 3882 Et
2859 3827 2985 3882 licet
3031 3829 3270 3898 postlimc
3314 3828 3500 3900 plures
3544 3829 3752 3883 insulas
3790 3842 3849 3882 ac

2275 3916 2586 3985 provincias
2617 3916 2751 3971 mari
2781 3917 3065 3987 contiguas
3091 3918 3251 3972 iidem
3301 3918 3514 3973 scilicet
3559 3917 3850 3980 Normanni

2267 4008 2732 4079 depopulaverint,
2760 4008 2813 4063 in
2839 4018 3023 4080 partes
3053 4019 3233 4065 tamen
3274 4009 3616 4066 Francorum
3674 4022 3851 4082 regum

2272 4108 2429 4154 sorte
2458 4099 2720 4169 regendas
2750 4114 2857 4154 non
2888 4099 3164 4169 deinceps,
3198 4100 3300 4155 nisi
3350 4102 3419 4156 ab
3463 4100 3675 4157 eisdem
3725 4100 3853 4172 regi-

2269 4188 2369 4244 bus
2402 4190 2631 4254 evocati,
2662 4191 3115 4246 consceuderunt.
3149 4191 3291 4258 Quin
3329 4192 3497 4246 etiam
3546 4192 3715 4262 paulo
3740 4200 3853 4263 post

2272 4279 2516 4336 vicissim
2547 4281 2758 4338 scilicet
2809 4282 3026 4350 Franci,
3059 4297 3268 4338 necnon
3314 4293 3372 4339 et
3414 4284 3850 4356 Burgundionum

585 4345 863 4440 Siquidem
890 4372 1069 4444 lingua
1096 4372 1310 4428 illorum
1331 4372 1549 4446 propria
1580 4345 1717 4427 Non
1740 4345 2165 4444 aquilo-dieitur,
2197 4345 2247 4404 D
2275 4370 2541 4442 plerique,
2568 4388 2689 4427 cum
2718 4373 2994 4443 praedictis
3013 4345 3370 4441 'N‘ormannis,
3404 4345 3697 4431 catholica:
3732 4374 3852 4429 'ﬁdri

522 4513 527 4523 ,
585 4464 719 4517 Min:
739 4478 955 4534 quoque
976 4463 1203 4534 populus
1224 4462 1543 4534 appellatur.
1559 4462 1688 4520 inde
1701 4478 1831 4519 vero
1846 4463 2167 4531 Normanui,

584 4557 740 4626 quasi
765 4556 1095 4626 aquilonaris
1123 4555 1352 4627 populus
1376 4555 1816 4612 denominantur.
1848 4556 1912 4613 lli
1937 4558 2172 4629 denique

586 4649 639 4701 in
699 4647 876 4717 primo
926 4663 1148 4718 egressu
1206 4646 1411 4703 diutius
1474 4646 1623 4702 circa
1677 4662 1830 4704 mare
1895 4648 2170 4704 Oceanum

585 4741 867 4806 degentes,
906 4738 1162 4795 brevibus
1196 4737 1436 4795 contenti
1476 4740 1781 4811 stipendiis,
1811 4754 2091 4813 quousque
2118 4742 2171 4797 in

585 4820 798 4901 gentem
850 4830 1101 4887 coaluere
1141 4846 1256 4887 non
1303 4830 1597 4887 modicam.
1649 4830 2000 4888 Postmodum
2046 4846 2174 4889 vero

589 4925 799 4982 telluris
840 4925 1020 4997 ampla
1049 4935 1106 4981 et
1132 4926 1307 5000 pelagi
1350 4926 1531 4982 hostili
1584 4942 1749 4982 manu
1793 4936 2172 4999 pervagantes,

590 5016 803 5085 aliquas
848 5019 1012 5073 urbes
1061 5032 1128 5073 ae
1167 5018 1479 5089 provincias
1519 5019 1573 5073 in
1606 5018 1883 5089 propriam
1918 5019 2175 5091 redegere

587 5116 813 5162 sortem.
851 5107 906 5163 In
934 5122 1192 5180 processu
1223 5125 1443 5181 quoque
1481 5110 1744 5180 temporis
1775 5118 1928 5165 ortus
1966 5120 2053 5165 est
2090 5110 2176 5164 vir

590 5196 808 5264 quidam
851 5198 904 5253 in
944 5216 1085 5271 pago
1132 5200 1457 5258 'i‘recassino
1495 5214 1563 5255 ex
1606 5200 1795 5255 intimo
1843 5201 2169 5257 rusticorum

591 5302 816 5338 uertere.
872 5292 1128 5338 Astinmrs
1180 5294 1430 5338 nomine-
1510 5292 1562 5338 in
1609 5291 1732 5338 vim
1777 5291 2031 5338 videlicet
2079 5292 2171 5338 nni

2252 4463 2386 4535 ~jam
2428 4459 2636 4517 eli‘ectis
2665 4462 2983 4529 cultoribus,
3010 4464 3241 4535 pacilioe
3281 4464 3516 4533 iunxere
3561 4466 3851 4529 cennubia,

2274 4565 2439 4624 atque
2469 4555 2631 4609 unius
2657 4555 2800 4625 regis
2830 4570 3056 4626 regnum
3104 4556 3218 4626 pari
3255 4570 3526 4612 consensu
3568 4557 3852 4612 decrevere

2274 4645 2379 4701 dici
2437 4656 2492 4703 et
2539 4661 2680 4701 esse.
2732 4645 2968 4716 indeque
3017 4647 3124 4701 orti
3174 4647 3338 4702 duces
3390 4647 3849 4711 excellentissimi,

2275 4738 2603 4794 Guillermus
2626 4736 2903 4805 videlicet,
2931 4749 3092 4809 atque
3115 4747 3239 4809 post
3261 4740 3433 4810 ipsum
3459 4741 3670 4811 quique
3697 4742 3850 4795 deuo—

2274 4829 2489 4896 miuati,
2544 4839 2775 4899 paterno
2820 4845 2921 4885 seu
2968 4831 3117 4885 avito
3158 4829 3283 4900 iure
3329 4830 3616 4886 llicliardi.
3648 4830 3849 4885 Illorum

2273 4922 2472 4993 quippe
2492 4921 2803 4977 ‘dueaminis
2827 4922 3165 4994 principatus
3192 4921 3296 4977 fuit
3322 4920 3640 4993 metropolis
3669 4920 3850 4977 civitas

2271 5012 2761 5084 Rotbomagorum.

2344 5104 2478 5161 Cum
2508 5106 2674 5177 igitur
2702 5105 2949 5176 prcdieti
2972 5108 3135 5162 duces
3162 5106 3304 5162 ultra
3331 5115 3562 5162 ezeteros
3590 5106 3853 5177 viguerint

2276 5196 2486 5253 militiae
2513 5197 2702 5261 armis,
2737 5205 2848 5250 tum
2877 5198 3104 5267 perinde
3131 5212 3245 5268 prae
3269 5197 3484 5254 caeteris
3510 5198 3691 5268 gratia
3722 5211 3854 5251 eont-

2280 5288 2459 5338 munis
2488 5285 2637 5338 nacis
2667 5302 2730 5338 ac
2754 5286 2957 5338 virtue
2985 5288 3349 5338 liberalitatis.
3378 5285 3517 5338 Nam
3542 5288 3729 5338 omnis
3749 5301 3857 5338 nm-
