3992 5338
151 337 257 397 ωε

1070 307 1765 403 ιιιςτυιιιλιιωιλιιιιι
1806 349 2134 419 QL’lNQUE.
2167 383 2235 394 -
2273 352 2401 410 LIB.
2442 354 2483 409 ιι

3318 352 3426 410 σῖϐ

150 459 271 517 illos
298 459 728 530 comparabatur
752 458 1060 531 qnicunque
1098 462 1397 529 hominum,
1444 463 1496 517 in
1545 463 1730 533 aliquo
1766 472 1796 520 Δ
1833 464 2033 535 speciei
2067 463 2224 535 hujus
2252 468 2537 523 mundana:
2562 467 2739 534 molis,
2772 484 2894 540 quae
2923 468 3175 527 videlicet
3202 470 3256 527 iu
3291 484 3428 542 qua“

146 556 395 628 negotio,
421 554 544 624 plus
565 552 714 621 justo
728 552 1019 627 [sumens],
1049 554 1129 609 vel
1143 553 1337 609 falsum
1362 555 1636 626 quidpiam
1651 570 1744 610 ve-

147 647 509 703 nundandum
536 645 824 709 mentiens,
847 645 1198 700 subtrahebat
1232 646 1406 699 alteri.
1439 645 1745 713 Egeuorum

147 754 365 810 quoque
385 747 443 792 et
482 752 779 809 pauperum
807 737 1160 808 cluniumque
1181 737 1608 808 peregrinorum,
1628 750 1748 796 tan-

147 847 313 903 quam
342 839 600 901 parentes
633 830 884 895 liliorum,
911 845 1098 885 curam
1138 830 1403 902 gerebant
1451 834 1745 890 assiduam.

147 925 302 980 Dona
316 924 483 980 etiam
496 938 574 977 azr
584 923 821 993 plissima
837 922 1409 994 sacrisEeclesiispenc
1420 924 1475 982 in
1486 935 1601 984 toto
1613 930 1747 984 orlze

149 1018 462 1083 mittebant,
495 1016 570 1070 ita
598 1023 658 1071 ut
681 1015 843 1072 etiam
865 1017 935 1073 ab
957 1016 1193 1084 oriente,
1212 1018 1422 1075 scilicet
1447 1029 1630 1076 monte
1654 1022 1748 1077 de-

147 1110 591 1166 nominatissimo
622 1108 775 1175 Sina,
798 1124 897 1181 per
921 1109 1161 1183 singulos
1186 1127 1359 1167 annos
1375 1113 1622 1169 monachi
1638 1112 1747 1168 [lo—

152 1205 471 1273 tbemagum
509 1204 807 1269 venientes,
862 1205 955 1275 qui
1004 1220 1035 1261 a
1087 1207 1362 1276 pranlictis
1408 1207 1746 1279 principibus

151 1296 389 1367 plurima
420 1295 717 1351 redeuntes
745 1295 865 1351 auri
891 1304 949 1352 et
968 1297 1179 1368 argenti
1209 1297 1323 1353 suis
1348 1296 1624 1354 deferrent
1652 1314 1746 1355 ae-

154 1390 263 1444 nia.
316 1389 753 1465 llierosolymam
800 1406 931 1448 vero
974 1394 1040 1448 ad
1089 1394 1396 1465 sepulcrum
1444 1393 1747 1449 Salvatoris

152 1490 373 1536 centum
405 1480 528 1537 auri
588 1481 755 1537 libras
804 1484 1075 1540 secundus
1120 1484 1269 1539 misit
1316 1483 1640 1549 Ricbardus,
1680 1498 1746 1540 ac

155 1586 403 1643 quosque
426 1573 709 1644 cupientes
735 1573 863 1629 illuc
890 1574 1080 1631 devote
1130 1590 1424 1646 peragrare
1451 1577 1610 1632 donis
1650 1576 1745 1647 ju-

155 1667 319 1720 rabat
347 1666 647 1722 immensis.
689 1666 961 1724 Praeterea
990 1668 1043 1724 in
1069 1669 1415 1725 successibus
1458 1671 1748 1741 praedicto-

158 1772 276 1812 rum
309 1765 637 1830 temporum,
664 1754 1007 1832 exigentibus
1040 1761 1212 1833 culpis
1258 1764 1598 1833 peccantium
1648 1763 1745 1819 hoc

1847 558 1970 612 dam
1996 559 2327 616 rotunditate
2366 560 2771 618 circumsistere
2820 562 3152 634 perhibetur,
3201 573 3260 619 ut
3301 567 3429 621 dum

1845 649 2113 717 siquidem
2140 651 2269 707 illud
2301 653 2593 724 respiceret
2647 654 2898 726 princeps
2944 656 3147 713 terreni
3195 657 3430 727 imperii,

1846 739 1988 797 foret
2011 742 2060 798 ei
2094 743 2500 810 documentum,
2550 762 2657 802 non
2704 747 2862 803 aliter
2913 747 3113 803 debere
3162 748 3433 822 imperare
3475 788 3481 792 -

1844 830 1932 885 vel
1961 831 2197 904 militare
2231 832 2285 888 in
2313 835 2513 891 mundo
2541 850 2704 905 quam
2736 844 2795 892 ut
2819 837 3013 906 dignus
3042 838 3336 895 haberetur
3361 838 3435 894 vi-

1845 921 2019 977 viﬁca:
2047 922 2229 980 crucis
2255 923 2396 978 tueri
2428 924 2645 980 vexillo.
2678 925 2735 980 In
2766 927 2881 995 ipso
2900 928 3066 983 etiam
3094 927 3434 984 diversarum

1845 1030 2181 1087 gemmarum
2233 1015 2602 1083 deeoramiue,
2659 1018 2909 1075 videlicet
2958 1021 3174 1089 imperii
3220 1021 3434 1076 cnlntcn

1845 1105 2199 1177 plurimarum
2238 1106 2497 1162 virtutum
2522 1105 2808 1176 speciebus
2860 1109 3112 1164 exornari
3161 1118 3434 1179 oportere.

1846 1196 2089 1267 Cumque
2116 1197 2458 1267 postmodum
2488 1197 2780 1268 praedictus
2820 1214 2957 1270 papa
2989 1199 3323 1270 imperatori,
3356 1202 3439 1254 vi-
3499 1195 3503 1198 ’

1846 1288 2283 1345 delicetllenrico
2311 1287 2468 1357 hujus
2492 1289 2565 1344 rei
2593 1289 2768 1362 gratia
2797 1290 3022 1347 Romam
3048 1292 3304 1359 venienti,
3338 1291 3436 1346 ob-

1845 1380 1988 1435 viam
2017 1396 2142 1435 cum
2192 1380 2428 1436 maxima
2474 1381 2714 1438 virorum
2751 1391 2809 1438 ct
2860 1396 3139 1457 sacrorum
3187 1384 3436 1438 ordinum

1845 1467 2190 1525 multitudine
2216 1470 2574 1540 processisset
2599 1487 2668 1528 ex
2718 1488 2892 1539 more,
2923 1472 3083 1542 eique
3130 1472 3441 1542 huiusmodi

1846 1563 2058 1633 insigne
2083 1564 2294 1620 scilicet
2322 1564 2535 1636 imperii
2567 1565 2620 1619 in
2651 1574 2942 1636 conspectu
2974 1566 3142 1622 totius
3178 1565 3441 1622 Romana:

1846 1652 2018 1722 plebis
2048 1655 2399 1711 tradidisset:
2434 1655 2738 1726 suscipiens
2766 1656 2895 1711 illud
2921 1655 3189 1720 hilariter,
3213 1656 3445 1713 circnm-

1848 1752 2141 1815 spectoque
2168 1759 2256 1811 eo,
2288 1755 2349 1800 ut
2375 1753 2493 1802 erat
2520 1746 2600 1802 vir
2626 1745 3032 1817 sagacissimus,
3063 1745 3199 1802 dixit
3229 1763 3243 1800 :
3281 1763 3298 1797 ι
3332 1745 3445 1816 Op-

158 1847 391 1911 minnm,
419 1827 542 1903 orta
570 1857 655 1904 est
682 1827 956 1906 discordia
983 1827 1213 1908 duorum
1255 1867 1465 1921 regum,
1507 1853 1745 1909 Franco-

1859 1838 1981 1893 lime
2008 1849 2185 1910 pater,
2217 1840 2467 1910 inquiens
2498 1840 2567 1894 ad
2592 1855 2807 1911 papam,
2839 1840 2982 1894 istud
3022 1839 3209 1894 facere
3255 1838 3449 1895 decre-

159 1955 278 1994 rum
308 1939 564 1996 videlicet
611 1940 1022 1997 ac~Saxonum.
1075 1943 1207 2011 Qua:
1256 1944 1489 2011 scilicet,
1538 1945 1746 2001 diutius

158 2033 545 2095 exardescens.
578 2032 794 2089 occulto
824 2033 919 2095 Dei
939 2032 1146 2104 judicio
1166 2050 1356 2091 rursus
1380 2036 1622 2094 terribile
1651 2034 1748 2091 lla-

159 2125 358 2197 gellum
388 2125 594 2197 ingruit
615 2125 829 2197 populis
849 2126 1169 2183 Galliarum.
1194 2129 1433 2201 Denique
1467 2129 1750 2200 llnngaro-

162 2230 282 2271 rum
312 2217 573 2288 princeps
603 2233 729 2273 cum
760 2219 910 2274 omni
940 2218 1109 2289 ipsius
1137 2221 1314 2291 gentis
1340 2221 1564 2277 militari
1591 2236 1753 2278 exer-

160 2307 299 2372 citu,
326 2307 491 2378 hujus
542 2308 829 2364 discordia:
860 2308 986 2365 mali
1016 2312 1323 2377 occasione,
1371 2312 1508 2370 lines
1552 2311 1755 2369 Gallia-

162 2414 284 2454 rum
332 2399 668 2471 irrumpens,
710 2401 880 2459 semel
921 2418 987 2459 ac
1008 2403 1096 2460 bis
1122 2419 1339 2461 omnem
1368 2406 1755 2464 miserabiliter

162 2491 499 2562 depopulans
529 2492 831 2565 regionem,
859 2503 1149 2567 utrumque
1170 2497 1334 2553 etiam
1358 2511 1529 2569 genus
1579 2498 1756 2572 humi:

163 2600 292 2638 num
320 2594 573 2655 captans,
605 2594 717 2641 tum
750 2588 915 2643 rebus
937 2587 1191 2645 humanis
1219 2589 1515 2655 abducens,
1540 2591 1755 2648 nemine

165 2674 439 2743 obstante,
467 2674 714 2746 diripuit.
744 2674 875 2743 Quae
899 2676 1133 2748 denique
1162 2677 1344 2735 clades
1369 2678 1559 2735 tandiu
1588 2680 1759 2736 desin-

165 2767 267 2834 vit,
298 2782 582 2839 quousque
614 2768 726 2823 Deo
749 2769 1079 2840 propitiante
1108 2770 1391 2842 utriusque
1421 2771 1571 2843 regni
1610 2772 1758 2843 prin-

167 2861 338 2933 cipes,
369 2862 712 2918 Francorum
748 2862 1003 2920 videlicet
1027 2878 1091 2920 ac
1121 2863 1418 2931 Saxonum,
1452 2865 1611 2921 unius
1638 2865 1761 2921 ﬁdei

167 2969 233 3010 ac
260 2955 762 3027 consanguinitatis
789 2955 1004 3012 vinculo
1061 2964 1431 3013 necterentur.
1482 2956 1760 3013 Evacuato

168 3046 435 3117 siquidem
462 3047 710 3116 priorum
744 3062 928 3119 regum
956 3062 1175 3118 genere,
1205 3047 1516 3119 sedatisque
1536 3047 1755 3119 jurgiis,

167 3137 336 3206 erepit
361 3136 513 3193 orbis
542 3151 807 3192 novorum
842 3153 1023 3208 regum
1053 3152 1186 3207 pace
1212 3137 1312 3192 sub
1330 3138 1506 3193 amica
1536 3136 1760 3193 reﬂore-

1847 1929 1973 1984 visti
2005 1939 2206 1986 nostra:
2228 1932 2601 2000 portendendo
2633 1931 2865 1987 innneus
2893 1931 3243 1998 mouarchize,
3274 1930 3449 2001 qualio

1851 2032 1933 2074 ter
1973 2034 2094 2075 sese
2139 2019 2411 2075 moderari
2456 2021 2736 2088 debuerat,
2786 2021 2997 2077 cautius
3038 2021 3387 2091 perdocnisti.
3421 2039 3440 2073 ι

1849 2110 2053 2177 Deinde
2081 2127 2243 2167 manu
2273 2127 2469 2184 gerens
2496 2113 2627 2169 illud
2658 2114 2777 2170 auri
2825 2130 3065 2186 pomum,
3108 2114 3390 2184 subjnuxit
3429 2134 3444 2169 :

1855 2221 1873 2254 ι
1902 2201 2094 2271 Nullis,
2119 2204 2318 2276 inquit,
2344 2206 2535 2262 melius
2556 2206 2659 2263 hoc
2684 2222 2924 2277 praesens
2947 2208 3144 2264 donum
3168 2209 3447 2278 possidere

1852 2309 1915 2350 ac
1941 2310 2165 2352 cernere
2196 2297 2449 2369 congruit
2477 2312 2638 2367 quam
2670 2298 2774 2354 illis
2825 2299 2941 2369 qui,
3000 2301 3213 2370 pompis
3262 2286 3449 2355 mtmdi

1853 2386 2102 2455 calcatis,
2130 2403 2354 2444 crucem
2385 2390 2690 2458 expeditius
2726 2400 3027 2461 sequuntur
3065 2391 3384 2447 Salvatoris.
3425 2410 3444 2442 ι

1854 2477 1956 2546 Qui
1981 2479 2233 2548 protinus
2251 2479 2400 2534 misit
2423 2479 2550 2535 illud
2579 2481 2646 2534 ad
2673 2480 3032 2538 Ciuniacense
3059 2481 3453 2538 monasterium

1856 2568 2177 2635 Galliarum,
2207 2571 2354 2641 quod
2383 2570 2546 2641 etiam
2576 2579 2706 2626 tunc
2736 2571 2995 2642 temporis
3022 2571 3324 2627 habebatur
3367 2585 3455 2626 rc~

1857 2661 2266 2734 ligiosissimum
2296 2672 2642 2731 cteterorum,
2675 2664 2759 2721 cui
2790 2674 2846 2719 et
2875 2664 2979 2719 alia
3028 2665 3169 2720 dona
3221 2664 3454 2736 plurima

1858 2755 2171 2812 contulerat
2220 2766 2687 2813 ornamentorum.
2748 2756 2854 2813 Sed
2904 2766 2959 2814 ct
3014 2757 3165 2833 illud
3197 2759 3469 2824 nimirum.

1860 2846 2027 2901 etiam
2059 2834 2499 2917 perpentieudum
2529 2847 2811 2918 quoniam,
2840 2862 2963 2903 cum
2995 2846 3097 2903 ista
3132 2863 3253 2918 quae
3304 2858 3456 2904 retu-

1860 2934 2041 3002 limus,
2070 2935 2323 2992 videlicet
2357 2936 2423 2993 de
2453 2937 2901 2997 conversionibus
2941 2938 3269 3007 perﬁdarum
3301 2939 3367 2992 ad
3398 2940 3463 3001 li:

1864 3027 1987 3083 dem
2022 3025 2226 3083 Christi
2277 3029 2539 3101 gentium,
2591 3030 2934 3086 extrinsecus
2964 3031 3018 3086 in
3049 3030 3459 3103 aquilonaribus

1866 3127 2028 3188 atque
2075 3117 2505 3177 occidentalibus
2554 3121 2705 3177 orbis
2752 3122 2993 3193 partibus
3047 3136 3286 3194 persazpe
3341 3123 3459 3177 ﬁeri

169 3225 674 3297 scere,Cbristique
698 3207 923 3297 regnum
953 3240 1048 3296 per
1074 3225 1278 3281 fontem
1302 3227 1443 3281 sacri
1462 3226 1758 3296 baptisma-

1870 3209 2176 3281 contigerit,
2207 3226 2473 3282 nusquam
2507 3211 2632 3267 talia
2663 3213 2715 3269 in
2745 3212 3105 3269 orientalibus
3135 3222 3298 3284 atque
3346 3231 3459 3269 me-

173 3316 242 3385 tis
270 3316 703 3387 circumquaque
726 3325 983 3388 tyrannos
1009 3316 1113 3372 sibi
1136 3315 1444 3387 subjugare.
1496 3316 1615 3386 lpsa
1667 3316 1765 3373 de-

172 3410 341 3479 niqne
370 3407 755 3479 Hnngarorum
802 3423 951 3479 gens.
991 3418 1116 3479 post
1168 3416 1247 3464 tot
1289 3417 1501 3479 patrata
1543 3407 1764 3480 ﬂagitia,

173 3510 298 3570 post
324 3508 406 3556 tot
429 3499 639 3572 ﬂagella
664 3500 915 3572 gentibus
945 3500 1109 3565 illata,
1143 3515 1268 3557 cum
1300 3515 1399 3558 suo
1430 3516 1556 3574 rege
1583 3503 1650 3558 ad
1682 3517 1767 3557 ca-

176 3592 436 3647 tholicam
480 3593 642 3648 ﬁdem
691 3608 975 3659 conversa,
1048 3609 1168 3663 qua:
1216 3594 1368 3665 prius
1412 3603 1768 3651 consueverat

172 3685 479 3742 crudeliter
528 3701 724 3757 rapere
779 3686 956 3743 aliena
986 3727 1003 3754 ,
1069 3687 1247 3744 libens
1308 3689 1619 3759 impertitur
1670 3705 1769 3761 pro

174 3775 399 3831 Christo
418 3776 671 3847 propria;
691 3792 721 3832 a
746 3773 940 3849 quibus
958 3779 1120 3834 etiam
1139 3779 1451 3851 jamdudum
1469 3781 1768 3854 diripienda

175 3868 620 3937 captivabantnr,
652 3869 1013 3941 undecunque
1045 3871 1097 3925 in
1141 3871 1445 3927 miserrima
1497 3873 1765 3944 mancipia

176 3959 544 4026 dfstrahendi,
575 3962 667 4030 qui
696 3962 1441 4031 reperiebanturChristiani;
1474 3963 1543 4020 ab
1563 3965 1767 4019 eisdem

176 4065 401 4121 quoque
441 4050 698 4107 leventur
725 4068 868 4108 nunc
898 4067 993 4109 ceu
1027 4052 1226 4110 fratres
1274 4054 1361 4111 vel
1409 4055 1587 4110 liberi.
1635 4053 1771 4110 illud

176 4141 532 4198 nihilominus
606 4143 836 4199 nimium
885 4145 1188 4203 condecens
1254 4162 1319 4202 ac
1383 4148 1770 4218 perhonestum

176 4234 415 4299 videtur,
446 4241 611 4304 atque
640 4234 708 4289 ad
739 4235 890 4306 pacis
918 4236 1141 4291 tutelam
1173 4237 1437 4308 optimum
1467 4239 1766 4304 decretura,

177 4323 387 4378 scilicet
439 4332 594 4380 utne
636 4326 925 4396 quisquam
975 4328 1233 4383 audacter
1275 4328 1503 4384 Romani
1553 4330 1768 4401 imperii

177 4420 455 4481 sceptrum
480 4428 863 4485 prmproperus
888 4425 1100 4486 gestare
1129 4416 1382 4488 princeps
1402 4426 1646 4489 appetat,
1674 4434 1769 4474 seu

178 4503 479 4574 imperator
505 4504 613 4561 dici
645 4515 740 4560 aut
765 4521 884 4563 esse
912 4507 1112 4576 valeat,
1142 4509 1244 4564 nisi
1273 4525 1433 4580 quem
1463 4527 1601 4582 papa
1625 4513 1769 4568 sedis

179 4593 441 4650 Romanae
479 4611 695 4651 morum
722 4596 991 4667 probitate
1014 4598 1274 4670 delegerit
1294 4610 1477 4672 aptum
1508 4601 1770 4671 reipubli-

169 4702 277 4762 cae,
310 4687 471 4756 eique
496 4688 836 4743 commiserit
865 4689 1074 4763 insigne
1100 4693 1403 4762 imperiale.
1437 4693 1571 4749 Cum
1616 4693 1768 4750 vide-

178 4776 304 4832 licet
328 4777 457 4831 olim
478 4778 683 4849 ubique
709 4787 977 4836 terrarum
991 4782 1217 4852 quilibet
1242 4785 1476 4855 tyranni,
1504 4800 1623 4842 sese
1645 4802 1771 4857 pro-

175 4866 384 4922 caciter
405 4868 1076 4943 impclleutes,szepissime
1089 4874 1197 4928 sint
1213 4873 1565 4946 imperatores
1577 4878 1768 4943 creati,

181 4968 345 5041 atque
377 4975 442 5017 eo
468 4963 647 5018 minus
677 4963 789 5033 apti
816 4962 1167 5034 Reipublicm,
1201 4979 1310 5035 quo
1332 4976 1543 5022 constat
1570 4982 1663 5023 eos
1688 4974 1773 5040 ty:

183 5052 410 5108 rannide
437 5068 601 5125 quam
630 5053 854 5135 pietatis
877 5055 1204 5111 auctoritate
1232 5058 1587 5127 processisse.

256 5146 411 5188 Ληηο
440 5146 924 5188 iailn-“n-‘mininm
974 5149 1364 5188 innnrnalinnic
1410 5152 1776 5188 ennlinnnnlL

1870 3300 2095 3356 ridianis
2117 3301 2357 3374 ejusdem
2387 3302 2536 3359 orbis
2563 3303 2734 3375 plagis
2767 3304 3031 3376 contingit
3066 3305 3262 3360 audiri.
3294 3304 3460 3375 Cujus

1870 3392 2104 3463 deique
2129 3394 2516 3449 vcracissimus
2551 3395 2797 3467 praesagii
2831 3396 2987 3452 index
3021 3394 3121 3451 fuit
3144 3396 3459 3452 constitutio

1870 3485 1959 3540 illa
1988 3485 2167 3543 crucis
2194 3485 2504 3551 Dominicae,
2562 3489 2688 3542 dum
2706 3489 2771 3542 oin
2807 3503 2870 3544 ea
2919 3488 3171 3545 Salvator
3200 3490 3461 3558 penderet

1869 3576 1925 3631 in
1967 3576 2086 3632 loco
2134 3576 2417 3632 Calvariai.
2473 3577 2607 3632 Nam
2655 3594 2778 3633 cum
2823 3588 2971 3634 retro
3014 3579 3157 3633 illius
3196 3579 3458 3633 verticem

1869 3668 2119 3738 suspensi
2150 3675 2263 3722 tum
2298 3666 2511 3733 fuisset,
2536 3669 2733 3724 crudus
2763 3668 2986 3722 nimium
3019 3667 3228 3738 populis
3249 3667 3457 3729 oriens.

1872 3768 2000 3815 tunc
2027 3761 2191 3827 etiam
2222 3761 2276 3816 in
2305 3759 2423 3829 ejus
2451 3761 2732 3829 oculorum
2761 3771 3053 3832 conspectu
3097 3761 3299 3815 lumine
3333 3760 3458 3815 ﬁdei

1871 3849 2174 3920 repleturus
2200 3852 2448 3908 constitit
2473 3851 2757 3909 Occidens.
2812 3852 2906 3908 Sic
2949 3867 3165 3923 quoque
3213 3852 3461 3922 omnipo-

1873 3946 2077 3995 tentem
2106 3941 2276 4011 ipsins
2302 3941 2581 3997 dexteram
2613 3941 2679 3998 ad
2704 3942 3090 3997 misericordiae
3114 3955 3247 4010 opus
3273 3948 3461 3995 cxten-

1871 4046 2010 4103 sam,
2043 4032 2185 4088 sacri
2212 4030 2362 4088 verbi
2393 4031 2499 4088 ﬁde
2529 4032 2675 4087 mitis
2702 4033 2940 4104 suscepit
2969 4030 3281 4103 septentrio,
3314 4029 3460 4099 ejus-

1870 4138 1977 4194 que
2004 4124 2193 4179 laevam
2216 4124 2466 4196 gentibus
2482 4124 2841 4180 barbarorum
2868 4123 3211 4178 tumultuosis
3234 4122 3461 4177 sortitur

1871 4214 2146 4271 meridies.
2170 4215 2276 4271 Sed
2300 4215 2427 4271 licet
2449 4214 2611 4285 hujus
2630 4216 2769 4271 sacri
2788 4215 3032 4271 breviter
3053 4214 3461 4271 meminerimus

1869 4306 2129 4378 portenti,
2162 4316 2361 4364 nostra:
2392 4315 2593 4372 tamen,
2628 4308 2680 4362 id
2708 4316 2792 4362 est
2818 4306 3121 4371 catholicae,
3151 4315 3335 4361 manet
3376 4307 3461 4360 in-

1869 4398 2124 4454 violabile
2155 4398 2456 4455 subsidium
2487 4399 2636 4467 ﬁJei,
2668 4400 2927 4470 quoniam
2956 4401 3008 4455 iu
3038 4401 3187 4455 omni
3236 4400 3356 4456 loco
3408 4408 3467 4455 et

1872 4500 2030 4562 gente
2050 4491 2261 4563 absque
2288 4492 2629 4564 exceptione,
2662 4493 2973 4565 quicunque
2998 4507 3154 4549 sacro
3177 4507 3468 4560 regenera-

1876 4591 1960 4638 tus
2006 4582 2175 4651 lonte,
2226 4584 2456 4641 credens
2504 4586 2926 4658 omnipotentem
2977 4586 3196 4641 Patrem
3241 4585 3468 4655 ejusque

1872 4676 2068 4731 Filium
2128 4675 2313 4733 Jesum
2364 4678 2641 4734 Christum
2693 4679 2921 4749 pariter,
2980 4686 3038 4735 et
3091 4678 3145 4731 in
3202 4676 3469 4748 Spiritum

1871 4776 2142 4834 sanctum,
2175 4782 2341 4822 unum
2366 4767 2648 4841 solumque
2678 4785 2866 4824 verum
2893 4770 3085 4833 Deum,
3108 4767 3152 4822 si
3180 4767 3312 4835 quid
3343 4766 3471 4820 boni

1872 4861 2046 4930 egerit
2074 4874 2143 4916 ex
2186 4859 2315 4925 ﬁde,
2351 4858 2465 4916 Deo
2514 4869 2798 4932 acceptum
2850 4860 2983 4926 fore,
3035 4866 3200 4926 atque
3250 4872 3473 4912 onmem

1872 4951 1966 5025 qui
1994 4952 2074 5008 sic
2101 4953 2485 5024 permanserit,
2519 4953 2745 5025 perenni
2776 4953 2891 5008 vita
2923 4951 3081 5005 beate
3106 4947 3316 5003 vivere.
3368 4943 3482 5000 lloc

1874 5043 2341 5118 qnippe,soliDeo
2371 5060 2534 5102 nosse
2558 5044 2855 5114 competit,
2900 5058 2996 5098 cur
3045 5039 3353 5094 humanum
3402 5052 3488 5107 ga-

1875 5151 1978 5188 nns
2007 5134 2183 5188 maius
2208 5147 2303 5188 seu
2334 5136 2519 5188 minus
2543 5133 2786 5188 nronria:
2817 5133 3007 5188 salutis
3056 5141 3223 5188 capax
3258 5129 3491 5184 cﬂlc‘tur
