3992 5338
167 373 271 435 ῢεῦ

1137 375 1611 434 HISTORIARUM
1646 373 1822 431 LIBRI
1860 372 2184 441 QUINQUE.
2209 374 2428 431 —LlB.
2472 374 2535 431 ll.

3344 371 3446 427 εει)

166 507 312 548 mus.
367 489 595 546 Mortuis
619 488 779 561 igitur
832 486 1092 544 Lotliario
1123 505 1185 545 ac
1214 489 1489 545 Ludovico
1521 489 1754 558 regibus,
1790 493 2152 550 Aexaeturus
2202 497 2437 543 noctem.
2496 490 2741 558 Cumque
2794 487 2866 544 ibi
2932 495 3152 544 ventum
3213 487 3444 551 fuisset,

166 581 336 637 totius
398 579 643 634 Francia:
709 577 859 648 regni
913 577 1193 646 dispositio
1266 577 1505 632 incubuit
1551 575 1757 648 Hugoni

163 671 494 727 Parisiensis
523 669 672 725 ducis
701 669 832 734 tilio,
861 668 1112 724 videlicet
1142 669 1284 723 illius
1312 668 1488 740 Magni
1521 669 1760 738 hugonis

162 777 328 833 supra
374 761 683 826 memorati,
734 759 887 829 cujus
928 761 1092 815 etiam
1123 759 1294 815 frater
1337 771 1454 816 erat
1490 761 1762 816 nohilissi-

162 868 284 908 mus
309 851 640 922 Burgundite
667 850 775 905 dux
804 850 1087 907 Henricus.
1131 849 1232 919 Qui
1264 850 1424 907 simul
1449 867 1570 906 cum
1595 852 1760 908 totius

161 940 317 1014 regni
343 942 671 1012 primatibus
691 941 1082 997 convenienter
1129 942 1445 1013 prmdictum
1478 942 1758 1013 Hngonem

163 1035 217 1088 in
265 1049 453 1105 regem
482 1033 608 1104 ungi
639 1032 903 1088 fecerunt.
954 1034 1123 1088 Erant
1167 1049 1317 1104 ergo,
1369 1042 1429 1088 ut
1465 1034 1579 1103 jam
1613 1050 1761 1091 eom-

162 1125 623 1189 memoravimus,
680 1124 940 1180 affinitate
990 1126 1476 1195 consanguinitatis
1545 1127 1760 1198 regibus

163 1214 444 1269 Saxonum
481 1215 638 1279 uniti,
673 1230 702 1268 a
731 1216 905 1285 primo
947 1215 1155 1270 scilicet
1202 1214 1419 1282 Ottone,
1466 1217 1557 1286 qui
1603 1225 1760 1271 natus

159 1312 244 1358 est
284 1319 352 1359 ex
403 1303 646 1375 Hugonis
673 1305 850 1375 Magni
899 1320 1088 1360 sorore
1120 1304 1258 1376 (25).
1289 1306 1556 1376 Suscepto
1597 1305 1761 1376 igitur

163 1393 324 1465 Hugo
371 1395 636 1467 regimine
679 1396 829 1468 regni
879 1395 1234 1462 Francorum,
1281 1411 1389 1451 non
1431 1395 1600 1451 multo
1631 1405 1758 1466 post

160 1482 462 1558 plerosque
491 1504 739 1556 suorum,
793 1504 930 1550 quos
971 1491 1135 1544 etiam
1186 1489 1339 1560 prius
1387 1489 1440 1544 in
1491 1488 1759 1544 universis

159 1580 428 1636 habuerat
455 1581 1008 1652 subditos,persensit
1037 1591 1410 1637 contumaces.
1443 1581 1670 1645 Tamen,
1700 1588 1759 1635 ut

162 1684 281 1728 erat
308 1690 541 1746 corpore
568 1685 623 1730 et
653 1684 832 1730 mente
861 1675 1093 1739 vividus,
1115 1683 1340 1730 cunctos
1369 1673 1468 1729 sibi
1497 1673 1759 1728 rebellan-

161 1776 245 1821 tes
284 1765 551 1837 paulatim
588 1766 940 1836 compegeuit.
986 1764 1234 1821 Habebat
1261 1765 1405 1821 enim
1453 1764 1621 1819 lilium
1656 1763 1756 1818 ad-

1862 586 2121 634 exeuntes
2171 578 2237 634 de
2287 580 2526 650 scaphis,
2562 580 3097 650 conscendentesque
3141 589 3444 653 turgentem

1861 669 2055 727 bellua:
2083 671 2328 738 dorsum,
2357 673 2516 728 unius
2561 673 2937 728 tantummodo
2984 673 3182 728 ibidem
3210 673 3444 744 hospitio

1861 763 2038 818 noctis
2063 763 2312 834 potituri.
2343 763 2586 834 Cumque
2617 773 2738 836 post
2765 767 2986 820 brevem
3027 780 3239 820 etenam
3262 767 3449 821 cmteri

1861 856 2060 910 fratres
2105 854 2248 910 fessa
2296 854 2646 910 indulsissent
2698 856 2946 910 memhra
2973 855 3166 926 quieti,
3195 854 3343 911 solus
3363 855 3460 928 vir.

1861 945 2075 1001 Domini
2104 944 2388 1001 Bendanus
2408 943 2639 1015 pervigil
2661 955 2846 1000 custos
2876 944 3145 1000 Dominici
3171 944 3352 1011 ovilis,
3381 959 3448 1000 ae

1861 1039 2036 1109 magis
2086 1038 2336 1094 assiduus
2361 1053 2524 1109 quam
2585 1035 2842 1108 frequens
2896 1038 3218 1108 psalmicen,
3258 1038 3448 1108 exple-

1859 1131 2017 1185 rabat
2039 1132 2251 1185 cautius
2272 1129 2382 1184 vim
2407 1139 2694 1185 ventorum
2742 1139 2796 1184 et
2839 1130 3073 1184 siderum
3101 1144 3316 1186 cursus.
3343 1128 3448 1197 Qui

1861 1220 1985 1275 dum
2032 1219 2134 1274 hoc
2165 1220 2428 1275 attentius
2479 1236 2579 1290 per
2620 1215 2803 1274 noctis
2851 1219 3206 1275 conticinium
3237 1227 3446 1292 ageret,

1860 1318 2083 1380 repente
2135 1309 2398 1366 intellexit
2429 1311 2685 1380 quoniam
2717 1309 2847 1365 illud
2893 1309 3348 1379 promontorium,
3378 1309 3447 1364 ad

1859 1403 2002 1472 quod
2023 1401 2232 1458 scilicet
2263 1401 2589 1472 hospitaturi
2623 1402 2983 1469 diverterant,
3023 1399 3090 1454 ad
3119 1399 3441 1455 orientalem

1861 1494 1978 1550 illos
2006 1495 2266 1550 eveheret
2317 1492 2553 1564 plagam.
2607 1491 2751 1547 Luce
2795 1505 3013 1562 quoque
3065 1488 3292 1544 alterius
3336 1489 3445 1544 dici

1859 1584 2090 1651 reddita,
2119 1583 2514 1640 solertissimus
2537 1582 2620 1636 vir
2641 1595 2954 1637 convocans
2993 1577 3230 1650 collegas
3258 1577 3448 1633 vi‘deli-
3506 1583 3511 1591 ‘

1858 1685 1945 1731 cet
1974 1690 2121 1740 suos,
2141 1675 2232 1746 qui
2256 1675 2504 1738 aderant,
2529 1673 2726 1728 blande
2756 1671 3053 1728 exhortans
3071 1685 3136 1726 ac
3155 1669 3446 1726 consolans

1859 1782 1974 1832 eos,
2022 1766 2271 1837 inquiens
2303 1782 2316 1820 :
2366 1784 2382 1818 ι
2423 1765 2815 1821 Universorum
2849 1763 3120 1820 conditori
3156 1771 3213 1818 et
3239 1764 3443 1836 guber-

161 1859 385 1912 modnm
454 1858 774 1928 prudentem
797 1899 810 1922 ,
865 1858 1084 1912 nomine
1139 1857 1436 1914 Robertum
1465 1897 1481 1923 ,
1557 1855 1757 1911 artium
1790 1859 1832 1920 Β
1863 1860 2039 1916 natori
2066 1860 2196 1927 Deo,
2247 1858 2442 1914 fratres
2470 1857 2868 1931 henignissimi,
2900 1855 3205 1913 indefessas
3242 1856 3453 1913 referan

160 1948 330 2004 etiam
369 1948 678 2003 litterarum
724 1948 919 2003 studiis
944 1948 1236 2017 plurimum
1264 1949 1560 2004 eruditum.
1593 1947 1756 2002 Cum-

163 2056 271 2111 que
303 2056 363 2095 se
386 2040 732 2111 cognovisset
757 2039 870 2110 jam
900 2039 1292 2110 aliquantulum
1336 2039 1543 2094 viribus
1580 2038 1757 2103 defici,

164 2132 522 2202 congregatis
587 2131 642 2186 in
710 2129 999 2186 Aureliana
1060 2132 1194 2186 urbe
1247 2132 1395 2202 regia
1458 2130 1761 2201 quibusque

163 2220 506 2275 Francorum
571 2235 636 2276 ac
685 2219 1131 2290 Burgundionum
1184 2222 1334 2294 regni
1386 2221 1757 2293 primoribus,

162 2311 417 2366 eumdem
469 2309 796 2376 Robertum,
854 2310 1022 2365 tilium
1077 2311 1330 2366 videlicet
1387 2327 1568 2378 suum,
1617 2326 1761 2366 anno

164 2404 377 2460 scilicet
440 2403 607 2460 tertio
671 2401 880 2459 decimo
928 2415 1056 2460 ante
1099 2403 1442 2460 millesimum
1495 2401 1760 2459 hicarnati

165 2495 493 2561 Salvatoris,
541 2496 723 2552 adhuc
775 2512 834 2553 se
872 2498 1187 2568 superstite,
1239 2513 1419 2568 regem
1455 2496 1758 2552 constituit.

161 2587 295 2642 Post
338 2586 549 2657 aliquot
587 2603 719 2642 vero
747 2603 921 2642 annos
967 2587 1106 2642 idem
1152 2588 1315 2642 etiam
1365 2604 1458 2643 rex
1511 2587 1664 2658 llugo
1706 2587 1759 2642 in

162 2694 320 2748 pace,
366 2694 532 2749 regno
578 2677 854 2748 deposito,
889 2678 1118 2734 feliciter
1155 2679 1304 2733 obiit.
1343 2678 1475 2733 Erat
1527 2694 1762 2748 namque

166 2770 436 2824 Bobertns
486 2784 583 2823 rex
638 2777 766 2823 tunc
795 2767 1046 2839 juvenis,
1095 2767 1153 2822 nl
1198 2768 1474 2834 diximus,
1521 2768 1761 2838 prudens

165 2871 332 2931 atque
360 2861 629 2922 eruditus,
655 2860 936 2930 dulcisque
960 2860 1176 2929 eloquio
1199 2875 1264 2915 ac
1289 2861 1492 2930 pietate
1513 2861 1758 2931 insignis.

166 2951 295 3016 Sed,
327 2952 510 3006 divina
539 2951 858 3024 providente
895 2951 1202 3018 clementia,
1235 2951 1546 3020 huiusmodi
1583 2951 1761 3006 virum

165 3040 232 3095 ad
255 3040 553 3096 Catholica:
579 3041 755 3111 plebis
784 3041 1027 3112 regimen
1058 3041 1300 3096 omnium
1345 3041 1607 3097 Dominus
1667 3040 1762 3097 illo

164 3133 439 3202 praecipue
487 3133 540 3186 in
573 3141 819 3205 tempore
861 3133 1116 3204 dignatus
1154 3142 1233 3189 est
1276 3133 1570 3189 destinare.
1623 3133 1759 3188 Nam

166 3223 359 3278 diebus
400 3225 550 3295 regni
585 3224 776 3295 ipsius,
806 3223 1203 3280 elementorum
1232 3226 1394 3280 etiam
1424 3227 1592 3297 signis
1621 3242 1760 3296 prce—

163 3311 443 3378 euntibus,
486 3329 594 3369 non
621 3316 846 3369 modica:
882 3315 1076 3388 cladesi
1100 3316 1393 3372 incubuere
1435 3316 1636 3371 Christi
1661 3315 1762 3371 Ec-

166 3403 348 3460 clesiae
385 3424 399 3460 :
436 3405 636 3476 quibus
665 3406 940 3466 nib'idem
970 3422 1065 3462 rex
1097 3407 1390 3478 sapienter,
1433 3407 1540 3462 Deo
1576 3421 1634 3460 se
1674 3407 1762 3478 jn-

167 3506 347 3561 vante,
392 3498 703 3565 restitisset,
751 3499 1020 3555 sacviendo
1069 3499 1439 3574 multipliciter
1461 3499 1514 3556 in
1553 3499 1763 3572 longin-

167 3602 336 3657 quum
370 3589 788 3658 processissent.

797 3678 1027 3737 CAPUT
1065 3680 1128 3735 ΙΙ.

393 3769 468 3826 De
496 3783 612 3827 celu
641 3774 824 3840 maris,
862 3784 910 3827 et
934 3775 1332 3830 occidentalium
1361 3774 1530 3830 bellis.

236 3861 396 3918 Anno
449 3865 618 3935 igitur
658 3876 854 3936 quarto
912 3866 978 3921 de
1032 3867 1402 3938 suprascripto
1448 3867 1758 3933 millesimo,

169 3953 285 4010 visa
328 3966 414 4011 est
455 3966 609 4012 cetus
652 3959 804 4012 mirae
851 3959 1239 4028 magnitudinis
1290 3958 1639 4015 descendisse
1668 3975 1765 4030 per

170 4063 345 4114 mare,
381 4049 430 4104 in
456 4048 577 4105 loco
605 4049 697 4120 qui
719 4050 1054 4105 Bernovallis
1078 4061 1439 4121 nuncupatur.
1464 4051 1763 4122 Egrediens

170 4138 380 4193 scilicet
405 4153 434 4193 a
461 4138 877 4210 septentrionali
903 4138 1059 4210 plaga
1106 4140 1158 4193 in
1195 4140 1612 4195 occidentalem.
1653 4141 1762 4210 Ap-

169 4231 356 4300 paruit
396 4246 612 4302 quoque
667 4246 862 4286 mense
900 4230 1186 4286 Novembri
1239 4247 1400 4286 mane
1451 4231 1625 4301 prima
1655 4231 1762 4285 diei

169 4321 482 4384 aurora,ad
507 4321 685 4376 instar
715 4321 926 4387 insulae,
979 4337 1042 4375 ac
1088 4321 1417 4376 transeundo
1454 4321 1763 4391 perdurans

169 4426 344 4481 usque
390 4412 443 4466 in
489 4412 681 4467 horam
715 4413 819 4468 diei
855 4415 1094 4479 tertiam,
1119 4417 1416 4472 maximum
1451 4417 1616 4471 etiam
1647 4427 1763 4472 stu-

169 4518 355 4574 porem
381 4504 909 4574 admirationemque
932 4521 990 4560 se
1014 4508 1362 4562 cernentibus
1385 4509 1631 4564 contulit.
1651 4508 1765 4564 Sed

170 4604 318 4649 etne
349 4593 506 4650 alicui
541 4595 683 4650 forte
712 4596 783 4650 sit
811 4597 1032 4650 dubium
1078 4598 1222 4666 quod
1256 4608 1534 4664 narratur,
1565 4615 1756 4669 quam-
1792 4591 1841 4650 Ι)

172 4687 298 4742 visa
322 4687 507 4744 multis
536 4689 713 4743 visum
750 4686 868 4753 fuit,
888 4698 1067 4744 tamen
1097 4691 1225 4746 huic
1254 4691 1430 4747 simile
1458 4701 1760 4748 monstrum

172 4793 201 4832 a
231 4777 507 4849 plerisque
556 4777 834 4833 invenitur
873 4779 1229 4850 descriptum.
1283 4781 1525 4852 Denique
1563 4777 1765 4853 legitur

173 4871 225 4925 in
256 4873 424 4942 gestis
462 4872 666 4942 egregii
719 4872 1053 4929 confessoris
1112 4874 1368 4940 Bendani,
1418 4877 1761 4933 orientalium

173 4964 428 5020 videlicet
452 4965 778 5037 Anglorum,
809 4967 1064 5035 quoniam
1117 4966 1258 5020 idem
1299 4968 1384 5022 vir
1432 4969 1526 5025 Dei
1552 4969 1763 5025 scilicet

172 5055 460 5112 Bandanus
483 5072 602 5112 cum
636 5055 886 5127 pluribus
910 5056 1189 5112 mcnacbis
1216 5071 1312 5126 per
1339 5061 1581 5116 marinas
1615 5061 1766 5134 insu-g

1862 1965 1982 2006 mus
2003 1951 2231 2022 gratias,
2260 1951 2352 2020 qui
2383 1967 2479 2005 sua
2511 1950 2664 2006 nobis
2712 1949 2765 2004 in
2801 1950 2886 2004 his
2921 1949 3152 2004 marinis
3198 1947 3451 2003 fluctibus

1860 2041 2199 2112 providentia
2223 2041 2550 2111 prmparavit
2578 2039 2885 2096 vehiculum
2911 2055 3016 2095 non
3033 2053 3196 2110 egens
3213 2041 3451 2095 humano

1863 2133 2108 2204 remigio.
2147 2152 2166 2187 ι
2196 2132 2403 2201 Quibus
2448 2149 2477 2188 a
2531 2133 2648 2187 viro
2689 2132 2782 2187 Dei
2831 2132 2964 2188 socii
2995 2132 3214 2196 auditis,
3249 2131 3450 2186 mentis

1861 2234 2086 2294 stupore
2138 2224 2338 2290 adacti,
2396 2224 2593 2280 divina:
2637 2225 2887 2295 protinus
2934 2239 3056 2280 sese
3097 2222 3450 2294 providentia:

1861 2318 2283 2382 committentes,
2327 2332 2392 2372 ac
2438 2317 2540 2371 viri
2586 2316 2758 2371 sancti
2805 2315 3096 2370 innitentes
3124 2314 3449 2385 prudentiae,

1862 2417 2144 2483 asperum
2177 2407 2483 2473 securiores
2529 2415 2781 2464 eventum
2815 2405 3120 2476 praestolari
3148 2405 3225 2461 rei
3255 2403 3451 2460 fortui—

1864 2515 1952 2560 ιω.
1984 2502 2308 2574 llujnsmodi
2361 2516 2492 2573 ergo
2519 2516 2617 2570 per
2654 2500 2826 2571 Spatia
2853 2498 3210 2568 plurimorum
3238 2496 3447 2552 dierum

1864 2597 1968 2652 nisi
2017 2595 2321 2662 evectione,
2366 2594 2602 2665 semper’
2626 2602 2803 2647 tamen
2837 2598 3011 2647 semet
3041 2588 3452 2660 conspiciebant

1865 2687 1931 2742 ad
1984 2686 2116 2741 solis
2158 2693 2342 2739 ortum
2393 2683 2639 2738 tendere.
2689 2681 2930 2736 Tandem
2969 2695 3100 2735 vero
3129 2687 3447 2750 perventum

1862 2787 1946 2835 est
2001 2778 2068 2833 ad
2121 2777 2350 2832 insulam
2409 2785 2730 2831 caeterarum
2777 2772 3232 2844 speciosissimam
3286 2781 3451 2840 atque

1862 2869 2008 2926 omni
2036 2869 2353 2924 amoenitate
2378 2865 2849 2937 gratiosissimam.
2877 2863 3025 2918 [llius
3044 2876 3260 2933 quoque
3290 2861 3452 2915 arbo-

1864 2978 1983 3017 rum
2030 2960 2292 3016 habitudo
2345 2968 2508 3030 atque
2535 2957 2714 3012 avium
2766 2954 3270 3012 dissimilitudinem
3307 2954 3451 3025 gerit

1863 3054 2266 3109 universorum.
2297 3051 2564 3122 Egressus
2610 3064 2826 3120 quoque
2876 3048 2960 3103 vir
2994 3047 3268 3103 smeularis
3297 3037 3453 3102 acce—

1866 3143 1998 3200 dens
2045 3143 2113 3198 ad
2162 3158 2302 3207 eam,
2334 3141 2538 3212 reperit
2579 3141 2744 3195 etiam
2790 3139 2862 3194 ibi
2907 3139 3300 3194 monachorum
3363 3137 3469 3207 vel.

1865 3236 2046 3308 potius
2072 3235 2528 3290 anachoretarum
2553 3231 2812 3288 collectas
2831 3231 2995 3285 miras
3016 3245 3080 3285 ac
3104 3228 3449 3300 multiplices,

1865 3341 2094 3399 quorum
2149 3324 2358 3381 scilicet
2408 3323 2520 3378 vita
2562 3331 2618 3378 et
2672 3321 3017 3377 conversatio
3070 3320 3451 3376 universorum

1863 3417 2174 3474 mortalium
2226 3416 2422 3473 studiis
2453 3417 2696 3471 sanctior
2727 3424 2890 3485 atque
2926 3414 3158 3470 nobilior
3185 3413 3448 3469 enitebat.

1862 3512 1903 3566 A
1934 3511 2128 3582 quibus
2153 3510 2318 3566 etiam
2347 3524 2537 3581 magna
2567 3525 2687 3564 cum
2719 3509 2990 3564 charitate
3017 3507 3251 3578 suscepti
3285 3506 3458 3576 pluri-

1863 3603 1962 3659 bus
2007 3603 2196 3658 diehus
2246 3602 2449 3658 ibidem
2505 3609 2940 3666 commanentes,
2983 3600 3049 3654 de
3103 3599 3287 3653 multis
3332 3615 3453 3669 qua:

1865 3698 1934 3754 ad
1979 3714 2163 3754 veram
2220 3698 2496 3770 pertinent
2551 3696 2840 3766 diligenter
2891 3694 3122 3750 salutem
3176 3693 3450 3754 instructi,

1865 3791 2207 3861 postmodum
2235 3799 2290 3845 et
2324 3790 2392 3845 ad
2441 3788 2684 3844 nativum
2717 3796 3056 3844 revertentes
3100 3785 3299 3851 solum,
3328 3785 3453 3839 uni-

1862 3903 2020 3942 versa
2048 3902 2168 3956 qua:
2196 3892 2578 3958 compererant
2605 3884 2796 3955 patriae
2829 3883 3025 3939 redditi
3067 3887 3450 3938 narraverunt.

1863 3979 2136 4034 Praeterea
2157 3979 2298 4043 viso,
2325 3987 2384 4032 ut
2417 3977 2600 4032 dicere
2626 3977 2914 4047 coepimus,
2947 3975 3148 4031 Oceani
3178 3981 3450 4045 portento,

1863 4084 2093 4123 exorsus
2121 4077 2204 4123 est
2248 4067 2474 4123 hellicus
2523 4066 2787 4122 tumultus
2821 4066 2874 4120 in
2904 4067 3155 4120 universa
3197 4061 3453 4120 occiden-

1868 4159 1957 4214 tali
1989 4158 2140 4214 orbis
2167 4159 2346 4230 plaga,
2377 4159 2633 4214 videlicet
2683 4167 2790 4213 tam
2827 4157 2880 4212 in
2913 4157 3224 4228 regionibus
3253 4148 3452 4210 Gallia-

1865 4267 1985 4306 rum
2013 4266 2174 4320 quam
2206 4250 2259 4305 in
2283 4249 2662 4305 transmarinis
2686 4249 2890 4305 Oceani
2910 4247 3123 4313 insulis,
3153 4244 3461 4317 Anglorum

1864 4340 2120 4397 videlicet
2170 4350 2334 4410 atque
2380 4339 2686 4394 Brittonum
2743 4355 2841 4396 nec
2891 4354 2999 4395 non
3053 4333 3111 4392 et
3138 4335 3450 4392 Scotorum.

1867 4431 2175 4503 Siquidem,
2224 4443 2285 4489 ut
2330 4432 2650 4504 plerumque
2677 4431 2816 4488 solet
2861 4430 3199 4502 contingere,
3235 4434 3457 4498 propter

1866 4529 2059 4585 delicta
2092 4529 2261 4584 intimi
2289 4529 2469 4602 populi
2499 4530 2643 4586 versi
2692 4530 2745 4585 in
2795 4529 3194 4586 dissensionem
3239 4527 3457 4584 illorum

1867 4637 2025 4693 reges
2051 4638 2115 4678 ac
2138 4623 2319 4679 caeleri
2350 4623 2641 4694 principes,
2691 4622 2992 4695 statimque
3040 4623 3462 4686 exartlescentirs

1864 4713 1918 4768 in
1970 4713 2227 4784 subjecta:
2278 4714 2453 4784 plebis
2507 4715 2986 4786 depopulationem
3030 4714 3256 4778 scilicet,
3285 4728 3459 4781 usque.

1866 4803 1993 4858 dum
2021 4805 2392 4872 perducuntur
2420 4805 2486 4859 ad
2541 4805 2742 4860 suimet
2792 4803 3072 4876 sanguinis
3117 4802 3456 4858 effusionem.

1867 4891 2022 4960 Quod
2050 4893 2305 4948 videlicet
2337 4894 2520 4949 tandiu
2553 4903 2829 4966 patratum
2872 4903 2956 4951 est
2987 4893 3038 4947 in
3069 4891 3343 4961 praedictis
3373 4890 3458 4943 in-

1816 5050 1837 5068 .
1866 4987 2018 5051 snlis,
2041 5001 2323 5056 quousque
2354 5003 2495 5042 unus
2523 5003 2712 5060 regum
2741 4985 3055 5042 earumdem
3097 4984 3148 5038 vi
3192 4983 3338 5038 solus
3363 4998 3461 5052 po-

1868 5078 2068 5132 tiretur
2107 5075 2392 5146 regiminis
2423 5087 2778 5134 exterarum.
2824 5075 3066 5143 Denique
3096 5083 3314 5128 mortuo
3336 5089 3463 5139 rege.
