3992 5338
528 324 653 389 65f,

1511 330 1812 388 RODULFI
1850 329 2102 387 GLABRI
2139 332 2445 391 MONACHI
2481 333 2801 396 CLUNIAC.

3682 339 3790 398 G33

533 433 683 471 munt
715 417 938 483 ducens,
972 419 1257 497 utriusque
1301 436 1454 493 regni
1501 432 1674 479 tenuit
1720 424 2112 479 monarcbiam.
2139 429 2190 489 Α
2218 428 2437 496 dicitur,
2470 431 2700 501 quisque
2730 430 2965 495 illorum,
2989 445 3111 486 cum
3150 445 3249 487 suo
3277 431 3520 488 exercitu
3545 433 3628 488 die
3657 448 3789 489 con-

533 507 665 563 Post
700 509 812 564 hate
836 522 1053 581 quoque
1083 511 1223 567 idem
1247 511 1432 568 Canuc
1461 530 1582 570 cum
1615 515 1848 585 plurimo
1867 518 2110 573 exercitu

480 592 490 626 ν
532 614 804 668 egressus,
837 613 893 654 ut
923 602 1237 673 subjugaret
1266 604 1369 659 sibi
1397 615 1611 675 gentem
1644 608 1953 676 Scotorum,
1977 624 2116 680 quo-

531 702 652 741 rum
677 687 929 745 videlicet
945 706 1039 745 rex
1059 690 1286 747 Melculo
1310 695 1628 762 vocabatur,
1647 698 1920 752 viribuset
1944 699 2111 754 armis

528 777 764 845 validus,
794 790 867 848 et,
896 785 1037 852 quod
1071 786 1413 863 potissimum
1445 797 1583 853 erat,
1619 789 1721 845 fide
1753 799 1918 860 atque
1945 806 2114 862 opere

528 865 1047 929 Christianissimus.
1067 874 1136 930 Ut
1153 887 1335 932 autem
1360 880 1617 950 cognovit
1655 881 1912 950 quoniam
1928 880 2115 936 Canuc

525 961 794 1019 audacter
819 965 965 1022 illius
993 979 1264 1038 quaereret
1313 970 1569 1026 invadere
1600 988 1848 1044 regnum,
1879 988 2111 1041 congre-

524 1069 666 1125 gans
708 1070 926 1113 omnem
955 1075 1066 1115 stne
1096 1063 1275 1131 gentis
1305 1064 1628 1130 exercitum,
1656 1074 1908 1135 potenter
1937 1067 2014 1133 ei,
2044 1084 2113 1122 ne

523 1146 753 1214 valeret,
786 1150 1006 1206 restitit.
1040 1152 1119 1207 Ac
1150 1153 1241 1208 diu
1274 1154 1611 1225 multumque
1641 1156 1839 1212 talibus
1865 1157 2113 1226 procaci-

522 1245 610 1293 ter
639 1238 825 1296 Canuc
869 1241 1404 1315 inserviensjurgiis,
1440 1247 1507 1301 ad
1539 1255 1878 1317 postremum
1902 1256 2110 1302 tantum

521 1329 771 1397 pnedicti
832 1331 1049 1389 Ricardi
1120 1330 1582 1405 Rothomagorum
1646 1338 1819 1405 ducis,
1888 1337 2114 1410 ejusque

523 1421 730 1477 sororis
758 1423 1219 1493 persuasionibus,
1249 1442 1349 1497 pro
1370 1428 1464 1484 Dei
1501 1444 1690 1486 amore
1712 1429 1860 1484 omni
1890 1444 2115 1499 prorsus

524 1509 772 1581 deposita
818 1511 1055 1578 feritate,
1104 1516 1251 1573 mitis
1274 1515 1518 1583 effectus,
1561 1520 1612 1573 in
1646 1534 1779 1588 pace
1811 1520 1976 1590 degit.
2028 1521 2113 1575 ln-

523 1616 692 1689 super
733 1612 789 1660 et
843 1605 1127 1660 Scotorum
1158 1624 1338 1680 regem
1369 1611 1625 1667 amicitim
1655 1613 1831 1684 gratia
1859 1615 2112 1686 diligens,

524 1693 778 1764 illiusque
801 1694 971 1751 tilium
1016 1698 1082 1752 de
1130 1716 1285 1756 sacro
1329 1702 1674 1773 baptismatis
1698 1704 1846 1761 fonte
1870 1707 2107 1776 excepit.

2214 518 2404 573 stituto
2433 520 2810 587 advenientes,
2859 520 3029 591 praelii
3080 531 3360 577 certamen
3408 523 3629 577 inirent.
3683 521 3788 579 Sed

2214 608 2525 665 Brittonum
2579 612 2855 666 exercitus
2906 611 3211 683 excogitata
3264 611 3477 670 fraudis
3525 613 3791 683 decipula,

2212 714 2423 772 partem
2453 701 2707 757 Fulconis
2735 702 3009 757 exercitus
3056 703 3308 774 nequiter
3355 712 3788 774 prostraverunt.

2212 794 2272 848 In
2320 795 2584 865 praedicto
2637 794 2873 864 denique
2920 793 3056 860 loco,
3117 795 3328 849 scilicet
3383 794 3474 849 ubi
3519 805 3793 851 certamen

2215 886 2509 942 ineundum
2540 885 2736 951 fuerat,
2765 885 2904 941 clam
2936 887 3330 957 prmvenientes
3379 886 3564 956 populi
3593 886 3792 942 Britloo

2215 994 2365 1037 num.
2401 978 2473 1033 ibi
2519 978 2749 1034 nimium
2799 987 2977 1034 astute
3032 977 3357 1049 profundum
3390 987 3556 1048 atque
3582 977 3797 1048 perlon-

2215 1088 2340 1142 gum
2394 1071 2578 1128 fodere
2628 1071 2850 1138 vallum,
2905 1072 3181 1142 ramisque
3219 1072 3477 1126 arborum
3525 1071 3791 1125 densatim

2215 1162 2625 1233 superinsertis,
2649 1162 2904 1232 imposita
2925 1161 3176 1217 videlicet
3197 1162 3446 1217 hostibus
3474 1160 3797 1231 muscipula,

2216 1262 2581 1317 recesserunt.
2614 1253 2711 1309 Die
2763 1252 2926 1322 igitur
2955 1253 3250 1308 constituto
3268 1252 3427 1323 juxta
3459 1252 3793 1317 condictum,

2216 1346 2342 1403 dum
2396 1347 2520 1403 illuc
2576 1356 2806 1417 uterque
2860 1361 2984 1402 cum
3040 1362 3140 1401 suo
3195 1346 3445 1402 exercitu
3495 1345 3794 1408 adveniret,

2216 1445 2387 1507 atque
2403 1438 2548 1492 acies
2571 1447 2801 1506 utraque
2835 1436 2948 1505 jam
2979 1438 3031 1493 in
3063 1438 3348 1508 procinctu
3393 1438 3688 1501 videretur,
3714 1436 3797 1491 in-

2219 1527 2449 1582 formata
2481 1542 2610 1600 gens
2639 1528 2949 1584 Brittonum
2977 1528 3169 1584 callida
3203 1528 3522 1599 fraudisque
3566 1529 3798 1600 propria:

2215 1622 2457 1684 conseia,
2492 1620 2756 1677 simulans
2782 1638 2841 1676 se
2869 1621 3004 1677 velle
3049 1622 3297 1692 arripere
3342 1621 3555 1694 fugam,
3595 1622 3797 1677 scilicet

2218 1722 2277 1767 ut
2306 1713 2517 1767 avidius
2542 1712 2882 1782 demergerct
2907 1713 3117 1769 hostem
3150 1714 3213 1793 in
3234 1713 3491 1769 latentem
3527 1714 3797 1781 muscipu-

523 1782 703 1856 Cmpit
724 1802 853 1859 ergo
876 1805 939 1845 ex
968 1789 1058 1846 illo
1088 1790 1209 1847 fieri
1254 1801 1337 1860 ut,
1362 1794 1406 1849 si
1433 1810 1539 1864 qua
1563 1795 1779 1850 hostilis
1810 1797 2110 1853 necessitas
2141 1798 2184 1858 Β
2215 1802 2343 1856 lam.
2366 1802 2519 1871 Quod
2540 1818 2769 1858 cernens
2791 1803 3049 1859 Fulconis
3073 1782 3372 1869 exercitus,
3392 1804 3619 1874 cupiens
3638 1818 3795 1871 expe-

524 1876 989 1947 Rotbomagorum
1040 1882 1162 1938 duci
1222 1885 1594 1953 incumberet,
1646 1903 1675 1943 a
1733 1890 2110 1945 transmarinis

526 1970 720 2026 insulis
749 1972 802 2027 in
827 1989 983 2028 suum
1029 1977 1289 2045 auxilium
1322 1981 1624 2034 exercitum
1653 1993 1892 2037 sumeret
1923 1983 2111 2053 copio-

523 2074 667 2116 sum.
699 2062 899 2133 Sicque
922 2066 1126 2122 diutius
1152 2083 1285 2139 gens
1318 2068 1779 2127 Nortmaunorum
1812 2073 2022 2129 scilicet
2048 2090 2112 2130 ac

521 2155 903 2225 praedictarum
956 2162 1135 2230 populi
1179 2164 1481 2219 insularum
1528 2168 1626 2222 tuti
1662 2181 1796 2236 pace
1826 2168 2111 2236 fidissima,

526 2255 587 2299 ut
610 2247 708 2317 ipsi
735 2250 913 2318 potius
936 2251 1225 2310 formidine
1246 2272 1358 2311 sua:
1380 2259 1634 2328 potentia:
1650 2260 1938 2330 pleresque
1960 2273 2112 2317 exte-

528 2332 713 2393 rarum
740 2343 1138 2409 provinciarum
1174 2356 1441 2404 terrerent
1490 2352 1740 2423 p0pulos,
1797 2370 1960 2424 quam
2008 2355 2109 2425 ipsi

524 2430 593 2486 ab
615 2430 738 2487 aliis
761 2441 1115 2491 terrerentur.
1150 2437 1260 2493 Nec
1288 2441 1487 2496 mirum
1530 2443 1729 2516 quippe
1784 2445 2042 2515 quoniam
2078 2462 2109 2501 a

522 2523 721 2592 quibus
773 2526 1039 2586 bonorum
1085 2530 1439 2600 exstirpatrix
1491 2533 1587 2589 Dei
1644 2536 1842 2591 timore
1884 2536 2112 2606 expulsa

520 2611 704 2668 fuerat
755 2613 1047 2683 discordia,
1107 2619 1158 2673 in
1213 2622 1417 2677 eisdem
1460 2638 1593 2693 pace
1646 2625 1848 2694 praevia
1900 2625 2109 2683 Christi

522 2704 710 2762 nobile
737 2722 963 2780 regnum
994 2707 1121 2766 felix
1146 2712 1377 2769 obtinuit
1401 2715 1719 2787 tripudium.
2066 2724 2071 2727 '

1146 2826 1375 2884 CAPUT
1408 2829 1493 2886 ΙΙΙ.

554 2913 636 2968 ,οι
691 2912 907 2970 Conano
958 2916 1090 2972 duce
1137 2917 1456 2987 Brittonum,
1512 2933 1561 2978 et
1615 2921 1855 2980 Fulcone
1899 2925 2076 2982 Ande-

1178 3007 1453 3060 guttarum.

590 3074 1216 3151 Praescriplorumigitur
1239 3082 1448 3136 dierum
1470 3092 1732 3155 tempore,
1754 3086 2111 3143 nihilominus

2214 1895 2327 1950 dite
2383 1909 2550 1962 super
2598 1909 2692 1949 eos
2738 1894 2969 1958 irruere,
3018 1895 3228 1950 corruit
3280 1910 3407 1966 pars
3459 1911 3524 1950 ex
3570 1894 3650 1949 eis
3686 1909 3801 1949 non

2212 1988 2423 2043 modica
2456 1988 2508 2042 in
2555 1988 2788 2052 foveam,
2843 1988 3094 2044 videlicet
3124 1988 3433 2043 Brittonum
3463 1999 3586 2044 astu
3619 1998 3799 2053 patra-

2216 2086 2345 2131 tam.
2371 2077 2514 2133 lllico
2530 2087 2712 2132 autem
2731 2053 3005 2132 Brittones
3031 2079 3285 2133 conversi
3324 2079 3414 2148 qui
3445 2079 3599 2147 prius
3622 2077 3801 2149 fugam

2213 2168 2628 2235 simulaverant,
2662 2168 3048 2239 inhianterque
3076 2185 3240 2240 super
3282 2168 3547 2224 Fulconis
3590 2168 3797 2225 excrci-

2216 2270 2327 2315 tum
2360 2260 2653 2327 irruentes,
2700 2260 3003 2331 asperrima
3055 2259 3407 2331 quamplurcs
3450 2273 3521 2315 ex
3549 2260 3630 2314 eis
3656 2258 3805 2314 ca’de

2212 2359 2655 2421 prostraverunt,
2701 2351 2877 2421 ipsum
2925 2351 3091 2406 etiam
3149 2350 3444 2406 Fulconem
3491 2349 3703 2421 pulsum
3735 2349 3800 2404 de

2210 2456 2353 2512 equo
2378 2442 2434 2496 in
2471 2451 2672 2498 terram
2702 2442 2988 2497 loricatum
3013 2440 3347 2511 dejecernnt.
3374 2441 3477 2509 Qui
3507 2454 3801 2510 exsurgens

2213 2533 2383 2590 nimio
2412 2549 2676 2590 accensus
2706 2533 2912 2601 furore,
2941 2535 3102 2590 dictis
3150 2533 3398 2589 relevans
3419 2547 3800 2603 exacuensque

2213 2641 2438 2681 suorum
2482 2626 2714 2694 animos,
2771 2642 2835 2682 ac
2882 2626 3030 2681 velut
3085 2624 3244 2681 turbo
3294 2626 3801 2680 vehementissimus

2215 2733 2313 2787 per
2339 2718 2538 2777 densas
2569 2728 2782 2788 segetes
2832 2717 3193 2788 impcllcntes,
3250 2732 3469 2772 onmem
3501 2716 3805 2772 exercitum

2212 2809 2521 2864 Brittonum
2551 2809 2760 2864 crudeli
2788 2810 3014 2863 nimium
3042 2809 3189 2879 caede
3212 2818 3614 2864 mactaverunt.
3652 2807 3801 2862 Dele-

2216 2910 2380 2971 toque
2399 2917 2537 2970 pene
2554 2901 2810 2956 universo
2825 2900 3066 2955 exercitu
3094 2900 3420 2965 Brittonum,
3440 2901 3620 2970 ipsum
3643 2899 3800 2952 etia-n

2215 2993 2494 3050 Conanum
2557 2994 2772 3049 illorum
2839 2994 3138 3064 principem
3207 3002 3520 3047 truncatum
3581 2993 3801 3048 dextera

2216 3087 2401 3141 vivum
2453 3086 2733 3155 capientes
2788 3086 3014 3143 Fulcnni
3074 3084 3448 3140 reddiderunt.
3500 3084 3606 3152 Qui
3638 3084 3801 3154 potita

522 3170 578 3224 in
613 3169 817 3226 infimis
845 3170 1141 3227 Galliarum
1166 3174 1411 3244 partibus
1433 3175 1817 3231 intestinorum
1842 3179 2106 3234 bellorum
2136 3171 2180 3231 C
2214 3177 2461 3241 victoria,
2494 3192 2751 3233 reversus
2798 3177 2866 3231 ad
2914 3178 3132 3248 propria
3164 3195 3178 3231 :
3209 3193 3317 3232 non
3350 3177 3426 3230 illi
3456 3176 3804 3247 postmodum

520 3264 746 3322 desaevit
774 3270 1054 3324 tumultus.
1084 3269 1322 3325 Narrant
1355 3272 1623 3342 siquidem
1649 3274 1895 3345 plerique
1927 3276 2110 3346 dispu~

520 3366 705 3414 tantes
734 3360 803 3415 de
827 3362 1084 3417 numdani
1106 3363 1262 3418 orbis
1278 3364 1569 3431 positione,
1593 3366 1738 3435 quod
1767 3366 1905 3421 situs
1935 3368 2112 3438 regio-

519 3451 610 3506 nis
648 3451 835 3507 Gallia:
875 3454 1084 3523 quadra
1127 3454 1444 3510 dimetiatur
1471 3455 1762 3513 locatione.
1801 3456 1949 3513 Licet
1978 3474 2111 3530 ergo

523 3559 558 3598 a
585 3541 824 3614 Riphzeis
853 3544 1709 3618 montibususquellispauiarum
1741 3548 2023 3615 terminos,
2056 3551 2111 3604 in

520 3633 662 3689 linvo
693 3635 902 3691 habens
931 3635 1207 3691 Oceanum
1236 3652 1407 3704 mare,
1440 3639 1494 3692 in
1531 3640 1722 3695 dextro
1751 3655 1880 3695 vero
1907 3641 2109 3711 passim

518 3723 652 3795 juga
670 3724 904 3794 Alpium,
930 3728 1149 3796 propria
1174 3729 1404 3782 excedat
1431 3727 1770 3801 longitudine
1798 3746 2110 3786 mensuram

523 3817 757 3872 rationis
771 3816 1173 3887 quadriformm.
1188 3817 1354 3889 Cujus
1369 3820 1532 3874 etiam
1558 3819 1787 3876 inferius
1816 3820 2108 3875 finitimum

522 3925 590 3965 ac
622 3909 849 3981 perinde
898 3909 1223 3965 vilissimum
1273 3926 1443 3966 cornu
1497 3911 1689 3968 Galliae
1746 3922 2108 3983 nuncupatur.

521 4003 621 4058 Est
646 4003 791 4058 enim
819 4003 962 4057 illius
992 4002 1305 4073 metropolis
1355 4003 1549 4059 civitas
1574 4004 1918 4059 Bliedonum.
1948 4003 2111 4059 lnba-

520 4094 732 4151 bitatur
761 4110 976 4165 quoque
1020 4095 1222 4150 diutius
1249 4112 1278 4149 a
1313 4105 1472 4165 gente
1514 4095 1845 4161 Brittonum,
1876 4111 2110 4167 quarunt

522 4185 654 4242 sola:
680 4184 881 4243 divitia:
905 4187 1160 4256 primitus
1209 4185 1360 4242 fuere
1407 4186 1633 4243 libertas
1684 4187 1799 4244 fisci
1831 4188 2028 4259 publici
2057 4196 2112 4241 et

529 4278 690 4334 lactis
729 4279 910 4348 copia.
966 4277 1066 4347 Qui
1119 4279 1268 4334 omni
1315 4295 1543 4349 prorsus
1590 4279 1901 4335 urbanitate
1932 4280 2111 4345 vacui,

530 4380 769 4440 suntque
792 4371 899 4425 illis
950 4387 1129 4426 mores
1153 4372 1339 4426 inculti
1362 4388 1426 4427 ac
1450 4372 1586 4427 levis
1609 4372 1687 4428 ira
1714 4382 1768 4427 et
1792 4371 1961 4428 stulta
1994 4388 2113 4443 gar-

526 4459 741 4514 rulitas.
772 4460 977 4515 Horum
1028 4461 1239 4516 scilicet
1278 4462 1586 4519 Brittonum
1633 4463 1927 4534 aliquando
1962 4463 2113 4532 prin-

2215 3268 2486 3341 quispiam
2521 3267 2829 3325 Brittonum
2859 3272 3117 3323 molestus
3148 3268 3374 3323 exstitit.

2823 3358 3051 3415 CAPUT
3083 3361 3255 3458 ἰν..

2623 3451 2703 3507 De
2730 3454 3046 3508 monasterio
3071 3451 3386 3506 LuraEense.

2286 3543 2363 3599 De
2394 3543 2584 3600 eodem
2630 3546 2793 3612 igitur
2819 3544 3054 3599 Fulcone
3082 3543 3333 3615 perplura
3366 3544 3472 3598 dici
3502 3544 3807 3614 potuissent

2215 3638 2385 3708 ipsius
2409 3640 2849 3707 gestorumgqntc
2891 3635 3117 3699 scilicet,
3147 3635 3420 3690 fastidium
3452 3637 3707 3699 vitantes,
3739 3637 3811 3690 si-

2214 3728 2433 3783 luimus.
2471 3727 2647 3783 Unum
2680 3737 2862 3781 tamen
2902 3738 3069 3781 restat
3114 3724 3469 3780 memorabile
3491 3766 3504 3785 ,
3539 3726 3683 3795 quod
3713 3727 3809 3780 im-

2216 3818 2628 3889 praesentiarum
2677 3816 2900 3871 relaturi
2955 3832 3162 3871 smnus.
3209 3816 3345 3871 Cum
3399 3816 3549 3871 enim
3577 3817 3808 3871 circnm-

2214 3924 2427 3980 quaque
2464 3909 2515 3965 in
2544 3909 2772 3965 diversis
2804 3908 3112 3979 praeliorum
3158 3908 3444 3965 eventibus
3470 3950 3484 3970 ,
3516 3910 3807 3979 plurimum

2214 4001 2513 4057 humanum
2541 4002 2767 4057 fudisset
2794 4000 3148 4072 sanguinem,
3180 4008 3324 4054 metu
3357 4002 3628 4071 gehennae
3656 4000 3809 4057 terri—

2215 4103 2302 4149 tus
2331 4134 2346 4160 ,
2397 4092 2706 4164 sepulcrum
2749 4091 3047 4147 Salvatoris
3104 4091 3607 4163 Hierosolymorum
3658 4093 3808 4146 adiit.

2213 4185 2470 4254 Indeque,
2487 4194 2546 4239 ut
2566 4192 2685 4239 erat
2710 4183 3439 4271 audacissimus,.admodutn
3468 4184 3808 4239 exsultanter

2216 4279 2431 4334 rediens
2455 4319 2470 4343 ,
2501 4277 2896 4347 aliquantulum
2928 4277 2993 4332 ad
3027 4286 3235 4347 tempus
3276 4293 3306 4330 a
3337 4278 3559 4348 propria
3595 4278 3808 4334 feritate

2214 4379 2300 4426 est
2326 4370 2497 4425 lenior
2527 4368 2789 4425 redditus.
2823 4368 2975 4425 Tunc
3000 4384 3131 4440 ergo
3169 4377 3347 4424 mente
3362 4353 3628 4440 concepit
3671 4379 3725 4425 ut
3756 4370 3811 4423 in

2215 4464 2420 4539 optimo
2459 4463 2744 4519 fundorum
2774 4462 2975 4533 proprii
3007 4460 3147 4531 juris
3197 4462 3317 4518 loco
3346 4460 3640 4517 ecclesiam
3684 4477 3809 4517 con-

529 4564 658 4620 ceps
710 4550 924 4604 exstitit
952 4551 1198 4621 quidam,
1225 4552 1482 4610 Conanus
1513 4555 1750 4622 nomine,
1800 4555 1893 4626 qui
1921 4556 2108 4620 etiam,
2139 4539 2189 4600 ι)
2214 4565 2489 4621 strueret,
2524 4556 2833 4625 ibidemque
2883 4556 3273 4612 monachorum
3302 4565 3502 4610 coetum
3535 4557 3807 4610 condona-

491 4681 505 4691 .
531 4635 752 4709 accepta
784 4639 835 4692 in
861 4640 1210 4695 matrimonio
1231 4640 1487 4697 Fulconis
1513 4642 1927 4713 Andegavorum
1945 4645 2112 4700 comi-

527 4729 600 4784 tis
625 4745 833 4796 sorore,
877 4746 941 4784 ac
974 4733 1188 4797 demum
1218 4731 1538 4788 insolentior
1565 4734 1778 4788 caeteris
1802 4749 1913 4789 sua:
1935 4736 2112 4805 gentis

532 4822 869 4893 principibus
890 4822 1053 4892 cmpit
1069 4823 1321 4879 existere.
1341 4822 1476 4879 Nam
1505 4840 1655 4880 more
1678 4827 1826 4895 regio
1858 4826 2112 4898 imposito

533 4914 640 4969 sibi
667 4913 1001 4981 diademate,
1031 4914 1085 4969 in
1133 4915 1215 4970 sui
1247 4915 1433 4985 anguli
1461 4915 1672 4987 popello
1707 4915 1993 4986 plurimam
2024 4918 2111 4973 in-

2218 4657 2323 4715 ret,
2377 4648 2469 4719 qui
2521 4646 2771 4704 videlicet
2813 4647 2903 4702 die
2957 4654 3230 4715 noctuque
3282 4661 3381 4716 pro
3426 4646 3576 4701 illius
3614 4646 3807 4701 anima:

2220 4741 2591 4810 tedemptione
2641 4739 3049 4795 intervenirent.
3104 4737 3207 4805 Qui
3256 4738 3420 4792 etiam
3475 4738 3559 4809 (ut
3593 4752 3807 4807 semper

2220 4830 2435 4887 curiose
2452 4827 2664 4901 agebat)
2688 4829 2854 4900 erepit
2869 4844 3112 4898 quosque
3130 4829 3473 4899 percunctari
3501 4828 3803 4899 religioSOS.

2219 4920 2274 4975 in
2300 4934 2530 4990 quorum
2558 4918 2898 4988 potissimum
2933 4917 3192 4971 memoria
3219 4924 3534 4971 sanctorum
3556 4917 3804 4971 eamdem

533 5007 783 5064 consulte
854 5009 1100 5064 exercuit
1153 5009 1517 5080 tyrannidem.
1574 5008 1928 5065 Postmodum
1985 4999 2125 5068 vero.
2155 5034 2183 5058 υ
2220 5008 2505 5065 ecclesiam
2548 5007 2773 5063 fundare
2814 5007 3056 5072 deberet,
3104 5006 3197 5075 qui
3245 5004 3498 5060 videlicet
3542 5021 3646 5076 pro
3694 5005 3804 5075 ejus

534 5101 678 5155 inter
708 5102 884 5170 ipsum
912 5100 1193 5157 Cenanum
1222 5109 1278 5157 et
1305 5102 1624 5173 prtedictum
1661 5101 1980 5169 Fulconem,
2008 5103 2123 5158 An-

532 5195 865 5262 degavorum
893 5195 1143 5251 videlicet
1184 5196 1460 5262 comitem,
1489 5206 1740 5252 exortum
1771 5205 1856 5252 est
1886 5198 2119 5253 indisso-

538 5281 704 5328 διηὶίιρ
732 5285 965 5328 ἶιιιοσῖιιηι
1016 5287 1088 5328 ita
1120 5298 1173 5328 nt
1223 5288 1433 5328 proin-ir:
1455 5304 1674 5328 cnnrnm
1701 5289 1751 5328 in

1760 5289 1930 5328 vir-nm
1953 5291 2119 5328 :lnnn.

2220 5096 2459 5152 remedio
2480 5097 2672 5152 anima:
2697 5097 3114 5167 omnipotentem
3132 5095 3415 5151 Dominum
3445 5105 3689 5151 orarent.
3710 5096 3801 5151 Cui

2221 5189 2362 5242 inter
2390 5196 2617 5242 caeteros
2641 5204 2670 5242 a
2697 5188 2915 5260 propria
2944 5188 3109 5242 etiam
3135 5201 3321 5254 uxore,
3346 5203 3467 5257 qua:
3490 5187 3646 5242 valde
3676 5202 3803 5242 sano

2220 5280 2452 5328 nnllehat
2479 5280 2704 5328 consilio
2733 5321 2748 5328 -
2779 5290 3088 5328 suggestum
3138 5290 3222 5328 est
3290 5289 3348 5328 nt
3404 5281 3458 5328 in
3505 5280 3715 5328 lmnnre
3742 5297 3803 5328 ac
