3992 5338
178 325 290 384 οῑδ

1114 321 1592 380 Βεετοιιιλκωι
1630 320 1815 377 Ltstu
1848 322 2179 392 qumque.
2212 300 2431 381 ——i.ts.
2465 321 2531 381 ll.

3351 317 3464 375 631

180 443 498 498 Lucacense
525 441 727 492 castro.
755 432 983 506 Expleto
1011 434 1255 505 denique
1281 435 1605 506 quantocius
1631 434 1777 491 basi-
1802 443 1852 501 Α
1878 435 2139 493 Romana:
2187 434 2445 491 Ecclesia:
2484 433 2558 490 ob
2591 432 2911 502 dignitatem
2961 425 3275 502 apostolica:
3320 435 3469 489 sedis

177 537 296 590 lica}
325 546 515 602 opere,
548 524 794 601 protinus
837 526 988 583 misit
1020 530 1088 582 ad
1122 527 1400 598 liugonem
1430 528 1771 584 Turonorum

179 618 653 690 archiprmsulem,
681 617 733 672 in
759 614 913 685 cujus
937 617 1148 673 scilicet
1175 617 1466 695 constituta
1495 628 1616 673 erat
1642 617 1780 672 dioe-

177 713 289 767 cesi
316 752 332 777 ,
366 719 429 765 ut
474 710 616 764 illam
648 718 965 764 sacraturus
989 749 1004 773 ,
1041 709 1497 779 quemadmodum
1526 710 1779 766 decreve-

179 811 284 865 rat,
310 800 617 855 adveniret.
643 798 743 867 Qui
770 800 954 853 venire
977 800 1208 865 distulit,
1235 800 1423 857 dicens
1469 816 1529 857 se
1555 801 1779 857 minimo

179 906 337 959 posse
369 888 517 942 illius
543 896 728 942 votum
759 888 987 943 dicandb
1018 890 1246 944 Domino
1286 891 1649 955 committere,
1683 890 1777 962 qui

181 980 437 1035 \idclicet
461 980 623 1034 matri
659 978 912 1034 Ecclesia:
938 982 1081 1035 sedis
1117 982 1220 1037 sibi
1249 983 1555 1040 commissa:
1576 984 1778 1053 prtedia

180 1083 233 1127 et
279 1069 556 1140 inancipia
604 1069 949 1139 subripuerat
991 1088 1097 1127 non
1128 1087 1319 1142 pauca.
1352 1071 1572 1146 llocqne
1595 1076 1777 1146 potius

182 1164 256 1219 illi
284 1164 579 1218 videbatur
601 1171 933 1233 competere,
965 1175 1021 1219 ttt
1048 1165 1322 1234 primitus,
1346 1168 1399 1223 si
1424 1169 1553 1238 qttid
1581 1168 1781 1237 injuste

181 1257 514 1327 diripuerat,
544 1254 703 1309 alicui
736 1255 1047 1311 restitueret
1071 1296 1085 1318 ,
1125 1257 1314 1328 sicque
1352 1258 1606 1328 deinceps
1628 1259 1797 1329 justo‘

177 1346 344 1415 judici
400 1347 515 1402 Deo
543 1346 759 1415 propria
784 1386 801 1411 ,
849 1362 970 1415 qua:
1018 1356 1266 1414 voverat,
1292 1348 1490 1404 offerre
1530 1350 1774 1407 deberet.

182 1437 428 1513 Cumque
480 1436 646 1508 igitur
680 1437 782 1492 ista
819 1437 1043 1493 FlllCOlll
1073 1455 1104 1493 a
1133 1440 1245 1495 suis
1282 1440 1490 1512 perlata
1528 1438 1777 1510 fuissent,

184 1528 394 1584 diutina
446 1527 666 1585 feritate
711 1540 1029 1601 resumpta,
1067 1530 1294 1585 nimium
1338 1530 1554 1603 ittdigue
1600 1532 1782 1591 ferens

182 1616 424 1687 episcopi
449 1632 709 1687 responsa
737 1636 752 1673 :
786 1619 1006 1689 insuper
1031 1620 1395 1676 comminatus
1423 1622 1573 1677 illum
1602 1623 1777 1690 valde,

181 1722 243 1761 ac
269 1707 716 1765 subliutiusjnzlc
747 1709 889 1780 quod
921 1710 1089 1765 valuit
1115 1712 1293 1783 adegit
1324 1713 1629 1768 consilium.
1658 1712 1778 1769 Mox

1875 527 2091 584 caeteris
2138 526 2194 581 iu
2246 525 2380 581 orbe
2424 524 2739 581 constitutis
2786 523 3127 579 reverentior
3181 522 3465 589 habeatur,

1876 630 1985 672 non
2032 625 2211 673 tamen
2256 616 2309 671 ei
2354 613 2482 672 licet
2523 614 2827 684 transgredi
2882 613 2939 668 in
2987 611 3171 683 aliquo
3219 612 3469 669 canonici

1877 706 2266 764 moderaminis
2301 714 2567 763 tenorem.
2603 704 2758 760 Sicut
2786 704 2932 762 enim
2976 704 3346 776 unusquisque
3371 716 3467 758 oro

1878 800 2131 855 tbodoxze
2159 797 2414 854 Ecclesia:
2458 796 2697 868 pontifex
2730 811 2794 851 ac
2833 810 3068 866 sponsus
3114 794 3349 865 propriae
3382 808 3470 849 se-

1877 893 1960 949 dis
2004 891 2350 947 uniiormitcr
2393 889 2632 959 speciem
2674 890 2817 958 gerit
2844 886 3169 952 Salvatoris,
3203 886 3289 940 ita
3308 874 3475 955 δεηεέ-

1878 982 2069 1037 raliter
2098 979 2234 1036 nulli
2276 978 2531 1034 convenit
2571 977 2851 1048 quidpiam
2892 977 2948 1033 in
2976 976 3204 1033 alterius
3228 974 3472 1048 procaci-

1878 1082 1964 1131 ter
1990 1082 2211 1145 patrare
2234 1071 2475 1143 episcopi
2503 1071 2750 1127 dimcesi.

1918 1164 1927 1169 ’
2190 1190 2193 1193 ·
2502 1162 2731 1221 CAPUT
2769 1162 2837 1219 ν.

2095 1259 2174 1315 De
2201 1267 2438 1331 portento
2474 1256 2779 1313 Aurelianus
2808 1256 2951 1312 urbis
2988 1256 3242 1313 mirabili.

1948 1352 2107 1408 Anno
2132 1352 2301 1423 igitur
2332 1349 2605 1406 incarnati
2635 1347 2799 1405 Verbi
2831 1347 3285 1417 octingentesimo
3309 1356 3469 1404 octo-

1878 1445 2089 1515 gesimo
2139 1452 2333 1499 octavo
2353 1441 2581 1513 contigit
2607 1440 2663 1495 in
2693 1439 2829 1496 urbe
2850 1438 3148 1495 Aureliana
3170 1437 3471 1495 Galliarum

1879 1536 2170 1593 admodum
2198 1533 2555 1591 memorabile
2591 1541 2758 1603 atque
2795 1531 3208 1588 formidolosum
3253 1540 3474 1602 porten-

1880 1640 2018 1685 tum.
2048 1628 2275 1684 Constat
2304 1642 2436 1698 ergo
2474 1626 2531 1681 in
2576 1626 2771 1681 eadem
2812 1624 2951 1681 urbe
2998 1624 3391 1680 monasterium
3416 1625 3472 1680 in

1880 1721 2147 1777 honorem
2175 1719 2544 1791 apostolorum
2590 1717 2852 1789 principis
2880 1715 3181 1785 antiquitus
3204 1715 3477 1770 constitua

183 1798 441 1870 denique,
489 1801 709 1870 copiosa
738 1804 949 1872 argenti
987 1812 1042 1858 et
1074 1803 1193 1859 auri
1225 1815 1497 1875 assmnpta
1530 1807 1777 1876 pecunia,
1810 1806 1856 1866 Β
1885 1824 2020 1878 tum,
2073 1814 2127 1869 in
2177 1828 2287 1884 quo
2334 1813 2584 1884 primitus
2633 1811 2919 1882 collegium
2970 1806 3470 1865 sanctimonialium

184 1889 415 1944 ltotnam
448 1906 703 1964 jergeus,
744 1910 809 1949 ac
836 1893 1033 1949 Joanni
1081 1911 1233 1966 papa:
1263 1912 1482 1952 causam
1521 1913 1633 1952 suae
1657 1912 1782 1967 pro.

184 1985 435 2038 lectionis
483 1987 755 2055 exposuit.
800 1986 879 2042 Ac
922 1988 1118 2043 deinde
1163 2004 1390 2058 poscens
1419 1990 1560 2060 quod
1594 1988 1782 2046 abillo

183 2083 504 2144 optaverat,
557 2074 791 2145 plurima
822 2078 870 2131 ei
908 2093 1192 2133 munerum
1238 2079 1379 2135 domt
1427 2079 1644 2135 obtulit.
1678 2079 1783 2148 Qui

180 2165 430 2235 protinus
477 2165 630 2221 misit
677 2183 801 2221 cum
853 2169 1042 2223 eodem
1078 2169 1316 2227 Fuicone
1354 2171 1421 2226 ad
1464 2173 1780 2241 praedictam

184 2256 460 2310 basiiicam
492 2258 821 2313 sacrandam
853 2274 1017 2315 nomn
1065 2275 1132 2316 ex
1166 2262 1271 2318 illis
1330 2279 1468 2334 quos
1512 2264 1566 2320 in
1636 2264 1779 2320 beati

182 2347 327 2402 l’etxi
369 2349 744 2419 apostolorum
783 2354 1042 2423 principis
1077 2354 1319 2411 Ecclesia
1355 2357 1664 2414 cardinales
1689 2373 1782 2413 vo-

182 2451 330 2501 cant,
361 2442 839 2509 uominePetrum,
869 2446 953 2500 cui
990 2447 1152 2501 etiam
1180 2448 1456 2519 przecepit,
1485 2449 1647 2505 veluti
1676 2450 1784 2504 Ro-

185 2529 331 2583 mani
386 2531 666 2596 pontiﬁcis
736 2534 1062 2590 auctoritate
1131 2549 1451 2607 assumpta,
1522 2540 1783 2610 quidquid

183 2622 452 2689 agendum
505 2622 734 2679 Fuiconi
783 2626 1104 2693 videbatur,
1154 2629 1457 2700 intrepidus
1517 2631 1779 2700 expleret.

185 2710 337 2777 Quod
371 2712 560 2781 utique
607 2714 889 2771 audientes
929 2714 1230 2771 Galliarum
1282 2719 1488 2788 quique
1527 2718 1784 2789 praesules

184 2807 667 2875 p~-:esumptionesn
718 2808 1039 2879 sacrilegam
1091 2821 1468 2880 cognoverunt
1521 2828 1588 2866 cx
1639 2827 1782 2867 caeca

186 2896 486 2965 cupiditate
525 2898 881 2966 processisse,
915 2902 1040 2955 dum
1071 2901 1321 2958 videlicet
1364 2917 1502 2957 unus
1544 2903 1780 2973 rapiens,

186 2986 322 3040 alter
350 2997 568 3057 raptum
593 2989 921 3059 suscipiens,
958 3006 1150 3048 recens
1181 2994 1235 3048 in
1270 2994 1509 3050 Romana
1540 2995 1784 3051 Ecclesia

188 3075 424 3129 scitisma
476 3079 834 3134 Cl‘CﬂﬁaSOﬂl.
886 3078 1133 3137 Uuiversi
1190 3083 1353 3138 etiam
1400 3084 1607 3154 pariter
1634 3070 1785 3141 dele?

1881 1906 2153 1978 virginum
2189 1904 2547 1975 omnipotenti
2600 1903 2712 1977 Deo
2763 1901 3070 1958 deservisse
3114 1900 3473 1970 dignoscitur.

1880 2000 2036 2068 Quod
2064 1997 2233 2054 etiam
2270 1996 2467 2051 exinde
2497 2003 2860 2065 cognomento
2890 1991 3140 2048 Puellare
3168 1991 3387 2049 dicitur.
3416 1990 3476 2045 in

1881 2090 2037 2159 cujus
2065 2088 2297 2159 denique
2324 2087 2645 2143 monasterii
2675 2086 2853 2141 medio
2880 2084 3120 2140 delirum
3145 2083 3326 2139 stabat
3349 2098 3473 2136 cru-

1880 2181 1963 2237 cis
1996 2178 2275 2244 vexillum,
2307 2178 2601 2249 praeferens
2633 2176 2805 2247 ipsius
2827 2174 3149 2240 Salvatoris,
3180 2189 3280 2245 pro
3300 2171 3478 2229 saluto

1881 2271 2119 2329 humana
2150 2279 2380 2325 mortem
2426 2269 2682 2340 patientis
2703 2309 2718 2335 ,
2755 2267 3068 2339 imaginem.
3093 2266 3143 2322 Α
3187 2265 3344 2336 cujus
3369 2265 3478 2320 sci-

1880 2363 2011 2417 licet
2056 2361 2308 2431 imaginis
2353 2360 2528 2416 ocuiis
2591 2374 2691 2431 per
2726 2359 2934 2429 aliquot
2984 2359 3193 2414 dierum
3237 2357 3475 2427 spatium

1880 2452 2161 2520 continue,
2196 2451 2379 2508 multis
2410 2451 2756 2508 cernentibus
2783 2490 2800 2517 ,
2833 2450 2981 2505 rivus
3002 2449 3277 2504 emanavit
3302 2448 3479 2519 lacryo

1882 2559 2112 2605 marum.
2164 2543 2249 2599 Ad
2295 2544 2443 2613 quod
2494 2542 2751 2599 nimirum
2814 2540 3060 2597 terribile
3106 2540 3476 2610 spectaculum

1882 2634 2278 2705 inspiciendum
2305 2633 2594 2691 multitudo
2623 2634 2860 2689 maxima
2885 2630 3142 2690 convenit
3168 2631 3475 2687 hominum.

1880 2726 2133 2796 Plerique
2164 2736 2505 2791 tameu,cum
2538 2726 2669 2783 illud
2698 2734 3007 2791 cernerent,
3039 2725 3331 2783 admodum
3360 2724 3477 2781 anis

1880 2818 2286 2874 madvertentes
2333 2818 2607 2888 quoddam
2641 2832 2765 2874 esse
2791 2817 3095 2880 divinitatis
3128 2816 3478 2887 prmsagium,

1882 2907 2139 2965 videlicet
2206 2907 2351 2963 illius
2414 2908 2567 2965 urbis
2636 2918 3045 2979 superventurie
3122 2907 3479 2964 calamitatis.

1882 3000 2347 3069 Quemadmodum
2367 3002 2513 3058 enim
2538 3002 2680 3057 idem
2704 3018 2802 3073 per
2819 3015 2879 3057 se
2908 3000 3160 3056 Salvator
3182 3000 3481 3071 pra-sciens

1885 3092 2174 3149 imminere
2203 3095 2353 3149 urbis
2379 3093 2766 3149 detrimentum
2804 3092 3333 3165 Hierosolymitanm,
3383 3090 3483 3146 ile-1

187 3177 418 3233 stantes,
459 3169 717 3240 quoniam
752 3172 978 3228 nimium
1009 3174 1266 3231 indecens
1316 3177 1604 3233 videbatur
1628 3185 1688 3232 ut
1735 3178 1782 3235 is
1808 3169 1853 3232 C
1884 3183 2031 3239 visse
2055 3184 2201 3239 illam
2228 3183 2579 3255 perhibetur,
2609 3183 2693 3240 sic
2720 3182 2955 3253 denique
2982 3191 3041 3238 et
3061 3181 3205 3237 hanc
3229 3179 3483 3237 videlicet

187 3260 279 3328 qui
316 3263 669 3331 apostolicam
700 3265 920 3335 regebat
949 3267 1132 3322 sedem
1159 3307 1173 3332 ,
1203 3268 1560 3337 apostolicum
1590 3270 1780 3340 primi-

190 3361 278 3406 tus
328 3368 395 3407 ac
442 3354 797 3450 canonicum.
821 3358 1325 3426 transgrediehatur
1357 3367 1623 3420 tenorem.
1647 3361 1783 3418 Cum

191 3439 416 3512 insuper
457 3439 843 3513 multiplici'sit
871 3446 1172 3518 antiquitus
1213 3452 1537 3506 auctoritate
1560 3453 1784 3509 robora-

192 3542 337 3597 tum,
372 3546 431 3588 ut
462 3551 566 3591 non
596 3537 864 3608 quispiam
907 3541 1288 3612 episcoporum
1319 3544 1373 3598 in
1401 3546 1627 3604 alterius
1651 3547 1785 3604 dite-

189 3627 300 3679 cesi
330 3626 476 3681 istud
506 3638 804 3698 praesumat
848 3648 1103 3688 exercere
1128 3674 1143 3699 ,
1179 3635 1282 3691 nisi
1332 3638 1562 3706 pratsule
1588 3679 1602 3703 ,
1628 3641 1784 3711 cujus

190 3716 354 3772 fuerit
373 3759 393 3784 ,
423 3720 786 3791 compellente
814 3738 907 3779 seu
941 3727 1306 3795 permittente.
1339 3728 1505 3800 igitur
1542 3733 1629 3788 die
1651 3749 1785 3804 qua-

190 3808 313 3861 dam
348 3811 552 3865 mensis
592 3811 716 3867 Maii
755 3828 1081 3887 c0ngregata
1124 3828 1209 3873 est
1256 3820 1665 3878 innumerabilis
1691 3839 1785 3894 po-

190 3897 300 3967 puli
357 3900 651 3956 tnuititudo
704 3903 773 3958 ad
824 3904 1221 3963 dedicationem
1266 3910 1471 3966 scilicet
1511 3915 1784 3984 prmdictm

188 3992 455 4047 ccclesite.
487 3993 563 4048 Ex
596 3996 795 4064 quibus
827 3997 994 4052 multo
1032 3999 1196 4055 etiam
1226 4002 1409 4071 plures
1437 4002 1564 4058 illuc
1592 4004 1785 4060 Fulco—

190 4083 270 4137 nis
302 4094 486 4139 terror
512 4127 527 4147 ,
572 4086 643 4141 ob
691 4103 803 4143 sine
846 4089 1099 4147 elationis
1144 4106 1395 4162 pompam
1425 4135 1441 4158 ,
1496 4097 1786 4153 convenire

188 4173 473 4242 compulit.
517 4175 768 4246 Episcopi
802 4186 1034 4242 tantum,
1072 4180 1162 4249 qui
1193 4179 1309 4249 ejus
1341 4182 1545 4239 ditione
1574 4199 1790 4254 preme-

188 4259 407 4328 hortor,
433 4266 607 4319 coacti
639 4266 951 4324 interfuere.
985 4269 1170 4340 (Impia
1196 4271 1361 4339 igitur
1383 4272 1471 4327 die
1490 4275 1785 4331 constituto

189 4357 320 4410 satis
354 4358 667 4429 pompatice
714 4359 1020 4430 ltujttsmodi
1075 4364 1415 4420 dedicatione
1460 4375 1623 4436 atque
1655 4383 1782 4438 per-

189 4458 330 4513 acta,
362 4449 767 4521 missarumque
812 4466 877 4505 ea
934 4468 1084 4508 more
1128 4454 1407 4511 soicmuiis
1454 4456 1781 4525 celebratis,

190 4540 496 4606 postmodm
557 4540 763 4610 quique
807 4541 874 4595 ad
925 4543 1141 4611 propria
1214 4544 1444 4601 rediere.

192 4634 508 4691 imminente
539 4637 713 4707 ipsius
733 4638 838 4692 diei
863 4639 997 4694 hora
1024 4655 1189 4706 nona,
1214 4656 1336 4696 cum
1363 4640 1549 4700 ﬂabris
1570 4643 1785 4703 leuibus

189 4742 443 4783 serenum
476 4731 720 4799 undique
748 4730 1074 4787 consisteret
1099 4731 1317 4799 coelum,
1347 4744 1568 4805 repente
1596 4751 1786 4807 super-

191 4820 336 4873 venit
359 4835 388 4873 a
411 4819 569 4890 plaga
599 4820 827 4875 australi
853 4822 1369 4879 vehementissimus
1397 4827 1578 4892 turbo,
1611 4828 1783 4899 ipsam

192 4911 478 4981 impellens
507 4912 801 4968 ecclesiam
829 4954 844 4980 ,
875 4929 939 4969 ac
981 4914 1200 4984 replens
1242 4930 1361 4970 eam
1396 4917 1609 4974 turbido
1636 4934 1782 4984 acre,

191 5002 276 5056 diu
307 5003 655 5075 multumque
687 5005 1024 5060 concutiens.
1061 5004 1265 5060 Deinde
1309 5022 1437 5063 vero
1464 5008 1656 5066 solutis
1694 5009 1779 5064 la-
1831 5029 1851 5048 ο

190 5095 498 5162 quearibus,
532 5094 805 5150 universa:
837 5093 1079 5163 ejusdem
1103 5094 1347 5150 ecclesia:
1370 5098 1570 5164 trabes,
1595 5099 1782 5155 simul-

193 5202 290 5218 nnn
316 5196 424 5218 1Λ1Α
457 5196 607 5218 Gnaru-
667 5202 767 5218 non
789 5189 997 5218 ninnnsn

1033 5186 1222 5218 σαι-ητιιῖ
1265 5188 1501 5218 Λῖοἰιδσιηκα
1530 5193 1745 5218 Αιδηξλιι-.

1538 4536 1783 4618 Denique
1814 4525 1860 4585 υ

1882 3273 2235 3347 Aurelianum
2250 3274 2411 3345 paulo
2430 3284 2554 3344 pOSt
2573 3273 2945 3349 imminentem
2960 3271 3170 3328 cladem
3192 3282 3480 3340 passuram

1884 3380 1982 3441 per
2009 3380 2325 3435 expressam
2356 3380 2471 3421 sua:
2505 3365 2755 3436 imaginis
2790 3363 3020 3433 ﬁguram
3065 3361 3278 3419 ﬂevisse
3326 3370 3484 3417 come

1883 3459 2164 3529 probatur.
2209 3456 2449 3528 Contigit
2498 3472 2627 3527 ergo
2677 3467 2801 3526 post
2848 3454 3126 3525 paululum
3174 3454 3229 3511 in
3283 3452 3478 3509 eadem

1883 3550 2104 3605 civitate
2131 3548 2385 3604 inaudita:
2407 3549 2507 3615 rei,
2537 3550 2794 3618 idipsum,
2819 3555 3131 3618 tttputatur,
3148 3546 3483 3615 portendens

1883 3650 2128 3703 eventus.
2159 3642 2401 3710 Denique
2430 3655 2553 3696 cum
2593 3657 2699 3695 una
2736 3641 2977 3695 noctium
3004 3637 3280 3701 custodes,
3327 3634 3481 3691 vide-

1885 3733 2011 3788 iicct
2041 3732 2262 3803 majoris
2301 3733 2548 3789 ecclesiae
2574 3773 2589 3797 ,
2616 3732 2870 3789 videlicet
2895 3729 3156 3801 episcopii
3182 3767 3201 3797 ,
3228 3742 3293 3784 ex
3325 3740 3483 3785 litore

1885 3826 2336 3889 exsurrexissent,
2372 3835 2536 3896 atque
2566 3826 2737 3897 ipsius
2764 3825 3012 3885 ecclesiae
3041 3833 3229 3894 portas
3253 3822 3482 3892 quibus-

1885 3930 1991 3986 que
2021 3915 2088 3971 ad
2136 3916 2482 3971 matutinaies
2527 3916 2714 3977 laudes
2755 3916 3177 3986 properantibus
3237 3912 3480 3982 aperuis-

1886 4016 2026 4071 sent,
2055 4007 2235 4063 subito
2260 4008 2417 4077 lupus
2458 4006 2631 4073 alluit,
2667 4007 3059 4077 ecclesiamque
3087 4006 3382 4076 ingressus,
3409 4018 3483 4059 ao

1884 4095 2067 4153 funem
2095 4098 2235 4168 signi
2262 4113 2360 4153 ore
2386 4099 2672 4169 arripiens,
2697 4097 3191 4169 agi‘tansqueillud,
3214 4095 3485 4154 insonuit.

1884 4186 2180 4244 Cernentes
2218 4189 2474 4245 nimirum
2522 4189 2616 4260 qtti
2672 4189 2933 4254 aderant,
2991 4188 3195 4247 mentis
3249 4197 3480 4261 stupore

1885 4283 2160 4349 concussi,
2193 4284 2410 4339 tandem
2453 4284 2694 4341 clamore
2737 4284 2938 4340 emisso
2965 4325 2980 4349 ,
3032 4298 3096 4338 ac
3147 4282 3192 4337 si
3238 4282 3485 4336 inermes

1885 4374 2005 4429 nisu
2037 4390 2142 4443 quo
2167 4375 2389 4430 valuere
2443 4375 2594 4430 illum
2624 4375 2982 4433 “turbantes
3012 4375 3093 4429 ‘ab
3123 4373 3354 4429 ecclesia
3382 4388 3480 4427 ex-

1887 4463 2160 4535 pulerunt.
2208 4465 2468 4535 Sequenti
2514 4480 2646 4522 vero
2685 4482 2832 4523 anno
2881 4474 2992 4521 tota
3035 4465 3182 4521 illius
3235 4464 3483 4521 civitatis

1887 4558 2123 4632 humana
2147 4558 2410 4614 habitatio
2436 4574 2559 4614 cum
2595 4559 2849 4615 domibus
2876 4558 3232 4614 ecclesiarum
3265 4554 3485 4612 terribi~

1885 4646 2011 4702 liter
2040 4648 2163 4720 igne
2216 4657 2456 4704 cremata
2494 4656 2604 4704 est.
2656 4649 2810 4706 Unde
2858 4648 3023 4705 etiam
3073 4646 3204 4703 nulli
3249 4636 3397 4701 venit
3424 4645 3487 4701 ita

1886 4739 2149 4805 dubium,
2180 4739 2439 4809 quoniam
2482 4740 2644 4795 unius
2689 4739 2862 4796 cladis
2910 4747 3171 4796 eventum
3197 4737 3488 4804 utriusque

1885 4832 1963 4891 rei
1996 4833 2381 4903 prmcess7sset-
2411 4840 2741 4902 portentum.
2792 4831 2923 4887 Erat
2962 4831 3131 4900 igitur
3179 4837 3310 4883 tunc
3338 4835 3481 4883 tem-

1885 4925 2034 4997 poris
2062 4924 2335 4994 praedictae
2379 4924 2621 4980 civitatis
2647 4922 2892 4994 pontifex
2926 4918 3258 4978 venerabilis
3284 4916 3487 4973 Arnul~

1888 5013 1994 5080 ius,
2023 5013 2115 5083 qui
2157 5012 2411 5069 videlicet
2443 5028 2642 5085 genere
2683 5021 2739 5067 et
2776 5013 3030 5067 doctrina
3058 5007 3344 5076 sapientia:
3366 5022 3493 5075 per-

1888 5105 2087 5162 nobilis
2143 5120 2209 5159 ac
2260 5112 2613 5175 paternorum
2662 5101 2966 5157 fundorum
3013 5096 3283 5151 reditibus
3337 5095 3497 5150 locua

2330 5211 2491 5218 -_.-..-
2523 5193 2789 5218 -..-!.I:.....
2818 5194 3028 5218 ..ΑΞΙΞυΑι
3059 5186 3300 5218 nonan-Jun
3329 5188 3468 5218 annuo
