3992 5338
534 337 641 396 6⁸55

1511 337 1812 397 RODULFI
1850 337 2103 396 GLABRI
2142 334 2449 398 MONACHI
2489 341 2811 402 CLUNIAC.

3689 348 3791 405 636

535 454 675 510 sime
723 456 1170 516 consummaret,
1223 447 1451 504 nimium
1505 452 1786 508 evidenter
1831 454 2129 524 praestitum
2159 453 2540 514 Aevidentius
2592 468 2774 514 tamen
2827 459 2880 514 iu
2939 458 3246 516 Israeliticae
3299 459 3470 532 plebis
3521 461 3694 518 Ievitis
3749 476 3802 521 et

535 551 620 597 est
645 539 721 596 illi
767 538 1025 595 divinitus
1065 536 1347 610 juvamcn.
1394 540 1636 612 Contigit
1681 543 1848 612 igitur
1895 545 2127 614 quadam

532 635 641 701 die,
683 633 810 690 dum
838 632 1194 698 czementarii,
1227 631 1578 689 fundamenta
1610 635 1846 691 basilicae
1873 636 2126 704 locaturi,

501 723 864 782 ‘soliditatem
894 730 1373 791 perscrutarentur
1411 723 1582 793 ipsius
1613 724 1855 790 telluris,
1889 736 1949 780 ut
1983 741 2128 795 repe-

530 813 705 870 rirent
729 810 950 881 copiosa
988 811 1108 865 auri
1139 811 1401 882 pondera,
1434 827 1556 882 qua:
1591 813 1802 868 scilicet
1841 815 1906 868 ad
1941 815 2126 882 totius,

531 904 786 976 quamvis
829 919 1039 976 magnae
1065 944 1080 968 ,
1128 903 1367 960 basilicae
1417 905 1683 961 fabricam
1724 906 2126 963 reformandam

529 996 842 1052 certissime
885 994 1244 1052 crederentur
1279 994 1547 1052 sutlieere.
1583 996 1952 1069 Suscipientes
1997 1015 2128 1069 ergo

531 1087 623 1160 qui
655 1085 880 1143 fortuito
921 1102 1050 1142 casu
1083 1087 1403 1142 invenerant
1444 1103 1658 1154 aurum,
1685 1104 1750 1145 ex
1781 1089 1991 1162 integro
2015 1091 2130 1161 epi-

531 1196 696 1253 scopo
738 1178 1066 1236 detulerunt.
1116 1179 1234 1252 lpse
1272 1195 1426 1247 vero,
1460 1181 1818 1252 omnipotenti
1875 1184 1986 1238 Deo
2028 1174 2129 1254 pi'o

531 1270 728 1326 collato
753 1269 857 1326 sibi
885 1283 1110 1324 munere
1141 1270 1346 1342 gratias
1372 1285 1555 1340 agens,
1571 1286 1634 1326 ac
1659 1271 2127 1342 suscipiensillud,
2200 1270 2212 1283 '

528 1355 848 1419 custodibus
875 1361 1317 1432 operistradidit,
1351 1370 1631 1434 totumque
1653 1362 1886 1420 fideliter
1910 1364 1964 1418 in
1992 1379 2130 1434 opus

532 1455 778 1527 ejusdem
823 1455 1068 1510 ecclesiae
1117 1455 1347 1526 expendi
1395 1453 1580 1524 jussit.
1639 1455 1840 1510 Fertur
1894 1470 2130 1526 namque

528 1545 674 1616 quod
693 1545 857 1601 etiam
885 1545 1016 1601 illud
1040 1561 1230 1600 aurum
1254 1545 1474 1602 solertia
1505 1546 1644 1602 beati
1659 1547 1891 1616 Evurtii,
1921 1548 2127 1618 antiqui

530 1637 774 1706 ejusdem
805 1638 948 1694 sedis
975 1638 1243 1709 praesulis,
1293 1637 1492 1695 ibidem
1516 1639 1674 1708 hujus
1713 1641 2130 1697 restaurationis

530 1729 707 1798 gratia
732 1727 924 1784 fuisset
969 1731 1328 1785 reconditum.
1361 1730 1569 1786 Idcirco
1609 1731 1964 1801 permaxime,
1997 1747 2130 1803 quo-

2235 548 2630 606 sacerdotibus.
2683 552 2784 620 Qui
2831 553 3042 610 scilicet
3086 563 3290 624 quanto
3343 555 3549 610 dudum
3601 559 3803 613 caeteris

2233 642 2624 712 opulentiores.
2656 659 2722 700 eo
2761 645 2996 715 amplius
3034 645 3281 716 plerique
3325 644 3543 700 illorum
3583 649 3804 716 superba

2233 731 2529 803 cupiditate
2563 734 2975 801 insolentiores;
3017 735 3222 791 idcirco
3268 736 3434 791 etiam
3466 737 3536 789 ad
3569 735 3804 790 ultimum

2229 826 2481 881 omnibus
2504 825 3027 897 etl‘ectideteriores.
3059 825 3165 882 Sed
3191 825 3422 881 multum
3451 826 3662 880 distant
3681 826 3805 897 legis

2229 918 2430 974 veteris
2465 919 2739 988 instituta,
2769 921 3162 992 multiplicibus
3185 921 3482 992 figurarum
3515 922 3806 991 mnigmati-

2229 1008 2333 1066 bus
2356 1011 2572 1077 vestita,
2604 1025 2634 1065 a
2664 1028 2817 1068 novae
2845 1012 3034 1084 gratia:
3062 1014 3365 1083 perspicuis
3386 1028 3450 1069 ac
3481 1011 3805 1082 spiritalibus

2230 1115 2699 1162 sacramentorum
2746 1106 2921 1163 donis.
2949 1105 3028 1176 lbi
3076 1123 3310 1178 namque
3341 1121 3574 1162 munera
3613 1104 3802 1160 solum-

2231 1195 2391 1250 modo
2422 1195 2846 1253 conferebantur
2888 1205 3227 1254 terrenarum
3259 1199 3565 1253 hostiarum
3600 1215 3614 1251 :
3649 1195 3700 1249 in
3727 1195 3806 1249 his

2231 1286 2347 1358 ipse
2370 1286 2518 1343 Deus
2546 1287 2812 1358 accipitur
2839 1289 2892 1344 in
2923 1289 3227 1361 prtemium.
3255 1287 3443 1359 Ibique
3463 1287 3806 1343 nihilominus

2231 1385 2403 1433 totum
2432 1379 2845 1448 promerebatur
2874 1379 3104 1449 quisque
3143 1394 3211 1433 ex
3247 1379 3532 1433 servitutis
3563 1378 3803 1442 actione;

2231 1468 2320 1524 hic
2343 1484 2474 1526 vero
2501 1471 2733 1542 quisque
2753 1471 2946 1543 dignus
2967 1471 3198 1527 habetur
3222 1471 3490 1526 duntaxat
3514 1485 3583 1525 ex
3610 1469 3807 1525 sincera

2229 1561 2446 1630 optimae
2498 1561 2846 1617 conscientiae
2882 1561 3177 1616 voluntate.
3225 1561 3402 1630 Atque
3456 1559 3666 1614 idcirco
3712 1558 3805 1612 ista

2229 1653 2624 1726 prtemisimus,
2651 1655 2909 1726 quoniam
2954 1652 3295 1724 jamdudum,
3351 1653 3674 1708 muneribus
3704 1653 3808 1706 ine-

2231 1744 2338 1813 ptis
2379 1744 2668 1800 exemtis
2716 1759 2852 1814 pene
2901 1744 3172 1799 universis
3199 1743 3565 1815 principibus,
3600 1741 3809 1798 destevi'.

531 1819 704 1888 niam,
758 1821 888 1876 dum
938 1820 1111 1876 isdem
1136 1820 1220 1876 vir
1257 1831 1478 1878 sanctus
1505 1823 1806 1892 quondam,
1857 1825 2126 1894 potiorem

2232 1837 2346 1892 hzec
2387 1836 2558 1906 pestis
2603 1835 2761 1906 longe
2791 1836 3004 1907 lateque
3041 1836 3096 1892 iu
3121 1814 3487 1892 Ecclesiarum
3516 1834 3810 1906 quibusque

529 1930 692 1986 quam
713 1915 892 1972 fuerat
911 1916 1186 1986 primitus,
1204 1916 1450 1972 eamdem
1475 1916 1795 1971 informaret
1813 1915 2124 1984 ecclesiam,

530 2007 756 2079 contigit
780 2007 854 2062 illi
888 2007 1015 2064 huic
1040 2008 1216 2063 simile
1241 2023 1435 2063 munus
1465 2007 1724 2064 divinitus
1752 2008 1855 2063 sibi
1885 2023 2128 2064 reserva-

530 2109 645 2154 tum
692 2099 1114 2170 inibi-reperire.
1154 2098 1353 2169 Sicque
1395 2108 1658 2170 przelerea
1703 2097 1903 2154 factum
1932 2108 2017 2154 est
2069 2107 2128 2154 ut

529 2198 586 2245 et
611 2189 802 2244 domus
832 2190 1100 2255 ccclesite,
1121 2189 1376 2245 videlicet
1404 2189 1549 2244 sedis
1574 2189 1920 2259 pontificalis,
1946 2189 2128 2259 priore

530 2282 832 2352 elegantior
862 2281 1271 2338 reformaretur.
1290 2283 1516 2353 Ipsoque
1546 2283 1809 2338 suadente
1839 2281 2121 2353 pontifice,

531 2386 878 2443 exterarum,
910 2393 1030 2448 quzc
1067 2377 1120 2433 in
1147 2377 1338 2432 eadem
1375 2379 1592 2434 civitate
1629 2378 2000 2448 deperierant,
2031 2378 2128 2433 ba-

527 2469 810 2525 silicarum
849 2478 1165 2526 sanctorum
1209 2487 1659 2542 quorumeunque
1689 2471 1898 2527 meritis
1924 2472 2128 2528 dicata-

529 2577 652 2616 rum
707 2562 850 2634 ardes
903 2562 1269 2619 anterioribus
1330 2564 1569 2634 potiores
1621 2563 2124 2631 constituerentur,

528 2664 694 2728 atque
719 2657 1028 2714 divinorum
1057 2674 1282 2730 operum
1315 2659 1492 2716 cultus
1522 2661 1575 2716 in
1619 2661 1823 2718 eisdem
1855 2660 2127 2716 excellen-

483 2804 488 2808 _
528 2750 640 2806 tior
689 2751 986 2807 haberetur
1031 2768 1144 2822 pra:
1191 2753 1462 2808 onmibus.
1502 2754 1729 2826 Ipsaque
1786 2755 1916 2809 urbs
1965 2751 2127 2824 paulo

528 2849 650 2908 post
685 2839 884 2895 referta
916 2842 1198 2896 domorum
1234 2842 1482 2898 ardificiis
1508 2884 1522 2908 ,
1555 2844 1706 2913 plebs
1737 2845 1952 2899 tandem
1980 2843 2125 2900 illius

529 2929 778 3001 mitigata
807 2946 837 2984 a
869 2931 1088 3003 flagitiis
1120 2932 1332 2988 Domini
1366 2935 1572 3006 pietate
1608 2936 1868 2990 suhveuta
1897 2976 1913 3002 ,
1945 2945 2126 2992 tanto-

531 3035 638 3090 que
677 3020 838 3077 citius
883 3023 1182 3088 convaluit,
1215 3033 1419 3094 quanto
1453 3025 1702 3095 sagacius
1726 3026 1998 3095 propriam
2029 3041 2124 3081 ca-

527 3113 828 3171 lamitatem
882 3117 1097 3186 excepit
1147 3117 1216 3172 ob
1273 3117 1634 3187 correptionis
1691 3117 1970 3174 ultionem.
2003 3119 2126 3174 Fuit

527 3221 763 3276 namque
794 3179 1051 3278 praedicta
1081 3207 1275 3263 civitas
1319 3179 1638 3278 antiquitus,
1676 3218 1737 3264 ut
1779 3219 1867 3265 est
1911 3211 2126 3280 impraa-
2151 3179 2198 3242 (δ

529 3297 858 3364 sentiarum,
881 3313 1068 3370 regum
1093 3299 1426 3354 Francorum
1450 3300 1766 3372 principalis
1780 3301 1936 3356 sedes
1955 3301 2122 3372 regia,

528 3385 738 3442 scilicet
761 3401 861 3457 pro
886 3390 966 3443 sui
995 3389 1397 3458 pulchritudine
1421 3406 1483 3446 ac
1512 3391 1757 3462 p0pulari
1787 3391 2123 3462 frequentia,

530 3496 633 3537 nec
658 3497 763 3537 non
790 3491 845 3536 et
867 3481 1075 3539 telluris
1101 3485 1371 3551 ubertate,
1398 3485 1780 3556 perspicuique
1804 3485 2125 3556 irrigatione

529 3574 790 3631 fluminis.
825 3576 902 3631 Ex
948 3575 1140 3649 Ligere
1171 3577 1371 3648 quippe
1418 3578 1519 3634 sibi
1554 3593 1797 3648 congruo
1837 3580 2002 3633 etiam
2031 3579 2128 3633 ilu-

530 3665 679 3722 mine
700 3682 966 3738 agnomen
999 3668 1162 3723 habet
1193 3669 1448 3734 inditum,
1473 3669 1780 3741 diciturque
1811 3669 2121 3737 Aureliam,

529 3758 686 3828 quasi
727 3775 816 3814 ore
855 3758 1138 3830 Ligert‘ana
1170 3777 1188 3816 :
1219 3776 1286 3816 eo
1315 3761 1567 3818 videlicet
1594 3764 1740 3833 quod
1777 3763 1830 3818 in
1858 3779 1954 3819 ore
1983 3762 2127 3832 ejus-

529 3850 652 3904 dem
693 3849 932 3906 fluminis
979 3851 1096 3924 ripa
1141 3852 1211 3906 sit
1246 3853 1562 3908 constituta.
1615 3854 1757 3922 Non,
1795 3863 1854 3909 ut
1902 3855 2124 3924 quidam

530 3941 714 3998 minus
764 3943 908 3997 cauti
967 3945 1322 4010 existimant,
1383 3944 1451 4000 ab
1500 3945 1796 4001 Aureliano
1847 3946 2125 4017 Augusto,

531 4033 688 4101 quasi
720 4046 839 4087 eam
870 4032 985 4102 ipse
1022 4033 1405 4102 aedificaverit,
1445 4034 1523 4091 sic
1552 4044 1831 4100 vocatam;
1865 4035 1994 4106 quin
2030 4051 2126 4106 po—

531 4122 641 4178 tius
693 4124 762 4178 ab
816 4140 996 4193 amne,
1034 4134 1095 4182 ut
1123 4127 1395 4195 diximus,
1435 4130 1578 4200 quod
1610 4129 1812 4186 rectius
1841 4128 2128 4201 veriusque

532 4212 610 4268 illi
641 4217 912 4288 congruit.

1145 4309 1375 4368 CAPUT
1415 4310 1504 4366 Vl.

776 4399 856 4454 De
877 4399 1274 4470 prwlationibus
1297 4405 1467 4473 turpis
1489 4402 1624 4457 lucri
1650 4403 1894 4472 arreptis.

609 4488 780 4545 Sacro
834 4492 1000 4562 igitur
1041 4505 1411 4563 pramonente
1457 4495 1707 4566 eloquio,
1749 4496 1870 4552 luce
1919 4494 2124 4551 clarius

536 4592 875 4653 compertum
911 4584 1139 4640 habetur
1193 4589 1452 4657 quoniam
1489 4590 1542 4644 in
1573 4605 1835 4660 processu
1882 4591 2120 4645 novissi‘

536 4689 750 4729 morum
781 4673 1014 4741 dierum,
1057 4675 1386 4748 frigescente
1430 4681 1484 4735 in
1518 4681 1828 4736 hominibus
1859 4682 2127 4737 charitate

538 4782 605 4822 ac
646 4767 1122 4838 superabundantc
1157 4771 1475 4842 iniquitate,
1513 4773 1790 4828 instabant
1819 4773 2126 4843 periculosa

539 4859 846 4916 animarum
885 4869 1151 4932 tempora.
1186 4861 1324 4918 Nam
1358 4871 1414 4919 et
1459 4863 1828 4935 muliplieibus
1868 4866 2128 4936 antiquo-

537 4963 657 5003 rum
712 4948 938 5005 Patrum
996 4951 1282 5008 intimatur
1330 4953 1724 5011 assertionibus
1760 4957 1927 5026 quod,
1971 4971 2126 5028 gras-

538 5051 696 5099 sante
731 5045 981 5110 avaritia,
1013 5046 1410 5116 praeteritarum
1443 5046 1566 5117 jura
1610 5047 1694 5103 vel
1735 5049 1955 5105 ordines
2003 5050 2128 5104 reli-

539 5139 760 5182 oinmlm
805 5155 867 5182 ρῖ
911 5155 978 5182 οη
1019 5141 1162 5182 nulla
1200 5156 1533 5182 nnncnranra
1561 5141 1800 5182 rlphnorn
1845 5143 1909 5182 ml
1952 5142 2129 5182 int-Im-

2158 4543 2206 4603 D

2228 1927 2467 1998 prmlatis
2500 1935 2614 1982 toto
2643 1936 2912 1982 terrarum
2945 1926 3077 1982 orbe
3107 1925 3338 1982 diffusis.
3363 1925 3617 1995 Denique
3642 1924 3807 1978 omni-

2229 2020 2464 2090 potentis
2501 2017 2704 2075 Christi
2767 2019 2978 2074 Domini
3035 2017 3330 2088 gratuitum
3383 2032 3449 2072 ac
3503 2013 3807 2070 venerabile

2229 2109 2452 2176 donum,
2476 2109 2540 2164 ad
2555 2109 2786 2180 propriae
2809 2109 3176 2164 damnationis
3205 2107 3505 2174 cumulum,
3537 2118 3810 2163 converte-

2227 2210 2358 2257 runt
2401 2201 2454 2255 in
2487 2200 2728 2255 avaritia:
2759 2199 2990 2254 lucrum.
3014 2198 3248 2270 Ideoque
3284 2198 3600 2270 huiusmodi
3635 2198 3810 2252 videli-

2228 2301 2316 2348 cet
2359 2291 2565 2362 prtelati
2620 2300 2772 2346 tanto
2821 2291 3002 2346 minus
3053 2292 3122 2346 ad
3162 2291 3405 2346 divinum
3448 2289 3811 2359 peragendum

2227 2400 2364 2456 opus
2402 2385 2754 2440 inveniuntur
2807 2383 3007 2449 idonei,
3038 2390 3242 2453 quanto
3268 2388 3486 2436 constat
3541 2381 3673 2451 quia
3709 2363 3809 2434 non

2228 2480 2296 2534 ad
2340 2478 2469 2533 illud
2516 2484 2866 2533 accesserunt
2902 2491 3000 2546 per
3030 2476 3236 2530 aditum
3275 2472 3600 2544 principalis
3665 2473 3806 2528 ostii.

2226 2571 2294 2626 Et
2323 2570 2450 2626 licet
2481 2570 2743 2626 adversus
2773 2568 2959 2624 talium
3005 2583 3367 2641 personarum
3417 2567 3811 2638 procacitatem

2227 2659 2601 2731 multipliciter
2629 2660 2826 2716 clamet
2868 2675 3150 2715 sacrarum
3180 2658 3590 2729 Scripturarnm
3620 2672 3812 2721 canon,

2227 2769 2373 2810 nunc
2424 2762 2605 2809 tamen
2652 2753 2810 2809 solito
2861 2752 3209 2823 multiplicius
3237 2751 3578 2823 comperitur
3606 2751 3724 2805 fieri
3753 2749 3804 2804 in

2229 2849 2462 2905 diversis
2511 2847 2879 2924 Ecclesiarum
2932 2848 3234 2904 ordinibus.
3287 2841 3423 2900 NaYn
3479 2845 3585 2916 ipsi
3636 2858 3808 2914 reges,

2225 2941 2316 3012 qui
2349 2956 2520 2996 saera:
2552 2939 2830 3012 religionis
2866 2939 3183 2995 idonearum
3217 2939 3528 2994 decretores
3560 2951 3815 3006 persona-

2226 3048 2346 3088 rum
2374 3049 2496 3089 esse
2527 3035 2858 3098 debuerant,
2893 3047 3178 3087 munerum
3233 3029 3525 3097 largitione
3552 3029 3816 3096 corrupti,

2227 3124 2495 3193 potiorem
2547 3124 2854 3194 quempiam
2907 3123 2974 3176 ad
3021 3121 3259 3190 regimen
3303 3118 3679 3174 Ecclesiarum
3731 3116 3808 3170 vel

2230 3216 2533 3272 animarum
2557 3217 2878 3286 diiudicant,
2905 3215 3052 3270 illum
3069 3213 3342 3277 videlicet,
3370 3227 3399 3266 a
3422 3227 3532 3282 quo
3555 3211 3815 3280 ampliora

2229 3323 2452 3364 munera
2480 3307 2756 3378 suscipere
2777 3315 3018 3378 sperant.
3043 3306 3217 3375 Atque
3243 3304 3447 3360 idcirco
3477 3304 3815 3374 permavime

2227 3399 2428 3470 quique
2478 3413 2738 3469 procaces
2769 3413 2832 3452 ac
2885 3407 3105 3468 turgore
3153 3395 3424 3465 superbize
3462 3393 3660 3457 inflati,
3702 3407 3820 3448 sese

2228 3495 2376 3549 ultro
2404 3493 2600 3563 cuique
2639 3491 2942 3562 praelationi
2977 3491 3252 3558 ingerunt,
3291 3488 3475 3542 minus
3507 3486 3813 3542 formidan-

2229 3594 2312 3642 tes
2346 3587 2623 3642 incurrere
2652 3584 2860 3656 lapsum
2886 3583 3141 3650 neglectae
3166 3581 3458 3652 pastrralis
3485 3596 3659 3644 cum,
3689 3594 3822 3648 quo-

2226 3676 2375 3730 niam
2413 3683 2523 3731 tola
2555 3675 2894 3731 solummodo
2923 3674 3137 3729 illorum
3174 3675 3370 3743 pendet
3407 3672 3610 3727 fiducia
3643 3687 3709 3726 ex
3744 3671 3817 3726 lo-

2229 3765 2367 3821 culis
2396 3765 2641 3820 collectae
2679 3765 2943 3836 pecunize,
2997 3779 3101 3819 non
3134 3780 3198 3818 ex
3236 3771 3509 3833 percepta‘
3541 3761 3704 3816 donis
3733 3777 3814 3814 sa-

2228 3857 2464 3929 pientiae.
2499 3857 2784 3927 Tantoque
2814 3855 3046 3926 amplius
3078 3856 3272 3926 adepto
3302 3853 3570 3926 regimine
3603 3854 3817 3909 student

2227 3949 2490 4014 avaritim,
2523 3957 2727 4018 quanto
2770 3955 2984 4003 constat
3033 3948 3307 4017 propriam
3336 3962 3402 4001 ex
3445 3945 3533 3999 illa
3568 3943 3816 3999 ambitio—

2228 4059 2350 4098 nem
2391 4041 2664 4111 implesse.
2713 4040 2808 4104 Ae,
2842 4040 2987 4095 velut
3028 4039 3170 4094 idolo
3200 4039 3303 4094 sibi
3335 4054 3435 4109 pro
3472 4036 3586 4093 Deo
3610 4035 3812 4092 consti-

2227 4142 2366 4201 tuto,
2409 4133 2484 4189 illi
2525 4132 2791 4198 serviunt,
2825 4147 2925 4203 per
2953 4145 3114 4201 quam
3163 4130 3372 4186 scilicet
3408 4128 3721 4192 informati,
3754 4125 3817 4179 ad

2230 4224 2337 4279 tale
2386 4238 2583 4280 nomen
2630 4223 2834 4293 absque
2887 4223 3085 4278 merito
3113 4219 3198 4276 vel
3225 4236 3390 4292 Opere
3420 4225 3808 4291 proruperunt.

2227 4315 2422 4387 Fitque
2463 4317 2640 4372 minus
2671 4315 2846 4370 cautis
2890 4314 3198 4385 deceptoria
3239 4312 3483 4368 imitandi
3517 4310 3723 4375 forma,
3756 4322 3816 4361 ac

2229 4407 2455 4478 perinde
2489 4407 2730 4461 vicissim
2763 4415 3060 4461 contumax
3100 4403 3411 4459 invidentia.
3443 4402 3658 4473 Quippe
3687 4415 3817 4472 quo-

2234 4499 2382 4553 niam
2417 4498 2679 4568 quidquid
2719 4497 2773 4552 in
2815 4495 3009 4552 talibus
3055 4495 3214 4551 aliter
3253 4493 3560 4549 aemulando
3596 4493 3817 4564 colligit,

2232 4591 2448 4645 videtur
2474 4589 2628 4644 alteri
2665 4588 2954 4644 invidendo
2983 4587 3085 4644 sibi
3116 4586 3357 4656 subripi;
3382 4595 3567 4656 atque,
3601 4594 3663 4639 ut
3690 4585 3821 4639 invi-

2233 4682 2428 4736 dorum
2465 4695 2681 4750 semper
2707 4695 2826 4735 mos
2854 4688 2958 4744 est,
2995 4679 3186 4733 alienis
3222 4677 3576 4734 felicitatibus
3618 4677 3820 4733 indesi-

2233 4780 2427 4825 nenter
2457 4777 2718 4840 appetunt
2743 4768 2998 4836 torqueri.
3030 4765 3169 4822 Ilinc
3195 4766 3358 4821 etiam
3381 4766 3806 4836 proceduntliti-

2234 4860 2444 4932 giorum
2495 4858 2756 4914 tumultus
2812 4857 3057 4921 assidui,
3097 4857 3459 4924 oriunturque
3517 4855 3818 4926 frequentia

2234 4949 2490 5004 scandala
2509 4990 2525 5015 ,
2558 4964 2622 5004 ac
2652 4948 2992 5004 diversorum
3028 4946 3474 5016 transgrediendo
3503 4947 3820 5002 convellitur

2238 5049 2393 5096 tenor
2417 5040 2691 5095 ordinum.
2721 5038 2813 5094 Sic
2841 5039 3007 5094 etiam
3034 5038 3262 5107 contigit
3288 5046 3367 5102 ut,
3400 5039 3531 5091 dum
3564 5036 3817 5106 irreligio-

2236 5131 2370 5180 sitas
2395 5140 2674 5180 crassatur
2698 5130 2751 5180 in
2775 5129 2943 5180 clero.
2967 5127 3317 5180 nrocacilalis
3341 5136 3395 5180 ct
3417 5126 3815 5180 incontinentim
