3992 5338
209 306 312 361 657

1141 283 1614 350 lllSTORlARUM
1651 279 1832 338 LIBRI
1870 277 2199 350 QUINQUE.
2232 278 2447 336 -I.IB.
2495 271 2554 334 Il.

3378 267 3482 325 638

208 431 286 499 git
315 435 376 482 ut
402 420 507 496 ipsi
548 418 761 477 scilicet
809 411 1016 488 prcelati
1044 413 1113 467 ab
1137 412 1339 466 eisdem
1369 421 1504 480 quos
1526 400 1800 471 subjectos
1832 400 1876 458 Λ
1905 409 2027 468 qme
2077 395 2289 461 aderat,
2339 393 2542 449 nullam
2594 389 2819 448 omnino
2863 387 3270 460 compescenda:
3316 387 3486 443 cladis

211 519 418 576 habere
453 513 716 576 debuere,
755 507 1080 575 afﬂigantur,
1111 511 1272 570 atque
1296 507 1643 554 contumaces
1669 507 1796 547 sen-

209 611 354 665 tiant
393 607 518 662 illos
573 617 709 674 quos
735 601 925 670 utique
953 612 1051 653 suo
1083 592 1334 664 exemplo
1380 607 1410 644 a
1454 587 1680 660 justiti-aa
1712 585 1802 639 iti-

208 715 345 756 nere
388 697 570 753 fecere
598 693 802 750 devios.
840 689 952 744 Nec
979 686 1177 742 mirum
1218 691 1481 756 praeterea
1513 681 1580 747 si,
1612 679 1665 734 in
1705 676 1802 732 ali-

209 795 411 868 quibus
468 788 736 862 angustiis
790 780 1106 844 constituti,
1153 778 1332 832 minus
1381 773 1510 828 dum
1567 772 1804 827 clamant

211 864 625 945 exautliuntur,
660 878 918 950 quoniam
976 873 1077 944 ipsi
1134 870 1354 926 sibimet
1410 881 1508 937 per
1558 864 1804 919 avaritiae

211 975 495 1034 cumulum
525 971 772 1028 clausere
814 962 1201 1022 misericordia:
1267 958 1466 1013 ostium
1490 998 1504 1021 ,
1535 971 1659 1011 cum
1686 967 1804 1007 cer-

215 1069 500 1125 tissimum
553 1059 908 1118 nihilominus
955 1056 1221 1110 habeatur
1263 1065 1363 1121 pro
1394 1047 1708 1120 hujusmodi
1727 1046 1806 1100 vi.

213 1157 542 1217 cissitudine
587 1151 774 1225 flagitii
813 1147 1113 1217 saepissime
1144 1143 1432 1199 imminere
1456 1151 1804 1196 communem

211 1253 427 1311 cladem
486 1248 701 1320 populis
747 1254 802 1301 et
847 1239 1216 1298 animantibus
1262 1235 1496 1299 cunctis,
1547 1247 1649 1288 nec
1699 1246 1804 1287 non

215 1345 384 1401 etiam
412 1340 706 1412 plurimam
732 1347 939 1408 pestem
968 1332 1214 1402 frugibus
1245 1328 1497 1384 videlicet
1524 1341 1589 1381 ex
1618 1326 1809 1380 intem-

215 1435 368 1507 perie
399 1432 565 1487 aeris.
624 1431 716 1486 Sic
757 1428 958 1499 quippe
986 1423 1116 1495 fieri
1151 1421 1396 1492 contigit,
1427 1427 1487 1474 ut
1513 1417 1568 1473 bi
1601 1416 1810 1473 scilicet

217 1525 311 1597 qui
339 1521 732 1593 omnipotentis
764 1519 857 1574 Dei
900 1517 1046 1588 gregi
1085 1514 1187 1570 sibi
1217 1511 1508 1570 commisso
1538 1509 1680 1564 ferre
1715 1509 1812 1565 de-

217 1620 453 1674 buerant
485 1613 805 1670 salvationis
835 1607 1244 1670 adminiculum,
1269 1611 1608 1674 opponerent
1633 1601 1811 1658 eidem

217 1709 466 1766 consueti
505 1705 757 1763 beneficii
784 1700 1145 1759 obstaculum.
1191 1697 1636 1766 Quandocumque
1662 1695 1807 1749 enim

1903 497 2076 542 artem
2105 486 2401 557 reperiens,
2427 484 2674 542 conversi
2709 483 2992 538 unanimes
3024 495 3156 536 voce
3183 479 3487 535 clamantes
3523 500 3534 557 ρ

1904 581 2155 646 terribili,
2185 579 2252 634 ad
2301 580 2467 650 ipsius
2501 577 2870 649 apostolorum
2902 573 3166 646 principis
3194 586 3490 629 cucurrere
3523 545 3528 563 ‘

1904 673 2326 738 confessionem,
2350 687 2473 727 eum
2506 672 2887 743 imprecantes,
2916 668 2961 724 si
2992 682 3097 722 non
3119 664 3344 738 pervigil
3366 678 3492 734 pro-

1903 768 2038 839 priae
2063 766 2206 823 foret
2232 766 2298 820 ad
2328 779 2568 836 praesens
2593 762 2844 818 defensor
2869 759 3148 822 Ecclesiae,
3189 757 3389 812 multos
3436 755 3492 810 in

1905 861 2040 915 orbe
2075 869 2346 914 terrarum
2391 872 2421 912 a
2472 872 2584 912 suae
2638 846 2760 911 fidei
2817 852 3158 926 professione
3209 849 3490 906 decedere.

1907 951 2105 1007 Statim
2134 965 2264 1006 vero
2285 963 2453 1005 vorax
2473 947 2710 1014 ﬂamma,
2739 947 3006 1002 abietinas
3027 946 3283 1001 deserens
3313 942 3496 999 trabes

1905 1041 2197 1112 disparuit.
2243 1041 2350 1098 Per
2375 1041 2516 1095 idem
2542 1050 2754 1109 tempus
2783 1038 3040 1093 obierunt
3077 1037 3132 1092 in
3162 1035 3316 1090 Italia
3346 1044 3401 1090 et
3439 1034 3496 1089 in

1906 1108 2118 1202 (lalliis,
2147 1135 2239 1206 qui
2289 1134 2545 1206 praecipui
2574 1108 2733 1188 erant
2758 1132 3043 1204 pontifices
3071 1140 3128 1187 et
3167 1131 3356 1196 duces,
3389 1144 3494 1184 nec

1907 1245 2016 1285 non
2071 1238 2128 1284 et
2173 1227 2418 1284 comites.
2479 1225 2740 1281 Primitus
2788 1238 3004 1294 quoque
3045 1237 3181 1293 papa
3231 1220 3496 1286 Joannes,

1907 1321 2105 1377 deinde
2148 1320 2302 1392 Ilugo
2337 1318 2719 1374 marchionum
2757 1315 3014 1387 optimus.
3057 1313 3184 1368 Post
3222 1313 3338 1368 haec
3367 1324 3499 1366 vero

1907 1409 2221 1482 perltaliam
2250 1408 2452 1480 quique
2473 1405 2787 1462 nobiliores.
2824 1405 2879 1459 In
2907 1402 3097 1460 Galliis
3125 1416 3358 1471 namque
3383 1399 3502 1456 Odo

1910 1511 1967 1556 et
1991 1500 2330 1562 Heribertus,
2351 1513 2580 1568 quorum
2603 1497 2754 1568 prior
2774 1495 3116 1550 Turonorum
3143 1491 3498 1562 Carnotiqne,

1913 1607 2152 1664 sequens
2209 1605 2338 1646 vero
2393 1588 2692 1645 Meldorum
2754 1594 2918 1657 atque
2965 1585 3264 1641 Trecorum
3316 1597 3501 1639 comes

1913 1682 2146 1738 exstitit.
2179 1681 2334 1736 Tunc
2377 1678 2638 1750 temporis
2671 1677 2837 1734 etiam
2886 1675 2995 1731 dux
3038 1673 3502 1744 Rotbomagorum

219 1801 394 1857 defuit
421 1798 753 1870 religiositas
780 1791 1118 1866 pontificum,
1146 1805 1210 1846 ac
1231 1788 1516 1845 marcessit
1544 1759 1812 1842 districtio
1842 1767 1891 1832 Β
1917 1773 2181 1829 Πὶοπάυε
2225 1767 2381 1836 Obiit.
2428 1768 2520 1839 qui
2573 1765 2969 1823 monasterium
3018 1761 3384 1819 mdiﬁcaverat
3424 1759 3504 1814 ni-

220 1896 494 1967 regularis
545 1893 802 1949 abbatum
830 1932 845 1957 ,
887 1889 1158 1959 simulque
1210 1881 1608 1961 monasterialis
1653 1878 1815 1934 disci-

220 1991 383 2062 plinae
403 1989 560 2060 vigor
589 1985 839 2056 tepescit,
872 1999 935 2038 ac
969 1997 1065 2052 per
1095 1979 1309 2035 illorum
1339 1975 1589 2046 exempla
1616 1980 1812 2028 caetera

222 2078 377 2149 plebs
417 2076 800 2133 mandatorum
845 2072 938 2129 Dei
985 2069 1394 2143 prmvaricatrix
1424 2065 1640 2129 existit;
1687 2061 1817 2134 quid

223 2171 370 2226 aliud
399 2185 565 2240 quam
598 2177 770 2223 totum
801 2164 963 2221 simul
1013 2164 1308 2217 humanum
1338 2172 1507 2229 genus
1540 2169 1730 2210 rursus
1761 2153 1816 2207 in

225 2263 512 2334 antiquum
533 2257 824 2330 pra-cipitii
849 2257 1016 2310 chaos
1041 2269 1150 2308 sua:
1177 2250 1500 2321 perditionis
1522 2254 1819 2318 spontanea

223 2356 505 2411 voluntate
546 2348 824 2407 illabitur?
869 2347 948 2402 Ex
975 2342 1248 2414 ejusmodi
1297 2340 1376 2396 rei
1428 2337 1617 2409 procul
1656 2335 1822 2392 dubio

225 2455 451 2512 eventu,
490 2443 700 2499 dudum
751 2441 843 2496 ille
896 2437 1154 2506 antiquus
1203 2432 1506 2488 Leviatban
1566 2427 1820 2483 fiduciam

225 2545 581 2608 conceperat,
605 2533 751 2606 quod
781 2530 1059 2586 inundatio
1089 2525 1341 2582 Iordanis
1371 2521 1518 2576 fluvii
1543 2535 1606 2574 os
1637 2518 1826 2574 illabe-

227 2639 383 2689 retur
410 2630 578 2698 illius,
605 2625 933 2682 utvidelicet
963 2621 1366 2692 baptizatorum
1393 2612 1702 2676 multitudo,
1729 2624 1825 2682 per

230 2724 481 2781 avaritia:
509 2721 810 2794 appetitum
847 2717 991 2772 viam
1021 2713 1272 2771 veritatis
1300 2711 1579 2774 deserens,
1611 2707 1826 2762 demer-

231 2825 460 2892 geretur
500 2791 561 2871 in
584 2791 904 2869 in’teritum.
951 2808 1021 2863 Et
1067 2805 1212 2877 quia,
1269 2812 1332 2857 ut
1383 2815 1452 2856 ex
1499 2796 1826 2853 auctoritate

227 2886 533 2981 apostolica
560 2904 889 2977 completum
918 2899 1254 2972 dignoscitur
1277 2935 1292 2961 ,
1326 2894 1654 2964 frigescente
1686 2886 1831 2943 scili-

232 2979 320 3060 cet
363 3001 658 3065 cbaritale,
697 3012 762 3052 ac
789 2992 1263 3065 superabundante
1292 2985 1602 3054 iniquitate,
1630 2979 1825 3065 in‘ho-

233 3091 478 3148 minibus
511 3090 699 3158 utique
741 3055 917 3140 semet
947 3082 1067 3153 plus
1093 3083 1240 3151 justo
1269 3074 1578 3130 amantibus
1601 3113 1616 3138 ,
1664 3055 1827 3126 solito

1917 1865 2085 1922 mium
2133 1861 2395 1934 locuples,
2447 1861 2501 1916 in
2553 1859 2672 1916 loco
2706 1859 2798 1929 qui
2837 1858 3035 1914 dicitur
3083 1855 3420 1924 Fiscampus,
3451 1852 3506 1907 in

1917 1970 2027 2026 quo
2079 1953 2243 2010 etiam
2308 1952 2550 2023 sepultus
2603 1949 2861 2021 quiescit.
2916 1946 3239 2002 Viellermus
3291 1956 3510 2013 quoque

1919 2047 2262 2102 Pictavorum
2297 2044 2408 2099 dux
2443 2043 2544 2099 sub
2582 2043 2771 2098 eodem
2803 2050 3046 2110 tempore
3090 2037 3256 2092 vitam
3299 2034 3507 2089 finivit.

1920 2139 2214 2195 Pontiﬁces
2267 2138 2395 2192 item
2451 2136 2508 2192 in
2560 2133 2751 2190 Galliis
2803 2134 3005 2203 quique
3061 2128 3428 2200 religiosiores
3477 2140 3510 2180 a

1921 2229 2120 2286 steculo
2166 2234 2539 2284 excesserunt.
2588 2223 2866 2279 Manasses
2915 2219 3168 2277 videlicet
3203 2218 3288 2273 vir
3315 2216 3516 2273 sancti-

1924 2329 2035 2377 tate
2084 2319 2276 2390 plenus
2341 2316 2640 2372 Trecorum
2696 2315 3026 2385 episcopus,
3078 2319 3134 2366 et
3174 2308 3514 2364 Gislebertus

1925 2413 2024 2486 [αι.
2089 2407 2495 2489 Engelbertus.]
2543 2406 2900 2472 Parisiorum,
2962 2417 3063 2457 nec
3127 2415 3234 2454 non
3293 2405 3349 2452 et
3402 2394 3514 2450 Ge-

1923 2504 2120 2560 hoinns
2153 2487 2594 2566 Catalaunorum,
2658 2513 2782 2552 cum
2840 2495 2962 2551 aliis
3015 2491 3284 2564 pluribus.
3371 2487 3518 2543 Inter

1925 2612 2061 2667 quos
2107 2595 2272 2650 etiam
2324 2594 2481 2649 bona:
2512 2590 2788 2647 memoria:
2814 2595 3035 2643 sanctus
3065 2583 3318 2639 videlicet
3351 2579 3519 2634 Maio-

1924 2687 2010 2744 lus
2079 2687 2220 2759 apud
2270 2684 2626 2743 Silviniacum
2687 2680 2997 2738 ctenobium
3052 2677 3174 2733 vita:
3233 2671 3521 2745 praesentis

1927 2782 2223 2838 terminum
2251 2786 2598 2836 consecutus.
2627 2773 2795 2846 Cujus
2830 2772 3040 2830 scilicet
3083 2769 3210 2823 vitze
3251 2768 3516 2835 honesta;

1928 2883 2039 2930 tem
2083 2873 2357 2944 pretiosus
2379 2869 2546 2926 etiam
2590 2865 2936 2924 commendat
2971 2861 3252 2918 transitus.
3281 2857 3417 2913 Nam
3449 2853 3519 2909 ad

1928 2965 2074 3022 illius
2109 2963 2308 3019 famam
2339 2959 2646 3017 sanctitatis
2674 2954 2988 3012 conﬂuxere
3027 2968 3093 3009 ex
3131 2951 3386 3007 universo
3409 2945 3522 3000 Ito-

1931 3071 2095 3112 mano
2122 3055 2254 3110 orbe
2294 3052 2394 3107 viri
2445 3057 2501 3106 et
2544 3047 2803 3104 mulieres
2867 3053 3224 3114 utrorumque
3267 3038 3523 3096 ordinum

233 3131 478 3148 ιιιηηυι...
512 3131 698 3158 ...ην-ν
741 3131 916 3140 mm---
985 3131 1064 3136 ,η
1126 3131 1230 3134 -,__
1602 3131 1614 3138 _

231 3182 487 3240 crebrius
537 3180 665 3244 ista,
733 3191 853 3247 qua
882 3131 1216 3234 ντέιιιιίιὲιυε,
1281 3167 1428 3224 circa
1475 3162 1825 3220 millesimum
1854 3135 1900 3200 ϐ
1929 3147 2171 3219 plurimi,
2203 3144 2399 3201 exinde
2428 3141 2730 3198 referentes
2761 3137 3097 3194 diversarum
3145 3131 3525 3188 infirmitatum

2059 3239 2070 3247 ·
2294 3236 2326 3247 ’ν
2377 3236 2409 3247 -·
2489 3234 2528 3247 ἰ
2681 3232 2695 3246 ο
2733 3230 2749 3247 ε
2783 3239 2824 3247 Α
2867 3228 3043 3247 HJ-..
3074 3217 3317 3247 .-μ-η’..-
3345 3218 3525 3247 ΑΙΑ.³Μ

230 3273 500 3354 posthati
531 3269 834 3327 Salvator-is
857 3265 1070 3323 Domini
1102 3276 1307 3318 annum
1337 3257 1609 3314 universis
1639 3251 1828 3310 mundi

231 3369 486 3440 partibus
513 3364 878 3434 contigerunt.

845 3451 1073 3511 CAPUT
1111 3447 1227 3504 vn.
1461 3512 1464 3520 ι

523 3553 603 3607 De
625 3548 882 3606 incendiis
913 3557 959 3601 et
996 3541 1252 3598 mortibus
1273 3537 1552 3593 nobilium.

303 3647 558 3719 Septimo
597 3643 761 3716 igitur
791 3640 858 3696 de
887 3635 1200 3708 supradicto
1237 3630 1522 3686 millesimo
1552 3639 1696 3681 anno
1723 3613 1832 3679 Ve;

237 3757 402 3798 serus
432 3713 641 3798 mons;
664 3733 757 3804 qui
792 3741 848 3786 et
875 3726 1098 3786 Vulcani
1124 3724 1230 3781 olla
1257 3722 1479 3786 dicitur,
1509 3717 1669 3774 solito
1700 3713 1837 3771 mul-

237 3833 515 3905 tipliciore
555 3829 707 3884 hiatu
753 3835 1010 3878 evomens
1039 3820 1164 3887 igne
1193 3813 1512 3885 permistam
1539 3807 1836 3878 sulphureo

238 3896 532 4002 grandium
581 3931 841 3976 saxorum
891 3909 1330 3969 multitudinem,
1385 3901 1476 3973 qui
1541 3913 1712 3970 usque
1779 3896 1835 3951 in

240 3989 467 4076 fertium
513 4012 837 4068 relabantur
885 4002 1221 4058 milliarium.
1285 3995 1485 4065 Sicque
1510 4008 1609 4049 suo
1648 3989 1834 4047 balatu

240 4110 434 4188 putido
474 4107 622 4162 circa
665 4117 725 4158 se
757 4094 1174 4154 inbabitabilem
1203 4088 1372 4159 coepit
1410 4087 1592 4140 facere
1620 4079 1839 4153 provin-

243 4173 412 4261 ciam.
460 4197 568 4254 Sed
612 4206 790 4263 neque
839 4189 944 4243 boc
988 4194 1117 4256 puto
1162 4180 1380 4238 silentio
1408 4173 1712 4247 praeterire,
1738 4185 1839 4226 cur

242 4295 386 4354 istud
418 4292 473 4348 in
509 4287 621 4344 sola
666 4283 923 4339 Africana
974 4275 1255 4343 contingat
1301 4268 1546 4338 regione.
1591 4263 1837 4318 Primum

242 4388 482 4458 denique
536 4382 608 4438 ob
659 4377 871 4434 telluris
922 4371 1251 4428 vacuitatem
1301 4380 1370 4420 ex
1419 4361 1587 4416 nimio
1641 4357 1838 4412 ardore

245 4449 409 4544 solis;
435 4485 489 4532 et
515 4471 777 4546 quoniam
805 4467 930 4522 illuc
956 4458 1502 4519 incumbitdevexum
1528 4451 1596 4506 ab
1619 4449 1840 4506 Oriente

245 4573 529 4630 Oceanum
586 4578 764 4627 mare,
807 4561 1104 4615 immensos
1156 4552 1424 4607 undarum
1480 4544 1739 4615 erigendo
1788 4541 1844 4596 in

247 4681 374 4724 sese
426 4657 700 4728 recolligit
728 4653 985 4714 vortices,
1026 4645 1224 4718 quibus
1269 4639 1521 4697 videlicet
1549 4647 1843 4706 percussus

247 4756 566 4817 reconditur
591 4766 688 4806 aer
719 4744 930 4802 telluris
957 4743 1008 4797 in
1042 4739 1269 4813 gremio.
1305 4733 1508 4790 Deinde
1535 4743 1687 4792 vero,
1720 4741 1844 4783 cum

253 4849 472 4923 iguillua
504 4841 882 4915 vaporationc,
916 4850 1024 4906 quo
1049 4833 1214 4896 valet,
1245 4835 1498 4884 eructuat
1528 4825 1596 4879 ad
1624 4835 1843 4892 supera.

251 4917 311 5001 Si
337 4941 554 5014 quidem
586 4951 684 4992 aer
709 4933 854 4990 sicut
887 4943 956 4984 ex
996 4922 1225 4982 ordinali
1258 4917 1649 4976 constitutione
1675 4917 1845 4984 pene;

253 5005 610 5105 trat-supcra,
642 5027 724 5084 sic
752 5041 822 5081 ex
850 5019 1092 5090 ejusdem
1125 5013 1380 5082 ambigua
1409 5018 1626 5073 natura,
1656 5005 1851 5059 humo-

254 5129 333 5184 ris
356 5096 566 5184 scilicet
597 5130 766 5192 atque
793 5111 1010 5176 caloris,
1042 5106 1238 5177 saepius
1264 5104 1567 5175 exagitatus
1590 5096 1850 5166 exprimit

257 5220 311 5260 in
342 5217 509 5260 aridae
541 5188 749 5260 ignem.
789 5215 885 5260 aut
927 5202 982 5257 in
1023 5197 1260 5256 humidis
1305 5195 1556 5260 glaciem.
1609 5188 1849 5259 Contigit

1932 3217 2166 3313 gratiam
2191 3236 2457 3294 sanitatis.
2489 3230 2829 3290 Deszeviebat
2857 3228 3048 3284 eodem
3074 3217 3319 3295 tempore
3342 3218 3528 3277 clades

1931 3310 2168 3405 pessima
2210 3330 2263 3384 in
2295 3326 2644 3390 hominibus,
2695 3321 2838 3395 ignis
2875 3319 3087 3375 scilicet
3130 3314 3399 3377 occultus.
3430 3310 3527 3382 qui

1932 3421 2296 3494 quodcunque
2325 3417 2694 3473 membrorum
2719 3405 3353 3482 arripuisset,exurendo
3376 3414 3526 3457 trun-

1933 3493 2096 3570 cabat
2123 3527 2154 3566 a
2194 3523 2445 3580 corpore.
2492 3506 2815 3574 Plerosque,
2851 3501 3017 3556 etiam
3065 3498 3120 3552 in
3168 3495 3346 3566 spatio
3369 3493 3532 3548 unius

1935 3605 2133 3673 noctis,
2182 3602 2344 3672 hujus
2383 3600 2523 3673 ignis
2567 3595 2904 3667 consumpsit
2931 3591 3167 3649 exustio.
3236 3588 3342 3643 Sed
3405 3600 3530 3640 cum

1937 3698 1991 3753 in
2042 3695 2292 3768 plurimis
2341 3702 2656 3748 sanctorum
2698 3684 2977 3742 memoriis
3033 3679 3192 3750 huius
3235 3675 3533 3734 tremendae
3599 3721 3604 3724 .

1933 3789 2108 3861 pestis
2144 3787 2254 3843 sint
2296 3785 2516 3840 inventa
2547 3779 2809 3846 remedia,
2839 3773 3111 3831 maximus
3157 3778 3366 3826 tantum
3400 3779 3536 3821 con-

1937 3895 2132 3936 cursus
2187 3877 2362 3933 factus
2419 3883 2504 3931 est
2549 3873 2617 3928 ad
2669 3870 2833 3925 trium
2891 3873 3205 3923 sanctorum
3257 3857 3536 3914 confesso-

1937 3988 2058 4028 rum
2115 3969 2398 4034 ecclesias,
2449 3964 2668 4021 Martini
2720 3961 2934 4018 scilicet
2973 3958 3339 4016 Turonorum,
3369 3959 3536 4020 atque

1936 4063 2177 4122 Odolrici
2216 4058 2614 4132 Bajoariornm,
2645 4069 2748 4111 nec
2777 4068 2885 4108 non
2916 4059 2973 4107 et
3008 4048 3166 4104 istius
3203 4041 3538 4100 venerabilis

1937 4157 2114 4230 patris
2144 4153 2358 4220 Maioli,
2383 4158 2693 4225 optatisque
2719 4145 2913 4203 salutis
2942 4143 3162 4200 inventa
3199 4147 3327 4194 sunt
3364 4136 3537 4192 bene-

1939 4248 2087 4305 licia.
2173 4306 2177 4309 ,
2586 4267 2588 4269 >

2548 4329 2778 4389 CAPUT
2811 4327 2946 4385 VIII.

1997 4429 2076 4486 De
2104 4427 2324 4485 Παιήεί
2353 4425 2504 4482 ducis
2528 4434 2718 4491 morte,
2745 4433 2794 4478 et
2819 4418 3110 4477 vastatione
3135 4412 3484 4484 Burgundiw.

1873 4509 1922 4568 Ι)
2021 4521 2190 4593 Igitur
2211 4533 2354 4574 anno
2385 4517 2547 4573 tertio
2572 4516 2640 4571 de
2667 4511 2980 4584 supradicto
3005 4505 3295 4563 millesimo
3313 4501 3548 4558 moritur

1948 4621 2004 4676 in
2030 4616 2341 4690 Burgundia
2362 4614 2467 4669 dux
2498 4611 2766 4668 Henricus
2795 4608 2937 4676 apud
2967 4609 3207 4658 castrum
3243 4596 3545 4690 Pulliacum

1951 4726 2115 4783 super
2163 4707 2381 4764 Ararim
2408 4704 2629 4760 ﬂuvium
2658 4742 2672 4768 ,
2739 4697 3141 4770 sepultumque
3186 4681 3548 4743 Autissiodori

1953 4804 2093 4878 apud
2149 4802 2413 4858 eximium
2479 4795 2850 4854 confessorem
2912 4789 3247 4846 Germanum
3316 4778 3554 4835 traditur

1947 4897 2179 4957 Octobri
2236 4908 2441 4952 mense.
2494 4890 2768 4960 Sequente
2826 4898 2961 4939 vero
3021 4886 3212 4934 mense
3263 4865 3551 4928 Decembri

1953 5005 2181 5062 vespere
2209 4984 2432 5043 Sabbati
2465 4991 2594 5037 ante
2618 4979 2759 5035 diem
2774 4971 3072 5028 Dominica:
3092 4963 3436 5026 Nativitatis,
3462 4973 3558 5027 ap-

1952 5050 2137 5160 paruit
2166 5082 2218 5136 in
2243 5093 2369 5134 aere
2398 5080 2710 5146 portentum
2734 5064 3020 5123 mirabile:
3049 5057 3265 5128 species
3299 5050 3562 5148 videlicet

1953 5136 2050 5238 seu
2091 5172 2262 5231 moles
2291 5172 2407 5240 ipsa
2460 5161 2708 5223 immensi
2735 5159 3016 5217 draconis,
3062 5166 3092 5204 a
3139 5136 3560 5216 septentrionali

3145 5239 3291 5260 n2-..”
3342 5233 3558 5260 _-IA|\n.
