3992 5338
500 247 610 307 039

1426 243 1760 313 ,noocht
1798 246 2055 304 CLADlll
2091 215 2396 301 nosshtu
2436 245 2745 304 atomo.

3658 242 3767 300 649

498 360 738 425 millibus
782 357 1237 425 Normannorum,
1288 358 1546 429 quoniam
1573 359 1984 439 Burgundiones
2027 358 2078 415 ei
2108 364 2152 421 Α
2185 358 2382 413 mando
2437 373 2526 414 res
2571 360 2875 424 hominum,
2927 367 3126 429 praeter
3176 354 3423 412 civitates
3473 360 3530 411 et
3579 367 3765 411 castra

501 450 653 509 fuere
680 447 929 514 rebelles,
970 447 1217 503 nolentes
1240 461 1365 502 eum
1391 447 1671 518 suscipere
1697 450 1752 518 in
1774 448 2085 516 civitatibus

496 551 556 597 et
583 541 779 597 castris
814 554 935 611 qua:
961 538 1175 617 fuerant
1203 538 1358 595 ducis
1378 538 1623 606 Henrici,
1670 539 1791 608 ejus
1835 541 2083 597 videlicet

494 633 784 699 avunculi;
817 633 947 702 quin
976 632 1161 711 potius
1176 632 1278 688 sibi
1305 633 1360 689 in
1385 634 1637 704 proprias
1677 634 1912 690 divisere
1957 650 2087 705 par-

499 735 602 781 tes.
640 724 943 801 Deveniens
967 738 1181 796 quoque
1208 739 1303 781 res
1323 723 1577 795 primitus
1602 740 1727 780 cum
1754 726 1902 779 omni
1922 740 2083 780 exer-

496 816 611 891 citu
623 816 898 872 civitatem
925 814 1379 891 Autissiodorum,
1415 831 1534 889 eam
1555 817 1837 875 obsidione
1858 804 2086 873 circum.

498 910 671 967 dedit.
713 909 817 979 Qui
844 910 936 965 diu
967 908 1042 965 ibi
1078 910 1290 966 crebris
1311 910 1606 969 assultibus
1641 910 1907 982 fatigatus
1948 912 2085 967 resio

494 1004 637 1080 deus
665 1004 772 1058 nou
797 1002 1062 1079 adversus
1089 1016 1209 1056 eam
1240 990 1546 1073 praevaluit,
1596 1019 1718 1073 qua:
1746 1002 1918 1058 fertur
1954 1018 2086 1058 nun-

496 1111 664 1173 quam
693 1095 881 1153 fraude
905 1094 988 1150 vel
1006 1095 1160 1151 hoste
1174 1093 1342 1152 fuisse
1359 1095 1602 1166 decepta.
1628 1096 1835 1152 llelieta
1850 1082 2085 1167 naquc

496 1188 754 1273 civitate,
784 1202 878 1244 rev
898 1203 1034 1261 cum
1072 1188 1327 1244 universo
1349 1187 1546 1244 bellico
1581 1196 1841 1259 apparatu
1865 1204 2086 1245 conver-

492 1281 570 1343 tit
597 1295 656 1334 se
682 1280 749 1335 ad
778 1289 1020 1336 castrum
1046 1279 1193 1336 beati
1223 1281 1469 1351 praesulis
1489 1280 1750 1337 Germani
1781 1296 2088 1352 expugnano

492 1373 652 1443 dum,
682 1372 828 1444 quod
856 1372 1063 1428 munito
1086 1387 1280 1444 aggere
1303 1373 1623 1443 prtepollens
1650 1373 1822 1430 lueret
1851 1356 2082 1431 civitati;

498 1462 822 1547 'Vallaverat
871 1462 1015 1517 enim
1069 1462 1198 1519 illud
1248 1462 1499 1520 Landrici
1548 1464 1765 1521 comitis
1813 1466 2087 1524 exercitus

499 1568 733 1610 necnon
751 1552 991 1623 ejusdem
1015 1555 1119 1610 loci
1149 1554 1447 1612 familiares
1484 1556 1607 1622 viri,
1649 1557 1885 1613 hostium
1919 1558 2087 1629 siqui-

500 1646 625 1702 dem
667 1654 971 1702 metuentes
1007 1646 1149 1702 sacri
1194 1648 1373 1718 gregis
1413 1648 1851 1719 diremptionem.
1883 1649 2085 1707 Occur-

496 1735 577 1791 rit
614 1734 822 1791 interea
854 1734 1054 1803 furenti
1080 1736 1189 1807 regi
1217 1735 1375 1793 Odilo
1403 1738 1736 1795 venerabilis
1767 1740 1937 1797 abbas
1960 1739 2085 1796 Clu-
2116 1722 2158 1782 Β

496 1825 772 1885 niacensis
822 1826 1448 1897 utouasterii,-cupiens
1508 1828 1840 1891 intervenire
1901 1841 2082 1901 partes

492 1928 758 1989 utrasque
783 1936 798 1972 :
831 1918 1096 1989 siquidem
1128 1926 1185 1973 ιιι
1209 1919 1317 1990 regi
1348 1919 1702 1976 exhiberetur
1722 1920 2083 1977 bonOrilicen-

498 2010 597 2081 tia,
630 2010 955 2066 solidarctur
982 2010 1271 2066 concordia
1293 2011 1619 2081 principum,
1647 2027 1750 2083 pax
1780 2013 1970 2083 patria:
1996 2013 2086 2068 ﬁr-

496 2112 765 2158 maretur.
798 2102 902 2171 Qui
932 2103 1112 2158 minus
1143 2118 1303 2173 posse
1334 2102 1449 2159 ﬁeri
1479 2118 1711 2160 cernens
1730 2105 1875 2174 quod
1897 2105 2087 2159 derrec

492 2203 681 2258 .vcrat,
714 2182 1034 2249 hortabatur
1063 2193 1261 2249 fratres
1285 2202 1410 2249 octo
1450 2197 1843 2261 tantummodo,
1883 2196 1977 2267 qui
2017 2196 2086 2250 ad

492 2285 839 2349 confessoris
862 2286 1163 2351 custodiam
1201 2285 1375 2343 relicti
1419 2284 1820 2357 fuerant‘(nam
1859 2299 2087 2344 cieteros

494 2392 624 2432 cum
655 2392 753 2433 suo
779 2376 976 2433 abbate
1000 2375 1532 2432 llildericonomiue
1567 2374 1741 2445 jussio
1774 2360 1916 2449 regis
1964 2377 2088 2439 inde

489 2470 654 2525 exire
683 2469 1059 2541 compulerat),
1103 2479 1164 2524 ut
1191 2470 1423 2524 orationi
1457 2470 1723 2525 instarent
1760 2471 1997 2535 assidue,
2041 2470 2087 2527 si

492 2558 648 2616 forte
678 2560 890 2615 Domini
920 2559 1093 2631 pietas
1130 2575 1248 2625 eos,
1291 2561 1603 2631 pariterque
1634 2562 1831 2626 Ineunt,
1857 2578 1888 2615 a
1940 2571 2088 2617 tanta

500 2651 786 2707 obsidione
832 2651 1150 2722 dignaretur
1178 2652 1412 2722 eripere.
1446 2652 1614 2707 Sexto
1655 2652 1819 2723 igitur
1852 2653 2089 2707 obsidio-

402 2820 411 2827 δ
498 2745 595 2801 nis
622 2743 1022 2808 illuscescente,
1060 2743 1229 2799 nimio
1266 2760 1363 2799 rex
1406 2753 1658 2815 arreptus
1692 2743 1898 2811 furore,
1941 2744 2090 2799 indu-

502 2843 594 2889 tus
647 2834 816 2889 lorica
865 2834 1029 2889 simul
1077 2843 1132 2888 et
1183 2833 1361 2907 galea,
1407 2850 1736 2905 omnemque
1790 2835 2087 2889 exercitum

494 2925 669 2980 dictis
692 2938 986 2993 exacuens,
1015 2925 1222 2981 habens
1246 2926 1411 2981 etiam
1434 2942 1620 2981 secum
1649 2924 1929 2994 Hugonem
1952 2924 2091 2994 ejus-

496 3017 634 3073 .dem
676 3016 824 3072 urbis
873 3016 1207 3087 pontificem,
1261 3016 1433 3071 solum
1483 3032 1550 3072 cx
1593 3017 1740 3072 omni
1786 3016 2090 3087 Durgundia

496 3109 644 3180 parti
680 3109 827 3180 regis
860 3109 1151 3165 faventem.
1198 3108 1385 3165 Eidem
1438 3123 1673 3178 namque
1724 3108 1834 3179 regi
1878 3109 1932 3163 in
1966 3123 2093 3179 pro-

492 3204 691 3267 ;ciuetu
741 3201 852 3271 jam
902 3202 1203 3258 constituto
1247 3202 1489 3257 occurrit
1525 3201 1871 3271 supradictus
1921 3202 2092 3258 abbas

498 3294 684 3361 ;0.iilo,
702 3294 852 3349 illum
877 3295 1188 3365 increpans,
1210 3294 1436 3365 ejusque
1455 3294 1716 3364 primates
1739 3293 2090 3363 redargueus,

510 3403 609 3443 cur
634 3387 892 3442 adversus
922 3394 1131 3441 tantum
1158 3386 1251 3441 Dei
1280 3386 1611 3457 pontificem,
1637 3384 1845 3440 scilicet
1869 3384 2093 3440 Germa-

492 3494 663 3547 inutu,
698 3480 883 3536 hostili
927 3494 1090 3536 manu
1132 3479 1593 3535 insurresissent:
1633 3479 1722 3545 cui
1760 3478 2091 3549 specialiter,

498 3584 573 3628 ut
601 3574 652 3627 in
691 3573 858 3643 gestis
886 3573 1028 3628 illius
1072 3572 1366 3637 invenitur,
1400 3586 1498 3629 usu
1528 3569 1630 3625 fuit
1671 3570 1763 3625 Dei
1790 3570 1991 3632 auxilio
2039 3579 2096 3627 et

509 3663 651 3719 bella
672 3676 1022 3731 compescere
1049 3660 1306 3731 plurima,
1336 3669 1386 3715 et
1414 3676 1602 3732 regum
1644 3658 1915 3716 ferocitati
1961 3660 2097 3715 resi-

491 3764 677 3811 .stere.
716 3751 882 3822 Cujus
905 3753 1085 3809 verbis
1115 3752 1296 3807 minus
1334 3751 1578 3807 auditum
1621 3752 1957 3822 prementes,
1987 3764 2096 3820 quo

492 3846 806 3903 μιαιάοιιδιιι
852 3852 1239 3916 pervenerunt,
1291 3843 1680 3914 cingentesque
1726 3841 2096 3912 supradictum

496 3946 755 3993 castrum
785 3936 842 3993 in
869 3950 1086 3992 corona:
1126 3936 1371 4001 modum,
1391 3934 1643 3990 certatim
1668 3932 1798 3989 illud
1817 3947 2095 4003 expugna-

494 4027 617 4089 turi
648 4027 895 4099 praelium
915 4026 1193 4083 .inierunt.
1233 4026 1474 4095 Alternis
1498 4041 1713 4097 quoque
1734 4025 1981 4097 partibus
2005 4025 2098 4083 diu

498 4118 848 4188 multumque
900 4117 1329 4180 decertantihus,
1377 4116 1573 4172 domus
1640 4130 1755 4171 suae
1804 4118 1945 4186 parti
1999 4114 2094 4170 Dei

509 4208 878 4264 subito-alluit
904 4225 1143 4280 prmsens
1166 4209 1449 4264 auxilium.
1492 4200 1627 4264 Nam
1658 4207 1899 4278 ejusdem
1920 4204 2091 4277 castri

511 4300 763 4355 universa
794 4300 1068 4370 capacitas
1089 4300 1168 4373 ita
1193 4300 1396 4371 repleta
1425 4310 1509 4355 est
1537 4300 1587 4353 iu
1625 4300 1757 4354 hora
1803 4298 1974 4368 praelii
2020 4308 2096 4352 te-

513 4392 737 4457 terrima
781 4392 1000 4457 nebula,
1034 4401 1094 4446 ut
1131 4392 1331 4447 nemini
1373 4392 1606 4447 hostium
1647 4405 1680 4445 a
1712 4388 1849 4446 foris
1870 4389 2093 4459 pervius

493 4482 655 4540 -feret
687 4482 965 4552 jaculaudi
1013 4483 1215 4547 aditus,
1245 4500 1369 4538 cum
1393 4485 1461 4538 ab
1495 4484 1641 4538 intro
1669 4480 2095 4553 repugnantibus

500 4582 803 4629 cernerent
829 4588 889 4629 se
921 4574 1070 4643 gravi
1097 4574 1241 4629 crede
1266 4574 1558 4643 prosterni.
1592 4573 1789 4642 Sicque
1822 4588 1943 4628 cum
1972 4588 2097 4628 suo-

516 4680 639 4722 rum
684 4664 919 4719 maxime
942 4662 1381 4719 Normannorum
1409 4661 1742 4726 concisione,
1772 4661 2097 4739 dimiserunt

494 4767 752 4815 -castrum
785 4757 1074 4820 incolume,
1106 4771 1245 4825 quos
1272 4755 1400 4812 licet
1423 4755 1578 4809 tarde
1618 4754 1873 4824 paenituit
1901 4755 2099 4810 adver-

513 4865 609 4908 sus
653 4850 832 4921 magni
878 4847 1265 4906 meriti‘locum
1314 4863 1464 4903 arma
1492 4847 1807 4921 sumpsisse.
1859 4848 2099 4921 Contigit

2187 449 2478 515 tutissima,
2542 464 2714 519 usque
2748 449 2804 503 in
2831 449 3140 520 superiores
3183 445 3506 517 Burgundize
3556 454 3762 514 partes.

2182 539 2285 608 Qui
2314 539 2604 596 Franciam
2635 539 2873 604 rediens,
2897 547 3020 608 post
3046 537 3161 593 haec
3192 546 3372 593 tamen
3406 535 3532 590 licet
3557 536 3765 591 tardius

2183 634 2252 691 ad
2275 649 2335 690 se
2362 634 2601 690 reversis
2626 633 3120 706 Burgundionibus,
3161 644 3423 703 prospere
3456 628 3764 685 universam

2182 728 2420 786 obtinuit
2447 728 2745 800 regionem.

2799 819 3029 877 CAPUT
3066 817 3158 876 IX.

2308 916 2386 974 De
2409 918 2550 988 fama
2574 917 2750 974 valida
2777 928 2826 974 et
2850 917 3185 988 iufcstatione
3208 914 3665 973 Sarracenorum."

2254 1008 2456 1070 Eodem
2488 1019 2671 1066 autem
2705 1018 2949 1081 tempore
2986 1009 3129 1065 facta
3158 1017 3243 1065 est
3275 1008 3446 1063 fames
3478 1007 3765 1078 pmvalida

2184 1101 2555 1172 quinquennio
2608 1101 2663 1156 in
2712 1102 2968 1158 universo
3011 1100 3257 1159 Romano
3303 1098 3457 1164 orbe,
3501 1098 3765 1167 siquidem

2184 1202 2245 1248 ut
2275 1193 2419 1249 nulla
2434 1193 2716 1249 audiretur
2760 1208 2868 1250 non
2899 1193 3053 1264 inops
3082 1192 3233 1264 regio
3257 1200 3311 1245 et
3336 1190 3582 1261 indigens
3606 1204 3764 1258 pane.

2184 1284 2442 1357 Multique
2465 1285 2715 1343 exhausti
2743 1284 2922 1342 inedia
2958 1286 3024 1341 de
3053 1283 3252 1356 populo
3280 1283 3584 1355 perierunt.
3617 1280 3766 1336 Tunc

2183 1376 2350 1431 etiam
2381 1391 2478 1447 per
2503 1376 2658 1447 plura
2687 1376 2805 1433 loca
2836 1385 3129 1442 terrarum,
3171 1390 3280 1431 non
3330 1374 3506 1430 solum
3535 1374 3768 1427 immun-

2185 1465 2377 1523 dorum
2394 1466 2708 1523 animalium
2731 1475 2787 1523 et
2810 1467 3103 1537 reptilium,
3126 1480 3315 1521 verum
3342 1465 3509 1520 etiam
3529 1463 3769 1517 virorum

2183 1572 2250 1614 ac
2281 1557 2572 1614 mulierum
2611 1557 3011 1629 infantiumque
3059 1572 3256 1615 carnes
3293 1555 3557 1627 compulit
3595 1553 3769 1610 fames

2186 1652 2408 1708 horrida
2438 1667 2654 1708 sumere
2699 1652 2753 1707 in
2785 1650 2989 1719 cibum,
3028 1650 3175 1707 nulla
3207 1649 3295 1705 vel
3341 1656 3622 1719 parentum
3676 1647 3768 1701 oh-

2187 1750 2365 1798 stante
2388 1741 2806 1798 necessitudine.
2837 1740 2973 1796 Nam
2998 1754 3065 1796 eo
3089 1754 3263 1810 usque
3288 1739 3584 1795 devenerat
3607 1734 3771 1805 hujus

2185 1830 2394 1889 smvitia
2429 1830 2609 1896 famis,
2639 1838 2699 1885 ut
2725 1829 2841 1898 jam
2873 1828 3041 1887 adulti
3089 1828 3183 1885 ﬁlii
3228 1835 3611 1884 consumerent
3653 1840 3771 1880 sua-

2187 1931 2321 1989 tres,
2353 1899 2599 1992 ἱρεῖαιυὲ
2615 1922 2668 1976 in
2699 1920 2973 1993 parvulos,
3005 1929 3214 1976 remota
3253 1919 3458 1991 pietate
3505 1926 3768 1980 materna,

2186 2012 2332 2069 idem
2392 2021 2734 2069 exercerent.
2796 2011 3172 2084 Subsequente
3223 2024 3464 2081 namque
3514 2017 3766 2080 tempore,

2185 2120 2319 2177 gens
2332 2103 2757 2160 Sarracenorum
2784 2120 2907 2160 cum
2940 2120 3067 2176 rege
3092 2119 3212 2170 suo,
3242 2102 3505 2159 Almuzor
3534 2101 3765 2165 nomine,

2186 2213 2406 2273 egressa
2457 2206 2540 2253 est
2581 2198 2652 2253 ab
2684 2196 2960 2253 Africanis
3012 2196 3288 2266 partibus,
3314 2208 3595 2264 occupans
3641 2206 3767 2262 pene

2188 2292 2499 2357 universam
2532 2288 2803 2361 llispanize
2855 2288 3129 2360 regionem
3182 2301 3355 2356 usque
3395 2288 3454 2341 in
3496 2284 3771 2340 Australes

2186 2373 2484 2438 Galliarum
2509 2381 2664 2447 fines,
2694 2380 3070 2451 plurimasque
3109 2378 3551 2434 Christianorum
3581 2376 3768 2432 dedere

2182 2484 2420 2545 strages.
2469 2473 2577 2530 Sed
2619 2473 2747 2530 licet
2799 2474 2975 2543 impar
3030 2471 3295 2536 exercitu.
3346 2471 3547 2543 srepius
3602 2480 3769 2526 tamen

2191 2564 2310 2619 iniit
2338 2579 2460 2620 cum
2487 2562 2568 2618 eis
2599 2563 2784 2634 praelia
2808 2562 3123 2617 Witlermus
3144 2559 3547 2625 duxNavariue,
3576 2574 3769 2629 cogno-

2189 2665 2374 2711 mento
2407 2655 2656 2710 Sanctus.
2692 2654 2846 2710 Tune
2875 2654 3040 2709 etiam
3066 2652 3136 2710 ob
3165 2653 3449 2708 exercitus
3488 2653 3765 2707 raritatem

2189 2745 2453 2814 compulsi
2495 2752 2623 2800 sunt
2654 2745 2889 2817 regionis
2918 2744 3060 2799 illius
3090 2743 3605 2799 monachi'sumere
3629 2759 3770 2797 arma

2190 2838 2404 2895 bellica.
2456 2838 2621 2895 Caesa:
2680 2838 2915 2908 denique
2963 2838 3203 2909 graviter
3249 2846 3498 2907 utrmque
3557 2846 3769 2908 partes,

2193 2932 2409 2988 tandem
2459 2947 2719 2988 concessa
2776 2920 3114 2987 Christianis
3150 2931 3378 2986 victoria
3420 2938 3549 3000 post
3583 2929 3772 3000 grande

2193 3038 2414 3078 suorum
2443 3023 2807 3094 dispendium,
2868 3022 2960 3092 qui
3000 3022 3317 3093 superfuere
3349 3019 3773 3076 Sarracenorum

2194 3113 2261 3169 ad
2287 3113 2528 3169 Africam
2561 3114 2741 3170 fecere
2767 3112 3102 3185 confugium.
3130 3112 3238 3166 Sed
3264 3120 3320 3165 et
3344 3111 3397 3165 in
3422 3111 3533 3165 illis
3564 3110 3776 3166 diutinis

2192 3202 2531 3263 conﬂictibus
2574 3203 2884 3276 prmliorum
2930 3212 3149 3281 constat
3182 3201 3776 3258 Christianorum-reii-

2192 3296 2372 3366 giosos
2414 3295 2596 3366 plures
2628 3294 2970 3356 occubuisse.
3018 3294 3111 3365 qui
3164 3294 3345 3364 potius
3401 3294 3472 3348 ob
3523 3292 3772 3347 fraterna:

2191 3389 2724 3445 charitatisamorem
2748 3388 3037 3465 cupiebant
3055 3388 3333 3444 decertare
3348 3427 3364 3452 ,
3380 3402 3544 3456 quam
3568 3394 3778 3455 propter

2193 3482 2432 3550 aliquam
2469 3481 2699 3558 gloriam
2746 3480 2921 3536 laudis
2951 3480 3291 3551 pompaticze.
3329 3478 3461 3533 Erat
3491 3478 3695 3549 quippe
3718 3490 3778 3529 eo

2194 3581 2439 3644 tempore
2474 3573 2647 3629 frater
2683 3572 2954 3643 quispiam
3007 3569 3263 3628 Wlferius
3315 3568 3562 3634 nomine,
3612 3567 3779 3623 dulcis

2190 3664 2485 3727 admodum
2519 3663 2784 3729 moribus,
2814 3678 2880 3718 ex
2905 3661 3319 3717 conversatione
3349 3660 3403 3714 in
3451 3659 3779 3716 monasterio

2195 3754 2241 3809 ll
2254 3768 2595 3825 eomagense,
2624 3753 2770 3823 quod
2788 3762 2872 3808 est
2906 3753 3070 3809 situm
3100 3751 3153 3806 in
3186 3765 3325 3822 pago
3345 3750 3778 3812 Tarnodercnse,

2195 3844 2281 3902 cui
2312 3845 2475 3901 etiam
2514 3844 2767 3923 apparuit
2794 3843 2883 3900 die
2911 3843 3142 3914 quadam
3166 3842 3444 3899 Dominica
3474 3841 3619 3896 visio
3658 3842 3780 3895 satis

2196 3934 2508 3991 credulitati
2554 3934 2861 3990 commoda.
2913 3928 3070 4003 Nam,
3125 3936 3252 3989 dum
3280 3948 3378 4005 per
3422 3932 3782 4004 exple-tionem

2192 4025 2601 4093 tuatutinalium
2631 4025 2847 4081 laudum
2892 4025 2948 4080 in
2979 4025 3293 4095 supradicto
3323 4033 3585 4080 oraturus
3632 4024 3781 4093 quie-

2192 4119 2369 4174 .vissct
2397 4118 2748 4181 monasterio,
2786 4118 3000 4174 caeteris
3031 4116 3290 4172 fratribus
3323 4116 3450 4171 inde
3479 4115 3783 4185 aliquantu-

2197 4211 2314 4287 lum
2371 4211 2439 4268 ad
2493 4226 2719 4282 pausam
2770 4210 3146 4275 redeuntibus,
3189 4209 3367 4265 subito
3424 4208 3667 4278 repletus
3708 4215 3782 4261 est

2198 4301 2363 4357 totius
2386 4301 2627 4370 ejusdem
2658 4298 2903 4356 ecclesia:
2936 4300 3173 4354 ambitus
3203 4299 3336 4353 viris
3363 4296 3582 4353 scilicet
3622 4296 3781 4351 vesti-

2197 4393 2300 4449 bus
2323 4392 2462 4448 albis
2486 4392 2687 4449 indulis
2709 4407 2773 4449 ac
2800 4391 3089 4462 purpureis
3125 4388 3281 4446 stolis
3309 4388 3611 4459 insignitis,
3649 4402 3780 4458 quo-

2200 4501 2318 4540 rtuu
2359 4485 2523 4540 etiam
2554 4484 2921 4539 continentia:
2951 4483 3194 4555 gravitas
3227 4481 3521 4552 plurimum
3550 4481 3618 4535 de
3664 4480 3783 4550 ipsis
3812 4524 3819 4532 .

2196 4574 2514 4632 instituebat
2534 4589 2629 4630 eos
2654 4581 2992 4629 cernentem.
3034 4571 3134 4640 Qui
3182 4586 3305 4625 vero
3329 4585 3424 4624 eos
3450 4570 3784 4639 prtecedebat

2195 4680 2414 4722 crucem
2444 4680 2600 4718 manu
2625 4674 2866 4735 gestans,
2902 4664 3223 4733 episcopum
3260 4677 3320 4716 se
3349 4675 3469 4715 esse
3497 4659 3782 4714 multarum

2198 4755 2413 4811 dicebat
2448 4754 2712 4826 plebium,
2764 4754 2945 4825 ibique
2990 4753 3074 4807 die
3128 4752 3244 4820 ipso
3286 4765 3441 4805 sacra
3497 4751 3784 4804 missarum

2199 4846 2478 4904 celebrare
2517 4860 2577 4902 se
2617 4853 2870 4917 oportere
2912 4842 3246 4915 perhibebat.
3290 4839 3583 4898 Referebat
3629 4841 3783 4895 etiam

3032 4933 3149 4954 "9.--
3180 4932 3351 4954 ..--I,_
3386 4947 3501 4954 -.-ι-Α
3534 4930 3783 4954 l‘..-n..:L..-
