3992 5338
202 125 312 192 6η

1137 132 1613 193 HlS’l'OillARUM
1654 131 1831 189 LIBRI
1866 126 2198 200 QUINQUE.
2231 160 2304 174 --
2332 130 2559 191 ιιιιμιι.

3363 142 3495 203 -θις

211 245 517 302 sonoritate
541 242 756 307 referta.
789 254 859 307 et.
888 253 947 301 nt
962 260 1111 300 mens
1140 247 1280 301 valet
1306 248 1562 312 humana,
1594 246 1805 302 Deifiete
1833 252 1879 309 Α
1908 244 2152 315 eatisque
2176 248 2389 304 caeteris
2412 231 2698 316 fratribus,
2720 230 3028 308 secundum
3047 267 3252 310 morem
3305 256 3356 312 ei
3408 258 3493 314 vi-

210 338 475 392 Trinitati
511 339 799 406 condigna.
829 338 1006 409 Coepit
1038 339 1244 393 interea
1296 339 1388 409 qui
1422 348 1656 410 praeerat
1691 339 1807 410 epi-

210 447 437 499 scopus,
465 445 627 502 super
663 430 834 485 altare
857 430 1030 485 sancti
1064 429 1297 485 Mauritii
1323 430 1581 499 martyris
1613 432 1806 485 missa-

209 538 333 577 rum
369 522 659 589 solemnia,
687 523 926 591 ejusdem
964 521 1252 579 Trinitatis
1284 523 1634 594 antipltonam
1659 524 1804 579 into-

208 629 373 676 nans,
425 612 722 667 celebrare.
764 613 981 668 interim
1003 627 1134 669 vero
1178 621 1562 683 percunctatus
1596 623 1683 671 est
1714 630 1806 670 su-

206 698 494 766 pradictus
543 699 732 764 frater,
760 714 873 768 qtn,
923 706 1016 754 aut
1067 701 1211 756 unde
1256 707 1457 766 essent,
1487 715 1590 770 pro
1630 716 1806 772 quave

206 804 379 845 causa
417 791 548 846 illuc
586 791 946 847 devenissent.
986 791 1085 847 (lui
1108 793 1245 848 satis
1276 792 1471 850 leniter
1502 793 1611 849 tale
1636 794 1803 850 dede-

207 892 337 936 runt
365 898 737 954 responsum:
781 902 800 935 ι
840 884 1261 953 Professioncm,
1309 885 1583 957 inquiunt,
1636 886 1800 943 Chri-

205 975 509 1030 stianitatis
538 984 833 1045 gestamus,
873 977 968 1031 sed
999 976 1069 1032 ob
1099 976 1321 1033 tutelam
1376 979 1567 1049 patria:
1605 978 1804 1035 Catho-

204 1068 441 1137 liczrque
488 1067 661 1139 plebis
713 1066 1110 1135 defensionem,
1166 1069 1375 1139 gladius
1423 1087 1522 1126 nos
1559 1073 1613 1127 in
1660 1070 1803 1127 bello

206 1159 644 1214 Sarracenorum
679 1160 953 1230 separavit
997 1161 1067 1216 ab
1113 1161 1473 1217 humanorum
1513 1178 1800 1235 corporum

205 1252 572 1307 habitatione.
618 1251 827 1308 idcirco
865 1268 966 1308 nos
992 1268 1182 1309 omnes
1212 1254 1417 1327 pariter
1435 1255 1615 1311 divina
1643 1270 1803 1311 voca-

204 1346 280 1397 tio
309 1360 460 1401 nunc
483 1344 740 1417 transfert
769 1345 823 1401 in
858 1355 1058 1401 sortem
1092 1348 1397 1402 beatorum.
1430 1347 1536 1404 Sed
1562 1348 1683 1403 ideo
1703 1365 1802 1423 per

204 1438 346 1494 hanc
381 1440 721 1510 provinciam
753 1438 909 1493 nobis
940 1438 1207 1510 contingit
1235 1440 1439 1494 habere
1485 1441 1798 1507 transitum,

202 1530 468 1598 quoniam
502 1524 685 1600 plures
710 1544 775 1584 ex
806 1530 907 1584 liae
933 1529 1151 1599 regione
1177 1529 1317 1584 infra
1347 1531 1509 1586 breve
1537 1533 1799 1601 temporis

1894 335 2216 392 sitationem
2244 339 2507 396 fecerunt.
2541 340 2722 397 Tertia
2750 356 2986 423 namque
3014 344 3099 400 die
3124 358 3345 416 peracta
3364 389 3379 415 ,
3406 349 3496 405 iit--

1906 427 2138 496 eipiente
2166 438 2325 485 nocte
2358 430 2610 502 migravit
2633 448 2663 488 a
2693 449 2944 505 corpore.
2986 436 3157 502 Quem
3188 436 3317 493 dum
3358 455 3493 495 cun-

1892 518 1978 573 'eti
2001 518 2199 575 fratres
2229 535 2297 575 ex
2339 536 2490 577 more
2538 522 2759 579 abluere
2814 541 2879 581 ac
2923 529 3119 595 pannis
3169 517 3495 600 componere

1895 619 2182 681 pararent,
2217 610 2480 682 signaque
2522 617 2839 672 monasterit
2883 617 3139 673 universa
3192 619 3490 690 pulsarent,

1906 701 2124 771 quidam
2158 700 2349 768 Inicus,
2405 703 2502 758 sed
2554 705 2860 776 religiosus,
2906 705 3062 776 juxta
3116 724 3490 779 commanens,

1904 794 2161 864 ignorans
2181 794 2389 849 obitum
2415 794 2619 864 fratris,
2651 799 3035 869 testimansque
3068 801 3137 855 ob
3161 803 3491 859 nuntiandos

1904 885 2199 967 matutinos
2227 886 2381 957 signa
2416 887 2643 958 pulsari,
2670 892 3001 957 exsurrexit,
3029 902 3089 945 ut
3114 893 3346 959 solebat,
3374 909 3495 964 per-

1904 993 2035 1047 gere
2063 978 2129 1034 ad
2175 979 2489 1035 ecclesiam.
2532 980 2633 1048 Qui
2676 996 2801 1036 cum
2854 983 3096 1038 venisset
3150 984 3217 1039 ad
3273 978 3494 1057 pontem

1896 1068 2190 1139 quemdam
2225 1069 2489 1141 ligneum,
2519 1071 2611 1141 qui
2644 1070 2761 1126 fere
2788 1072 2842 1126 in
2887 1073 3067 1127 medio
3096 1083 3219 1128 erat
3268 1068 3490 1140 itinere,

1903 1162 2191 1216 audierunt
2216 1163 2401 1231 plures
2432 1165 2496 1216 e’x
2527 1162 2719 1217 vicinis
2744 1178 2907 1218 voces
2934 1165 3198 1234 quasdam
3228 1180 3295 1221 ex
3324 1166 3495 1221 latere

1903 1254 2219 1308 monasterii
2253 1254 2653 1324 proclamantes
2685 1256 2993 1325 hujnsmodi
3022 1273 3035 1310 :
3065 1273 3087 1307 ι
3122 1256 3381 1324 Extrahe,
3397 1275 3493 1312 ex”-

1894 1337 2081 1413 ’trai;e,
2110 1356 2163 1399 et
2194 1351 2333 1402 edue
2360 1348 2427 1402 ad
2465 1363 2563 1403 nos
2610 1348 2761 1404 illum
2808 1353 3159 1419 quantocius.
3216 1371 3235 1405 ι
3277 1352 3493 1420 Quibus

1898 1436 2063 1490 etiam
2096 1436 2317 1492 vocibus
2342 1438 2449 1492 tale
2475 1453 2797 1509 reSponsnm
2826 1450 2905 1495 est
2936 1441 3204 1496 redditum
3232 1461 3255 1497 τι
3284 1461 3303 1494 ι
3334 1442 3491 1499 fiunt:

1894 1527 2121 1582 interim
2154 1545 2257 1584 non
2288 1542 2447 1599 queo,
2473 1530 2640 1584 alium
2669 1539 2847 1587 tamen
2880 1532 3108 1587 educam
3136 1534 3184 1588 si
3222 1544 3435 1604 potero.
3460 1552 3486 1587 θ

203 1622 446 1691 spatium
494 1628 682 1676 nostro
711 1628 838 1675 sunt
886 1620 1117 1675 addendi
1169 1620 1415 1692 collegio.
1449 1640 1468 1675 ι
1531 1620 1800 1678 Ρηριετριι
1833 1619 1876 1679 Β
1905 1618 2099 1674 Statim
2127 1635 2257 1677 vero
2286 1622 2375 1677 ille
2420 1624 2510 1692 qui
2544 1624 2610 1679 ad
2650 1625 2937 1680 ecclesiam
2985 1628 3262 1700 pergebat,
3316 1624 3495 1686 cernit

204 1710 251 1764 is
302 1710 400 1781 qui
443 1711 730 1765 missarmn
778 1710 1031 1781 explebat
1076 1709 1333 1777 officium,
1366 1710 1515 1766 finita
1555 1713 1805 1769 oratione

204 1798 517 1866 Dominica,
559 1818 749 1873 pacem
805 1803 1059 1857 onmibus
1110 1803 1265 1868 dans,
1314 1804 1463 1858 misit
1498 1820 1664 1859 unum
1710 1806 1801 1875 qui

200 1895 307 1964 ipsi
365 1896 522 1950 fratri
559 1898 708 1968 pacis
748 1898 995 1953 osculum
1025 1899 1199 1953 daret.
1251 1898 1352 1965 Qui
1396 1914 1519 1955 cum
1560 1899 1801 1967 fecisset,

204 1986 385 2041 innuit
439 1988 606 2042 etiam
650 1988 701 2043 ei
750 1996 810 2043 nt
843 1988 990 2043 illum
1032 2001 1377 2060 sequeretur.
1437 1989 1533 2046 liis
1564 1992 1637 2046 ita
1674 2007 1800 2046 eou-

202 2079 434 2147 spectis,
469 2094 592 2134 cum
638 2079 801 2136 vellet
842 2095 937 2136 eos
967 2082 1144 2151 sequi,
1183 2082 1584 2152 diSparuerunt.
1638 2083 1800 2138 Intel-

201 2167 337 2222 lesit
365 2185 585 2239 quoque
633 2168 773 2226 idem
818 2168 990 2226 frater
1030 2185 1090 2226 se
1123 2171 1177 2226 in
1226 2171 1378 2226 brevi
1407 2173 1586 2241 spatio
1623 2173 1801 2227 exitu-

203 2275 320 2313 rum
353 2276 385 2314 a
438 2260 667 2327 sweulo;
712 2262 855 2332 quod
887 2262 1053 2317 etiam
1087 2262 1166 2316 sic
1215 2263 1441 2332 contigit
1471 2262 1608 2317 fieri.
1664 2262 1796 2317 Nam

201 2368 389 2406 mense
420 2353 628 2422 quinto,
657 2354 708 2408 id
746 2363 830 2409 est
859 2355 1163 2416 Decembri,
1210 2362 1497 2425 postquam
1524 2355 1639 2409 htee
1676 2370 1797 2425 qua:

197 2443 444 2498 diximus
470 2443 709 2507 viderat,
743 2445 825 2500 sui
854 2445 1065 2501 abbatis
1089 2446 1315 2517 imperio
1342 2446 1583 2515 perrexit
1611 2446 1796 2501 Antia.-

198 2534 481 2589 sioriorum
509 2536 682 2605 gratia
711 2536 1012 2591 medicandi
1044 2536 1348 2607 aliquorum
1383 2538 1435 2591 in
1466 2538 1798 2592 monasterio

200 2626 344 2681 beati
382 2625 715 2683 confessoris
750 2627 953 2683 Christi
979 2627 1238 2684 Germani
1267 2629 1655 2684 infirmantium
1686 2630 1790 2684 fras

196 2729 366 2772 trum.
408 2718 538 2772 Erat
561 2719 707 2773 enim
746 2720 1027 2776 medicina:
1061 2721 1199 2776 artis
1228 2720 1424 2775 studiis
1467 2723 1790 2777 instructus.

194 2807 299 2872 Qui
336 2808 565 2862 veniens
586 2808 714 2864 illuc
757 2810 923 2879 coepit
944 2824 1292 2865 commonere
1314 2810 1434 2866 illos
1460 2810 1658 2867 fratres
1680 2826 1794 2881 pro

197 2916 430 2969 quorum
453 2915 619 2956 causa
641 2904 959 2969 advenerat,
984 2911 1225 2974 utquam
1245 2904 1406 2959 citius
1444 2919 1565 2974 qute
1586 2920 1686 2976 pro
1706 2921 1793 2959 sas

1895 1720 2029 1767 ante
2052 1727 2110 1767 se
2132 1728 2297 1783 super
2324 1724 2542 1785 pontem
2596 1717 2749 1785 quasi
2803 1733 2969 1772 unum
3015 1718 3318 1774 vicinorum
3364 1714 3492 1775 suo;-

1894 1812 2044 1868 rum,
2072 1818 2258 1858 revera
2283 1819 2414 1874 ergo
2439 1805 2737 1870 diabolum,
2762 1816 2952 1862 contra
2971 1823 3033 1863 se
3056 1810 3396 1877 venientem}
3424 1811 3491 1864 de

1892 1907 2011 1962 quo
2036 1894 2199 1947 etiam
2228 1894 2480 1950 dubitare
2519 1912 2626 1950 non
2666 1904 2865 1969 posset.
2910 1898 3051 1966 Quin
3074 1902 3239 1955 etiam
3269 1903 3490 1958 nomine

1899 1986 2122 2054 proprio
2145 1984 2295 2039 illum
2320 1988 2549 2051 vocans,
2579 1990 2788 2043 monuit
2826 1999 2884 2045 ut
2918 1993 3156 2060 provide
3208 1978 3487 2050 transiret.

1892 2074 2049 2130 illico
2077 2085 2256 2130 autem
2305 2077 2574 2148 malignus
2627 2080 2852 2150 spiritus
2896 2082 3164 2152 turrigera
3214 2085 3392 2152 specie
3434 2085 3486 2138 in

1890 2166 2083 2219 altum.
2114 2180 2176 2221 se
2220 2166 2479 2237 erigens,
2511 2168 2845 2238 cupiensque
2893 2170 3146 2240 decipere
3186 2162 3484 2236 hominem,

1888 2256 2017 2326 ejus
2062 2255 2313 2312 fallacem
2364 2270 2613 2327 pompam
2659 2258 2867 2314 visibus
2920 2270 3256 2330 sequentem.
3312 2261 3485 2328 Quam

1890 2355 2083 2399 tamen
2110 2346 2724 2416 dumaspiceret,‘ojus
2775 2363 2868 2419 pes
2910 2348 3113 2419 lapsus,
3162 2351 3404 2417 graviter
3432 2351 3488 2405 in

1888 2445 2069 2506 ponto
2089 2438 2320 2492 corruit.
2355 2436 2455 2505 Qui
2484 2439 2761 2494 citissime
2780 2453 2841 2493 se
2870 2442 3109 2510 erigens,
3133 2427 3488 2510 ἱιιιιιιίοιιεῳιθ

1893 2543 1957 2583 se
1982 2529 2140 2598 signo
2166 2530 2369 2596 crucis,
2397 2531 2613 2599 cognita
2642 2531 2862 2602 maligni
2905 2532 3106 2587 diaboli
3154 2528 3375 2598 fraude,
3393 2544 3482 2588 re~

1888 2616 2120 2693 gressus
2172 2625 2392 2677 doumm
2440 2624 2653 2679 cautior
2688 2616 2787 2679 est
2836 2624 3319 2695 redditus;°paule
3365 2635 3488 2695 post

1890 2726 2089 2783 nempe
2118 2720 2173 2769 et
2203 2714 2319 2784 ipse
2348 2714 2401 2767 in
2434 2730 2567 2784 pace
2594 2716 2751 2769 obiit.

2517 2808 2746 2863 CAPUT
2786 2808 2854 2862 Χ.

2319 2897 2398 2952 De
2441 2898 2756 2953 inundantia
2804 2900 3060 2970 lapidum.

198 2991 774 3065 luteillorumagenda
799 3003 955 3048 erant
993 3008 1244 3050 exercere
1268 3010 1541 3051 curarent.
1574 2995 1788 3067 Coguo~
1819 2976 1863 3041 ί)
1966 2990 2069 3045 Per
2096 2990 2239 3045 idem
2281 2998 2492 3062 tempus
2522 2993 2754 3063 contigit
2784 2993 2837 3047 in
2871 2990 3177 3064 Butgundia
3210 2993 3350 3064 apud
3396 3008 3491 3048 can-

198 3092 352 3137 verat
392 3085 539 3138 enim
567 3084 773 3143 exitum
808 3100 967 3140 suum
1000 3086 1309 3157 proximum
1355 3086 1490 3141 fore.
1526 3086 1624 3142 Cui
1663 3088 1790 3142 dum

198 3176 626 3245 responderent:
654 3192 672 3226 ι
692 3175 872 3243 Quieti
905 3176 1119 3247 indulge
1149 3175 1264 3245 jam
1292 3177 1451 3232 hodie
1474 3192 1572 3248 pro
1594 3177 1790 3248 fatigas

198 3267 345 3323 tione
357 3269 594 3333 itineris,
610 3270 793 3324 utdies
807 3271 1043 3325 crastina
1065 3280 1118 3325 te
1130 3270 1481 3326 valentiorem
1497 3270 1752 3327 inveniat.
1766 3288 1785 3321 ι

197 3362 262 3414 At
299 3362 412 3430 ipse
441 3361 523 3415 ait
564 3378 579 3415 :
626 3379 645 3413 ι
679 3361 739 3417 Si
766 3362 1227 3433 hodie,qnantum
1255 3371 1531 3433 superest,
1557 3378 1665 3417 non
1697 3377 1793 3415 ex-

196 3453 432 3519 plevere,
464 3461 629 3522 prout
657 3453 831 3520 valeo,
859 3452 971 3522 jatn
1004 3454 1093 3508 die
1128 3454 1366 3509 crastina
1397 3453 1659 3509 noveritis
1702 3466 1791 3508 me

195 3559 263 3599 es
308 3546 392 3601 his
438 3545 580 3599 nihil
640 3554 912 3599 acturum.
975 3563 995 3597 ι
1046 3543 1146 3612 Qui
1200 3546 1387 3601 ludere
1416 3545 1563 3600 illum
1601 3546 1791 3600 existi.

196 3646 428 3701 inmites,
456 3645 519 3690 ut
546 3645 664 3692 erat
707 3652 922 3709 semper
951 3637 1115 3692 alacri
1156 3646 1336 3693 mente
1368 3637 1787 3709 placidus,qnod

195 3738 490 3784 monuerat
512 3729 836 3784 omiserunt.
867 3728 965 3783 Die
992 3737 1174 3783 autem
1214 3727 1384 3783 altera
1417 3728 1786 3793 illucescente,

196 3830 503 3890 praeventus
532 3821 645 3876 acri
693 3821 881 3877 dolore
928 3820 1180 3885 accessit,
1234 3830 1399 3892 prout
1454 3830 1691 3892 poterat,
1719 3821 1789 3875 ad

194 3911 363 3966 altare
402 3912 583 3968 beatae
607 3910 788 3966 Mariae
815 3926 1029 3982 semper
1051 3911 1298 3983 virginis,
1325 3926 1477 3966 sacra
1501 3912 1786 3990 missarum

194 4003 592 4058 eelebraturus.
654 4003 863 4071 Quibus
909 4003 1168 4073 peractis,
1198 4002 1425 4058 recessit
1473 4002 1540 4057 ad
1566 4002 1786 4057 domum

195 4093 540 4151 infirmorum
568 4094 822 4160 fratrum,
848 4096 1070 4167 jamque
1096 4095 1321 4151 nimium
1356 4094 1601 4151 dolentes
1634 4104 1787 4152 artus

193 4186 503 4255 composuit
533 4185 696 4241 lecto.
725 4185 849 4253 Cui,
875 4195 934 4239 ut
957 4185 1154 4241 talibus
1183 4186 1300 4240 fieri
1326 4185 1482 4252 solet,
1505 4190 1787 4256 coeperunt

193 4277 465 4347 palpebra:
492 4293 746 4333 somnum
776 4293 1021 4349 qnmrere
1052 4278 1193 4334 inter
1212 4279 1511 4349 angustias.
1544 4279 1787 4350 Repente

1892 3087 2068 3136 struat
2095 3080 2455 3138 Jaunniaeum
2477 3084 2853 3138 valde-mirum
2883 3094 2939 3138 et
2968 3086 3321 3140 memorabile
3342 3100 3484 3156 pra--

1893 3174 2099 3244 sagium
2124 3175 2176 3227 in
2209 3175 2370 3230 domo
2399 3174 2675 3245 cujusdam
2699 3172 3480 3238 nobilis.nomineArlebaudi.

1891 3265 2031 3321 Nam
2064 3283 2162 3339 per
2203 3268 2497 3324 triennium
2550 3267 2665 3324 fere
2723 3270 2979 3323 continue
3023 3285 3120 3339 per
3164 3270 3480 3325 universam

1887 3359 2034 3415 illius
2059 3359 2279 3415 domum
2312 3359 2657 3414 indicibiliter
2678 3360 2769 3415 evel
2803 3361 2876 3415 ab
2903 3374 3050 3424 aere,
3092 3360 3209 3414 sive
3244 3373 3275 3413 a
3329 3360 3486 3414 tabu-

1892 3451 2025 3518 latu,
2056 3450 2392 3506 distillavere
2428 3451 2607 3521 magni
2662 3459 2833 3521 atque
2865 3450 3284 3522 parvi-lapides,
3313 3452 3383 3504 ita
3422 3456 3484 3507 ut

1892 3559 2121 3599 acervos
2149 3545 2297 3600 circa
2321 3544 2539 3599 domum
2566 3559 2633 3599 ex
2657 3544 2789 3615 ipsis
2808 3544 2999 3615 ejectis
3026 3543 3298 3613 lapidibus
3309 3558 3485 3614 usque

1890 3648 2034 3690 nunc
2061 3636 2113 3689 in
2140 3644 2391 3706 promptu
2430 3636 2502 3691 sit
2538 3635 2744 3693 videre.
2798 3635 2906 3691 Sed
2934 3650 3056 3691 cum
3095 3635 3183 3692 die
3212 3636 3486 3707 noctuque

1890 3741 1989 3796 per
2017 3728 2234 3781 domum
2267 3726 2469 3798 ubique
2507 3726 2789 3797 pluercnt,
2822 3727 3093 3782 neminem
3149 3735 3326 3780 tamen
3381 3740 3485 3780 suo

1888 3817 2002 3871 ictu
2035 3816 2321 3883 iredebant,
2351 3819 2445 3873 sed
2473 3832 2655 3888 neque
2683 3832 2782 3873 vas
2819 3815 3477 3887 aliquodinfringebaut.

1890 3910 2042 3966 Multi
2075 3911 2221 3966 enim
2259 3912 2331 3966 ibi
2365 3912 2586 3978 limites,
2617 3926 2754 3982 quos
2782 3912 2873 3965 alii
2931 3914 3127 3989 bonitas
3175 3915 3480 3981 nominant,

1891 4017 2114 4057 suorum
2145 4016 2511 4073 recognovere
2540 4018 2817 4073 agrorum.
2849 4003 3021 4057 Simul
3056 4005 3223 4059 etiam
3273 4006 3340 4061 de.
3376 4007 3482 4060 viis

1889 4100 1946 4146 et
1966 4090 2216 4148 domibus
2234 4108 2321 4147 ac-
2343 4094 2577 4149 diversis
2620 4093 2886 4160 aedificiis,
2918 4106 2974 4150 et
3016 4110 3180 4167 prepe
3224 4106 3279 4151 et
3323 4096 3485 4167 longe

1891 4184 2221 4251 constitutis,
2253 4184 2380 4241 illuc
2430 4184 2592 4240 delati
2622 4186 2823 4255 reperti
2872 4196 2999 4242 sunt
3050 4186 3272 4258 lapides.
3326 4188 3482 4255 Quod

1890 4274 2055 4330 etiam
2092 4273 2289 4330 fotum:
2318 4275 2486 4355 pestis
2515 4275 2660 4331 illius
2690 4276 2883 4332 domus
2914 4276 3133 4332 familiae
3179 4276 3347 4333 fuisse
3398 4279 3480 4333 itt-

193 4340 321 4422 vero
355 4369 535 4422 astitit
557 4369 609 4423 ei
632 4340 809 4439 virgo-
826 4367 1129 4440 Splendida,
1174 4340 1472 4425 coruscans
1490 4340 1866 4441 ima-tenso.”
1894 4357 2094 4423 dicium
2118 4368 2194 4421 rei
2217 4352 2467 4438 probavit
2491 4368 2896 4441 eventus..l\"am
2917 4371 3206 4429 exstiterat
3227 4370 3484 4442 virsupra

194 4455 425 4530 fulgore,
479 4459 932 4531 interrogatisque
971 4458 1120 4513 illum
1146 4476 1309 4530 quam
1338 4452 1554 4516 mentis
1598 4461 1788 4516 dubie-

194 4558 359 4604 tatem
402 4550 652 4606 haberet.
690 4551 862 4619 Quam
889 4566 1013 4606 cum
1038 4550 1153 4622 ipse
1185 4551 1415 4607 intuitus
1452 4551 1664 4618 fuisset,
1691 4552 1787 4607 ad»

187 4640 355 4708 jecit:
388 4659 408 4691 ι
445 4639 503 4694 Si
543 4641 828 4697 deitinere
854 4640 1072 4706 metuis,
1107 4656 1213 4697 non
1253 4655 1476 4698 necesse
1519 4650 1603 4697 est
1640 4641 1783 4696 enim

196 4741 252 4784 ut
282 4746 509 4800 paveas,
536 4732 795 4813 quoniam
821 4746 923 4803 ego
964 4731 1059 4786 tibi
1103 4738 1288 4787 custos
1329 4732 1608 4787 cxstitero.
1644 4751 1663 4783 ι
1708 4731 1809 4811 Ex,

194 4836 299 4889 qua
321 4822 531 4877 visione
556 4821 803 4878 securior
825 4822 1075 4890 effectus,
1110 4823 1180 4878 ad
1209 4836 1267 4877 se
1297 4824 1484 4881 venire
1521 4823 1788 4881 mandans

197 4911 296 4966 loci
328 4913 677 4982 pnepositnm
724 4915 942 4969 nomine
992 4914 1323 4976 Acbardum,
1353 4914 1784 4972 eruditissinmm

194 5003 352 5058 valde
380 5004 578 5070 virum,
602 5005 693 5075 qui
723 5016 909 5076 postea
960 5004 1202 5074 ejusdem
1248 5009 1566 5064 monasterii
1619 5007 1788 5064 abbas

194 5095 427 5160 exstitit,
457 5099 701 5152 narravit
720 5098 771 5152 ei
800 5112 903 5152 non
936 5100 1109 5154 solum
1136 5102 1597 5166 prmsentem,sed
1621 5101 1788 5157 etiam

193 5184 523 5254 prseteritam
552 5188 811 5245 visionem
834 5202 899 5247 ex
920 5189 1139 5249 ordine.
1165 5186 1276 5254 ,ριιί
1302 5187 1440 5244 dixit
1467 5185 1515 5247 ei
1537 5209 1550 5247 .
1596 5210 1616 5244 ι
1638 5190 1787 5247 Con-

194 5280 418 5338 fortare,
454 5276 640 5338 frater.
669 5281 722 5335 in
771 5277 1014 5338 Domino.
1063 5277 1175 5335 Sed
1215 5280 1469 5338 quoniam
1500 5300 1563 5338 ea
1604 5281 1789 5338 vidisti

1895 4462 2074 4517 dictus
2098 4474 2222 4517 cum
2251 4474 2421 4519 uxore
2447 4477 2546 4518 sua
2595 4464 2663 4517 de
2720 4462 3001 4534 generosis
3052 4462 3343 4519 admodum
3388 4480 3486 4534 pa-

1896 4552 2162 4608 rentibus.
2197 4552 2405 4609 Idcirco
2434 4552 2781 4610 increverunt
2809 4553 2929 4623 ejus
2949 4553 3076 4608 filiis
3101 4564 3173 4609 ac
3194 4553 3485 4623 nepotibus

1894 4653 2243 4717 paternorum
2268 4642 2555 4700 fundorum
2585 4661 2710 4701 eum
2739 4646 3117 4718 eireutnjectis
3136 4644 3335 4703 vicinis
3376 4660 3485 4700 non

1894 4750 2059 4805 parva
2095 4732 2287 4805 litigia.
2320 4733 2557 4807 Contigit
2589 4750 2739 4808 ergo,
2788 4750 2894 4791 non
2950 4735 3109 4807 longo
3158 4723 3282 4804 poet
3312 4734 3489 4805 spatio

1894 4824 2489 4895 temporis,,utvillam
2543 4827 2843 4895 quamdam
2888 4825 3108 4880 Allanto
3141 4826 3488 4893 cognomine,

1890 4918 2051 4971 sitam
2084 4917 2137 4970 in
2169 4932 2309 4987 pago
2352 4914 2649 4982 Senouieo,
2696 4930 2821 4986 qua:
2875 4917 3038 4970 etiam
3064 4929 3159 4969 -ex
3211 4926 3493 4972 rectorum

1892 5007 2212 5064 monasterii
2243 5014 2453 5061 sanctae
2474 5003 2752 5059 Columbae
2789 5004 3020 5075 virginis
3061 5001 3358 5073 largitione
3381 5002 3495 5075 juri

1886 5100 2107 5159 illorum
2139 5104 2458 5165 pervenerat
2489 5097 2622 5158 ;sed
2646 5094 2849 5149 milites
2866 5092 3227 5149 Antissiodori
3246 5107 3498 5150 comma-

1895 5199 2086 5246 nentes
2116 5190 2287 5257 ipsam
2316 5188 2397 5241 eis
2433 5185 3127 5255 diripiendoabstulerant,
3157 5184 3262 5254 ipsi
3308 5195 3496 5242 tamen

1893 5290 2006 5336 toto
2036 5276 2156 5338 nisu
2184 5276 2326 5338 illam
2356 5274 2457 5329 sibi
2486 5275 2846 5338 redintegrari
2874 5272 3330 5338 pararent._Cum
3364 5288 3500 5331 vero
