3992 5338
543 129 653 186 ωδ

1520 121 1818 180 ηουυω-ἰ
1853 116 2108 179 GLABRI
2145 117 2456 176 MONACH!
2491 119 2814 179 CLUNIAG.

3697 116 3792 184 σα

543 244 792 316 partibus
819 250 946 299 sunt
981 238 1310 310 interempti.
1363 239 1442 296 Ex
1496 254 1661 310 supra
1713 238 1857 294 dicta
1913 250 2127 308 quoque
2153 229 2409 303 Ajussit.
2439 235 2612 300 Quem
2665 250 2793 290 cum
2819 235 3213 308 interrogasset
3253 236 3324 293 de
3369 234 3642 295 universis
3684 255 3796 309 qua

543 337 704 392 duino
733 335 875 388 inter
902 332 1040 387 ﬁlios
1072 339 1128 386 et
1152 339 1373 402 nepotes
1398 328 1648 385 undecim
1687 330 2023 385 ceciderunt.
2063 330 2122 384 ln

541 441 803 498 processu
836 439 1068 494 namque
1111 423 1368 494 temporis
1411 422 1728 477 imminente
1759 421 1940 492 jurgio
1961 461 1976 485 ,
2005 437 2124 476 cre-

540 523 926 592 scentibusque
977 519 1292 584 discordiis,
1331 519 1693 590 perduravere
1742 518 1918 570 cades
1965 515 2124 569 innu-

539 631 704 672 mera
734 613 878 668 illius
899 613 1138 676 familia,
1172 611 1494 680 illorumqne
1532 608 1820 664 homicidia
1859 607 2119 673 hostium,

539 720 709 778 usque
738 705 793 761 in
828 704 1158 761 tricesimum
1188 712 1243 756 et
1271 717 1336 757 eo
1362 699 1592 768 amplius
1614 713 1837 754 annum.

1137 789 1362 847 CAPUT
1421 789 1514 845 XI.

817 885 899 942 De
926 884 1190 941 Leutardo
1233 884 1526 938 insaniente
1555 880 1822 936 haretieo.

605 981 830 1038 Exstitit
849 981 998 1038 circa
1030 979 1190 1034 linem
1228 977 1499 1033 millesimi
1528 976 1659 1030 anni
1689 976 1851 1030 homo
1876 971 2119 1043 plebeius

536 1074 594 1128 in
644 1072 856 1139 Galliis,
901 1071 1045 1142 apud
1093 1070 1272 1124 vicum
1321 1067 1551 1123 Virtutis
1579 1065 1862 1130 vocabulo,
1889 1065 1940 1118 in
1979 1077 2119 1134 pago

534 1163 911 1228 Catalauuico,
943 1160 1250 1216 Leutardus
1295 1158 1547 1214 nomine:
1581 1156 1695 1227 qui,
1751 1164 1813 1210 ut
1862 1153 1984 1209 linis
2037 1152 2115 1210 rei

534 1253 806 1325 probavit,
835 1251 1051 1308 Satana
1082 1251 1291 1321 legatus
1318 1249 1464 1304 credi
1496 1247 1689 1318 potuit.
1742 1244 1904 1314 Cujus
1950 1245 2116 1298 etiam

535 1343 768 1398 vesania
795 1341 1096 1412 pervicacia
1122 1341 1225 1395 hoc
1246 1338 1530 1394 exordium
1556 1337 1764 1392 habuit.
1803 1335 2118 1389 Morabatur

534 1431 682 1487 enim
713 1431 1002 1501 aliquando
1028 1430 1178 1485 solus
1201 1429 1255 1484 in
1279 1443 1410 1500 agro
1447 1427 1725 1498 quidpiam
1756 1425 1953 1481 ruralis
1982 1438 2116 1495 ope-

531 1523 612 1580 ris
637 1533 976 1594 peracturus.
1007 1522 1107 1590 Qui
1134 1538 1202 1578 ex
1231 1522 1418 1578 labore
1446 1535 1638 1577 somno
1676 1520 1984 1590 depressus,
2035 1517 2119 1572 vi-

2227 324 2429 380 dixisse
2449 325 2533 380 vel
2563 325 2756 382 fecisse
2781 336 3136 397 compererat,
3169 328 3340 398 capit
3379 342 3652 384 venenum
3692 345 3794 390 an

2225 417 2480 486 nequitia
2507 418 2802 483 occultare,
2829 419 3185 488 cupiensque,
3215 419 3357 490 quod
3386 435 3496 474 non
3519 419 3794 491 didicerat.

2225 508 2292 562 de
2322 506 2619 576 Scrtpturis
2647 509 2822 563 sacris
2846 509 3154 563 testimonia
3199 509 3304 563 sibi
3348 524 3652 564 assumere.
3693 509 3794 564 Au.

2223 597 2375 654 diens
2397 613 2526 654 vero
2553 600 2940 672 sagacissimus
2965 601 3252 670 episcopus
3301 617 3410 656 non
3443 616 3567 656 esse
3603 617 3792 656 conte.

2223 690 2451 756 nientia,
2481 690 2590 744 imo
2631 707 2740 746 non
2793 693 2965 763 magis
3012 693 3189 762 turpia
3238 706 3400 760 quam
3451 691 3790 758 damnabilia,

2224 786 2517 840 ostendens
2545 786 2819 840 hominem
2852 785 3211 840 insanientem
3237 785 3556 839 hareticum
3579 783 3789 849 factum,

2223 877 2501 933 revocavit
2525 878 2594 932 ab
2623 878 2832 933 insania
2878 879 3132 948 pOpnlum
3177 892 3243 932 ex
3297 887 3452 947 parte
3497 877 3790 948 deceptum,

2220 969 2504 1024 catholica
2531 969 2743 1042 plenius
2771 969 3004 1024 restituit
3033 970 3177 1023 fidei.
3216 968 3290 1022 At
3331 968 3448 1033 ille,
3494 982 3790 1023 cernensse

2219 1061 2492 1116 devictum
2532 1071 2698 1132 atque
2729 1062 3026 1117 ambitione
3067 1060 3212 1130 vulgi
3265 1060 3611 1126 destitutum,
3637 1067 3792 1114 semet

2217 1162 2386 1222 puteo
2414 1152 2692 1222 periturus
2723 1153 3014 1207 immersit.

2823 1242 3052 1298 CAPUT
3087 1242 3203 1298 XII.

2575 1335 2655 1392 De
2691 1337 2888 1390 Itwrese
2923 1337 2979 1390 in
3021 1335 3183 1390 Italia
3229 1346 3454 1407 reperta.

2285 1425 2408 1498 Ipso
2433 1442 2650 1498 quoque
2680 1437 2924 1497 tempore
2954 1441 3061 1482 non
3099 1427 3276 1496 impar
3302 1427 3445 1496 apud
3491 1425 3787 1481 Ravennam

2217 1531 2468 1577 exortum
2498 1528 2583 1575 est
2612 1519 2834 1574 malum.
2863 1518 3090 1586 Quidam
3116 1519 3278 1590 igitur
3300 1517 3590 1589 Vilgardus
3610 1518 3788 1580 (lienis,

531 1629 655 1670 sum
692 1622 778 1669 est
817 1614 868 1669 ei
909 1622 969 1668 ut
995 1613 1201 1682 grande
1224 1626 1454 1668 examen
1487 1626 1648 1682 apum
1674 1611 1728 1666 in
1768 1609 1885 1678 ejus
1913 1623 2113 1678 corpus
2141 1607 2189 1668 Β
2217 1614 2396 1669 studio
2419 1613 2555 1668 artis
2603 1611 2974 1683 grammatica
3005 1611 3177 1680 magis
3203 1609 3454 1664 assiduus
3483 1624 3652 1678 quam
3698 1611 3788 1662 fre-

530 1718 630 1776 per
653 1713 861 1761 secreta
884 1703 1258 1775 ingrederetur
1279 1701 1842 1771 natura,quodetiain
1865 1699 2117 1769 perillius

530 1817 596 1858 os
624 1802 791 1858 nimio
816 1818 940 1858 cum
969 1801 1198 1873 strepitu
1227 1814 1520 1870 erumpens
1547 1798 1757 1854 crebris
1795 1796 1945 1851 illum
1976 1810 2117 1864 pun-

537 1893 811 1948 ctionibus
834 1894 1095 1964 agitabat,
1125 1907 1190 1947 ac
1219 1891 1310 1946 diu
1349 1891 1577 1945 multum
1631 1889 1837 1958 agitato
1882 1887 2119 1943 stimulis

533 1982 678 2054 loqui
707 1983 756 2038 ei
782 1983 1122 2048 videbantur,
1149 1993 1206 2037 et
1229 1981 1395 2036 multa
1437 1981 1717 2037 hominum
1766 1976 2118 2049 impossibilia

532 2078 830 2150 praeipere
865 2085 925 2132 ut
952 2075 1176 2132 faceret.
1230 2075 1474 2132 Tandem
1516 2073 1794 2144 fatigatus,
1817 2083 2118 2138 exsurgens

531 2167 681 2223 venit
709 2167 950 2235 domum,
975 2169 1363 2238 dimittensque
1389 2163 1807 2234 uxorem,quasi
1839 2175 1903 2216 ex
1919 2175 2120 2232 prace-

532 2267 626 2328 pto
648 2259 981 2330 Evangelico
1004 2259 1132 2316 fecit
1153 2259 1466 2315 divortium.
1484 2258 1745 2328 Egressus
1769 2265 1947 2309 autem
1970 2252 2120 2308 velut

531 2359 806 2416 oraturus,
834 2353 1044 2408 intrans
1071 2351 1381 2414 ecclesiam,
1411 2350 1786 2420 arripiensque
1816 2359 2031 2401 crucem
2063 2351 2119 2398 et

531 2440 833 2498 Salvatoris
859 2435 1150 2514 imaginem
1173 2442 1450 2498 contrivit.
1487 2441 1640 2508 Quod
1669 2448 1957 2495 cernentes
1997 2435 2122 2506 qui-

531 2549 642 2606 que
673 2535 850 2589 territi
899 2550 1132 2605 pavore,
1161 2536 1448 2591 credentes
1499 2534 1670 2600 illum,
1703 2541 1762 2588 ut
1803 2539 1945 2597 erat,
1977 2529 2115 2584 insae

532 2639 663 2679 num
697 2623 838 2679 fore.
867 2622 1074 2691 Quibus
1100 2625 1267 2680 etiam
1309 2624 1424 2695 ipse
1467 2621 1756 2694 persuasit,
1801 2620 1942 2674 sicut
1989 2626 2118 2675 sunt

532 2714 721 2768 rustici
760 2723 944 2770 mente
987 2713 1196 2781 labiles,
1231 2715 1481 2769 universa
1516 2713 1630 2767 hac
1670 2721 1888 2782 patrare
1917 2725 1980 2764 ex
2014 2708 2118 2763 mi-

533 2803 688 2858 rabili
718 2804 808 2860 Dei
840 2804 1190 2861 revelatione.
1220 2805 1489 2860 AlIluebat
1519 2805 1684 2876 igitur
1721 2803 1947 2857 nimium
1994 2814 2113 2857 ser-

532 2895 785 2950 monibus
812 2895 1046 2951 utilitate
1081 2905 1134 2951 et
1163 2897 1393 2952 veritate
1428 2895 1640 2960 vacuis,
1680 2893 1979 2963 doctorque
2021 2905 2115 2946 cu-

2219 1721 2412 1776 quens,
2441 1706 2582 1761 sicut
2610 1704 2759 1760 Italis
2790 1719 2909 1758 mos
2949 1717 3164 1773 semper
3207 1701 3308 1756 fuit
3347 1711 3496 1756 artes
3533 1702 3789 1773 negligere

2218 1809 2467 1865 cateras,
2497 1798 2642 1853 illam
2671 1796 2890 1853 sectari.
2919 1795 2970 1851 Is
2997 1795 3142 1851 enim
3169 1809 3294 1850 cum
3319 1810 3386 1848 ex
3426 1795 3656 1851 scientia
3695 1811 3788 1850 sua

2219 1893 2354 1948 artis
2375 1891 2666 1962 lcapisset,
2715 1888 2932 1944 inﬂatus
2957 1886 3233 1958 superbia,
3278 1886 3494 1942 stultior
3523 1903 3785 1958 apparere,

2219 1985 2450 2056 quadam
2483 1995 2644 2040 nocte
2671 1996 3016 2051 assumpsere
3041 1981 3312 2035 damones
3352 1988 3643 2049 poetarum
3683 1996 3788 2050 spe-

2217 2077 2330 2132 cies
2360 2076 2570 2148 Virgilii
2608 2085 2661 2130 et
2689 2073 2896 2129 Horatii
2924 2083 3087 2142 atque
3125 2069 3421 2136 Iuvenalis,
3453 2081 3786 2140 apparentes-

2217 2183 2326 2238 que
2351 2167 2452 2234 illi,
2479 2167 2698 2223 fallaces
2732 2165 3030 2221 retulerunt
3058 2172 3241 2235 grates
3280 2165 3540 2234 quoniam
3587 2177 3787 2216 suorum

2218 2261 2361 2317 dicta
2419 2261 2752 2315 voluminum
2809 2259 3032 2315 charius
3091 2259 3428 2328 amplectens
3475 2265 3784 2320 exerceret,

2217 2363 2386 2420 seque
2413 2347 2628 2403 illorum
2668 2347 3006 2418 posteritatis
3045 2346 3259 2402 felicem
3303 2361 3424 2402 esse
3453 2359 3783 2416 pracouem;

2215 2441 2586 2513 promiserunt
2607 2442 2656 2497 ei
2689 2441 2910 2512 insuper
2934 2456 3044 2497 sua
3068 2440 3256 2511 gloria
3292 2440 3640 2510 postmodum
3688 2435 3788 2491 fore

2217 2535 2561 2606 participem.
2593 2533 2795 2603 Ilisque
2836 2533 3141 2588 damonum
3181 2531 3412 2588 fallaciis
3456 2533 3784 2601 depravatus,

2217 2625 2574 2697 capitmulta
2611 2624 2822 2696 turgide
2863 2625 3060 2680 docere
3103 2624 3229 2680 fidei
3283 2639 3456 2681 sacra
3506 2621 3784 2685 contraria,

2217 2717 2467 2788 dictaque
2494 2727 2774 2788 poetarum
2804 2730 2902 2786 per
2930 2716 3109 2772 omnia
3140 2715 3410 2771 credenda
3449 2729 3574 2769 esse
3599 2728 3790 2768 assere-

2215 2809 2328 2864 bat.
2351 2809 2432 2863 Ad
2473 2808 2721 2863 ultimum
2753 2823 2882 2863 vero
2913 2808 3202 2864 hareticus
3239 2819 3322 2863 est
3346 2818 3620 2877 repertus,
3643 2818 3788 2875 atque

2219 2915 2248 2953 a
2275 2898 2532 2969 pontifice
2563 2899 2733 2969 ipsius
2757 2899 2907 2954 urbis
2933 2901 3094 2954 Petro
3111 2897 3418 2953 damnatus.
3437 2898 3630 2952 Plures
3643 2898 3787 2951 etiam

529 2985 686 3056 piens
710 3002 991 3058 apparere,
1019 2988 1315 3044 dedocebat
1334 2988 1653 3060 magistrum
1683 2987 1956 3042 doctrina.
1976 2983 2110 3038 Nam

2218 3006 2313 3060 per
2342 2990 2553 3044 Italiam
2581 2999 2826 3060 tempore
2853 2989 3013 3057 hujus
3028 2989 3271 3059 peStiferi
3293 2989 3565 3060 dogmatis
3588 2986 3784 3060 reperti,

530 3078 772 3133 decimas
797 3079 926 3134 dare
954 3079 1170 3134 dicebat
1201 3094 1322 3134 esse
1355 3079 1680 3134 omnimodis
1706 3076 2035 3148 superﬂuum
2059 3084 2118 3131 et

530 3168 712 3222 inane.
739 3169 826 3234 Et,
851 3169 992 3224 sicut
1013 3171 1247 3226 haereses
1267 3179 1498 3236 catera,
1514 3179 1572 3225 ut
1592 3170 1804 3225 cautius
1818 3168 2112 3240 decipiant,

532 3257 834 3329 Scripturis
857 3273 918 3315 se
939 3260 1156 3326 divinis,
1186 3261 1384 3331 quibus
1414 3261 1578 3315 etiam
1626 3260 1918 3316 contraria
1969 3266 2114 3323 sunt,

531 3351 757 3420 palliant
785 3392 800 3416 ,
837 3352 912 3406 ita
943 3361 999 3408 et
1031 3353 1134 3408 iste
1158 3353 1371 3408 dicebat
1395 3352 1684 3422 prophetas
1709 3367 1775 3406 ex
1808 3361 1962 3420 parte
1992 3366 2118 3406 nar~

530 3460 684 3501 rasse
708 3445 883 3510 utilia,
915 3461 983 3500 ex
1025 3455 1180 3517 parte
1214 3461 1322 3502 non
1381 3444 1671 3500 credenda.
1729 3443 1896 3513 Cujus
1947 3445 2112 3500 etiam

531 3535 698 3604 fama,
731 3538 886 3607 quasi
917 3536 1144 3606 alicujus
1172 3545 1354 3594 mente
1379 3537 1496 3592 sani
1519 3551 1583 3591 ac
1605 3535 1865 3606 religiosi,
1885 3537 1939 3591 in
1963 3537 2113 3592 brevi

531 3625 602 3679 ad
633 3640 693 3680 se
715 3626 882 3681 traxit
905 3635 1115 3696 partem
1138 3641 1252 3682 non
1280 3625 1550 3683 modicam
1590 3626 1753 3697 vulgi.
1786 3627 1938 3694 Quod
1967 3642 2115 3682 com-

529 3714 748 3785 periens
777 3715 860 3770 vir
884 3716 1284 3770 eruditissimus
1304 3713 1582 3771 Gebuiuus
1607 3730 1776 3771 senex
1804 3717 2113 3787 episc0pns,

533 3806 588 3862 in
617 3808 771 3880 cujus
797 3809 1005 3865 scilicet
1024 3817 1168 3864 erat.
1183 3809 1425 3882 diacesi,
1461 3809 1717 3866 accersiri
1765 3810 1914 3866 illum
1945 3811 2012 3867 ad
2059 3825 2119 3868 se

2215 3081 2417 3151 quique
2451 3081 2554 3149 ipsi
2579 3089 2673 3135 aut
2700 3079 2896 3150 gladiis
2951 3088 3046 3134 aut
3082 3079 3349 3134 incendiis
3377 3080 3678 3149 perierunt.
3719 3077 3787 3132 Ex

2218 3173 2468 3228 Sardinia
2505 3188 2721 3243 quoque
2761 3170 2957 3238 insula,
3006 3187 3128 3243 qua
3165 3173 3252 3228 his
3291 3172 3589 3241 plurimum
3636 3171 3788 3224 abun.

2217 3266 2348 3322 dare
2379 3266 2534 3332 solet,
2565 3266 2680 3336 ipso
2720 3275 2961 3337 tempore
2985 3267 3150 3338 aliqui
3180 3267 3419 3338 egressi,
3448 3274 3663 3336 partem
3703 3279 3787 3335 po-

2217 3358 2327 3428 puli
2354 3359 2406 3413 in
2439 3357 2697 3427 llispania
2732 3368 3162 3427 corrumpentes,
3187 3366 3244 3412 et
3278 3357 3378 3426 ipsi
3403 3372 3432 3410 a
3452 3356 3587 3411 viris
3616 3357 3786 3410 catho-

2219 3447 2337 3502 licis
2388 3447 2742 3502 exterminati
2796 3456 2941 3502 sunt.
2998 3447 3152 3514 Quod
3209 3447 3534 3518 prasagium
3581 3444 3786 3500 Joannis

2215 3539 2512 3610 prophetia
2533 3539 2815 3610 congruit;
2847 3539 2972 3610 quia
2999 3540 3135 3595 dixit
3165 3538 3428 3594 Satanam
3463 3538 3784 3600 solvendum,

2219 3630 2448 3701 expletis
2495 3631 2642 3686 mille
2687 3631 2866 3694 annis,
2907 3631 2971 3687 de
2993 3631 3191 3702 quibus
3213 3631 3270 3687 in
3299 3629 3461 3685 tertio
3479 3627 3598 3700 jam
3623 3627 3785 3684 libello

2217 3721 2478 3792 prolixius
2510 3722 2884 3778 tractabimus.

541 3978 3782 4009 .._.._________________________________________

1670 4126 2032 4218 LIBER
2098 4119 2655 4214 TERTIUS.

1547 4313 1891 4371 INCIPIUNT
1928 4311 2268 4370 CAPITULA
2311 4310 2490 4366 LIBRI
2526 4309 2780 4366 TERTII.

816 4427 862 4499 ξε
1007 4426 1082 4499 ρο
1114 4426 1376 4499 Stephano
1406 4427 1868 4499 regeUngrorum,
1897 4438 1946 4483 et
1979 4425 2128 4482 bellis
2159 4420 2668 4482 Beneventatiorum.

1005 4495 1082 4568 De
1112 4494 1333 4568 Roberto
1362 4494 1480 4568 rege
1510 4494 1843 4551 Francorum
1864 4537 1876 4551 .

828 4566 915 4620 III.
1011 4566 1096 4637 De
1123 4567 1274 4622 stella
1303 4564 1517 4630 comete,
1543 4584 1662 4637 quia
1687 4584 1944 4637 apparens
1973 4566 2200 4636 plurima
2230 4564 2512 4637 portendit.

811 4637 904 4692 IV.

997 4636 1076 4691 De
1101 4639 1430 4692 innovatione
1455 4636 1814 4692 Ecclesiarum
1845 4638 1898 4691 in
1926 4649 2032 4691 toto
2057 4638 2199 4690 orbe.

817 4708 884 4762 γ.
992 4706 1072 4761 De
1099 4708 1428 4762 monasteriis
1462 4708 1794 4776 recediﬁcatis
1823 4708 1947 4762 bene
1977 4725 2007 4761 (ι
2042 4705 2320 4776 Willermo
2349 4706 2555 4771 abbate,
2588 4705 2663 4762 vel
2691 4702 2974 4760 institutis.

816 4776 907 4849 XI.
995 4777 1073 4849 De
1103 4787 1404 4833 sanctorum
1430 4775 1733 4849 pignoribus
1759 4778 1946 4847 ubique
1974 4775 2231 4831 revelatis.

815 4845 926 4902 VII.
992 4848 1066 4904 De
1095 4850 1355 4904 eversione
1386 4845 1562 4918 templi
1596 4845 2104 4918 Hierosolymorum,
2138 4857 2184 4900 et
2221 4847 2361 4903 ccede
2389 4846 2726 4902 ludteorum.

821 4918 946 4992 _V_lll.
987 4919 1065 4992 ρο
1092 4921 1287 4992 harese
1314 4923 1456 4992 apud
1492 4919 1808 4992 Aurelianos
1841 4929 2071 4989 reperta.

816 4987 910 5045 IX.
993 4989 1072 5044 De
1097 4990 1222 5058 ﬁliis
1255 4987 1389 5062 regis
1415 4991 1674 5064 ejusdem.

1987 5147 2384 5169 Μ

1120 5252 1514 5312 ΡΒᾹΞῈΔΤΙΟ.

2147 5257 2198 5316 1)
2226 5249 2368 5305 tertii
2416 5264 2695 5304 sumamus
2732 5247 3022 5306 incitamen
3060 5249 3222 5320 hujus
3262 5247 3450 5320 Operis
3498 5223 3680 5303 libelli.
3715 5244 3782 5300 Eo
