3992 5338
172 288 284 345 645

1107 277 1584 338 IIISTORIARUM
1623 276 1806 333 LIBRI
1845 275 2175 345 QUINQUE.
2200 308 2270 319 —
2290 275 2420 333 LIB.
2451 274 2540 332 III.

3339 275 3450 336 αδ

175 403 228 459 in
249 399 465 468 Galliis,
493 404 849 466 utrorumque
875 392 1277 460 ordinumyiri,
1302 407 1535 462 quorum
1566 391 1675 446 vita
1701 399 1757 446 et
1785 396 1833 454 Α
1864 389 2261 445 audacissimus
2307 390 2527 445 nomine
2560 385 2896 459 Rodulpbus,
2929 387 3020 460 qui
3063 388 3226 445 etiam
3263 391 3450 448 comiti

173 493 422 564 operatio
450 497 657 562 queunt
683 487 915 559 posteris
940 485 1224 541 imitabilia
1255 484 1552 540 informare
1571 498 1756 538 exem-

171 584 286 654 pla.
340 580 712 652 Regnantihus
763 592 982 648 quoque
1016 575 1227 633 duobus
1273 573 1759 631 Christianissimis

175 673 416 749 regibus,
448 671 682 726 Henrico
719 668 930 724 scilicet
966 665 1243 722 Saxonum
1274 681 1401 735 rege
1428 675 1484 722 et
1520 665 1760 722 Roberto

172 765 537 828 Francorum,
565 761 666 816 etsi
699 761 766 816 ab
789 758 993 815 exteris
1025 756 1337 813 nationibus
1369 757 1584 812 illorum
1613 757 1762 826 quie-

176 865 372 912 verunt
417 854 626 924 patrite,
678 850 1008 907 creberrime
1050 859 1228 904 tamen
1271 849 1472 921 prmliis
1521 848 1762 920 fatigata:

177 957 301 1003 sunt
334 945 628 1001 intestinis.
662 943 818 999 Sicut
845 943 990 998 enim
1019 941 1311 1012 aliquando
1339 941 1556 1012 perfidis
1588 942 1763 996 honor

176 1039 470 1094 exhibetur
497 1051 565 1090 ex
597 1035 812 1099 timore,
843 1033 918 1088 ita
959 1032 1118 1088 bonis
1158 1031 1388 1088 infertur
1420 1046 1518 1102 pro
1549 1047 1646 1087 sua
1676 1047 1763 1086 re-

177 1129 424 1184 verentia
455 1129 638 1182 timor.
669 1124 804 1180 Nam
833 1140 954 1180 cum
999 1125 1066 1179 ab
1097 1124 1244 1180 omni
1273 1123 1641 1180 Romanorum
1667 1140 1765 1194 po-

175 1219 324 1290 pulo,
351 1217 721 1273 intercedente
747 1231 882 1287 papa
907 1215 1222 1281 Benedicto,
1251 1215 1372 1269 viro
1395 1215 1761 1280 sanctissimo,

173 1313 448 1368 Henricus
491 1310 891 1365 adscisceretur
936 1308 990 1362 in
1042 1307 1328 1378 imperium
1374 1306 1764 1377 Longobardo—

172 1421 320 1469 rum,
349 1418 484 1476 gens
509 1411 771 1458 consueta
807 1400 999 1455 fraude
1034 1399 1314 1464 dissensit,
1342 1400 1572 1496 sibique.
1577 1414 1763 1472 regem

172 1496 486 1551 Arduiuum
535 1493 827 1564 quemdam
874 1500 1181 1562 tinguentes
1231 1490 1602 1546 instituerunt.
1657 1490 1766 1546 Sed

172 1589 306 1645 licet
335 1588 426 1642 diu
464 1586 805 1655 multumque
833 1583 1152 1649 renitentes,
1191 1591 1377 1652 postea
1412 1593 1595 1639 tamen
1638 1597 1762 1638 cum

173 1681 328 1737 caede
358 1693 585 1734 suorum
617 1677 852 1731 maxima
881 1674 1256 1745 imperialibus
1281 1682 1454 1729 semet
1475 1675 1767 1731 subdidere

172 1771 489 1846 praeceptis.
521 1769 624 1838 Qui
666 1769 890 1824 veniens
918 1768 1160 1838 Papiam,
1193 1767 1263 1822 ab
1303 1766 1507 1822 eisdem
1549 1766 1765 1836 Longo-

171 1864 368 1919 bardis
399 1862 525 1916 miri
563 1861 744 1931 Operis
775 1857 1038 1929 palatium
1073 1858 1177 1913 sibi
1207 1857 1450 1914 construi
1483 1857 1634 1913 fecit.
1658 1857 1770 1913 Po-

173 1957 392 2024 titoque
415 1953 675 2008 decenter
701 1951 955 2020 imperio,
992 1951 1204 2020 accepit
1235 1951 1288 2004 in
1320 1964 1490 2021 regno
1513 1965 1611 2005 suo
1638 1965 1772 2006 con-

171 2048 387 2120 jugem,
422 2045 592 2100 ﬁliam
635 2045 847 2102 scilicet
875 2042 1145 2115 Sigefredi
1175 2043 1454 2098 Saxonum
1485 2042 1660 2098 ducis.
1690 2043 1770 2098 Ex

175 2156 284 2210 qua
315 2139 487 2194 etiam
509 2150 744 2192 cernens
782 2151 889 2190 non
916 2150 1075 2205 posse
1101 2134 1377 2204 suscipere
1405 2133 1630 2200 liberos,
1660 2149 1771 2189 non

171 2248 300 2288 eam
336 2237 566 2302 propter
593 2229 698 2284 hoc
739 2227 980 2295 dimisit;
1029 2227 1122 2282 sed
1160 2241 1323 2282 omne
1359 2226 1771 2297 patrimonium,

176 2324 326 2394 quod
372 2321 566 2377 liberis
604 2319 924 2385 debebatur,
973 2318 1176 2375 Christi
1220 2319 1482 2375 Ecclesiae
1521 2319 1767 2376 contulit.

178 2413 502 2472 Edifieavit
539 2427 757 2482 quoque
804 2412 1196 2466 monasterium
1240 2411 1296 2466 in
1339 2410 1589 2466 Saxonia:
1632 2411 1771 2479 loco,

177 2509 272 2579 qui
299 2506 510 2583 dicitur
534 2503 874 2568 Bavoberch,
899 2503 954 2559 id
975 2511 1078 2568 est,
1107 2502 1341 2558 Bavonis
1370 2518 1544 2559 mons.
1567 2502 1774 2575 Lingua

179 2599 330 2653 enim
384 2595 732 2651 Theutoniea
782 2593 956 2649 Berch
1025 2608 1182 2650 mons
1236 2594 1558 2665 appellatur.
1619 2594 1775 2662 Quod

180 2691 347 2745 etiam
373 2687 793 2752 monasterium,
826 2687 983 2742 donis
1021 2686 1510 2742 innumerabilibus
1540 2687 1776 2756 locuple-

183 2787 355 2833 tatum
384 2793 416 2831 a
441 2775 701 2847 pontifice
728 2776 994 2841 Romano,
1029 2777 1344 2847 supradicto
1372 2777 1582 2833 scilicet
1611 2778 1781 2832 Bene-

183 2873 362 2936 dicto,
420 2870 478 2924 in
531 2869 740 2924 honore
794 2868 1169 2938 apostolorum
1226 2868 1491 2940 principis
1537 2868 1778 2925 dedicari

182 2961 342 3027 fecit;
378 2969 566 3029 atque,
607 2958 850 3030 ejusdem
874 2957 1148 3029 pontificis
1185 2974 1316 3015 usus
1349 2959 1600 3023 consilio.
1629 2975 1780 3016 eam—

183 3055 309 3108 dem
350 3051 652 3106 Ecclesiam
697 3050 751 3104 in
797 3049 1159 3120 episcopalem
1207 3049 1518 3105 sublimavit
1562 3052 1778 3118 sedem;

1864 479 2140 535 Richardo
2187 480 2574 551 displicuerat,
2622 478 2780 550 cujus
2825 479 2962 535 iram
3012 491 3277 548 metuens,
3325 498 3450 540 cum

1861 573 2118 628 omnibus
2163 589 2284 644 qum
2327 588 2512 628 secum
2562 572 2761 628 ducere
2809 574 3001 643 potuit,
3052 573 3281 629 Romam
3327 590 3450 646 per-

1864 676 2034 735 geret,
2074 680 2405 736 causamque
2444 667 2720 738 propriam
2753 681 2967 722 summo
3009 668 3249 738 pontifici
3285 683 3454 738 expo-

1865 763 2021 810 neret
2057 754 2369 812 Benedicto.
2418 757 2520 823 Qui
2563 772 2794 813 cernens
2835 773 2960 812 eum
3010 773 3199 829 pugna:
3233 758 3452 815 militari

1865 849 2363 920 elegantissimum,
2411 852 2577 922 erepit
2623 853 2674 908 ei
2720 853 2999 924 querelam
3059 869 3334 926 exponere
3385 855 3454 911 de

1865 940 2179 996 Graecowm
2212 941 2492 996 invasione
2525 942 2752 997 Romani
2783 943 2996 1015 imperii
3026 960 3193 1015 seque
3224 945 3454 1002 multum

1865 1032 2049 1087 dolere
2073 1032 2330 1103 quoniam
2375 1033 2599 1088 minime
2628 1033 2748 1089 talis
2781 1035 2834 1090 in
2875 1037 2991 1090 suis
3045 1037 3308 1092 existeret
3359 1037 3451 1108 qui

1866 1124 2152 1194 repelleret
2197 1124 2345 1180 viros
2396 1135 2598 1180 exterae
2653 1125 2910 1182 nationis.
2963 1126 3169 1193 Quibus
3218 1129 3456 1194 auditis,

1866 1216 2159 1286 spopondit
2192 1231 2250 1272 se
2280 1218 2419 1272 idem
2459 1217 2724 1274 Rodulfus
2766 1220 3028 1274 adversus
3057 1223 3455 1279 transmarinos

1865 1305 2263 1376 przeliaturum,
2311 1307 2355 1362 si
2392 1307 2610 1378 aliquod
2651 1308 2701 1364 ei
2745 1308 3005 1363 auxilium
3041 1309 3340 1379 pneberent
3370 1312 3455 1367 vel

1867 1395 1942 1450 illi
1984 1396 2184 1466 quibus
2223 1395 2396 1465 major
2444 1397 2796 1453 incumbebat
2834 1397 3082 1469 genuinae
3111 1400 3456 1457 necessitudo

1867 1488 2078 1559 patriae.
2123 1489 2277 1544 Tunc
2303 1504 2430 1544 vero
2459 1489 2750 1560 praedictus
2784 1504 2922 1560 papa
2963 1491 3115 1545 misit
3146 1491 3294 1545 illum
3330 1507 3455 1547 cum

1868 1580 1982 1634 suis
2014 1579 2080 1633 ad
2112 1578 2526 1635 Beneventanus
2552 1581 2834 1650 primates,
2869 1591 2928 1636 ut
2954 1597 3076 1638 eum
3102 1565 3330 1652 pacilice
3358 1597 3457 1639 ex-

1868 1671 2137 1742 ciperent,
2186 1687 2509 1742 semperque
2560 1673 2856 1742 praeliaturi
2909 1689 3020 1744 pra:
3064 1690 3124 1730 se
3171 1675 3454 1738 haberent,

1797 1785 1841 1846 Β
1872 1766 2122 1836 illiusque
2151 1766 2384 1837 iussioni
2417 1767 2700 1822 unanimes
2739 1767 3040 1822 ohedircut.
3086 1767 3461 1839 Egressusque

1871 1849 1940 1913 ad
1965 1857 2394 1924 Beneventanus,
2439 1858 2531 1928 qui
2574 1872 2699 1912 eum
2728 1869 2787 1912 ut
2833 1873 2970 1928 papa
3000 1857 3243 1928 jusserat
3274 1876 3463 1915 susce-

1871 1959 2087 2020 perunt.
2121 1950 2268 2006 Illico
2298 1960 2476 2004 autem
2525 1949 2645 2004 illos
2689 1965 2756 2004 ex
2796 1937 3107 2005 Graecorum
3141 1949 3315 2005 ollicio
3367 1951 3462 2020 qui

1871 2041 2156 2113 vectigalia
2183 2043 2236 2096 in
2268 2041 2466 2113 popqu
2490 2041 2806 2111 exigebant,
2835 2041 3095 2096 invadens
3126 2039 3461 2110 “OdIIIlellS,
3545 2061 3558 2071 ι

1872 2136 2101 2206 diripuit
2137 2150 2364 2206 qumque
2399 2134 2635 2200 illorum,
2685 2150 2749 2190 ac
2798 2133 3110 2188 trucidavit.
3159 2132 3255 2188 llis
3282 2133 3465 2204 itaque

1875 2227 2099 2292 auditis,
2146 2227 2360 2282 illorum
2401 2227 2557 2292 socii,
2594 2226 2699 2296 qui
2748 2226 2862 2296 jam
2886 2227 3069 2295 plures
3116 2225 3364 2280 civitates
3410 2232 3466 2280 ct

1875 2317 2096 2372 castella
2148 2317 2382 2388 propria:
2430 2316 2851 2388 snl‘ijugaverant
2894 2318 3118 2383 ditioni,
3164 2326 3353 2372 coacto
3409 2317 3463 2372 in

1874 2425 2042 2464 unum
2091 2425 2312 2464 suorum
2353 2409 2618 2474 exercitu,
2654 2409 2893 2463 inierunt
2923 2409 3163 2480 przrlium
3205 2409 3466 2464 adversus

1877 2501 2221 2572 Rodulphum
2275 2510 2332 2556 et
2375 2517 2471 2557 eos
2511 2501 2602 2570 qui
2632 2500 2748 2570 ejus
2781 2502 3036 2556 favebant
3065 2500 3228 2572 parti.
3264 2502 3318 2555 lu
3357 2517 3466 2571 quo

1878 2595 2087 2651 scilicet
2131 2593 2318 2666 prmlio
2365 2609 2492 2665 pars
2536 2594 2849 2650 Graecorum
2898 2596 3154 2650 occubuit
3201 2595 3463 2663 maxima,

1879 2691 2101 2759 insuper
2139 2699 2195 2744 et
2220 2698 2401 2745 castra
2451 2689 2632 2759 aliqua
2663 2687 2920 2744 dimisere
2955 2703 3156 2755 vacua;
3191 2704 3311 2758 quae
3339 2689 3470 2743 sub-

1879 2789 2101 2836 secutus
2145 2779 2414 2850 Rodulphi
2469 2779 2746 2834 exercitus
2799 2780 2975 2834 victor
3026 2779 3279 2833 obtinuit.
3336 2777 3467 2833 \‘isa

1881 2872 2047 2942 igitur
2085 2870 2260 2926 Graeci
2301 2885 2524 2925 suorum
2567 2871 2734 2936 caede,
2777 2871 3043 2926 miserunt
3084 2869 3470 2926 Constantino-

1881 2963 2043 3032 polim
2079 2970 2138 3016 ut
2168 2961 2530 3016 auxiliaretur
2567 2961 2648 3016 eis
2673 2962 3000 3031 quantocius
3028 2962 3096 3016 ab
3135 2960 3220 3016 his
3251 2961 3342 3030 qui
3374 2976 3469 3016 eos

1883 3055 2169 3110 miserant.
2217 3054 2524 3123 Statimque
2569 3054 2932 3110 reformantes
2983 3053 3247 3118 classem,
3299 3053 3470 3109 multo

183 3146 599 3214 constitutoque
626 3145 681 3199 in
704 3157 768 3198 ea
798 3143 1074 3213 episeopo,
1108 3142 1564 3213 amplissimorum
1586 3141 1780 3198 fundo—
1807 3154 1850 3217 ς
1880 3147 2065 3217 plures
2117 3160 2281 3215 quam
2333 3145 2485 3216 prius
2539 3145 2875 3215 praeliatorcs
2924 3147 3208 3201 miserunt.
3255 3145 3468 3200 Interea

185 3252 310 3291 rum
343 3235 612 3291 reditibus
639 3248 763 3290 esse
789 3231 919 3288 fecit
941 3231 1287 3303 locupletem.

697 3343 928 3401 CAPUT
966 3342 1258 3401 PRIMUM.

298 3441 376 3497 De
421 3439 694 3513 Stephano
731 3455 847 3509 rege
895 3435 1216 3558 (lingrorum,
1246 3445 1295 3491 et
1329 3435 1479 3491 bellis
1502 3433 1671 3490 Bene-

807 3523 900 3558 aen
927 3523 1169 3558 auorum.

807 3523 1169 3562 remauorum.

261 3600 384 3670 Ipso
431 3599 604 3670 igitur
649 3606 894 3668 tempore
945 3595 1248 3666 ngrorum
1293 3609 1446 3665 gens,
1493 3609 1614 3665 qua:
1662 3599 1783 3648 erat

184 3691 335 3746 circa
379 3688 721 3754 Danubium,
775 3700 899 3741 cum
943 3700 1043 3740 suo
1083 3698 1210 3757 rege
1255 3685 1324 3740 ad
1368 3683 1528 3739 ﬁdem
1577 3681 1782 3738 Christi

186 3797 458 3839 conversa
499 3791 604 3837 est.
641 3782 883 3848 Quorum
914 3777 1028 3848 regi
1055 3776 1336 3847 Stephano
1363 3790 1430 3832 ex
1459 3777 1784 3846 baptismate

184 3884 412 3939 vocato,
456 3874 827 3942 decenterque
851 3868 1348 3935 Christianissimo,
1390 3868 1538 3925 dedit
1581 3884 1791 3924 memo—

188 3975 347 4020 ratus
396 3965 700 4034 imperator
753 3961 1022 4016 Ilenricus
1071 3974 1387 4030 germanam
1434 3958 1489 4012 in
1540 3972 1784 4012 uxorem.

188 4055 350 4111 Tunc
371 4054 638 4124 temporis
662 4061 946 4125 coeperunt
973 4066 1111 4124 pene
1135 4050 1371 4106 universi
1419 4049 1510 4120 qui
1539 4049 1605 4104 de
1634 4048 1786 4104 Italia

188 4156 248 4202 et
262 4146 454 4202 Galliis
465 4146 538 4200 ad
551 4144 860 4214 sepulcrum
874 4141 1088 4198 Domini
1109 4139 1494 4211 Hierosolymis
1509 4139 1588 4193 ire
1603 4140 1790 4208 cupie-

187 4239 351 4302 bant,
383 4243 717 4292 consuetum
749 4234 874 4300 iter,
905 4232 1048 4304 quod
1086 4241 1206 4286 erat
1234 4246 1333 4302 per
1361 4229 1559 4285 fretum
1596 4229 1790 4294 maris,

187 4332 475 4393 omittere,
503 4338 668 4398 atque
689 4341 785 4396 per
808 4322 968 4393 hujus
982 4321 1220 4393 regionis
1241 4320 1473 4390 patriam
1504 4318 1790 4374 transitum

191 4424 425 4479 habere.
479 4422 575 4477 Ille
631 4434 764 4475 vero
820 4417 1148 4472 tutissimam
1203 4412 1456 4469 omnibus
1510 4411 1793 4467 constituit

1880 3254 2004 3294 cum
2046 3237 2294 3292 auditum
2337 3245 2484 3292 esset
2525 3237 2725 3306 ubique
2779 3236 3035 3306 quoniam
3078 3237 3264 3308 paucis
3333 3233 3473 3292 Nor-

1877 3346 2200 3387 tnamtorum
2222 3344 2483 3386 concessa
2511 3330 2698 3385 fuisset
2722 3330 2787 3384 de
2809 3329 3247 3399 superbientibus
3265 3327 3471 3384 Graecis

1879 3423 2132 3488 victoria,
2171 3422 2587 3478 innumerabilis
2618 3420 2904 3476 multitudo
2942 3422 3103 3476 etiam
3129 3436 3251 3475 cum
3289 3421 3474 3475 uxori-

1882 3515 1983 3570 bus
2009 3525 2064 3568 et
2090 3513 2279 3568 liberis
2300 3521 2586 3584 prosecuta
2617 3524 2699 3568 est
2721 3529 2751 3566 a
2775 3513 2953 3583 patria
3002 3513 3067 3567 de
3093 3529 3199 3580 qua
3221 3527 3473 3581 egressus

1883 3604 2062 3661 fuerat
2087 3604 2428 3675 Rodulpltus,
2453 3621 2558 3660 non
2584 3604 2757 3659 solum
2782 3605 3154 3675 permittente,
3187 3603 3282 3658 sed
3303 3604 3472 3656 etiam

1883 3698 2238 3769 compellente
2257 3708 2317 3753 ut
2341 3700 2504 3762 irent,
2531 3696 2807 3752 Richardo
2831 3696 3043 3751 illorum
3065 3695 3284 3751 comite.
3313 3694 3474 3766 Egre-

1886 3791 2096 3846 dientes
2135 3798 2320 3844 autem
2350 3789 2482 3844 satis
2502 3789 2760 3843 audacter
2787 3789 3140 3842 veneruutad
3172 3787 3350 3840 locum
3381 3786 3475 3840 Al-

1886 3886 2057 3956 pium,
2094 3885 2184 3954 qui
2229 3892 2284 3940 et
2328 3899 2484 3939 mons
2507 3882 2659 3939 Iovis
2697 3882 2920 3948 dicitur,
2951 3881 3042 3936 ubi
3079 3881 3247 3934 etiam
3277 3879 3331 3933 in
3377 3893 3482 3932 an-.

1887 3977 2213 4050 gustissimis
2243 3977 2452 4031 semitis
2495 3983 2858 4052 praepotentes
2896 3972 3132 4043 regionis
3172 3971 3316 4025 illius
3345 3984 3477 4024 con-

1889 4072 2199 4137 stituerant,
2245 4070 2546 4140 imperante
2586 4066 2902 4136 cupiditate,
2949 4077 3104 4120 seras
3133 4071 3187 4116 et
3224 4060 3487 4121 custodes

1892 4164 1959 4220 ad
1987 4163 2162 4234 pretia
2190 4159 2642 4216 transmeantium
2667 4157 2953 4226 exigenda.
3004 4154 3077 4208 At
3104 4152 3177 4207 illi
3209 4150 3479 4207 Norman-

1893 4273 2085 4314 norum
2107 4255 2379 4311 exercitus
2399 4250 2694 4309 confractis
2715 4248 2856 4304 seris
2877 4246 3142 4317 caasisque
3163 4242 3479 4301 custodibus

1893 4362 1990 4419 per
2014 4347 2122 4402 vim
2148 4345 2436 4402 transitum
2462 4342 2733 4397 fecerunt.
2762 4338 3091 4410 Egressique
3119 4353 3226 4392 non
3252 4351 3478 4408 parvum

1897 4437 2182 4507 Rodulpho
2203 4435 2552 4492 contulerunt
2573 4431 2857 4488 auxilium.
2881 4430 3080 4500 Sicque
3105 4443 3231 4499 pars
3252 4436 3481 4499 utraque

189 4521 379 4585 viam;
404 4517 714 4588 excipiebat
743 4512 1018 4569 utfratres
1047 4521 1404 4579 quoscunque
1426 4507 1664 4575 videbat,
1698 4509 1775 4563 da!

1899 4530 2189 4602 resumptis
2215 4529 2422 4584 viribus
2452 4527 2691 4583 secundo
2721 4524 2964 4579 inierunt
2991 4523 3260 4594 praelium,
3295 4521 3346 4576 in
3377 4536 3483 4591 quo

188 4614 405 4683 batque
434 4613 542 4668 illis
573 4613 840 4667 immensa
872 4613 1122 4661 munera.
1151 4598 1317 4670 Cujus
1347 4600 1422 4656 rei
1451 4599 1622 4672 gratia
1659 4615 1790 4670 pro-

189 4717 400 4763 vocata
421 4707 841 4763 innumerabilis
866 4708 1176 4775 multitudo,
1204 4716 1310 4762 tam
1339 4702 1600 4760 nobilium
1629 4712 1792 4769 quam

188 4798 355 4868 vulgi
398 4799 602 4868 populi,
645 4798 1078 4873 Hierosolymam
1125 4801 1396 4855 abierunt.
1441 4796 1593 4850 Tunc
1627 4795 1792 4849 etiam

189 4893 504 4961 imperator
543 4890 776 4946 Basilius
822 4893 995 4947 sancti
1045 4891 1258 4962 imperii
1299 4885 1796 4956 Constantinopoli-

191 4985 319 5040 tani
354 4984 607 5055 praecepit
633 4985 852 5040 cuidam
883 4993 1116 5054 satrapa:
1145 5000 1260 5047 suo,
1291 4983 1366 5037 illi
1399 4982 1488 5052 qui
1521 4977 1796 5052 cognomi-

189 5087 376 5108 ιιι-ιιι...
403 5077 684 5108 ΙἫ-Ιηηι-ηιίῖ
742 5092 810 5108 ΔΛ
855 5077 1057 5108 οιιῖιῖηαι
1091 5076 1232 5108 ηηΛιΙ
1273 5075 1420 5108 ἶηνΙη
1458 5089 1609 5108 mora
1641 5074 1799 5108 ἶηινὶοὶ-

1895 4631 2254 4691 utrorumque
2309 4619 2582 4674 exercitus
2621 4614 2860 4687 graviter
2899 4629 3098 4670 οωευδ.
3141 4612 3485 4667 Norrnanno-

1896 4727 2017 4766 rum
2052 4719 2232 4766 tamen
2270 4708 2533 4764 exercitui
2563 4707 2792 4762 victoria
2824 4704 3097 4774 provenit.
3130 4702 3260 4757 Post
3293 4701 3488 4770 paulu-

1897 4803 2008 4857 lum
2038 4818 2189 4867 vero,
2226 4809 2380 4856 terno
2418 4797 2711 4854 commisso
2746 4794 2954 4866 praelio,
3009 4807 3129 4848 sese
3177 4805 3303 4860 pars
3342 4802 3494 4844 utra-

1899 4909 2004 4964 que
2032 4893 2170 4948 fessa
2219 4891 2487 4947 cohibuit.
2519 4887 2968 4958 Pcrspiciensquc
3005 4880 3321 4949 Rodulphus
3364 4892 3496 4936 suos

1903 4984 2189 5047 defecisse,
2219 4983 2475 5050 virusque
2515 4979 2658 5032 illius
2705 4976 2897 5046 patria:
2929 4974 3109 5028 minus
3137 4968 3260 5024 belli
3309 4978 3502 5039 aptos,

1905 5093 2025 5108 mm
2054 5074 2242 5108 ...ιηηςο
2272 5070 2507 5108 κουροι-ει
2539 5070 2604 5108 ad
2633 5069 3018 5108 immanior-nm
3044 5061 3372 5108 "amicum-
3407 5075 3500 5108 ax-
