3992 5338
541 258 645 315 64⁸1

1508 248 1806 313 RODULFI
1845 253 2101 313 CLABRI
2142 252 2453 312 MONA’CHI
2489 255 2813 315 CLUNIAC.

3682 260 3785 314 («I3

528 373 618 438 ab
643 371 726 428 eis
752 369 1076 438 abtttulerat;
1107 369 1202 426 sed
1230 368 1595 441 nequidquam
1629 385 1644 423 :
1667 385 1791 425 nam
1817 379 1874 426 et
1893 380 2131 427 veterem
2158 376 2209 434 Λ
2237 385 2423 426 mense
2470 371 2613 428 Julio
2660 366 2797 427 obiit
2851 368 3117 429 Henricus
3138 371 3446 447 imperator
3470 372 3609 443 apud
3635 371 3795 426 Saxo-

528 461 811 529 .Troadem
852 461 1145 519 civitatem”
1173 458 1499 517 festinanter
1532 461 1754 515 cinxere
1800 461 1992 526 muris,
2043 476 2129 517 re-

528 553 755 624 .plentes
800 567 925 615 eam
977 552 1198 623 copiose
1248 552 1385 609 viris
1429 561 1487 609 et
1524 552 1876 610 mulieribus.
1917 554 2129 610 Interea

530 643 841 713 imperator
873 657 1108 715 pergens
1139 643 1207 699 ad
1233 642 1510 714 regionem
1539 643 1999 710 Beneventanum,
2029 660 2129 699 cx-

528 734 822 805 pugnavit,
857 750 921 791 ac
964 735 1208 791 subdidit
1248 735 1535 791 universas
1572 735 1827 791 civitates
1864 744 1919 791 et
1947 745 2131 792 castra

539 840 661 896 qua:
694 823 870 882 Grzeci
917 826 1328 896 subripuerant,
1361 824 1478 893 ejus
1525 825 1776 895 imperio.
1815 826 1898 881 Ad
1939 841 2130 897 supra-

539 913 752 989 dictam
786 924 967 970 autem
1006 930 1132 969 cum
1177 914 1414 970 venisset
1462 912 1755 979 Troadem,
1803 914 2131 986 repellentes

536 1007 633 1075 qui
665 1006 810 1062 intus
839 1013 1021 1075 erant,
1057 1007 1148 1062 diu
1179 1006 1518 1077 multumque
1545 1006 1595 1062 ei
1627 1007 1966 1062 restiterunt.
1993 1006 2130 1062 Nam

532 1098 836 1173 sperabant
859 1105 921 1151 ut
947 1097 1052 1153 sibi
1084 1096 1264 1153 futura
1301 1106 1511 1164 aestate,
1541 1097 1684 1152 sicut
1711 1096 1883 1155 (ἔτωοὶ
1921 1098 2129 1168 promi-

538 1198 727 1244 serant
751 1188 886 1253 fore,
914 1188 1152 1245 Basilius
1174 1198 1540 1245 succurreret.
1567 1189 1792 1260 Insuper
1813 1191 2132 1261 adjicientes

542 1280 603 1334 in.
649 1288 859 1355 tantum
909 1280 1202 1336 lIenricum
1252 1280 1565 1345 humiliari,
1610 1289 1671 1335 ut
1722 1281 1889 1351 pedes
1942 1280 2128 1336 Basilii

526 1372 766 1443 territus
826 1386 1028 1441 pavore
1092 1371 1414 1440 susciperet.
1490 1370 1562 1426 At
1623 1370 1716 1427 ille
1785 1371 2132 1426 circumdans

539 1462 819 1517 civitatem
873 1463 958 1519 sui
1009 1462 1285 1518 exercitus
1337 1461 1654 1527 obsidione,
1706 1464 1966 1517 instruxit
2017 1477 2132 1517 ma—

534 1553 754 1620 chinas,
804 1564 866 1611 ut
908 1569 1028 1610 eam
1077 1568 1174 1625 per
1200 1554 1309 1609 vim
1340 1562 1575 1623 caperet.
1635 1553 1825 1623 Illique
1861 1554 1928 1609 de
1985 1554 2131 1609 intus

2230 459 2400 527 niam,
2430 461 2780 531 sepultusque
2823 471 2909 517 est
2949 462 3249 519 honoriﬁce
3278 466 3330 517 in
3357 463 3675 517 monasterio
3701 461 3797 515 Ba-

2218 552 2490 620 .voherch,
2519 555 2662 624 quod
2703 554 2840 625 ipse,
2873 563 2935 609 ut
2981 554 3187 611 dictum
3214 565 3320 620 est,
3351 555 3410 610 in
3453 557 3652 612 honore
3673 568 3797 625 apo-

2226 642 2489 699 stolorum
2515 646 2777 716 principis
2801 646 3183 703 aediﬁcaverat.

2855 734 3086 791 CAPUT
3128 735 3191 791 II.

2584 823 2673 879 .Dc
2699 823 2927 880 Roberto
2959 843 3077 897 rege
3107 825 3468 883 Francorum.

2232 964 2233 967 η
2299 912 2359 969 In
2384 913 2706 984 praescripto
2740 915 2908 986 igitur
2932 924 3199 987 tempore,
3243 917 3565 987 disponente
3582 918 3806 977 Frena»

2220 1022 2352 1061 rum
2387 1022 2615 1078 regnum
2641 1006 2883 1063 Roberto
2906 1023 3056 1080 rege,
3086 1009 3352 1080 plurimas
3375 1011 3426 1064 ei
3457 1011 3684 1066 intulere
3728 1014 3803 1067 sui

2221 1097 2575 1152 contumeliae
2632 1096 2979 1164 insulentias,
3033 1098 3112 1154 illi
3167 1100 3403 1155 maxime
3436 1117 3595 1171 qttos,
3631 1110 3723 1155 aut
3746 1118 3808 1156 ex

2225 1187 2490 1243 mediocri
2515 1195 2610 1242 aut
2632 1202 2699 1242 ex
2728 1187 2915 1244 inﬁmo
2939 1203 3162 1258 genere,
3192 1197 3300 1244 tam
3345 1191 3462 1262 ipse
3490 1206 3647 1261 quam
3674 1202 3809 1245 ιιιυτ-

2225 1291 2339 1353 que
2375 1277 2546 1350 Ilugo,
2600 1278 2652 1333 ei
2705 1279 3109 1350 scilicet‘pater
3155 1289 3319 1351 atque
3366 1296 3527 1346 avus,
3579 1281 3811 1336 fecerunt

2230 1368 2486 1442 tnaxitqis
2538 1368 2841 1424 honoribus
2866 1370 3149 1426 sublimes.
3208 1370 3358 1425 Inter
3386 1386 3528 1442 quos
3565 1371 3667 1426 fuit
3705 1373 3810 1427 (ldo

2227 1430 2514 1519 renonum
2543 1462 2862 1533 ‘maximus,
2913 1463 3006 1533 qui
3056 1462 3157 1517 fuit
3195 1463 3339 1519 ﬁlius
3370 1430 3811 1520 T'ebaldiCarnoc

2230 1556 2421 1620 tensis,
2446 1563 2808 1626 cognomento
2850 1554 3109 1623 Fallacis,
3150 1557 3449 1627 exterique
3481 1556 3811 1628 quampiam

544 1656 706 1704 noctu
747 1646 986 1718 egressi,
1028 1644 1275 1712 tulerunt
1303 1660 1489 1700 secum
1526 1643 1677 1700 faces
1717 1645 1837 1715 pice
1866 1644 2126 1715 pcrlitas,
2226 1645 2510 1702 inferioris
2546 1645 2826 1716 potentize,
2858 1646 2953 1716 qui
3011 1646 3210 1701 exinde
3260 1647 3596 1701 exstiterunt
3640 1648 3690 1701 ei
3739 1662 3812 1701 rc-

538 1718 781 1813 igneque
814 1752 1112 1795 succensas
1164 1737 1444 1792 machinas
1489 1753 1521 1792 a
1552 1736 1686 1793 foris
1731 1746 2132 1793 cremaverunt.
2156 1752 2209 1812 Β
2239 1738 2409 1795 belles
2435 1737 2581 1792 unde
2607 1750 2725 1791 esse
2762 1737 3061 1792 debuerant
3087 1737 3424 1792 humiliores.
3460 1737 3696 1804 Quorum
3716 1751 3813 1791 non

543 1832 698 1902 Quod
729 1845 960 1887 cernens
991 1831 1310 1900 imperator,
1349 1841 1613 1883 accensus
1643 1829 1718 1884 ira
1746 1829 1986 1900 potiores
2007 1827 2137 1884 fecit
2228 1831 2426 1901 dispar
2473 1828 2577 1883 fuit
2636 1828 2913 1884 secundus
2966 1827 3106 1895 Odo,
3173 1828 3319 1885 ﬁlius
3363 1829 3577 1885 scilicet
3626 1830 3814 1899 prioris

545 1922 805 1979 rcinstrui
831 1912 1136 1985 machinas,
1181 1920 1460 1989 crudoque
1489 1920 1817 1976 circumdari
1852 1921 2031 1986 corio;
2059 1921 2138 1975 vi-

434 2055 451 2069 .
544 2016 848 2088 gilantique
860 2013 1106 2071 custodia
1115 2012 1414 2083 jussitillas
1428 2014 1587 2068 tueri.
1604 2014 1811 2069 Exacto
1848 2013 2010 2085 igitur
2020 2010 2137 2080 jam

546 2109 711 2163 tertio
740 2105 1042 2163 obsidionis
1072 2103 1632 2173 mense,alternisque
1658 2104 1896 2161 rtedibus
1920 2104 2138 2174 utrique

546 2198 775 2252 nimium
794 2196 944 2261 fessi,
965 2211 1090 2251 nam
1113 2204 1164 2250 et
1188 2195 1487 2251 exercitum
1506 2196 1849 2267 imperatoris
1886 2196 2140 2267 dysente-

546 2289 659 2342 rica
691 2287 875 2341 clades
901 2286 1100 2356 oppido
1144 2294 1460 2351 vexaverat,
1510 2286 1727 2341 tandem
1768 2286 1976 2341 obsessi
2026 2301 2139 2341 me-

543 2377 683 2434 liore
711 2377 791 2433 usi
821 2376 1051 2432 consilio
1087 2375 1412 2431 invenerunt
1460 2376 1605 2430 viam
1636 2376 1900 2432 evadendi
1951 2377 2141 2433 discri-

543 2471 727 2527 minis.
776 2470 1023 2537 Quadam
1074 2476 1257 2524 autem
1310 2470 1399 2525 die
1458 2469 1791 2539 accipientes
1835 2469 2140 2532 solitarium

546 2560 860 2631 quemdam,
888 2561 1136 2616 indutum
1165 2561 1472 2616 monachali
1512 2561 1727 2627 habitu,
1751 2563 1946 2632 quibus
1971 2564 2139 2619 etiam

544 2655 697 2711 Italia
742 2656 1038 2726 plurimum
1088 2655 1349 2719 abundat,
1401 2655 1670 2710 dederunt
1705 2656 1754 2712 ei
1799 2672 2016 2719 crucem
2053 2672 2142 2729 ge-

546 2756 731 2825 stare,‘
748 2746 1122 2816 miseruntque
1142 2753 1263 2814 post
1290 2745 1438 2800 illmu
1464 2762 1653 2801 omnes
1678 2747 1914 2802 civitatis
1945 2740 2141 2816 puerOs

550 2838 782 2891 minoris
817 2837 1017 2899 aetatis,
1050 2838 1236 2905 sicque
1263 2836 1618 2893 exclamando
1662 2853 1676 2891 :
1711 2838 1893 2908 Kyrie,
1923 2840 2139 2906 eleison,

551 2927 773 2980 devenit
818 2926 886 2979 ad
951 2925 1299 2995 imperatoris
1353 2927 1665 2981 tentorium.
1716 2930 1870 2996 Quod
1915 2930 2142 2985 audiens

551 3017 870 3086 imperator,
894 3015 1056 3085 jussit
1085 3017 1408 3088 interrogari
1439 3019 1569 3088 quid
1595 3020 1698 3073 sibi
1731 3020 1950 3075 vellent.
1981 3021 2144 3077 Cum-

2238 1920 2463 1985 Odonis,
2489 1919 2606 1989 qui,
2623 1918 3132 1988 quantopotentior,
3153 1927 3300 1973 tanto
3318 1918 3709 1975 fraudulemior
3725 1936 3816 1974 εει

2238 2010 2393 2065 teris.
2422 2009 2558 2064 Nam
2590 2023 2712 2063 cum
2742 2008 2967 2063 obiisset
2993 2008 3302 2078 Stephanus
3326 2023 3513 2064 comes
3533 2009 3813 2064 Treconun

2239 2111 2293 2160 et
2317 2101 2613 2157 Meldorum
2633 2141 2648 2165 ,
2683 2099 2956 2157 Heriberti
2985 2100 3149 2167 ﬁlius,
3185 2100 3357 2171 ipsius
3376 2101 3524 2173 regis
3551 2100 3816 2157 consobrio

2228 2209 2366 2258 ,nus,
2400 2194 2609 2263 absque
2635 2192 2843 2258 liberis,
2876 2192 3131 2262 apparuit
3157 2192 3297 2248 idem
3321 2192 3438 2248 0do
3467 2200 3660 2248 contra
3689 2193 3816 2262 regis

2232 2286 2572 2347 voluntatem
2599 2283 2918 2358 [occupans]
2944 2285 3193 2341 universa
3222 2283 3743 2357 qumqnelatifundia
3769 2285 3816 2340 in

2232 2378 2383 2449 regis
2400 2376 2654 2432 videlicet
2670 2377 2969 2431 dominium
2990 2376 3115 2446 jure
3126 2389 3367 2432 cessura.
3397 2376 3521 2431 Fuit
3531 2375 3820 2446 etiamjnge

2240 2470 2480 2541 litigium
2510 2477 2568 2525 et
2593 2468 2734 2523 bella
2766 2467 3070 2547 frequentia
3111 2468 3256 2523 inter
3277 2468 3454 2538 ipsum
3485 2467 3730 2525 Odonem
3771 2477 3821 2521 et

2239 2562 2531 2618 Fulconem
2561 2560 2979 2632 Andegavorum
3017 2562 3294 2628 comitem,
3325 2562 3587 2632 quoniam
3608 2570 3822 2632 uterque

2242 2653 2482 2708 tutuidus
2533 2654 2811 2723 superbia,
2845 2652 3052 2709 idcirco
3079 2662 3134 2709 et
3173 2655 3326 2723 pacis
3370 2654 3580 2725 refuga.
3613 2652 3817 2708 Necnon

2234 2745 2403 2800 etiam
2433 2744 2751 2800 Willermus
2772 2743 2993 2801 IIeurici
3025 2746 3178 2801 ducis
3211 2745 3507 2817 privignus,
3532 2762 3601 2801 ac
3628 2746 3821 2800 Alberti

2241 2835 2724 2905 Longobardorum
2755 2836 2911 2892 ducis
2962 2836 3131 2901 ﬁlius,
3161 2837 3338 2893 eidem
3370 2837 3483 2907 regi
3539 2836 3821 2906 aliquando

2226 2924 2468 2981 .rebellis
2492 2925 2723 2990 exstitit,
2755 2923 2975 2981 favente
3000 2926 3051 2981 ei
3077 2926 3350 2982 Landrico
3372 2925 3640 2982 Nevernis
3667 2927 3823 2982 conti-

2232 3024 2318 3082 -te,
2344 3016 2437 3085 qui
2462 3014 2580 3083 ejus
2608 3015 2777 3071 ﬁliam
2795 3031 3020 3072 uxorem
3044 3018 3303 3083 duxerat;
3325 3026 3383 3072 et
3412 3019 3666 3074 Brunonc
3708 3017 3825 3071 Lin-

488 3164 498 3172 _
544 3125 657 3179 que
687 3125 1004 3179 responsum
1048 3108 1242 3165 fuisset
1282 3111 1426 3180 quod
1478 3111 1727 3166 misereri
1774 3129 1803 3167 a
1835 3129 1894 3168 se
1931 3113 2141 3171 amictae
2170 3113 2215 3174 C
2244 3111 2471 3177 gouensi
2501 3110 2781 3180 episcopo,
2813 3111 2968 3181 cujus
2998 3111 3235 3166 habebat
3267 3113 3320 3165 in
3370 3110 3725 3166 matrimonio
3747 3126 3827 3165 so-

553 3201 762 3255 civitati
818 3200 1188 3270 implorarent,
1246 3201 1524 3271 respondit
1575 3220 1588 3255 :
1647 3222 1667 3254 ί
1728 3201 1944 3272 Optime
1992 3207 2142 3260 novit

553 3294 783 3363 ipsequi
826 3294 1040 3364 agnitor
1071 3302 1157 3349 est
1184 3295 1446 3359 cordium,
1497 3295 1691 3365 inquit,
1729 3297 1983 3365 quoniam
2027 3314 2143 3353 ma-

542 3372 640 3458 gis
690 3401 853 3458 quam
904 3400 1007 3454 ego
1057 3387 1252 3441 horum
1299 3386 1647 3456 parvulorum
1693 3400 1876 3458 patres
1926 3389 2141 3445 illorum

553 3477 1004 3542 sunthomicidm.
1051 3498 1070 3530 ι
1100 3477 1557 3549 lllacrymansque
1599 3478 1762 3547 jussit
1799 3490 1859 3535 ut
1904 3481 2041 3536 salvi
2086 3482 2140 3536 in

553 3569 833 3625 civitatem
865 3569 1125 3624 redirent.
1159 3569 1431 3624 Fecerunt
1457 3580 1640 3626 autem
1682 3580 1739 3625 ut
1765 3571 2008 3642 jusserat
2037 3573 2143 3627 iut-

553 3670 795 3732 perator.
828 3660 1013 3716 Altera
1043 3675 1257 3731 quoque
1295 3662 1381 3716 die
1409 3661 1605 3717 iterum
1636 3663 1993 3733 primo‘maue
2019 3679 2145 3733 pro-

554 3759 839 3806 cesserunt
865 3767 895 3805 a
923 3752 1163 3817 civitate,
1183 3760 1241 3805 ut
1267 3752 1414 3823 prius
1436 3752 1734 3809 clamantes
1760 3770 1776 3808 :
1808 3752 1993 3824 Kyrte,
2020 3754 2143 3809 elei-

549 3856 673 3906 son,
705 3856 878 3911 usque
898 3841 1023 3895 dum
1051 3841 1323 3896 sonoritas
1358 3856 1555 3896 vocum
1579 3842 1796 3915 illorum
1834 3858 1995 3899 aures
2029 3845 2145 3913 pul-

544 3940 704 4003 saret
742 3930 1107 4001 imperatoris.
1140 3930 1243 3998 Qui
1289 3930 1479 3987 statim
1513 3946 1768 4002 egressus
1804 3934 2042 4007 tentorio
2065 3951 2145 3989 rc-

553 4023 899 4093 spiciensque
922 4022 1248 4093 pupillormn
1300 4022 1537 4087 turbam,
1585 4025 1785 4092 pietate
1839 4035 2142 4096 permotus,

552 4124 616 4167 nt
641 4122 759 4166 erat
785 4114 867 4167 vir
890 4111 1348 4182 sapientissimus,
1373 4127 1507 4168 voce
1536 4114 1818 4170 Dominica
1842 4131 1992 4180 usus,
2030 4117 2140 4171 ait:

557 4202 809 4256 Misereor
843 4219 999 4272 super
1021 4204 1250 4257 turbam.
1283 4203 1419 4258 Nam
1450 4213 1575 4260 ante
1602 4205 1718 4276 jam
1751 4207 1966 4262 dixerat
2009 4223 2144 4278 quo-

555 4295 727 4359 niam,
759 4295 805 4348 si
848 4295 896 4349 ei
926 4296 1270 4367 contingeret
1315 4312 1511 4368 capere
1536 4297 1834 4360 civitatem,
1883 4300 2144 4369 quidquid

2244 3218 2446 3267 rorem,
2493 3218 2561 3258 ex
2608 3218 2731 3272 qua.
2755 3203 2992 3272 suscepit
3023 3202 3165 3257 ﬁlios
3214 3210 3270 3256 et
3317 3201 3476 3267 ﬁlias,
3526 3203 3594 3256 de
3641 3202 3827 3272 quibus

2242 3295 2393 3365 prius
2416 3302 2598 3348 natam
2624 3293 2947 3365 Landricus,
2976 3293 3213 3363 reliquas
3244 3302 3473 3364 uterque
3498 3292 3827 3357 Willermus,

2244 3388 2457 3443 scilicet
2501 3385 2839 3442 Pictaveusis
2883 3395 2941 3442 et
2977 3386 3338 3453 Arelatensis,
3365 3388 3574 3441 duxere
3612 3402 3824 3440 uxores.

2246 3478 2509 3549 Unusque
2566 3479 2802 3534 ﬁliorum
2846 3477 2993 3547 ejus,
3040 3478 3335 3535 Bainaldus
3384 3479 3626 3543 nomine,
3684 3478 3828 3534 duxit

2245 3568 2414 3622 ﬁliam
2445 3567 2704 3623 Richardi
2740 3568 3197 3639 Rothomagcnsis
3220 3570 3394 3636 oucis,
3416 3569 3716 3624 Adeled‘am
3741 3583 3829 3622 no-

2244 3660 2391 3714 mine
2420 3674 2667 3714 uxorem.
2703 3658 2805 3727 Qui
2844 3659 2966 3716 licet
2997 3662 3228 3727 advena,
3258 3676 3395 3730 puer
3432 3661 3597 3716 etiam
3649 3658 3829 3714 furtim

2245 3752 2489 3811 sublatus
2513 3767 2544 3806 a
2570 3751 3050 3824 Longobardorum
3079 3754 3272 3825 patria,
3296 3754 3570 3825 matrique
3588 3770 3695 3809 non
3720 3769 3830 3807 me.

2228 3843 2505 3899 -diocriter
2533 3852 2715 3899 astute
2768 3858 2865 3913 per
2889 3844 3180 3914 quemdam
3218 3847 3543 3902 monachum
3594 3845 3831 3901 redditus

2236 3938 2299 3993 in
2327 3935 2661 4008 Burgundia,
2696 3938 2749 3992 in
2798 3946 3006 3993 tantum
3036 3938 3316 3996 convaluit
3355 3947 3415 3994 ut
3470 3940 3524 3994 in
3551 3939 3756 3995 divitiis
3783 3947 3831 3993 et

2243 4031 2301 4085 in
2332 4030 2526 4085 militia
2552 4046 2659 4087 non
2684 4031 3024 4087 inveniretur
3074 4032 3343 4087 secundus
3399 4031 3456 4086 in
3502 4030 3704 4101 patria.
3730 4031 3830 4085 Sed

2248 4119 2379 4175 huic
2403 4119 2697 4190 plurimum
2728 4122 3048 4177 adversatus
3077 4124 3279 4178 restitit
3307 4122 3459 4194 [Iugo
3500 4122 3648 4178 Illius
3684 4121 3834 4176 Lam-

2234 4211 2384 4266 .herti
2419 4209 2813 4267 Cabillonensis
2861 4212 3096 4276 comitis,
3138 4213 3240 4267 viri
3282 4211 3679 4269 honestissimi.
3712 4209 3829 4279 Qui,

2246 4300 2389 4355 inter
2425 4312 2622 4357 cratera
2650 4317 2772 4372 qua:
2800 4303 2968 4372 gessit
3001 4304 3227 4372 optima,
3258 4305 3649 4360 monasterium
3672 4305 3830 4361 etiam

548 4384 843 4455 masculini
893 4400 1054 4441 sexus
1111 4387 1447 4443 inveniretur
1492 4388 1544 4443 in
1594 4404 1681 4453 ea,
1723 4391 2146 4458 suspenderetur
2245 4391 2549 4446 construxit
2596 4394 2649 4447 in
2705 4407 2844 4465 pago
2873 4394 3388 4466 Angustoduneuse,
3441 4396 3591 4465 quod
3640 4395 3833 4451 dicitur

555 4474 843 4544 patibulis,
900 4475 1105 4546 reliqua
1133 4493 1263 4533 vero
1295 4479 1417 4547 igne
1444 4480 1674 4534 cremari
1722 4480 2000 4550 ipsiusque
2059 4482 2142 4536 ci-
2177 4466 2225 4526 ι)
2247 4482 2478 4549 Paredo,
2510 4482 2565 4538 in
2598 4484 2806 4541 honore
2833 4495 3038 4541 sanctae
3070 4484 3254 4541 Mariae
3290 4487 3576 4555 sanctique
3612 4485 3832 4542 Joannis

555 4567 744 4620 vitatis
774 4568 974 4621 mantia
1005 4569 1071 4622 ad
1098 4569 1270 4625 solum
1298 4572 1562 4639 pertrahi.
1615 4571 1885 4627 Prmterea
1918 4573 2142 4628 manda-

555 4659 951 4729 vitimperator
994 4659 1101 4716 illis
1132 4660 1225 4731 qui
1274 4661 1328 4716 in
1365 4662 1584 4717 civitate
1613 4663 1826 4718 steteris
1851 4674 2137 4734 prmcraxt,

556 4763 615 4808 ut
635 4794 650 4819 ,
680 4754 725 4809 si
752 4752 1016 4825 indulgeri
1049 4755 1151 4810 sibi
1183 4754 1335 4811 abeo
1368 4755 1587 4823 vellent,
1619 4756 1863 4827 iramque
1887 4757 2004 4827 ejus
2023 4756 2139 4827 pla-

554 4860 705 4912 care,
741 4846 956 4918 ipsimet
985 4846 1363 4902 subverterent
1389 4856 1598 4918 partem
1640 4863 1919 4904 murorum
1947 4849 2139 4905 civita-

559 4936 649 5002 tis,
680 4952 800 5007 qure
821 4946 1009 4992 contra
1035 4952 1164 4993 suas
1193 4940 1474 4995 machinas
1505 4941 1723 4997 rebellis
1747 4950 1895 4999 stare
1920 4939 2140 4997 videba-

559 5036 666 5081 tur.
699 5026 799 5094 Qui
829 5029 1136 5094 andientes,
1168 5031 1417 5086 certatim
1466 5018 1847 5105 impleverunt.
1873 5032 2017 5103 quod
2060 5031 2141 5086 eis

558 5119 877 5174 tnandatum
907 5110 1104 5201 fuerat.
1133 5121 1260 5179 Post
1285 5125 1400 5182 hzec
1427 5141 1644 5197 quoque
1681 5127 1939 5198 praecepit
1964 5127 2141 5197 impc-

560 5220 709 5267 rator
734 5227 828 5268 eos
856 5217 1079 5285 paciﬁee
1116 5218 1183 5271 ad
1218 5233 1276 5275 se
1299 5222 1506 5291 egredi,
1551 5234 1875 5290 murumque
1905 5218 2142 5274 civitatis

562 5304 629 5338 ιλιι
650 5305 848 5338 ιὶῖοδηηι
891 5308 1202 5338 νηωιιίηηηιηῖ
1278 5312 1299 5338 Α
1319 5314 1624 5338 AnAn-2-....-
1680 5311 1826 5338 ...ιι-ζει
1861 5310 2138 5338 nl.n:.l:|...a

2247 4575 2537 4643 Baptistae;
2573 4576 2629 4630 in
2653 4591 2763 4647 quo
2790 4578 2955 4633 etiam
2983 4577 3226 4648 sepultus
3256 4578 3563 4635 honoriﬁce
3582 4580 3829 4649 quiescit.

2244 4666 2364 4722 Fuit
2391 4668 2536 4722 enim
2567 4668 2707 4725 idem
2732 4668 2886 4741 IIugo
2911 4671 3198 4741 episcopus
3212 4671 3831 4744 Antissiodori,regens-

2210 4752 2352 4831 'que
2397 4762 2714 4818 comitatum
2763 4765 2934 4834 patris
2966 4780 3034 4820 ex
3073 4766 3303 4835 imperio
3354 4759 3521 4839 regis,
3578 4767 3831 4835 quoniam

2245 4862 2444 4923 praeter
2472 4868 2597 4909 eum
2620 4862 2778 4924 pater
2796 4870 2903 4911 non
2945 4856 3133 4912 habuit
3157 4856 3399 4911 sobolem
3429 4872 3600 4912 sexus
3626 4871 3835 4912 mascu-

2242 4943 2365 5009 lini,
2393 4944 2597 5001 idcirco
2618 4945 2867 5002 hostibus
2898 4947 3040 5019 regis
3065 4948 3398 5015 contrarius,
3423 4948 3684 5018 quoniam
3726 4946 3832 5017 regi

2240 5034 2543 5094 ﬁdissimus
2577 5040 2805 5108 parebat
2851 5039 2906 5094 in
2950 5038 3227 5096 omnibus.
3275 5042 3504 5111 Accepit
3536 5049 3726 5097 autem
3751 5057 3834 5097 su-

2246 5130 2526 5200 pradictus
2573 5145 2667 5186 rex
2718 5130 2863 5187 illius
2914 5140 3228 5202 cognatam,
3285 5133 3506 5188 nomine
3556 5141 3615 5187 et
3654 5134 3835 5187 animo

2246 5222 2645 5288 Constantiam,
2706 5223 2963 5294 inclytam
3030 5225 3300 5296 reginam,
3357 5225 3519 5281 ﬁliam
3584 5226 3835 5283 videlicet

2249 5313 2504 5338 1uzn..|_..:
2535 5315 2731 5338 -.-ΞΔ-,2-

2892 5317 3071 5338 ΞΑ-..2..
3104 5316 3252 5338 Δηιὲ-
3274 5335 3285 5338 -
3330 5333 3387 5338 --
