  <div class='ocr_page' id='page_1' title='image "/cluster/home/n/w/nwhite01/storage/ocr_20150623/142/hvd.32044015471808/331.png"; bbox 0 0 3992 5338; ppageno 0'>
   <div class='ocr_carea' id='block_1_1' title="bbox 583 304 3822 385">
    <p class='ocr_par' dir='ltr' id='par_1_1' title="bbox 583 304 3822 385">
     <span class='ocr_line' id='line_1_1' title="bbox 583 304 3822 385; baseline 0.007 -23"><span class='ocrx_word' id='word_1_1' title='bbox 583 304 696 365; x_wconf 63' lang='grc' dir='ltr'><strong>ιδι</strong></span> <span class='ocrx_word' id='word_1_2' title='bbox 1558 311 1857 370; x_wconf 80' lang='lat' dir='ltr'><strong>RODULFI</strong></span> <span class='ocrx_word' id='word_1_3' title='bbox 1897 306 2144 365; x_wconf 63' lang='lat' dir='ltr'><strong>CLUSIU</strong></span> <span class='ocrx_word' id='word_1_4' title='bbox 2185 306 2490 372; x_wconf 76' lang='lat' dir='ltr'><strong>MONACIII</strong></span> <span class='ocrx_word' id='word_1_5' title='bbox 2529 317 2846 378; x_wconf 76' lang='lat' dir='ltr'><strong>CLUNIAC.</strong></span> <span class='ocrx_word' id='word_1_6' title='bbox 3733 330 3822 385; x_wconf 67' lang='lat'><strong>6.32</strong></span> 
     </span>
    </p>
   </div>
   <div class='ocr_carea' id='block_1_2' title="bbox 595 426 3820 506">
    <p class='ocr_par' dir='ltr' id='par_1_2' title="bbox 595 426 3820 506">
     <span class='ocr_line' id='line_1_2' title="bbox 595 426 3820 506; baseline 0.006 -27"><span class='ocrx_word' id='word_1_7' title='bbox 595 427 950 480; x_wconf 87' lang='lat' dir='ltr'><strong>decreverunt</strong></span> <span class='ocrx_word' id='word_1_8' title='bbox 981 433 1128 480; x_wconf 90' lang='lat' dir='ltr'><strong>utne</strong></span> <span class='ocrx_word' id='word_1_9' title='bbox 1152 440 1246 496; x_wconf 90' lang='lat' dir='ltr'><strong>per</strong></span> <span class='ocrx_word' id='word_1_10' title='bbox 1274 426 1559 497; x_wconf 90' lang='lat' dir='ltr'><strong>imperium</strong></span> <span class='ocrx_word' id='word_1_11' title='bbox 1584 429 1928 484; x_wconf 88' lang='lat' dir='ltr'><strong>sacerdotum</strong></span> <span class='ocrx_word' id='word_1_12' title='bbox 1956 430 2169 492; x_wconf 81' lang='lat' dir='ltr'><strong>tierent,</strong></span> <span class='ocrx_word' id='word_1_13' title='bbox 2202 432 2248 490; x_wconf 80' lang='grc' dir='ltr'><strong>Α</strong></span> <span class='ocrx_word' id='word_1_14' title='bbox 2278 426 2762 500; x_wconf 90' lang='lat' dir='ltr'><strong>incomparabilem</strong></span> <span class='ocrx_word' id='word_1_15' title='bbox 2809 433 2966 504; x_wconf 84' lang='lat' dir='ltr'><strong>hujus</strong></span> <span class='ocrx_word' id='word_1_16' title='bbox 3023 437 3278 506; x_wconf 88' lang='lat' dir='ltr'><strong>temporis</strong></span> <span class='ocrx_word' id='word_1_17' title='bbox 3321 438 3625 493; x_wconf 87' lang='lat' dir='ltr'><strong>ostenderet</strong></span> <span class='ocrx_word' id='word_1_18' title='bbox 3669 443 3820 497; x_wconf 79' lang='lat' dir='ltr'><strong>virnni</strong></span> 
     </span>
    </p>
   </div>
   <div class='ocr_carea' id='block_1_3' title="bbox 577 513 3818 595">
    <p class='ocr_par' dir='ltr' id='par_1_3' title="bbox 577 513 3818 595">
     <span class='ocr_line' id='line_1_3' title="bbox 577 513 3818 595; baseline 0.006 -28"><span class='ocrx_word' id='word_1_19' title='bbox 577 524 817 585; x_wconf 59' lang='lat' dir='ltr'><strong>excepto</strong></span> <span class='ocrx_word' id='word_1_20' title='bbox 842 513 1078 571; x_wconf 88' lang='lat' dir='ltr'><strong>Sabbato</strong></span> <span class='ocrx_word' id='word_1_21' title='bbox 1100 515 1478 584; x_wconf 86' lang='lat' dir='ltr'><strong>Pentecostes;</strong></span> <span class='ocrx_word' id='word_1_22' title='bbox 1507 527 1563 574; x_wconf 92' lang='lat' dir='ltr'><strong>et</strong></span> <span class='ocrx_word' id='word_1_23' title='bbox 1606 535 1636 573; x_wconf 86' lang='lat' dir='ltr'><strong>a</strong></span> <span class='ocrx_word' id='word_1_24' title='bbox 1669 521 1864 590; x_wconf 81' lang='lat' dir='ltr'><strong>quibus</strong></span> <span class='ocrx_word' id='word_1_25' title='bbox 1901 523 2017 578; x_wconf 75' lang='lat' dir='ltr'><strong>fieri</strong></span> <span class='ocrx_word' id='word_1_26' title='bbox 2048 524 2166 579; x_wconf 89' lang='lat' dir='ltr'><strong>vel-</strong></span> <span class='ocrx_word' id='word_1_27' title='bbox 2279 521 2607 579; x_wconf 82' lang='lat' dir='ltr'><strong>hominibus.</strong></span> <span class='ocrx_word' id='word_1_28' title='bbox 2661 527 2824 582; x_wconf 76' lang='lat' dir='ltr'><strong>Duxit</strong></span> <span class='ocrx_word' id='word_1_29' title='bbox 2870 527 3013 582; x_wconf 89' lang='lat' dir='ltr'><strong>enim</strong></span> <span class='ocrx_word' id='word_1_30' title='bbox 3064 543 3128 583; x_wconf 82' lang='lat' dir='ltr'><strong>ex</strong></span> <span class='ocrx_word' id='word_1_31' title='bbox 3177 528 3450 584; x_wconf 81' lang='lat' dir='ltr'><strong>nobilibus</strong></span> <span class='ocrx_word' id='word_1_32' title='bbox 3497 529 3818 595; x_wconf 83' lang='lat' dir='ltr'><strong>Francorum,</strong></span> 
     </span>
    </p>
   </div>
   <div class='ocr_carea' id='block_1_4' title="bbox 592 608 3819 690">
    <p class='ocr_par' dir='ltr' id='par_1_4' title="bbox 592 608 3819 690">
     <span class='ocr_line' id='line_1_4' title="bbox 592 608 3819 690; baseline 0.006 -30"><span class='ocrx_word' id='word_1_33' title='bbox 592 608 723 672; x_wconf 85' lang='lat' dir='ltr'><strong>ient,</strong></span> <span class='ocrx_word' id='word_1_34' title='bbox 741 623 810 663; x_wconf 89' lang='lat' dir='ltr'><strong>ne</strong></span> <span class='ocrx_word' id='word_1_35' title='bbox 830 609 1703 681; x_wconf 82' lang='lat' dir='ltr'><strong>probibcrenturlieri.Simulque</strong></span> <span class='ocrx_word' id='word_1_36' title='bbox 1731 613 1919 668; x_wconf 92' lang='lat' dir='ltr'><strong>incidit</strong></span> <span class='ocrx_word' id='word_1_37' title='bbox 1947 619 2174 685; x_wconf 72' lang='lat' dir='ltr'><strong>qumstio</strong></span> <span class='ocrx_word' id='word_1_38' title='bbox 2276 627 2458 672; x_wconf 90' lang='lat' dir='ltr'><strong>mente</strong></span> <span class='ocrx_word' id='word_1_39' title='bbox 2488 618 2721 673; x_wconf 86' lang='lat' dir='ltr'><strong>nobilior</strong></span> <span class='ocrx_word' id='word_1_40' title='bbox 2751 620 2883 689; x_wconf 82' lang='lat' dir='ltr'><strong>ipse,</strong></span> <span class='ocrx_word' id='word_1_41' title='bbox 2909 621 3236 690; x_wconf 79' lang='lat' dir='ltr'><strong>prosapiam,</strong></span> <span class='ocrx_word' id='word_1_42' title='bbox 3267 629 3320 674; x_wconf 79' lang='lat' dir='ltr'><strong>c‘t</strong></span> <span class='ocrx_word' id='word_1_43' title='bbox 3343 632 3400 675; x_wconf 93' lang='lat' dir='ltr'><strong>ut</strong></span> <span class='ocrx_word' id='word_1_44' title='bbox 3422 621 3591 676; x_wconf 76' lang='lat' dir='ltr'><strong>lilium</strong></span> <span class='ocrx_word' id='word_1_45' title='bbox 3616 624 3688 678; x_wconf 77' lang='lat' dir='ltr'><strong>vel</strong></span> <span class='ocrx_word' id='word_1_46' title='bbox 3715 641 3819 680; x_wconf 86' lang='lat' dir='ltr'><strong>rosa</strong></span> 
     </span>
    </p>
   </div>
   <div class='ocr_carea' id='block_1_5' title="bbox 580 700 3818 784">
    <p class='ocr_par' dir='ltr' id='par_1_5' title="bbox 580 700 3818 784">
     <span class='ocr_line' id='line_1_5' title="bbox 580 700 3818 784; baseline 0.005 -32"><span class='ocrx_word' id='word_1_47' title='bbox 580 713 687 752; x_wconf 81' lang='lat' dir='ltr'><strong>cur</strong></span> <span class='ocrx_word' id='word_1_48' title='bbox 733 700 982 755; x_wconf 89' lang='lat' dir='ltr'><strong>monachi</strong></span> <span class='ocrx_word' id='word_1_49' title='bbox 1018 717 1114 771; x_wconf 88' lang='lat' dir='ltr'><strong>per</strong></span> <span class='ocrx_word' id='word_1_50' title='bbox 1158 714 1272 758; x_wconf 83' lang='lat' dir='ltr'><strong>tres</strong></span> <span class='ocrx_word' id='word_1_51' title='bbox 1313 703 1398 759; x_wconf 87' lang='lat' dir='ltr'><strong>vel</strong></span> <span class='ocrx_word' id='word_1_52' title='bbox 1447 713 1671 773; x_wconf 73' lang='lat' dir='ltr'><strong>quntum</strong></span> <span class='ocrx_word' id='word_1_53' title='bbox 1711 705 2022 765; x_wconf 71' lang='lat' dir='ltr'><strong>Dominicas</strong></span> <span class='ocrx_word' id='word_1_54' title='bbox 2057 710 2173 767; x_wconf 69' lang='lat' dir='ltr'><strong>dies</strong></span> <span class='ocrx_word' id='word_1_55' title='bbox 2275 704 2341 759; x_wconf 88' lang='lat' dir='ltr'><strong>de</strong></span> <span class='ocrx_word' id='word_1_56' title='bbox 2373 706 2563 775; x_wconf 90' lang='lat' dir='ltr'><strong>spinis,</strong></span> <span class='ocrx_word' id='word_1_57' title='bbox 2595 708 2660 762; x_wconf 92' lang='lat' dir='ltr'><strong>de</strong></span> <span class='ocrx_word' id='word_1_58' title='bbox 2686 706 3046 764; x_wconf 78' lang='lat' dir='ltr'><strong>ferocioribus</strong></span> <span class='ocrx_word' id='word_1_59' title='bbox 3072 712 3366 765; x_wconf 88' lang='lat' dir='ltr'><strong>secundum</strong></span> <span class='ocrx_word' id='word_1_60' title='bbox 3410 714 3716 782; x_wconf 78' lang='lat' dir='ltr'><strong>sanguinem</strong></span> <span class='ocrx_word' id='word_1_61' title='bbox 3741 731 3818 784; x_wconf 78' lang='lat' dir='ltr'><strong>pa-</strong></span> 
     </span>
    </p>
   </div>
   <div class='ocr_carea' id='block_1_6' title="bbox 581 791 2157 870">
    <p class='ocr_par' dir='ltr' id='par_1_6' title="bbox 581 791 2157 870">
     <span class='ocr_line' id='line_1_6' title="bbox 581 791 2157 870; baseline 0.009 -26"><span class='ocrx_word' id='word_1_62' title='bbox 581 799 712 844; x_wconf 84' lang='lat' dir='ltr'><strong>ante</strong></span> <span class='ocrx_word' id='word_1_63' title='bbox 741 791 884 847; x_wconf 80' lang='lat' dir='ltr'><strong>diem</strong></span> <span class='ocrx_word' id='word_1_64' title='bbox 910 794 1210 850; x_wconf 69' lang='lat' dir='ltr'><strong>nativitatis</strong></span> <span class='ocrx_word' id='word_1_65' title='bbox 1227 795 1537 861; x_wconf 80' lang='lat' dir='ltr'><strong>Dominicze,</strong></span> <span class='ocrx_word' id='word_1_66' title='bbox 1565 813 1661 853; x_wconf 89' lang='lat' dir='ltr'><strong>seu</strong></span> <span class='ocrx_word' id='word_1_67' title='bbox 1687 800 2157 870; x_wconf 70' lang='lat' dir='ltr'><strong>quadragesima&quot;:</strong></span> 
     </span>
    </p>
   </div>
   <div class='ocr_carea' id='block_1_7' title="bbox 2238 791 3814 870">
    <p class='ocr_par' dir='ltr' id='par_1_7' title="bbox 2277 793 3814 866">
     <span class='ocr_line' id='line_1_7' title="bbox 2277 793 3814 866; baseline 0.007 -20"><span class='ocrx_word' id='word_1_68' title='bbox 2277 793 2393 848; x_wconf 60' lang='lat' dir='ltr'><strong>trite</strong></span> <span class='ocrx_word' id='word_1_69' title='bbox 2428 793 2548 848; x_wconf 76' lang='lat' dir='ltr'><strong>fuit.</strong></span> <span class='ocrx_word' id='word_1_70' title='bbox 2583 795 2707 862; x_wconf 85' lang='lat' dir='ltr'><strong>Qui,</strong></span> <span class='ocrx_word' id='word_1_71' title='bbox 2739 805 2799 852; x_wconf 92' lang='lat' dir='ltr'><strong>ut</strong></span> <span class='ocrx_word' id='word_1_72' title='bbox 2850 797 3283 866; x_wconf 82' lang='lat' dir='ltr'><strong>generosioribus</strong></span> <span class='ocrx_word' id='word_1_73' title='bbox 3316 815 3432 854; x_wconf 88' lang='lat' dir='ltr'><strong>mos</strong></span> <span class='ocrx_word' id='word_1_74' title='bbox 3462 810 3566 864; x_wconf 89' lang='lat' dir='ltr'><strong>est,</strong></span> <span class='ocrx_word' id='word_1_75' title='bbox 3598 804 3814 859; x_wconf 76' lang='lat' dir='ltr'><strong>nobiliter</strong></span> 
     </span>
    </p>
   </div>
   <div class='ocr_carea' id='block_1_8' title="bbox 555 880 2131 970">
    <p class='ocr_par' dir='ltr' id='par_1_8' title="bbox 555 880 2131 970">
     <span class='ocr_line' id='line_1_8' title="bbox 555 880 2131 970; baseline 0.01 -37"><span class='ocrx_word' id='word_1_76' title='bbox 555 880 986 970; x_wconf 25' lang='lat' dir='ltr'><strong>(observationis</strong></span> <span class='ocrx_word' id='word_1_77' title='bbox 1033 891 1298 952; x_wconf 89' lang='lat' dir='ltr'><strong>tempore,</strong></span> <span class='ocrx_word' id='word_1_78' title='bbox 1343 886 1629 957; x_wconf 84' lang='lat' dir='ltr'><strong>hymnum,</strong></span> <span class='ocrx_word' id='word_1_79' title='bbox 1676 889 1883 946; x_wconf 86' lang='lat' dir='ltr'><strong>scilicet</strong></span> <span class='ocrx_word' id='word_1_80' title='bbox 1911 890 1980 947; x_wconf 78' lang='lat' dir='ltr'><strong>Te</strong></span> <span class='ocrx_word' id='word_1_81' title='bbox 2001 891 2131 948; x_wconf 83' lang='lat' dir='ltr'><strong>Dein</strong></span> 
     </span>
    </p>
   </div>
   <div class='ocr_carea' id='block_1_9' title="bbox 2238 880 3814 970">
    <p class='ocr_par' dir='ltr' id='par_1_9' title="bbox 2272 883 3814 962">
     <span class='ocr_line' id='line_1_9' title="bbox 2272 883 3814 962; baseline 0.008 -27"><span class='ocrx_word' id='word_1_82' title='bbox 2272 883 2563 950; x_wconf 89' lang='lat' dir='ltr'><strong>educatus;</strong></span> <span class='ocrx_word' id='word_1_83' title='bbox 2599 887 2792 942; x_wconf 89' lang='lat' dir='ltr'><strong>dehinc</strong></span> <span class='ocrx_word' id='word_1_84' title='bbox 2820 903 2949 944; x_wconf 86' lang='lat' dir='ltr'><strong>vero</strong></span> <span class='ocrx_word' id='word_1_85' title='bbox 2976 888 3174 944; x_wconf 88' lang='lat' dir='ltr'><strong>scholis</strong></span> <span class='ocrx_word' id='word_1_86' title='bbox 3196 891 3392 944; x_wconf 88' lang='lat' dir='ltr'><strong>artium</strong></span> <span class='ocrx_word' id='word_1_87' title='bbox 3424 891 3715 946; x_wconf 75' lang='lat' dir='ltr'><strong>liberaliora</strong></span> <span class='ocrx_word' id='word_1_88' title='bbox 3740 908 3814 962; x_wconf 88' lang='lat' dir='ltr'><strong>ap-</strong></span> 
     </span>
    </p>
   </div>
   <div class='ocr_carea' id='block_1_10' title="bbox 559 971 3818 1053">
    <p class='ocr_par' dir='ltr' id='par_1_10' title="bbox 559 971 3818 1053">
     <span class='ocr_line' id='line_1_10' title="bbox 559 971 3818 1053; baseline 0.004 -29"><span class='ocrx_word' id='word_1_89' title='bbox 559 971 896 1040; x_wconf 58' lang='lat' dir='ltr'><strong>~tendamus,</strong></span> <span class='ocrx_word' id='word_1_90' title='bbox 939 973 1296 1032; x_wconf 78' lang='lat' dir='ltr'><strong>decantarent</strong></span> <span class='ocrx_word' id='word_1_91' title='bbox 1327 986 1518 1032; x_wconf 79' lang='lat' dir='ltr'><strong>contra</strong></span> <span class='ocrx_word' id='word_1_92' title='bbox 1549 993 1756 1035; x_wconf 77' lang='lat' dir='ltr'><strong>morem</strong></span> <span class='ocrx_word' id='word_1_93' title='bbox 1785 981 2038 1038; x_wconf 73' lang='lat' dir='ltr'><strong>Romanae</strong></span> <span class='ocrx_word' id='word_1_94' title='bbox 2071 984 2170 1039; x_wconf 71' lang='lat' dir='ltr'><strong>Ec-</strong></span> <span class='ocrx_word' id='word_1_95' title='bbox 2269 974 2522 1044; x_wconf 88' lang='lat' dir='ltr'><strong>plieatus.</strong></span> <span class='ocrx_word' id='word_1_96' title='bbox 2559 976 2662 1033; x_wconf 89' lang='lat' dir='ltr'><strong>Sed</strong></span> <span class='ocrx_word' id='word_1_97' title='bbox 2693 979 3000 1050; x_wconf 78' lang='lat' dir='ltr'><strong>intelligens</strong></span> <span class='ocrx_word' id='word_1_98' title='bbox 3026 996 3092 1035; x_wconf 81' lang='lat' dir='ltr'><strong>ex</strong></span> <span class='ocrx_word' id='word_1_99' title='bbox 3141 981 3222 1035; x_wconf 81' lang='lat' dir='ltr'><strong>his</strong></span> <span class='ocrx_word' id='word_1_100' title='bbox 3251 981 3536 1051; x_wconf 86' lang='lat' dir='ltr'><strong>plerosque</strong></span> <span class='ocrx_word' id='word_1_101' title='bbox 3570 982 3685 1053; x_wconf 83' lang='lat' dir='ltr'><strong>plus</strong></span> <span class='ocrx_word' id='word_1_102' title='bbox 3720 984 3818 1037; x_wconf 80' lang='lat' dir='ltr'><strong>fore</strong></span> 
     </span>
    </p>
   </div>
   <div class='ocr_carea' id='block_1_11' title="bbox 585 1063 2161 1142">
    <p class='ocr_par' dir='ltr' id='par_1_11' title="bbox 585 1063 2161 1142">
     <span class='ocr_line' id='line_1_11' title="bbox 585 1063 2161 1142; baseline 0.01 -26"><span class='ocrx_word' id='word_1_103' title='bbox 585 1063 782 1120; x_wconf 71' lang='lat' dir='ltr'><strong>clesiae.</strong></span> <span class='ocrx_word' id='word_1_104' title='bbox 813 1063 931 1132; x_wconf 83' lang='lat' dir='ltr'><strong>Qua</strong></span> <span class='ocrx_word' id='word_1_105' title='bbox 960 1065 1212 1122; x_wconf 77' lang='lat' dir='ltr'><strong>videlicet</strong></span> <span class='ocrx_word' id='word_1_106' title='bbox 1233 1069 1532 1138; x_wconf 63' lang='lat' dir='ltr'><strong>quaestione</strong></span> <span class='ocrx_word' id='word_1_107' title='bbox 1553 1073 1793 1142; x_wconf 77' lang='lat' dir='ltr'><strong>aggressi</strong></span> <span class='ocrx_word' id='word_1_108' title='bbox 1817 1081 1924 1126; x_wconf 90' lang='lat' dir='ltr'><strong>tam</strong></span> <span class='ocrx_word' id='word_1_109' title='bbox 1947 1075 2161 1132; x_wconf 79' lang='lat' dir='ltr'><strong>abbales</strong></span> 
     </span>
    </p>
   </div>
   <div class='ocr_carea' id='block_1_12' title="bbox 2240 1063 3816 1142">
    <p class='ocr_par' dir='ltr' id='par_1_12' title="bbox 2267 1071 3816 1140">
     <span class='ocr_line' id='line_1_12' title="bbox 2267 1071 3816 1140; baseline 0.008 -22"><span class='ocrx_word' id='word_1_110' title='bbox 2267 1075 2619 1123; x_wconf 87' lang='lat' dir='ltr'><strong>contumaces</strong></span> <span class='ocrx_word' id='word_1_111' title='bbox 2660 1085 2820 1138; x_wconf 89' lang='lat' dir='ltr'><strong>quam</strong></span> <span class='ocrx_word' id='word_1_112' title='bbox 2850 1071 3045 1126; x_wconf 68' lang='lat' dir='ltr'><strong>divinae</strong></span> <span class='ocrx_word' id='word_1_113' title='bbox 3079 1071 3401 1128; x_wconf 70' lang='lat' dir='ltr'><strong>obedientite</strong></span> <span class='ocrx_word' id='word_1_114' title='bbox 3442 1074 3697 1140; x_wconf 78' lang='lat' dir='ltr'><strong>subditos,</strong></span> <span class='ocrx_word' id='word_1_115' title='bbox 3723 1076 3816 1130; x_wconf 59' lang='lat' dir='ltr'><strong>stilo</strong></span> 
     </span>
    </p>
   </div>
   <div class='ocr_carea' id='block_1_13' title="bbox 581 1155 3818 1234">
    <p class='ocr_par' dir='ltr' id='par_1_13' title="bbox 581 1155 3818 1234">
     <span class='ocr_line' id='line_1_13' title="bbox 581 1155 3818 1234; baseline 0.004 -30"><span class='ocrx_word' id='word_1_116' title='bbox 581 1172 741 1224; x_wconf 81' lang='lat' dir='ltr'><strong>quam</strong></span> <span class='ocrx_word' id='word_1_117' title='bbox 773 1158 1027 1212; x_wconf 78' lang='lat' dir='ltr'><strong>monachi</strong></span> <span class='ocrx_word' id='word_1_118' title='bbox 1056 1159 1453 1229; x_wconf 73' lang='lat' dir='ltr'><strong>responderunt</strong></span> <span class='ocrx_word' id='word_1_119' title='bbox 1502 1175 1563 1217; x_wconf 76' lang='lat' dir='ltr'><strong>se</strong></span> <span class='ocrx_word' id='word_1_120' title='bbox 1612 1177 1710 1231; x_wconf 78' lang='lat' dir='ltr'><strong>pro</strong></span> <span class='ocrx_word' id='word_1_121' title='bbox 1759 1163 1903 1218; x_wconf 73' lang='lat' dir='ltr'><strong>nulla</strong></span> <span class='ocrx_word' id='word_1_122' title='bbox 1940 1180 1998 1220; x_wconf 72' lang='lat' dir='ltr'><strong>re</strong></span> <span class='ocrx_word' id='word_1_123' title='bbox 2036 1165 2167 1222; x_wconf 72' lang='lat' dir='ltr'><strong>illud</strong></span> <span class='ocrx_word' id='word_1_124' title='bbox 2269 1155 2433 1211; x_wconf 87' lang='lat' dir='ltr'><strong>ﬁcere</strong></span> <span class='ocrx_word' id='word_1_125' title='bbox 2456 1158 2557 1211; x_wconf 91' lang='lat' dir='ltr'><strong>sibi</strong></span> <span class='ocrx_word' id='word_1_126' title='bbox 2579 1160 2806 1214; x_wconf 88' lang='lat' dir='ltr'><strong>credidit</strong></span> <span class='ocrx_word' id='word_1_127' title='bbox 2853 1162 2896 1216; x_wconf 90' lang='lat' dir='ltr'><strong>si</strong></span> <span class='ocrx_word' id='word_1_128' title='bbox 2918 1161 3110 1216; x_wconf 74' lang='lat' dir='ltr'><strong>exinde</strong></span> <span class='ocrx_word' id='word_1_129' title='bbox 3137 1163 3362 1218; x_wconf 75' lang='lat' dir='ltr'><strong>salutem</strong></span> <span class='ocrx_word' id='word_1_130' title='bbox 3389 1166 3580 1219; x_wconf 71' lang='lat' dir='ltr'><strong>anima:</strong></span> <span class='ocrx_word' id='word_1_131' title='bbox 3606 1179 3818 1234; x_wconf 63' lang='lat' dir='ltr'><strong>reperi;-</strong></span> 
     </span>
    </p>
   </div>
   <div class='ocr_carea' id='block_1_14' title="bbox 489 1241 2065 1326">
    <p class='ocr_par' dir='ltr' id='par_1_14' title="bbox 489 1246 2060 1319">
     <span class='ocr_line' id='line_1_14' title="bbox 489 1246 2060 1319; baseline 0.007 -21"><span class='ocrx_word' id='word_1_132' title='bbox 489 1253 501 1319; x_wconf 45' lang='grc' dir='ltr'><strong>ς’</strong></span> <span class='ocrx_word' id='word_1_133' title='bbox 579 1259 765 1316; x_wconf 78' lang='lat' dir='ltr'><strong>agere,</strong></span> <span class='ocrx_word' id='word_1_134' title='bbox 797 1246 900 1302; x_wconf 92' lang='lat' dir='ltr'><strong>nisi</strong></span> <span class='ocrx_word' id='word_1_135' title='bbox 932 1263 1000 1303; x_wconf 75' lang='lat' dir='ltr'><strong>ex</strong></span> <span class='ocrx_word' id='word_1_136' title='bbox 1027 1248 1170 1303; x_wconf 89' lang='lat' dir='ltr'><strong>beati</strong></span> <span class='ocrx_word' id='word_1_137' title='bbox 1218 1248 1494 1305; x_wconf 87' lang='lat' dir='ltr'><strong>Benedicti</strong></span> <span class='ocrx_word' id='word_1_138' title='bbox 1529 1252 1948 1308; x_wconf 91' lang='lat' dir='ltr'><strong>nominatissimi</strong></span> <span class='ocrx_word' id='word_1_139' title='bbox 2005 1264 2060 1310; x_wconf 91' lang='lat' dir='ltr'><strong>at</strong></span> 
     </span>
    </p>
   </div>
   <div class='ocr_carea' id='block_1_15' title="bbox 2239 1241 3815 1326">
    <p class='ocr_par' dir='ltr' id='par_1_15' title="bbox 2269 1241 3815 1321">
     <span class='ocr_line' id='line_1_15' title="bbox 2269 1241 3815 1321; baseline 0.006 -22"><span class='ocrx_word' id='word_1_140' title='bbox 2269 1255 2372 1300; x_wconf 86' lang='lat' dir='ltr'><strong>ret.</strong></span> <span class='ocrx_word' id='word_1_141' title='bbox 2410 1245 2636 1302; x_wconf 80' lang='lat' dir='ltr'><strong>Relictis</strong></span> <span class='ocrx_word' id='word_1_142' title='bbox 2677 1241 2854 1305; x_wconf 82' lang='lat' dir='ltr'><strong>autem</strong></span> <span class='ocrx_word' id='word_1_143' title='bbox 2900 1252 3218 1321; x_wconf 69' lang='lat' dir='ltr'><strong>pompaticae</strong></span> <span class='ocrx_word' id='word_1_144' title='bbox 3267 1255 3507 1310; x_wconf 76' lang='lat' dir='ltr'><strong>scientia:</strong></span> <span class='ocrx_word' id='word_1_145' title='bbox 3536 1256 3734 1320; x_wconf 90' lang='lat' dir='ltr'><strong>studiis,</strong></span> <span class='ocrx_word' id='word_1_146' title='bbox 3761 1259 3815 1308; x_wconf 77' lang='lat' dir='ltr'><strong>ad</strong></span> 
     </span>
    </p>
   </div>
   <div class='ocr_carea' id='block_1_16' title="bbox 578 1333 2154 1414">
    <p class='ocr_par' dir='ltr' id='par_1_16' title="bbox 578 1333 2154 1410">
     <span class='ocr_line' id='line_1_16' title="bbox 578 1333 2154 1410; baseline 0.009 -23"><span class='ocrx_word' id='word_1_147' title='bbox 578 1333 1022 1390; x_wconf 78' lang='lat' dir='ltr'><strong>excellentissimi</strong></span> <span class='ocrx_word' id='word_1_148' title='bbox 1052 1335 1230 1391; x_wconf 85' lang='lat' dir='ltr'><strong>Patris</strong></span> <span class='ocrx_word' id='word_1_149' title='bbox 1252 1340 1632 1409; x_wconf 72' lang='lat' dir='ltr'><strong>prteccptione,</strong></span> <span class='ocrx_word' id='word_1_150' title='bbox 1651 1341 1804 1410; x_wconf 84' lang='lat' dir='ltr'><strong>cujus</strong></span> <span class='ocrx_word' id='word_1_151' title='bbox 1826 1344 1989 1398; x_wconf 90' lang='lat' dir='ltr'><strong>etiam</strong></span> <span class='ocrx_word' id='word_1_152' title='bbox 2013 1355 2154 1401; x_wconf 76' lang='lat' dir='ltr'><strong>actus</strong></span> 
     </span>
    </p>
   </div>
   <div class='ocr_carea' id='block_1_17' title="bbox 2231 1333 3807 1414">
    <p class='ocr_par' dir='ltr' id='par_1_17' title="bbox 2265 1337 3807 1414">
     <span class='ocr_line' id='line_1_17' title="bbox 2265 1337 3807 1414; baseline 0.008 -26"><span class='ocrx_word' id='word_1_153' title='bbox 2265 1337 2534 1405; x_wconf 82' lang='lat' dir='ltr'><strong>quoddam</strong></span> <span class='ocrx_word' id='word_1_154' title='bbox 2564 1339 2951 1395; x_wconf 83' lang='lat' dir='ltr'><strong>monasterium</strong></span> <span class='ocrx_word' id='word_1_155' title='bbox 2986 1341 3125 1397; x_wconf 87' lang='lat' dir='ltr'><strong>clam</strong></span> <span class='ocrx_word' id='word_1_156' title='bbox 3155 1343 3482 1414; x_wconf 72' lang='lat' dir='ltr'><strong>ingrediens,</strong></span> <span class='ocrx_word' id='word_1_157' title='bbox 3511 1348 3807 1400; x_wconf 80' lang='lat' dir='ltr'><strong>monachum</strong></span> 
     </span>
    </p>
   </div>
   <div class='ocr_carea' id='block_1_18' title="bbox 577 1423 3183 1500">
    <p class='ocr_par' dir='ltr' id='par_1_18' title="bbox 577 1423 3183 1500">
     <span class='ocr_line' id='line_1_18' title="bbox 577 1423 3183 1500; baseline 0.002 -23"><span class='ocrx_word' id='word_1_158' title='bbox 577 1423 848 1494; x_wconf 81' lang='lat' dir='ltr'><strong>simulque</strong></span> <span class='ocrx_word' id='word_1_159' title='bbox 876 1425 1016 1480; x_wconf 88' lang='lat' dir='ltr'><strong>dicta</strong></span> <span class='ocrx_word' id='word_1_160' title='bbox 1061 1441 1092 1480; x_wconf 90' lang='lat' dir='ltr'><strong>a</strong></span> <span class='ocrx_word' id='word_1_161' title='bbox 1122 1442 1336 1483; x_wconf 90' lang='lat' dir='ltr'><strong>summo</strong></span> <span class='ocrx_word' id='word_1_162' title='bbox 1361 1429 1730 1485; x_wconf 81' lang='lat' dir='ltr'><strong>Romanorum</strong></span> <span class='ocrx_word' id='word_1_163' title='bbox 1769 1433 2046 1500; x_wconf 85' lang='lat' dir='ltr'><strong>pontiﬁce,</strong></span> <span class='ocrx_word' id='word_1_164' title='bbox 2077 1435 2164 1488; x_wconf 83' lang='lat' dir='ltr'><strong>vi-</strong></span> <span class='ocrx_word' id='word_1_165' title='bbox 2265 1440 2323 1480; x_wconf 81' lang='lat' dir='ltr'><strong>se</strong></span> <span class='ocrx_word' id='word_1_166' title='bbox 2355 1425 2472 1482; x_wconf 78' lang='lat' dir='ltr'><strong>ﬁeri</strong></span> <span class='ocrx_word' id='word_1_167' title='bbox 2504 1430 2639 1483; x_wconf 81' lang='lat' dir='ltr'><strong>satis</strong></span> <span class='ocrx_word' id='word_1_168' title='bbox 2661 1429 2849 1484; x_wconf 79' lang='lat' dir='ltr'><strong>devote</strong></span> <span class='ocrx_word' id='word_1_169' title='bbox 2874 1430 3183 1498; x_wconf 73' lang='lat' dir='ltr'><strong>postulavit.</strong></span> 
     </span>
    </p>
   </div>
   <div class='ocr_carea' id='block_1_19' title="bbox 579 1513 3815 1598">
    <p class='ocr_par' dir='ltr' id='par_1_19' title="bbox 579 1513 3815 1598">
     <span class='ocr_line' id='line_1_19' title="bbox 579 1513 3815 1598; baseline 0.005 -31"><span class='ocrx_word' id='word_1_170' title='bbox 579 1513 1456 1590; x_wconf 72' lang='lat' dir='ltr'><strong>delicet‘Gr-egorio,haberentur</strong></span> <span class='ocrx_word' id='word_1_171' title='bbox 1501 1521 1770 1592; x_wconf 84' lang='lat' dir='ltr'><strong>descripta</strong></span> <span class='ocrx_word' id='word_1_172' title='bbox 1817 1539 1881 1580; x_wconf 90' lang='lat' dir='ltr'><strong>ac</strong></span> <span class='ocrx_word' id='word_1_173' title='bbox 1913 1524 2164 1582; x_wconf 84' lang='lat' dir='ltr'><strong>laudabi-</strong></span> <span class='ocrx_word' id='word_1_174' title='bbox 2336 1518 2441 1574; x_wconf 83' lang='lat' dir='ltr'><strong>Sed</strong></span> <span class='ocrx_word' id='word_1_175' title='bbox 2470 1521 2749 1590; x_wconf 87' lang='lat' dir='ltr'><strong>quoniam.</strong></span> <span class='ocrx_word' id='word_1_176' title='bbox 2798 1532 2855 1576; x_wconf 80' lang='lat' dir='ltr'><strong>ut</strong></span> <span class='ocrx_word' id='word_1_177' title='bbox 2889 1523 3142 1589; x_wconf 79' lang='lat' dir='ltr'><strong>diximus,</strong></span> <span class='ocrx_word' id='word_1_178' title='bbox 3171 1524 3302 1580; x_wconf 86' lang='lat' dir='ltr'><strong>clari</strong></span> <span class='ocrx_word' id='word_1_179' title='bbox 3333 1535 3450 1581; x_wconf 84' lang='lat' dir='ltr'><strong>erat</strong></span> <span class='ocrx_word' id='word_1_180' title='bbox 3495 1529 3718 1598; x_wconf 80' lang='lat' dir='ltr'><strong>generis,</strong></span> <span class='ocrx_word' id='word_1_181' title='bbox 3748 1528 3815 1583; x_wconf 69' lang='lat' dir='ltr'><strong>id-</strong></span> 
     </span>
    </p>
   </div>
   <div class='ocr_carea' id='block_1_20' title="bbox 577 1610 3817 1685">
    <p class='ocr_par' dir='ltr' id='par_1_20' title="bbox 577 1610 3817 1685">
     <span class='ocr_line' id='line_1_20' title="bbox 577 1610 3817 1685; baseline 0.002 -23"><span class='ocrx_word' id='word_1_182' title='bbox 577 1611 703 1666; x_wconf 90' lang='lat' dir='ltr'><strong>liter</strong></span> <span class='ocrx_word' id='word_1_183' title='bbox 733 1612 1004 1666; x_wconf 88' lang='lat' dir='ltr'><strong>roborata.</strong></span> <span class='ocrx_word' id='word_1_184' title='bbox 1036 1610 1133 1666; x_wconf 80' lang='lat' dir='ltr'><strong>His</strong></span> <span class='ocrx_word' id='word_1_185' title='bbox 1161 1611 1712 1682; x_wconf 61' lang='lat' dir='ltr'><strong>deniquetcompertis</strong></span> <span class='ocrx_word' id='word_1_186' title='bbox 1742 1615 2006 1685; x_wconf 85' lang='lat' dir='ltr'><strong>episcopi,</strong></span> <span class='ocrx_word' id='word_1_187' title='bbox 2035 1632 2163 1672; x_wconf 84' lang='lat' dir='ltr'><strong>usus</strong></span> <span class='ocrx_word' id='word_1_188' title='bbox 2261 1610 2412 1666; x_wconf 90' lang='lat' dir='ltr'><strong>circo</strong></span> <span class='ocrx_word' id='word_1_189' title='bbox 2439 1621 2726 1680; x_wconf 87' lang='lat' dir='ltr'><strong>parentum</strong></span> <span class='ocrx_word' id='word_1_190' title='bbox 2776 1613 2950 1669; x_wconf 83' lang='lat' dir='ltr'><strong>minas</strong></span> <span class='ocrx_word' id='word_1_191' title='bbox 2997 1615 3440 1684; x_wconf 78' lang='lat' dir='ltr'><strong>pertinieseentes</strong></span> <span class='ocrx_word' id='word_1_192' title='bbox 3488 1619 3632 1674; x_wconf 88' lang='lat' dir='ltr'><strong>nullo</strong></span> <span class='ocrx_word' id='word_1_193' title='bbox 3677 1623 3817 1674; x_wconf 82' lang='lat' dir='ltr'><strong>modo</strong></span> 
     </span>
    </p>
   </div>
   <div class='ocr_carea' id='block_1_21' title="bbox 547 1701 3814 1777">
    <p class='ocr_par' dir='ltr' id='par_1_21' title="bbox 547 1701 3814 1777">
     <span class='ocr_line' id='line_1_21' title="bbox 547 1701 3814 1777; baseline 0.004 -23"><span class='ocrx_word' id='word_1_194' title='bbox 547 1701 965 1757; x_wconf 64' lang='grc' dir='ltr'><strong>«ιι-ιοηαοιιοωιη</strong></span> <span class='ocrx_word' id='word_1_195' title='bbox 1015 1703 1330 1758; x_wconf 90' lang='lat' dir='ltr'><strong>authentico</strong></span> <span class='ocrx_word' id='word_1_196' title='bbox 1379 1721 1445 1760; x_wconf 81' lang='lat' dir='ltr'><strong>ex</strong></span> <span class='ocrx_word' id='word_1_197' title='bbox 1490 1720 1641 1760; x_wconf 91' lang='lat' dir='ltr'><strong>more</strong></span> <span class='ocrx_word' id='word_1_198' title='bbox 1699 1706 1890 1777; x_wconf 80' lang='lat' dir='ltr'><strong>viguit.</strong></span> <span class='ocrx_word' id='word_1_199' title='bbox 1915 1707 2025 1762; x_wconf 83' lang='lat' dir='ltr'><strong>Nec</strong></span> <span class='ocrx_word' id='word_1_200' title='bbox 2054 1724 2159 1763; x_wconf 94' lang='lat' dir='ltr'><strong>non</strong></span> <span class='ocrx_word' id='word_1_201' title='bbox 2262 1701 2587 1770; x_wconf 70' lang='lat' dir='ltr'><strong>acquicvem</strong></span> <span class='ocrx_word' id='word_1_202' title='bbox 2640 1701 2757 1757; x_wconf 74' lang='lat' dir='ltr'><strong>ﬁeri</strong></span> <span class='ocrx_word' id='word_1_203' title='bbox 2797 1703 2940 1772; x_wconf 72' lang='lat' dir='ltr'><strong>quod</strong></span> <span class='ocrx_word' id='word_1_204' title='bbox 2986 1716 3304 1774; x_wconf 74' lang='lat' dir='ltr'><strong>Imposcetal</strong></span> <span class='ocrx_word' id='word_1_205' title='bbox 3357 1706 3554 1762; x_wconf 61' lang='lat' dir='ltr'><strong>fratres</strong></span> <span class='ocrx_word' id='word_1_206' title='bbox 3600 1707 3814 1776; x_wconf 72' lang='lat' dir='ltr'><strong>ejusdem</strong></span> 
     </span>
    </p>
   </div>
   <div class='ocr_carea' id='block_1_22' title="bbox 571 1783 3815 1876">
    <p class='ocr_par' dir='ltr' id='par_1_22' title="bbox 571 1783 3815 1876">
     <span class='ocr_line' id='line_1_22' title="bbox 571 1783 3815 1876; baseline 0.005 -39"><span class='ocrx_word' id='word_1_207' title='bbox 571 1795 738 1847; x_wconf 65' lang='lat' dir='ltr'><strong>etiam</strong></span> <span class='ocrx_word' id='word_1_208' title='bbox 766 1794 834 1849; x_wconf 72' lang='lat' dir='ltr'><strong>de</strong></span> <span class='ocrx_word' id='word_1_209' title='bbox 865 1795 953 1850; x_wconf 75' lang='lat' dir='ltr'><strong>die</strong></span> <span class='ocrx_word' id='word_1_210' title='bbox 978 1797 1415 1852; x_wconf 67' lang='lat' dir='ltr'><strong>annumiauonis</strong></span> <span class='ocrx_word' id='word_1_211' title='bbox 1446 1797 1764 1866; x_wconf 54' lang='lat' dir='ltr'><strong>Dominicm,</strong></span> <span class='ocrx_word' id='word_1_212' title='bbox 1800 1801 1892 1872; x_wconf 69' lang='lat' dir='ltr'><strong>qui</strong></span> <span class='ocrx_word' id='word_1_213' title='bbox 1922 1801 2161 1858; x_wconf 59' lang='lat' dir='ltr'><strong>celebra-</strong></span> <span class='ocrx_word' id='word_1_214' title='bbox 2193 1783 2233 1840; x_wconf 83' lang='grc' dir='ltr'><strong>Β</strong></span> <span class='ocrx_word' id='word_1_215' title='bbox 2263 1791 2604 1876; x_wconf 63' lang='lat' dir='ltr'><strong>monasterii.</strong></span> <span class='ocrx_word' id='word_1_216' title='bbox 2637 1791 2694 1846; x_wconf 90' lang='lat' dir='ltr'><strong>In</strong></span> <span class='ocrx_word' id='word_1_217' title='bbox 2725 1793 2828 1848; x_wconf 92' lang='lat' dir='ltr'><strong>hoc</strong></span> <span class='ocrx_word' id='word_1_218' title='bbox 2862 1803 3039 1848; x_wconf 85' lang='lat' dir='ltr'><strong>tamen</strong></span> <span class='ocrx_word' id='word_1_219' title='bbox 3087 1795 3237 1850; x_wconf 83' lang='lat' dir='ltr'><strong>illum</strong></span> <span class='ocrx_word' id='word_1_220' title='bbox 3281 1809 3562 1854; x_wconf 75' lang='lat' dir='ltr'><strong>servantes</strong></span> <span class='ocrx_word' id='word_1_221' title='bbox 3601 1801 3649 1854; x_wconf 83' lang='lat' dir='ltr'><strong>ei</strong></span> <span class='ocrx_word' id='word_1_222' title='bbox 3674 1801 3815 1855; x_wconf 83' lang='lat' dir='ltr'><strong>tidem</strong></span> 
     </span>
    </p>
   </div>
   <div class='ocr_carea' id='block_1_23' title="bbox 573 1883 2149 1962">
    <p class='ocr_par' dir='ltr' id='par_1_23' title="bbox 573 1886 2149 1962">
     <span class='ocr_line' id='line_1_23' title="bbox 573 1886 2149 1962; baseline 0.005 -24"><span class='ocrx_word' id='word_1_223' title='bbox 573 1895 664 1939; x_wconf 89' lang='lat' dir='ltr'><strong>tur</strong></span> <span class='ocrx_word' id='word_1_224' title='bbox 705 1895 896 1943; x_wconf 87' lang='lat' dir='ltr'><strong>octavo</strong></span> <span class='ocrx_word' id='word_1_225' title='bbox 940 1886 1304 1943; x_wconf 82' lang='lat' dir='ltr'><strong>Kalendarum</strong></span> <span class='ocrx_word' id='word_1_226' title='bbox 1354 1889 1648 1959; x_wconf 82' lang='lat' dir='ltr'><strong>Aprilium,</strong></span> <span class='ocrx_word' id='word_1_227' title='bbox 1678 1891 1721 1946; x_wconf 89' lang='lat' dir='ltr'><strong>si</strong></span> <span class='ocrx_word' id='word_1_228' title='bbox 1755 1891 1892 1947; x_wconf 76' lang='lat' dir='ltr'><strong>forte</strong></span> <span class='ocrx_word' id='word_1_229' title='bbox 1922 1893 2149 1962; x_wconf 80' lang='lat' dir='ltr'><strong>quolibet</strong></span> 
     </span>
    </p>
   </div>
   <div class='ocr_carea' id='block_1_24' title="bbox 2239 1883 3815 1962">
    <p class='ocr_par' dir='ltr' id='par_1_24' title="bbox 2266 1883 3815 1958">
     <span class='ocr_line' id='line_1_24' title="bbox 2266 1883 3815 1958; baseline 0.005 -20"><span class='ocrx_word' id='word_1_230' title='bbox 2266 1883 2552 1949; x_wconf 87' lang='lat' dir='ltr'><strong>dederunt,</strong></span> <span class='ocrx_word' id='word_1_231' title='bbox 2588 1893 2647 1939; x_wconf 89' lang='lat' dir='ltr'><strong>ut</strong></span> <span class='ocrx_word' id='word_1_232' title='bbox 2693 1885 2738 1939; x_wconf 87' lang='lat' dir='ltr'><strong>si</strong></span> <span class='ocrx_word' id='word_1_233' title='bbox 2770 1885 2850 1942; x_wconf 87' lang='lat' dir='ltr'><strong>vis</strong></span> <span class='ocrx_word' id='word_1_234' title='bbox 2883 1902 2989 1941; x_wconf 90' lang='lat' dir='ltr'><strong>non</strong></span> <span class='ocrx_word' id='word_1_235' title='bbox 3035 1885 3298 1952; x_wconf 87' lang='lat' dir='ltr'><strong>obstaret,</strong></span> <span class='ocrx_word' id='word_1_236' title='bbox 3323 1902 3606 1958; x_wconf 78' lang='lat' dir='ltr'><strong>parentum</strong></span> <span class='ocrx_word' id='word_1_237' title='bbox 3634 1891 3815 1946; x_wconf 69' lang='lat' dir='ltr'><strong>scilicet</strong></span> 
     </span>
    </p>
   </div>
   <div class='ocr_carea' id='block_1_25' title="bbox 567 1973 3814 2052">
    <p class='ocr_par' dir='ltr' id='par_1_25' title="bbox 567 1973 3814 2052">
     <span class='ocr_line' id='line_1_25' title="bbox 567 1973 3814 2052; baseline 0.006 -22"><span class='ocrx_word' id='word_1_238' title='bbox 567 1976 680 2032; x_wconf 77' lang='lat' dir='ltr'><strong>alio</strong></span> <span class='ocrx_word' id='word_1_239' title='bbox 697 1987 934 2048; x_wconf 88' lang='lat' dir='ltr'><strong>tempore</strong></span> <span class='ocrx_word' id='word_1_240' title='bbox 953 1977 1644 2052; x_wconf 75' lang='lat' dir='ltr'><strong>praeterQuadragesimam</strong></span> <span class='ocrx_word' id='word_1_241' title='bbox 1661 1983 1836 2038; x_wconf 81' lang='lat' dir='ltr'><strong>excoli</strong></span> <span class='ocrx_word' id='word_1_242' title='bbox 1859 1999 2162 2052; x_wconf 79' lang='lat' dir='ltr'><strong>congruen-</strong></span> <span class='ocrx_word' id='word_1_243' title='bbox 2266 1973 2458 2043; x_wconf 74' lang='grc' dir='ltr'><strong>ίΡεῘυεο</strong></span> <span class='ocrx_word' id='word_1_244' title='bbox 2514 1975 2866 2032; x_wconf 58' lang='lat' dir='ltr'><strong>“beluis-“imo</strong></span> <span class='ocrx_word' id='word_1_245' title='bbox 2912 1977 3056 2046; x_wconf 72' lang='grc' dir='ltr'><strong>⁸11³οά</strong></span> <span class='ocrx_word' id='word_1_246' title='bbox 3105 1979 3320 2047; x_wconf 50' lang='lat' dir='ltr'><strong>99““)?!t</strong></span> <span class='ocrx_word' id='word_1_247' title='bbox 3366 1981 3658 2052; x_wconf 61' lang='grc' dir='ltr'><strong>θκριθΐυοι·</strong></span> <span class='ocrx_word' id='word_1_248' title='bbox 3691 1983 3814 2036; x_wconf 58' lang='lat' dir='ltr'><strong>T3&quot;-</strong></span> 
     </span>
    </p>
   </div>
   <div class='ocr_carea' id='block_1_26' title="bbox 581 2063 3815 2144">
    <p class='ocr_par' dir='ltr' id='par_1_26' title="bbox 581 2063 3815 2144">
     <span class='ocr_line' id='line_1_26' title="bbox 581 2063 3815 2144; baseline -0 -18"><span class='ocrx_word' id='word_1_249' title='bbox 581 2067 695 2121; x_wconf 71' lang='lat' dir='ltr'><strong>iius</strong></span> <span class='ocrx_word' id='word_1_250' title='bbox 737 2068 1021 2137; x_wconf 76' lang='lat' dir='ltr'><strong>potuisset.</strong></span> <span class='ocrx_word' id='word_1_251' title='bbox 1071 2070 1140 2124; x_wconf 84' lang='lat' dir='ltr'><strong>ab</strong></span> <span class='ocrx_word' id='word_1_252' title='bbox 1187 2069 1392 2125; x_wconf 83' lang='lat' dir='ltr'><strong>eisdem</strong></span> <span class='ocrx_word' id='word_1_253' title='bbox 1441 2070 1789 2140; x_wconf 81' lang='lat' dir='ltr'><strong>pontiﬁcibus</strong></span> <span class='ocrx_word' id='word_1_254' title='bbox 1829 2089 1937 2129; x_wconf 94' lang='lat' dir='ltr'><strong>non</strong></span> <span class='ocrx_word' id='word_1_255' title='bbox 1992 2089 2160 2144; x_wconf 82' lang='lat' dir='ltr'><strong>parva</strong></span> <span class='ocrx_word' id='word_1_256' title='bbox 2262 2065 2384 2119; x_wconf 88' lang='lat' dir='ltr'><strong>dem</strong></span> <span class='ocrx_word' id='word_1_257' title='bbox 2436 2063 2565 2119; x_wconf 91' lang='lat' dir='ltr'><strong>inibi</strong></span> <span class='ocrx_word' id='word_1_258' title='bbox 2604 2080 2970 2132; x_wconf 88' lang='lat' dir='ltr'><strong>commorans,</strong></span> <span class='ocrx_word' id='word_1_259' title='bbox 3021 2068 3195 2136; x_wconf 86' lang='lat' dir='ltr'><strong>qualis</strong></span> <span class='ocrx_word' id='word_1_260' title='bbox 3238 2072 3582 2138; x_wconf 87' lang='lat' dir='ltr'><strong>postmodum</strong></span> <span class='ocrx_word' id='word_1_261' title='bbox 3629 2072 3676 2126; x_wconf 82' lang='lat' dir='ltr'><strong>fu</strong></span> <span class='ocrx_word' id='word_1_262' title='bbox 3699 2089 3815 2126; x_wconf 87' lang='lat' dir='ltr'><strong>urus</strong></span> 
     </span>
    </p>
   </div>
   <div class='ocr_carea' id='block_1_27' title="bbox 565 2155 3811 2234">
    <p class='ocr_par' dir='ltr' id='par_1_27' title="bbox 565 2155 3811 2234">
     <span class='ocr_line' id='line_1_27' title="bbox 565 2155 3811 2234; baseline 0.003 -27"><span class='ocrx_word' id='word_1_263' title='bbox 565 2155 719 2212; x_wconf 80' lang='lat' dir='ltr'><strong>illata</strong></span> <span class='ocrx_word' id='word_1_264' title='bbox 767 2167 851 2214; x_wconf 82' lang='lat' dir='ltr'><strong>est</strong></span> <span class='ocrx_word' id='word_1_265' title='bbox 897 2161 1142 2228; x_wconf 70' lang='grc' dir='ltr'><strong>φιωειίο,</strong></span> <span class='ocrx_word' id='word_1_266' title='bbox 1189 2160 1492 2217; x_wconf 68' lang='lat' dir='ltr'><strong>Ferebatur</strong></span> <span class='ocrx_word' id='word_1_267' title='bbox 1536 2163 1681 2218; x_wconf 71' lang='lat' dir='ltr'><strong>enim</strong></span> <span class='ocrx_word' id='word_1_268' title='bbox 1730 2180 1759 2218; x_wconf 67' lang='grc' dir='ltr'><strong>ει</strong></span> <span class='ocrx_word' id='word_1_269' title='bbox 1830 2165 2154 2234; x_wconf 67' lang='lat' dir='ltr'><strong>quibusdam</strong></span> <span class='ocrx_word' id='word_1_270' title='bbox 2260 2165 2403 2210; x_wconf 85' lang='lat' dir='ltr'><strong>esset</strong></span> <span class='ocrx_word' id='word_1_271' title='bbox 2431 2156 2564 2212; x_wconf 89' lang='lat' dir='ltr'><strong>dans</strong></span> <span class='ocrx_word' id='word_1_272' title='bbox 2601 2157 2906 2213; x_wconf 86' lang='lat' dir='ltr'><strong>sanctitatis</strong></span> <span class='ocrx_word' id='word_1_273' title='bbox 2939 2158 3192 2213; x_wconf 89' lang='lat' dir='ltr'><strong>indicium</strong></span> <span class='ocrx_word' id='word_1_274' title='bbox 3222 2159 3594 2232; x_wconf 79' lang='lat' dir='ltr'><strong>universisque</strong></span> <span class='ocrx_word' id='word_1_275' title='bbox 3634 2164 3698 2218; x_wconf 89' lang='lat' dir='ltr'><strong>ibi</strong></span> <span class='ocrx_word' id='word_1_276' title='bbox 3731 2165 3811 2217; x_wconf 62' lang='lat' dir='ltr'><strong>tic-</strong></span> 
     </span>
    </p>
   </div>
   <div class='ocr_carea' id='block_1_28' title="bbox 568 2247 3815 2323">
    <p class='ocr_par' dir='ltr' id='par_1_28' title="bbox 568 2247 3815 2323">
     <span class='ocr_line' id='line_1_28' title="bbox 568 2247 3815 2323; baseline 0.006 -23"><span class='ocrx_word' id='word_1_277' title='bbox 568 2247 818 2304; x_wconf 87' lang='lat' dir='ltr'><strong>camdem</strong></span> <span class='ocrx_word' id='word_1_278' title='bbox 847 2249 1096 2307; x_wconf 78' lang='lat' dir='ltr'><strong>videlicet</strong></span> <span class='ocrx_word' id='word_1_279' title='bbox 1123 2253 1590 2308; x_wconf 86' lang='lat' dir='ltr'><strong>annuntiationem</strong></span> <span class='ocrx_word' id='word_1_280' title='bbox 1620 2255 1972 2321; x_wconf 89' lang='lat' dir='ltr'><strong>Dominicam,</strong></span> <span class='ocrx_word' id='word_1_281' title='bbox 1998 2272 2150 2314; x_wconf 85' lang='lat' dir='ltr'><strong>more</strong></span> <span class='ocrx_word' id='word_1_282' title='bbox 2259 2247 2509 2316; x_wconf 73' lang='grc' dir='ltr'><strong>εθιιιῑὺυε</strong></span> <span class='ocrx_word' id='word_1_283' title='bbox 2557 2249 2816 2305; x_wconf 64' lang='grc' dir='ltr'><strong>ίιιιῖῑειυίιε</strong></span> <span class='ocrx_word' id='word_1_284' title='bbox 2865 2251 3096 2321; x_wconf 63' lang='grc' dir='ltr'><strong>Ρεωῖηιὲι</strong></span> <span class='ocrx_word' id='word_1_285' title='bbox 3135 2253 3460 2322; x_wconf 66' lang='grc' dir='ltr'><strong>εκθηψιιιηιο</strong></span> <span class='ocrx_word' id='word_1_286' title='bbox 3488 2253 3815 2323; x_wconf 62' lang='lat' dir='ltr'><strong>comperiens</strong></span> 
     </span>
    </p>
   </div>
   <div class='ocr_carea' id='block_1_29' title="bbox 567 2336 3812 2414">
    <p class='ocr_par' dir='ltr' id='par_1_29' title="bbox 567 2336 3812 2414">
     <span class='ocr_line' id='line_1_29' title="bbox 567 2336 3812 2414; baseline 0.001 -20"><span class='ocrx_word' id='word_1_287' title='bbox 567 2337 955 2409; x_wconf 81' lang='lat' dir='ltr'><strong>Hispanorum,</strong></span> <span class='ocrx_word' id='word_1_288' title='bbox 987 2342 1178 2412; x_wconf 89' lang='lat' dir='ltr'><strong>quinto</strong></span> <span class='ocrx_word' id='word_1_289' title='bbox 1222 2343 1433 2400; x_wconf 87' lang='lat' dir='ltr'><strong>decimo</strong></span> <span class='ocrx_word' id='word_1_290' title='bbox 1463 2343 1830 2399; x_wconf 78' lang='lat' dir='ltr'><strong>Kalendarum</strong></span> <span class='ocrx_word' id='word_1_291' title='bbox 1859 2344 2150 2402; x_wconf 73' lang='lat' dir='ltr'><strong>Januaria-</strong></span> <span class='ocrx_word' id='word_1_292' title='bbox 2260 2351 2392 2392; x_wconf 75' lang='lat' dir='ltr'><strong>vero</strong></span> <span class='ocrx_word' id='word_1_293' title='bbox 2420 2347 2573 2408; x_wconf 89' lang='lat' dir='ltr'><strong>pater</strong></span> <span class='ocrx_word' id='word_1_294' title='bbox 2601 2336 2716 2407; x_wconf 85' lang='lat' dir='ltr'><strong>ejus</strong></span> <span class='ocrx_word' id='word_1_295' title='bbox 2763 2341 2904 2409; x_wconf 89' lang='lat' dir='ltr'><strong>quod</strong></span> <span class='ocrx_word' id='word_1_296' title='bbox 2934 2338 3158 2406; x_wconf 78' lang='lat' dir='ltr'><strong>fecerat,</strong></span> <span class='ocrx_word' id='word_1_297' title='bbox 3189 2339 3368 2397; x_wconf 79' lang='lat' dir='ltr'><strong>furore</strong></span> <span class='ocrx_word' id='word_1_298' title='bbox 3409 2353 3658 2414; x_wconf 82' lang='lat' dir='ltr'><strong>arreptus</strong></span> <span class='ocrx_word' id='word_1_299' title='bbox 3685 2345 3812 2398; x_wconf 83' lang='lat' dir='ltr'><strong>venit</strong></span> 
     </span>
    </p>
   </div>
   <div class='ocr_carea' id='block_1_30' title="bbox 537 2429 3813 2506">
    <p class='ocr_par' dir='ltr' id='par_1_30' title="bbox 537 2429 3813 2506">
     <span class='ocr_line' id='line_1_30' title="bbox 537 2429 3813 2506; baseline 0.002 -25"><span class='ocrx_word' id='word_1_300' title='bbox 537 2446 684 2486; x_wconf 48' lang='lat' dir='ltr'><strong>&quot;rum</strong></span> <span class='ocrx_word' id='word_1_301' title='bbox 734 2432 823 2488; x_wconf 83' lang='lat' dir='ltr'><strong>die</strong></span> <span class='ocrx_word' id='word_1_302' title='bbox 867 2432 1419 2504; x_wconf 69' lang='lat' dir='ltr'><strong>irreprehensibititer</strong></span> <span class='ocrx_word' id='word_1_303' title='bbox 1462 2451 1621 2506; x_wconf 79' lang='lat' dir='ltr'><strong>posse</strong></span> <span class='ocrx_word' id='word_1_304' title='bbox 1668 2437 1954 2494; x_wconf 68' lang='lat' dir='ltr'><strong>celebrari,</strong></span> <span class='ocrx_word' id='word_1_305' title='bbox 2017 2439 2152 2496; x_wconf 71' lang='lat' dir='ltr'><strong>Nam</strong></span> <span class='ocrx_word' id='word_1_306' title='bbox 2256 2429 2324 2484; x_wconf 80' lang='lat' dir='ltr'><strong>ad</strong></span> <span class='ocrx_word' id='word_1_307' title='bbox 2370 2430 2687 2501; x_wconf 56' lang='lat' dir='ltr'><strong>praedictum</strong></span> <span class='ocrx_word' id='word_1_308' title='bbox 2735 2433 3142 2499; x_wconf 88' lang='lat' dir='ltr'><strong>monasterium,</strong></span> <span class='ocrx_word' id='word_1_309' title='bbox 3173 2433 3340 2488; x_wconf 78' lang='lat' dir='ltr'><strong>ﬁlium</strong></span> <span class='ocrx_word' id='word_1_310' title='bbox 3385 2435 3583 2490; x_wconf 64' lang='lat' dir='ltr'><strong>exinde</strong></span> <span class='ocrx_word' id='word_1_311' title='bbox 3627 2439 3813 2490; x_wconf 74' lang='lat' dir='ltr'><strong>abstra-</strong></span> 
     </span>
    </p>
   </div>
   <div class='ocr_carea' id='block_1_31' title="bbox 559 2523 3813 2595">
    <p class='ocr_par' dir='ltr' id='par_1_31' title="bbox 559 2523 3813 2595">
     <span class='ocr_line' id='line_1_31' title="bbox 559 2523 3813 2595; baseline 0.006 -20"><span class='ocrx_word' id='word_1_312' title='bbox 559 2537 690 2577; x_wconf 83' lang='lat' dir='ltr'><strong>enm</strong></span> <span class='ocrx_word' id='word_1_313' title='bbox 721 2539 822 2595; x_wconf 76' lang='lat' dir='ltr'><strong>ego</strong></span> <span class='ocrx_word' id='word_1_314' title='bbox 845 2528 1186 2593; x_wconf 90' lang='lat' dir='ltr'><strong>postmodum</strong></span> <span class='ocrx_word' id='word_1_315' title='bbox 1219 2529 1274 2584; x_wconf 92' lang='lat' dir='ltr'><strong>in</strong></span> <span class='ocrx_word' id='word_1_316' title='bbox 1304 2529 1635 2584; x_wconf 84' lang='lat' dir='ltr'><strong>monasterio</strong></span> <span class='ocrx_word' id='word_1_317' title='bbox 1659 2527 2001 2587; x_wconf 84' lang='lat' dir='ltr'><strong>Cluniacensi</strong></span> <span class='ocrx_word' id='word_1_318' title='bbox 2028 2549 2152 2591; x_wconf 85' lang='lat' dir='ltr'><strong>cum</strong></span> <span class='ocrx_word' id='word_1_319' title='bbox 2255 2530 2445 2577; x_wconf 72' lang='lat' dir='ltr'><strong>CWNS</strong></span> <span class='ocrx_word' id='word_1_320' title='bbox 2475 2537 2661 2578; x_wconf 70' lang='grc' dir='ltr'><strong>τθνθηι</strong></span> <span class='ocrx_word' id='word_1_321' title='bbox 2687 2523 2990 2592; x_wconf 64' lang='grc' dir='ltr'><strong>Ροιίοτῖυυε</strong></span> <span class='ocrx_word' id='word_1_322' title='bbox 3018 2523 3185 2580; x_wconf 66' lang='lat' dir='ltr'><strong>lucris</strong></span> <span class='ocrx_word' id='word_1_323' title='bbox 3232 2525 3636 2582; x_wconf 65' lang='grc' dir='ltr'><strong>ίηεετνίθηιεηιο</strong></span> <span class='ocrx_word' id='word_1_324' title='bbox 3665 2527 3813 2580; x_wconf 48' lang='lat' dir='ltr'><strong>Si“?</strong></span> 
     </span>
    </p>
   </div>
   <div class='ocr_carea' id='block_1_32' title="bbox 563 2611 2139 2688">
    <p class='ocr_par' dir='ltr' id='par_1_32' title="bbox 563 2615 2139 2688">
     <span class='ocr_line' id='line_1_32' title="bbox 563 2615 2139 2688; baseline 0.01 -22"><span class='ocrx_word' id='word_1_325' title='bbox 563 2615 780 2670; x_wconf 72' lang='lat' dir='ltr'><strong>czeteris</strong></span> <span class='ocrx_word' id='word_1_326' title='bbox 830 2615 1088 2672; x_wconf 78' lang='lat' dir='ltr'><strong>fratribus</strong></span> <span class='ocrx_word' id='word_1_327' title='bbox 1137 2617 1408 2688; x_wconf 80' lang='lat' dir='ltr'><strong>degerem,</strong></span> <span class='ocrx_word' id='word_1_328' title='bbox 1465 2634 1838 2679; x_wconf 89' lang='lat' dir='ltr'><strong>convenerunt</strong></span> <span class='ocrx_word' id='word_1_329' title='bbox 1891 2624 2017 2682; x_wconf 89' lang='lat' dir='ltr'><strong>illuc</strong></span> <span class='ocrx_word' id='word_1_330' title='bbox 2081 2627 2139 2682; x_wconf 78' lang='lat' dir='ltr'><strong>al</strong></span> 
     </span>
    </p>
   </div>
   <div class='ocr_carea' id='block_1_33' title="bbox 2231 2611 3807 2688">
    <p class='ocr_par' dir='ltr' id='par_1_33' title="bbox 2254 2611 3807 2683">
     <span class='ocr_line' id='line_1_33' title="bbox 2254 2611 3807 2683; baseline 0.002 -20"><span class='ocrx_word' id='word_1_331' title='bbox 2254 2627 2359 2681; x_wconf 88' lang='lat' dir='ltr'><strong>que</strong></span> <span class='ocrx_word' id='word_1_332' title='bbox 2387 2611 2568 2666; x_wconf 78' lang='lat' dir='ltr'><strong>verbis</strong></span> <span class='ocrx_word' id='word_1_333' title='bbox 2598 2613 2968 2683; x_wconf 80' lang='lat' dir='ltr'><strong>redargutum,</strong></span> <span class='ocrx_word' id='word_1_334' title='bbox 2995 2613 3102 2668; x_wconf 81' lang='lat' dir='ltr'><strong>vim</strong></span> <span class='ocrx_word' id='word_1_335' title='bbox 3148 2615 3198 2670; x_wconf 91' lang='lat' dir='ltr'><strong>ei</strong></span> <span class='ocrx_word' id='word_1_336' title='bbox 3237 2613 3464 2680; x_wconf 81' lang='lat' dir='ltr'><strong>faciens,</strong></span> <span class='ocrx_word' id='word_1_337' title='bbox 3497 2617 3650 2670; x_wconf 78' lang='lat' dir='ltr'><strong>duxit</strong></span> <span class='ocrx_word' id='word_1_338' title='bbox 3680 2616 3807 2668; x_wconf 85' lang='lat' dir='ltr'><strong>illum</strong></span> 
     </span>
    </p>
   </div>
   <div class='ocr_carea' id='block_1_34' title="bbox 561 2701 2137 2786">
    <p class='ocr_par' dir='ltr' id='par_1_34' title="bbox 561 2705 2137 2786">
     <span class='ocr_line' id='line_1_34' title="bbox 561 2705 2137 2786; baseline 0.008 -26"><span class='ocrx_word' id='word_1_339' title='bbox 561 2705 838 2776; x_wconf 78' lang='lat' dir='ltr'><strong>Hispaniis</strong></span> <span class='ocrx_word' id='word_1_340' title='bbox 881 2708 1228 2780; x_wconf 88' lang='lat' dir='ltr'><strong>quamplures</strong></span> <span class='ocrx_word' id='word_1_341' title='bbox 1256 2712 1496 2769; x_wconf 75' lang='lat' dir='ltr'><strong>honesta:</strong></span> <span class='ocrx_word' id='word_1_342' title='bbox 1541 2715 1980 2772; x_wconf 89' lang='lat' dir='ltr'><strong>conversationis</strong></span> <span class='ocrx_word' id='word_1_343' title='bbox 2003 2715 2137 2786; x_wconf 87' lang='lat' dir='ltr'><strong>jam-</strong></span> 
     </span>
    </p>
   </div>
   <div class='ocr_carea' id='block_1_35' title="bbox 2230 2701 3806 2786">
    <p class='ocr_par' dir='ltr' id='par_1_35' title="bbox 2253 2701 3806 2776">
     <span class='ocr_line' id='line_1_35' title="bbox 2253 2701 3806 2776; baseline 0.003 -21"><span class='ocrx_word' id='word_1_344' title='bbox 2253 2701 2378 2755; x_wconf 87' lang='lat' dir='ltr'><strong>inde</strong></span> <span class='ocrx_word' id='word_1_345' title='bbox 2405 2714 2590 2756; x_wconf 86' lang='lat' dir='ltr'><strong>secum</strong></span> <span class='ocrx_word' id='word_1_346' title='bbox 2619 2718 2790 2772; x_wconf 79' lang='lat' dir='ltr'><strong>usque</strong></span> <span class='ocrx_word' id='word_1_347' title='bbox 2815 2703 2868 2758; x_wconf 90' lang='lat' dir='ltr'><strong>in</strong></span> <span class='ocrx_word' id='word_1_348' title='bbox 2908 2706 3048 2775; x_wconf 84' lang='lat' dir='ltr'><strong>regis</strong></span> <span class='ocrx_word' id='word_1_349' title='bbox 3079 2706 3305 2770; x_wconf 74' lang='lat' dir='ltr'><strong>curiam,</strong></span> <span class='ocrx_word' id='word_1_350' title='bbox 3333 2707 3619 2776; x_wconf 85' lang='lat' dir='ltr'><strong>ipsumque</strong></span> <span class='ocrx_word' id='word_1_351' title='bbox 3650 2724 3806 2774; x_wconf 78' lang='lat' dir='ltr'><strong>regem</strong></span> 
     </span>
    </p>
   </div>
   <div class='ocr_carea' id='block_1_36' title="bbox 559 2791 3809 2874">
    <p class='ocr_par' dir='ltr' id='par_1_36' title="bbox 559 2791 3809 2874">
     <span class='ocr_line' id='line_1_36' title="bbox 559 2791 3809 2874; baseline 0.002 -33"><span class='ocrx_word' id='word_1_352' title='bbox 559 2797 764 2853; x_wconf 63' lang='lat' dir='ltr'><strong>dudum</strong></span> <span class='ocrx_word' id='word_1_353' title='bbox 817 2814 966 2854; x_wconf 66' lang='lat' dir='ltr'><strong>more</strong></span> <span class='ocrx_word' id='word_1_354' title='bbox 1011 2801 1258 2856; x_wconf 56' lang='lat' dir='ltr'><strong>viventes</strong></span> <span class='ocrx_word' id='word_1_355' title='bbox 1303 2803 1536 2873; x_wconf 68' lang='grc' dir='ltr'><strong>ριοορι-ίω</strong></span> <span class='ocrx_word' id='word_1_356' title='bbox 1588 2806 1826 2874; x_wconf 68' lang='lat' dir='ltr'><strong>regionis</strong></span> <span class='ocrx_word' id='word_1_357' title='bbox 1873 2808 2144 2862; x_wconf 56' lang='lat' dir='ltr'><strong>monachi.</strong></span> <span class='ocrx_word' id='word_1_358' title='bbox 2250 2791 2566 2858; x_wconf 84' lang='lat' dir='ltr'><strong>obsecrans,</strong></span> <span class='ocrx_word' id='word_1_359' title='bbox 2601 2803 2659 2848; x_wconf 93' lang='lat' dir='ltr'><strong>ut</strong></span> <span class='ocrx_word' id='word_1_360' title='bbox 2685 2795 2800 2862; x_wconf 47' lang='lat' dir='ltr'><strong>egus</strong></span> <span class='ocrx_word' id='word_1_361' title='bbox 2827 2794 3066 2849; x_wconf 89' lang='lat' dir='ltr'><strong>animum</strong></span> <span class='ocrx_word' id='word_1_362' title='bbox 3107 2797 3175 2850; x_wconf 90' lang='lat' dir='ltr'><strong>ab</strong></span> <span class='ocrx_word' id='word_1_363' title='bbox 3210 2797 3310 2852; x_wconf 78' lang='lat' dir='ltr'><strong>hac</strong></span> <span class='ocrx_word' id='word_1_364' title='bbox 3339 2797 3639 2854; x_wconf 88' lang='lat' dir='ltr'><strong>intentione</strong></span> <span class='ocrx_word' id='word_1_365' title='bbox 3665 2800 3809 2851; x_wconf 84' lang='lat' dir='ltr'><strong>bono-</strong></span> 
     </span>
    </p>
   </div>
   <div class='ocr_carea' id='block_1_37' title="bbox 559 2882 2135 2967">
    <p class='ocr_par' dir='ltr' id='par_1_37' title="bbox 559 2889 2135 2967">
     <span class='ocr_line' id='line_1_37' title="bbox 559 2889 2135 2967; baseline 0.006 -24"><span class='ocrx_word' id='word_1_366' title='bbox 559 2889 968 2960; x_wconf 86' lang='lat' dir='ltr'><strong>Propinquante</strong></span> <span class='ocrx_word' id='word_1_367' title='bbox 993 2905 1122 2947; x_wconf 91' lang='lat' dir='ltr'><strong>vero</strong></span> <span class='ocrx_word' id='word_1_368' title='bbox 1169 2891 1258 2946; x_wconf 89' lang='lat' dir='ltr'><strong>die</strong></span> <span class='ocrx_word' id='word_1_369' title='bbox 1298 2894 1599 2950; x_wconf 88' lang='lat' dir='ltr'><strong>nativitatis</strong></span> <span class='ocrx_word' id='word_1_370' title='bbox 1643 2896 2135 2967; x_wconf 44' lang='lat' dir='ltr'><strong>Dominicapetie</strong></span> 
     </span>
    </p>
   </div>
   <div class='ocr_carea' id='block_1_38' title="bbox 2232 2882 3808 2967">
    <p class='ocr_par' dir='ltr' id='par_1_38' title="bbox 2251 2882 3808 2952">
     <span class='ocr_line' id='line_1_38' title="bbox 2251 2882 3808 2952; baseline 0.003 -16"><span class='ocrx_word' id='word_1_371' title='bbox 2251 2896 2371 2936; x_wconf 89' lang='lat' dir='ltr'><strong>rum</strong></span> <span class='ocrx_word' id='word_1_372' title='bbox 2402 2882 2784 2952; x_wconf 85' lang='lat' dir='ltr'><strong>sponsionibus</strong></span> <span class='ocrx_word' id='word_1_373' title='bbox 2809 2895 3106 2940; x_wconf 89' lang='lat' dir='ltr'><strong>revocaret.</strong></span> <span class='ocrx_word' id='word_1_374' title='bbox 3135 2885 3304 2952; x_wconf 83' lang='lat' dir='ltr'><strong>Quem</strong></span> <span class='ocrx_word' id='word_1_375' title='bbox 3336 2901 3569 2942; x_wconf 87' lang='lat' dir='ltr'><strong>cernens</strong></span> <span class='ocrx_word' id='word_1_376' title='bbox 3599 2904 3708 2948; x_wconf 77' lang='lat' dir='ltr'><strong>rex.</strong></span> <span class='ocrx_word' id='word_1_377' title='bbox 3742 2887 3808 2941; x_wconf 82' lang='lat' dir='ltr'><strong>vi-</strong></span> 
     </span>
    </p>
   </div>
   <div class='ocr_carea' id='block_1_39' title="bbox 563 2973 2139 3057">
    <p class='ocr_par' dir='ltr' id='par_1_39' title="bbox 563 2981 2139 3057">
     <span class='ocr_line' id='line_1_39' title="bbox 563 2981 2139 3057; baseline 0.006 -22"><span class='ocrx_word' id='word_1_378' title='bbox 563 2990 694 3035; x_wconf 84' lang='lat' dir='ltr'><strong>runt</strong></span> <span class='ocrx_word' id='word_1_379' title='bbox 723 2981 964 3051; x_wconf 72' lang='lat' dir='ltr'><strong>praedicti</strong></span> <span class='ocrx_word' id='word_1_380' title='bbox 1011 2983 1265 3037; x_wconf 89' lang='lat' dir='ltr'><strong>monachi</strong></span> <span class='ocrx_word' id='word_1_381' title='bbox 1299 2985 1660 3040; x_wconf 89' lang='lat' dir='ltr'><strong>venerabilem</strong></span> <span class='ocrx_word' id='word_1_382' title='bbox 1691 2987 1972 3042; x_wconf 88' lang='lat' dir='ltr'><strong>Odiloncm</strong></span> <span class='ocrx_word' id='word_1_383' title='bbox 2001 2987 2139 3057; x_wconf 81' lang='lat' dir='ltr'><strong>ejus-</strong></span> 
     </span>
    </p>
   </div>
   <div class='ocr_carea' id='block_1_40' title="bbox 2233 2973 3809 3057">
    <p class='ocr_par' dir='ltr' id='par_1_40' title="bbox 2251 2973 3809 3048">
     <span class='ocr_line' id='line_1_40' title="bbox 2251 2973 3809 3048; baseline 0.001 -21"><span class='ocrx_word' id='word_1_384' title='bbox 2251 2973 2446 3030; x_wconf 88' lang='lat' dir='ltr'><strong>delicet</strong></span> <span class='ocrx_word' id='word_1_385' title='bbox 2476 2974 2764 3041; x_wconf 82' lang='lat' dir='ltr'><strong>Robertus,</strong></span> <span class='ocrx_word' id='word_1_386' title='bbox 2794 2983 2854 3030; x_wconf 88' lang='lat' dir='ltr'><strong>ut</strong></span> <span class='ocrx_word' id='word_1_387' title='bbox 2882 2985 2998 3031; x_wconf 89' lang='lat' dir='ltr'><strong>erat</strong></span> <span class='ocrx_word' id='word_1_388' title='bbox 3028 2977 3150 3046; x_wconf 90' lang='lat' dir='ltr'><strong>pius</strong></span> <span class='ocrx_word' id='word_1_389' title='bbox 3178 2993 3242 3032; x_wconf 88' lang='lat' dir='ltr'><strong>ac</strong></span> <span class='ocrx_word' id='word_1_390' title='bbox 3284 2977 3584 3048; x_wconf 78' lang='lat' dir='ltr'><strong>religiosus.</strong></span> <span class='ocrx_word' id='word_1_391' title='bbox 3623 2979 3809 3034; x_wconf 84' lang='lat' dir='ltr'><strong>dulcius</strong></span> 
     </span>
    </p>
   </div>
   <div class='ocr_carea' id='block_1_41' title="bbox 559 3064 2135 3139">
    <p class='ocr_par' dir='ltr' id='par_1_41' title="bbox 559 3069 2135 3138">
     <span class='ocr_line' id='line_1_41' title="bbox 559 3069 2135 3138; baseline 0.004 -14"><span class='ocrx_word' id='word_1_392' title='bbox 559 3071 686 3125; x_wconf 83' lang='lat' dir='ltr'><strong>dem</strong></span> <span class='ocrx_word' id='word_1_393' title='bbox 715 3069 820 3126; x_wconf 94' lang='lat' dir='ltr'><strong>loci</strong></span> <span class='ocrx_word' id='word_1_394' title='bbox 847 3070 1123 3138; x_wconf 77' lang='lat' dir='ltr'><strong>abbatem,</strong></span> <span class='ocrx_word' id='word_1_395' title='bbox 1161 3080 1220 3126; x_wconf 90' lang='lat' dir='ltr'><strong>ut</strong></span> <span class='ocrx_word' id='word_1_396' title='bbox 1247 3076 1397 3127; x_wconf 84' lang='lat' dir='ltr'><strong>more</strong></span> <span class='ocrx_word' id='word_1_397' title='bbox 1421 3088 1642 3127; x_wconf 88' lang='lat' dir='ltr'><strong>suorum</strong></span> <span class='ocrx_word' id='word_1_398' title='bbox 1674 3074 1865 3130; x_wconf 88' lang='lat' dir='ltr'><strong>liceret</strong></span> <span class='ocrx_word' id='word_1_399' title='bbox 1894 3077 1973 3130; x_wconf 87' lang='lat' dir='ltr'><strong>eis</strong></span> <span class='ocrx_word' id='word_1_400' title='bbox 2001 3077 2135 3132; x_wconf 85' lang='lat' dir='ltr'><strong>cele-</strong></span> 
     </span>
    </p>
   </div>
   <div class='ocr_carea' id='block_1_42' title="bbox 2235 3064 3811 3139">
    <p class='ocr_par' dir='ltr' id='par_1_42' title="bbox 2252 3064 3811 3139">
     <span class='ocr_line' id='line_1_42' title="bbox 2252 3064 3811 3139; baseline 0.001 -21"><span class='ocrx_word' id='word_1_401' title='bbox 2252 3064 2404 3118; x_wconf 85' lang='lat' dir='ltr'><strong>illum</strong></span> <span class='ocrx_word' id='word_1_402' title='bbox 2434 3065 2755 3132; x_wconf 80' lang='lat' dir='ltr'><strong>exhortans,</strong></span> <span class='ocrx_word' id='word_1_403' title='bbox 2798 3066 3030 3137; x_wconf 85' lang='lat' dir='ltr'><strong>qualiter</strong></span> <span class='ocrx_word' id='word_1_404' title='bbox 3056 3067 3254 3122; x_wconf 90' lang='lat' dir='ltr'><strong>bonum</strong></span> <span class='ocrx_word' id='word_1_405' title='bbox 3284 3070 3620 3139; x_wconf 85' lang='lat' dir='ltr'><strong>propositum</strong></span> <span class='ocrx_word' id='word_1_406' title='bbox 3651 3078 3811 3122; x_wconf 89' lang='lat' dir='ltr'><strong>mente</strong></span> 
     </span>
    </p>
   </div>
   <div class='ocr_carea' id='block_1_43' title="bbox 485 3131 3808 3236">
    <p class='ocr_par' dir='ltr' id='par_1_43' title="bbox 485 3131 3808 3236">
     <span class='ocr_line' id='line_1_43' title="bbox 485 3131 3808 3236; baseline 0.001 -22"><span class='ocrx_word' id='word_1_407' title='bbox 485 3173 495 3185; x_wconf 94' lang='grc'><strong>·</strong></span> <span class='ocrx_word' id='word_1_408' title='bbox 534 3160 725 3216; x_wconf 70' lang='lat' dir='ltr'><strong>‘brare</strong></span> <span class='ocrx_word' id='word_1_409' title='bbox 765 3161 1268 3216; x_wconf 81' lang='lat' dir='ltr'><strong>Annuntiationcm.</strong></span> <span class='ocrx_word' id='word_1_410' title='bbox 1304 3159 1456 3228; x_wconf 85' lang='lat' dir='ltr'><strong>Quod</strong></span> <span class='ocrx_word' id='word_1_411' title='bbox 1500 3177 1622 3217; x_wconf 92' lang='lat' dir='ltr'><strong>cum</strong></span> <span class='ocrx_word' id='word_1_412' title='bbox 1654 3162 1932 3228; x_wconf 80' lang='lat' dir='ltr'><strong>fecissent,</strong></span> <span class='ocrx_word' id='word_1_413' title='bbox 1958 3181 2140 3236; x_wconf 74' lang='lat' dir='ltr'><strong>segre—</strong></span> <span class='ocrx_word' id='word_1_414' title='bbox 2176 3131 2218 3190; x_wconf 68' lang='grc' dir='ltr'><strong>Β</strong></span> <span class='ocrx_word' id='word_1_415' title='bbox 2251 3160 2458 3231; x_wconf 78' lang='lat' dir='ltr'><strong>integra</strong></span> <span class='ocrx_word' id='word_1_416' title='bbox 2492 3175 2816 3216; x_wconf 83' lang='lat' dir='ltr'><strong>conservare</strong></span> <span class='ocrx_word' id='word_1_417' title='bbox 2840 3170 3133 3230; x_wconf 82' lang='lat' dir='ltr'><strong>satageret,</strong></span> <span class='ocrx_word' id='word_1_418' title='bbox 3153 3171 3313 3232; x_wconf 90' lang='lat' dir='ltr'><strong>atque</strong></span> <span class='ocrx_word' id='word_1_419' title='bbox 3340 3162 3392 3216; x_wconf 90' lang='lat' dir='ltr'><strong>in</strong></span> <span class='ocrx_word' id='word_1_420' title='bbox 3419 3178 3656 3232; x_wconf 77' lang='lat' dir='ltr'><strong>pnesens</strong></span> <span class='ocrx_word' id='word_1_421' title='bbox 3685 3162 3808 3217; x_wconf 85' lang='lat' dir='ltr'><strong>beati</strong></span> 
     </span>
    </p>
   </div>
   <div class='ocr_carea' id='block_1_44' title="bbox 554 3253 3811 3326">
    <p class='ocr_par' dir='ltr' id='par_1_44' title="bbox 554 3253 3811 3326">
     <span class='ocr_line' id='line_1_44' title="bbox 554 3253 3811 3326; baseline -0.001 -20"><span class='ocrx_word' id='word_1_422' title='bbox 554 3254 675 3322; x_wconf 67' lang='grc' dir='ltr'><strong>εειιί</strong></span> <span class='ocrx_word' id='word_1_423' title='bbox 707 3269 736 3307; x_wconf 91' lang='lat' dir='ltr'><strong>a</strong></span> <span class='ocrx_word' id='word_1_424' title='bbox 775 3253 1013 3320; x_wconf 69' lang='lat' dir='ltr'><strong>eteteris,</strong></span> <span class='ocrx_word' id='word_1_425' title='bbox 1054 3254 1232 3309; x_wconf 88' lang='lat' dir='ltr'><strong>visum</strong></span> <span class='ocrx_word' id='word_1_426' title='bbox 1279 3263 1363 3309; x_wconf 89' lang='lat' dir='ltr'><strong>est</strong></span> <span class='ocrx_word' id='word_1_427' title='bbox 1408 3264 1567 3312; x_wconf 85' lang='lat' dir='ltr'><strong>nocte</strong></span> <span class='ocrx_word' id='word_1_428' title='bbox 1600 3259 1789 3312; x_wconf 84' lang='lat' dir='ltr'><strong>eadem</strong></span> <span class='ocrx_word' id='word_1_429' title='bbox 1821 3258 2031 3313; x_wconf 78' lang='lat' dir='ltr'><strong>duobus</strong></span> <span class='ocrx_word' id='word_1_430' title='bbox 2061 3274 2143 3314; x_wconf 80' lang='lat' dir='ltr'><strong>se.</strong></span> <span class='ocrx_word' id='word_1_431' title='bbox 2249 3253 2465 3310; x_wconf 78' lang='lat' dir='ltr'><strong>Martini</strong></span> <span class='ocrx_word' id='word_1_432' title='bbox 2491 3255 2736 3310; x_wconf 70' lang='lat' dir='ltr'><strong>ecclesiae</strong></span> <span class='ocrx_word' id='word_1_433' title='bbox 2760 3254 3126 3310; x_wconf 85' lang='lat' dir='ltr'><strong>arcliiclavum</strong></span> <span class='ocrx_word' id='word_1_434' title='bbox 3157 3269 3276 3309; x_wconf 86' lang='lat' dir='ltr'><strong>esse</strong></span> <span class='ocrx_word' id='word_1_435' title='bbox 3304 3256 3585 3326; x_wconf 76' lang='lat' dir='ltr'><strong>prrecepit,</strong></span> <span class='ocrx_word' id='word_1_436' title='bbox 3603 3257 3811 3324; x_wconf 89' lang='lat' dir='ltr'><strong>cupiens</strong></span> 
     </span>
    </p>
   </div>
   <div class='ocr_carea' id='block_1_45' title="bbox 558 3345 3810 3418">
    <p class='ocr_par' dir='ltr' id='par_1_45' title="bbox 558 3345 3810 3418">
     <span class='ocr_line' id='line_1_45' title="bbox 558 3345 3810 3418; baseline 0.003 -20"><span class='ocrx_word' id='word_1_437' title='bbox 558 3345 808 3400; x_wconf 85' lang='lat' dir='ltr'><strong>uioribus</strong></span> <span class='ocrx_word' id='word_1_438' title='bbox 839 3345 966 3413; x_wconf 86' lang='lat' dir='ltr'><strong>loci,</strong></span> <span class='ocrx_word' id='word_1_439' title='bbox 995 3346 1139 3416; x_wconf 89' lang='lat' dir='ltr'><strong>quod</strong></span> <span class='ocrx_word' id='word_1_440' title='bbox 1171 3361 1310 3402; x_wconf 89' lang='lat' dir='ltr'><strong>unus</strong></span> <span class='ocrx_word' id='word_1_441' title='bbox 1329 3347 1396 3402; x_wconf 92' lang='lat' dir='ltr'><strong>de</strong></span> <span class='ocrx_word' id='word_1_442' title='bbox 1417 3346 1668 3418; x_wconf 79' lang='lat' dir='ltr'><strong>Hispanis</strong></span> <span class='ocrx_word' id='word_1_443' title='bbox 1693 3347 1902 3404; x_wconf 80' lang='lat' dir='ltr'><strong>fuscina</strong></span> <span class='ocrx_word' id='word_1_444' title='bbox 1933 3351 2139 3407; x_wconf 77' lang='lat' dir='ltr'><strong>locat-ia</strong></span> <span class='ocrx_word' id='word_1_445' title='bbox 2253 3345 2402 3400; x_wconf 82' lang='lat' dir='ltr'><strong>illum</strong></span> <span class='ocrx_word' id='word_1_446' title='bbox 2451 3347 2793 3416; x_wconf 82' lang='lat' dir='ltr'><strong>poslmodum</strong></span> <span class='ocrx_word' id='word_1_447' title='bbox 2852 3346 3066 3401; x_wconf 64' lang='lat' dir='ltr'><strong>ueteris</strong></span> <span class='ocrx_word' id='word_1_448' title='bbox 3117 3345 3432 3401; x_wconf 67' lang='lat' dir='ltr'><strong>imitabilem</strong></span> <span class='ocrx_word' id='word_1_449' title='bbox 3497 3347 3810 3401; x_wconf 75' lang='lat' dir='ltr'><strong>conslilllcm</strong></span> 
     </span>
    </p>
   </div>
   <div class='ocr_carea' id='block_1_46' title="bbox 561 3435 3809 3512">
    <p class='ocr_par' dir='ltr' id='par_1_46' title="bbox 561 3435 3809 3512">
     <span class='ocr_line' id='line_1_46' title="bbox 561 3435 3809 3512; baseline 0.003 -23"><span class='ocrx_word' id='word_1_450' title='bbox 561 3436 835 3506; x_wconf 83' lang='lat' dir='ltr'><strong>arriperet</strong></span> <span class='ocrx_word' id='word_1_451' title='bbox 864 3437 1096 3507; x_wconf 86' lang='lat' dir='ltr'><strong>desuper</strong></span> <span class='ocrx_word' id='word_1_452' title='bbox 1123 3437 1297 3492; x_wconf 88' lang='lat' dir='ltr'><strong>altare</strong></span> <span class='ocrx_word' id='word_1_453' title='bbox 1329 3454 1578 3509; x_wconf 89' lang='lat' dir='ltr'><strong>puerum,</strong></span> <span class='ocrx_word' id='word_1_454' title='bbox 1612 3441 1960 3512; x_wconf 86' lang='lat' dir='ltr'><strong>mitteretque</strong></span> <span class='ocrx_word' id='word_1_455' title='bbox 1989 3443 2140 3498; x_wconf 86' lang='lat' dir='ltr'><strong>illuni</strong></span> <span class='ocrx_word' id='word_1_456' title='bbox 2250 3435 2578 3505; x_wconf 73' lang='lat' dir='ltr'><strong>pontiﬁcem-</strong></span> <span class='ocrx_word' id='word_1_457' title='bbox 2628 3437 2684 3490; x_wconf 84' lang='lat' dir='ltr'><strong>ld</strong></span> <span class='ocrx_word' id='word_1_458' title='bbox 2713 3437 2944 3506; x_wconf 83' lang='lat' dir='ltr'><strong>denique</strong></span> <span class='ocrx_word' id='word_1_459' title='bbox 2983 3435 3257 3490; x_wconf 73' lang='lat' dir='ltr'><strong>mlliloties</strong></span> <span class='ocrx_word' id='word_1_460' title='bbox 3307 3445 3671 3507; x_wconf 62' lang='lat' dir='ltr'><strong>reticulatum</strong></span> <span class='ocrx_word' id='word_1_461' title='bbox 3717 3446 3809 3498; x_wconf 65' lang='lat' dir='ltr'><strong>est.</strong></span> 
     </span>
    </p>
   </div>
   <div class='ocr_carea' id='block_1_47' title="bbox 563 3526 3806 3599">
    <p class='ocr_par' dir='ltr' id='par_1_47' title="bbox 563 3526 3806 3599">
     <span class='ocr_line' id='line_1_47' title="bbox 563 3526 3806 3599; baseline 0 -19"><span class='ocrx_word' id='word_1_462' title='bbox 563 3529 618 3581; x_wconf 93' lang='lat' dir='ltr'><strong>in</strong></span> <span class='ocrx_word' id='word_1_463' title='bbox 645 3528 978 3599; x_wconf 76' lang='lat' dir='ltr'><strong>sartaginem</strong></span> <span class='ocrx_word' id='word_1_464' title='bbox 1022 3528 1212 3599; x_wconf 91' lang='lat' dir='ltr'><strong>prunis</strong></span> <span class='ocrx_word' id='word_1_465' title='bbox 1241 3528 1476 3598; x_wconf 87' lang='lat' dir='ltr'><strong>plenam,</strong></span> <span class='ocrx_word' id='word_1_466' title='bbox 1509 3529 1581 3584; x_wconf 88' lang='lat' dir='ltr'><strong>ita</strong></span> <span class='ocrx_word' id='word_1_467' title='bbox 1611 3530 1974 3586; x_wconf 85' lang='lat' dir='ltr'><strong>clamantem:</strong></span> <span class='ocrx_word' id='word_1_468' title='bbox 2005 3551 2024 3584; x_wconf 68' lang='grc' dir='ltr'><em>ς</em></span> <span class='ocrx_word' id='word_1_469' title='bbox 2047 3531 2144 3586; x_wconf 79' lang='lat' dir='ltr'><strong>Pa-</strong></span> <span class='ocrx_word' id='word_1_470' title='bbox 2247 3526 2364 3591; x_wconf 84' lang='lat' dir='ltr'><strong>sed,</strong></span> <span class='ocrx_word' id='word_1_471' title='bbox 2410 3528 2525 3598; x_wconf 88' lang='lat' dir='ltr'><strong>ipso</strong></span> <span class='ocrx_word' id='word_1_472' title='bbox 2554 3536 2841 3592; x_wconf 85' lang='lat' dir='ltr'><strong>renuente,</strong></span> <span class='ocrx_word' id='word_1_473' title='bbox 2871 3527 3064 3583; x_wconf 67' lang='lat' dir='ltr'><strong>effectu</strong></span> <span class='ocrx_word' id='word_1_474' title='bbox 3091 3529 3284 3584; x_wconf 91' lang='lat' dir='ltr'><strong>caruit.</strong></span> <span class='ocrx_word' id='word_1_475' title='bbox 3312 3528 3573 3599; x_wconf 81' lang='lat' dir='ltr'><strong>Suscepta</strong></span> <span class='ocrx_word' id='word_1_476' title='bbox 3606 3529 3806 3598; x_wconf 78' lang='lat' dir='ltr'><strong>quippe,</strong></span> 
     </span>
    </p>
   </div>
   <div class='ocr_carea' id='block_1_48' title="bbox 533 3617 3808 3692">
    <p class='ocr_par' dir='ltr' id='par_1_48' title="bbox 533 3617 3808 3692">
     <span class='ocr_line' id='line_1_48' title="bbox 533 3617 3808 3692; baseline -0.001 -20"><span class='ocrx_word' id='word_1_477' title='bbox 533 3630 668 3684; x_wconf 54' lang='lat' dir='ltr'><strong>ater,</strong></span> <span class='ocrx_word' id='word_1_478' title='bbox 691 3629 870 3688; x_wconf 88' lang='lat' dir='ltr'><strong>pater,</strong></span> <span class='ocrx_word' id='word_1_479' title='bbox 896 3620 1041 3692; x_wconf 84' lang='lat' dir='ltr'><strong>quod</strong></span> <span class='ocrx_word' id='word_1_480' title='bbox 1073 3628 1127 3674; x_wconf 92' lang='lat' dir='ltr'><strong>tu</strong></span> <span class='ocrx_word' id='word_1_481' title='bbox 1159 3619 1356 3674; x_wconf 89' lang='lat' dir='ltr'><strong>dedisti</strong></span> <span class='ocrx_word' id='word_1_482' title='bbox 1387 3619 1472 3672; x_wconf 89' lang='lat' dir='ltr'><strong>isti</strong></span> <span class='ocrx_word' id='word_1_483' title='bbox 1503 3618 1776 3684; x_wconf 81' lang='lat' dir='ltr'><strong>auferunt.</strong></span> <span class='ocrx_word' id='word_1_484' title='bbox 1799 3640 1818 3674; x_wconf 73' lang='grc' dir='ltr'><strong><em>ι</em></strong></span> <span class='ocrx_word' id='word_1_485' title='bbox 1852 3621 1990 3688; x_wconf 89' lang='lat' dir='ltr'><strong>Quid</strong></span> <span class='ocrx_word' id='word_1_486' title='bbox 2021 3621 2142 3691; x_wconf 80' lang='lat' dir='ltr'><strong>plu-</strong></span> <span class='ocrx_word' id='word_1_487' title='bbox 2247 3631 2311 3672; x_wconf 85' lang='lat' dir='ltr'><strong>ac</strong></span> <span class='ocrx_word' id='word_1_488' title='bbox 2333 3617 2375 3671; x_wconf 91' lang='lat' dir='ltr'><strong>si</strong></span> <span class='ocrx_word' id='word_1_489' title='bbox 2403 3627 2643 3683; x_wconf 88' lang='lat' dir='ltr'><strong>coactus,</strong></span> <span class='ocrx_word' id='word_1_490' title='bbox 2669 3617 2914 3672; x_wconf 75' lang='lat' dir='ltr'><strong>ecclesiae</strong></span> <span class='ocrx_word' id='word_1_491' title='bbox 2937 3629 3354 3686; x_wconf 85' lang='lat' dir='ltr'><strong>cura,vesteqne</strong></span> <span class='ocrx_word' id='word_1_492' title='bbox 3373 3618 3493 3672; x_wconf 86' lang='lat' dir='ltr'><strong>alba</strong></span> <span class='ocrx_word' id='word_1_493' title='bbox 3521 3629 3710 3682; x_wconf 91' lang='lat' dir='ltr'><strong>tectus,</strong></span> <span class='ocrx_word' id='word_1_494' title='bbox 3735 3621 3808 3671; x_wconf 89' lang='lat' dir='ltr'><strong>in-</strong></span> 
     </span>
    </p>
   </div>
   <div class='ocr_carea' id='block_1_49' title="bbox 563 3705 3808 3783">
    <p class='ocr_par' dir='ltr' id='par_1_49' title="bbox 563 3705 3808 3783">
     <span class='ocr_line' id='line_1_49' title="bbox 563 3705 3808 3783; baseline -0.001 -20"><span class='ocrx_word' id='word_1_495' title='bbox 563 3709 658 3762; x_wconf 85' lang='lat' dir='ltr'><strong>ra?</strong></span> <span class='ocrx_word' id='word_1_496' title='bbox 684 3711 824 3780; x_wconf 89' lang='lat' dir='ltr'><strong>apud</strong></span> <span class='ocrx_word' id='word_1_497' title='bbox 854 3725 953 3766; x_wconf 90' lang='lat' dir='ltr'><strong>nos</strong></span> <span class='ocrx_word' id='word_1_498' title='bbox 981 3711 1201 3781; x_wconf 87' lang='lat' dir='ltr'><strong>antiqua</strong></span> <span class='ocrx_word' id='word_1_499' title='bbox 1229 3711 1590 3776; x_wconf 90' lang='lat' dir='ltr'><strong>consuetudo,</strong></span> <span class='ocrx_word' id='word_1_500' title='bbox 1619 3711 1695 3764; x_wconf 91' lang='lat' dir='ltr'><strong>uti</strong></span> <span class='ocrx_word' id='word_1_501' title='bbox 1725 3712 1973 3777; x_wconf 88' lang='lat' dir='ltr'><strong>decebat,</strong></span> <span class='ocrx_word' id='word_1_502' title='bbox 2000 3729 2110 3783; x_wconf 66' lang='lat' dir='ltr'><strong>pra:</strong></span> <span class='ocrx_word' id='word_1_503' title='bbox 2129 3742 2142 3752; x_wconf 75' lang='lat'><strong>.</strong></span> <span class='ocrx_word' id='word_1_504' title='bbox 2249 3705 2460 3760; x_wconf 87' lang='lat' dir='ltr'><strong>terduni</strong></span> <span class='ocrx_word' id='word_1_505' title='bbox 2491 3721 2641 3759; x_wconf 88' lang='lat' dir='ltr'><strong>more</strong></span> <span class='ocrx_word' id='word_1_506' title='bbox 2666 3707 2928 3762; x_wconf 90' lang='lat' dir='ltr'><strong>canonico</strong></span> <span class='ocrx_word' id='word_1_507' title='bbox 2960 3717 3191 3760; x_wconf 89' lang='lat' dir='ltr'><strong>mentem</strong></span> <span class='ocrx_word' id='word_1_508' title='bbox 3222 3717 3398 3761; x_wconf 88' lang='lat' dir='ltr'><strong>tamen</strong></span> <span class='ocrx_word' id='word_1_509' title='bbox 3430 3718 3486 3762; x_wconf 93' lang='lat' dir='ltr'><strong>et</strong></span> <span class='ocrx_word' id='word_1_510' title='bbox 3517 3711 3681 3762; x_wconf 84' lang='lat' dir='ltr'><strong>vitam</strong></span> <span class='ocrx_word' id='word_1_511' title='bbox 3713 3709 3808 3776; x_wconf 83' lang='lat' dir='ltr'><strong>pl:-</strong></span> 
     </span>
    </p>
   </div>
   <div class='ocr_carea' id='block_1_50' title="bbox 3840 873 3874 898">
    <p class='ocr_par' dir='ltr' id='par_1_50' title="bbox 3840 873 3874 898">
     <span class='ocr_line' id='line_1_50' title="bbox 3840 873 3874 898; baseline 0 0"><span class='ocrx_word' id='word_1_512' title='bbox 3840 873 3874 898; x_wconf 60' lang='grc' dir='ltr'><strong>’ν</strong></span> 
     </span>
    </p>
   </div>
   <div class='ocr_carea' id='block_1_51' title="bbox 553 3795 3805 3868">
    <p class='ocr_par' dir='ltr' id='par_1_51' title="bbox 553 3795 3805 3868">
     <span class='ocr_line' id='line_1_51' title="bbox 553 3795 3805 3868; baseline -0.002 -14"><span class='ocrx_word' id='word_1_513' title='bbox 553 3800 746 3856; x_wconf 75' lang='lat' dir='ltr'><strong>.valuit.</strong></span> <span class='ocrx_word' id='word_1_514' title='bbox 2239 3797 2390 3851; x_wconf 65' lang='lat' dir='ltr'><strong>aiter</strong></span> <span class='ocrx_word' id='word_1_515' title='bbox 2415 3797 2654 3867; x_wconf 86' lang='lat' dir='ltr'><strong>possedit</strong></span> <span class='ocrx_word' id='word_1_516' title='bbox 2683 3797 3076 3852; x_wconf 86' lang='lat' dir='ltr'><strong>monachicam.</strong></span> <span class='ocrx_word' id='word_1_517' title='bbox 3102 3795 3238 3850; x_wconf 81' lang='lat' dir='ltr'><strong>Nam</strong></span> <span class='ocrx_word' id='word_1_518' title='bbox 3266 3813 3484 3868; x_wconf 89' lang='lat' dir='ltr'><strong>semper</strong></span> <span class='ocrx_word' id='word_1_519' title='bbox 3513 3801 3583 3853; x_wconf 88' lang='lat' dir='ltr'><strong>ad</strong></span> <span class='ocrx_word' id='word_1_520' title='bbox 3625 3801 3805 3853; x_wconf 51' lang='lat' dir='ltr'><strong>uinum</strong></span> 
     </span>
    </p>
   </div>
   <div class='ocr_carea' id='block_1_52' title="bbox 1169 3887 3807 3961">
    <p class='ocr_par' dir='ltr' id='par_1_52' title="bbox 1169 3887 3807 3961">
     <span class='ocr_line' id='line_1_52' title="bbox 1169 3887 3807 3961; baseline -0.004 -11"><span class='ocrx_word' id='word_1_521' title='bbox 1169 3895 1394 3952; x_wconf 77' lang='lat' dir='ltr'><strong>CAPUT</strong></span> <span class='ocrx_word' id='word_1_522' title='bbox 1436 3895 1522 3949; x_wconf 86' lang='lat' dir='ltr'><strong>IV.</strong></span> <span class='ocrx_word' id='word_1_523' title='bbox 2249 3895 2424 3942; x_wconf 87' lang='lat' dir='ltr'><strong>tectus</strong></span> <span class='ocrx_word' id='word_1_524' title='bbox 2449 3887 2627 3942; x_wconf 88' lang='lat' dir='ltr'><strong>cilicio</strong></span> <span class='ocrx_word' id='word_1_525' title='bbox 2651 3887 3040 3958; x_wconf 78' lang='lat' dir='ltr'><strong>irrel‘ragabili,</strong></span> <span class='ocrx_word' id='word_1_526' title='bbox 3063 3902 3345 3944; x_wconf 85' lang='lat' dir='ltr'><strong>maceratis</strong></span> <span class='ocrx_word' id='word_1_527' title='bbox 3375 3903 3576 3959; x_wconf 85' lang='lat' dir='ltr'><strong>corpus</strong></span> <span class='ocrx_word' id='word_1_528' title='bbox 3599 3891 3807 3961; x_wconf 83' lang='lat' dir='ltr'><strong>jejunio,</strong></span> 
     </span>
    </p>
   </div>
   <div class='ocr_carea' id='block_1_53' title="bbox 736 3981 3806 4054">
    <p class='ocr_par' dir='ltr' id='par_1_53' title="bbox 736 3981 3806 4054">
     <span class='ocr_line' id='line_1_53' title="bbox 736 3981 3806 4054; baseline -0.001 -15"><span class='ocrx_word' id='word_1_529' title='bbox 736 3986 813 4039; x_wconf 76' lang='lat' dir='ltr'><strong>De</strong></span> <span class='ocrx_word' id='word_1_530' title='bbox 847 3987 1178 4040; x_wconf 79' lang='lat' dir='ltr'><strong>innovatione</strong></span> <span class='ocrx_word' id='word_1_531' title='bbox 1203 3985 1541 4041; x_wconf 81' lang='lat' dir='ltr'><strong>ecclesiarum</strong></span> <span class='ocrx_word' id='word_1_532' title='bbox 1588 3986 1644 4039; x_wconf 89' lang='lat' dir='ltr'><strong>in</strong></span> <span class='ocrx_word' id='word_1_533' title='bbox 1681 3995 1787 4039; x_wconf 85' lang='lat' dir='ltr'><strong>toto</strong></span> <span class='ocrx_word' id='word_1_534' title='bbox 1815 3987 1956 4040; x_wconf 86' lang='lat' dir='ltr'><strong>orbe.</strong></span> <span class='ocrx_word' id='word_1_535' title='bbox 2245 3981 2345 4036; x_wconf 87' lang='lat' dir='ltr'><strong>sibi</strong></span> <span class='ocrx_word' id='word_1_536' title='bbox 2379 3982 2751 4050; x_wconf 88' lang='lat' dir='ltr'><strong>parcissimus,</strong></span> <span class='ocrx_word' id='word_1_537' title='bbox 2784 3981 2966 4053; x_wconf 82' lang='lat' dir='ltr'><strong>largus</strong></span> <span class='ocrx_word' id='word_1_538' title='bbox 3005 3983 3356 4053; x_wconf 85' lang='lat' dir='ltr'><strong>pauperibus,</strong></span> <span class='ocrx_word' id='word_1_539' title='bbox 3390 3984 3482 4054; x_wconf 79' lang='lat' dir='ltr'><strong>vig</strong></span> <span class='ocrx_word' id='word_1_540' title='bbox 3505 3983 3594 4037; x_wconf 91' lang='lat' dir='ltr'><strong>liis</strong></span> <span class='ocrx_word' id='word_1_541' title='bbox 3623 3994 3675 4036; x_wconf 84' lang='lat' dir='ltr'><strong>et</strong></span> <span class='ocrx_word' id='word_1_542' title='bbox 3701 3999 3806 4036; x_wconf 79' lang='lat' dir='ltr'><strong>ora-</strong></span> 
     </span>
    </p>
   </div>
   <div class='ocr_carea' id='block_1_54' title="bbox 631 4070 3807 4148">
    <p class='ocr_par' dir='ltr' id='par_1_54' title="bbox 631 4070 3807 4148">
     <span class='ocr_line' id='line_1_54' title="bbox 631 4070 3807 4148; baseline -0 -17"><span class='ocrx_word' id='word_1_543' title='bbox 631 4077 800 4147; x_wconf 79' lang='lat' dir='ltr'><strong>lgitur</strong></span> <span class='ocrx_word' id='word_1_544' title='bbox 843 4078 984 4131; x_wconf 79' lang='lat' dir='ltr'><strong>infra</strong></span> <span class='ocrx_word' id='word_1_545' title='bbox 1039 4079 1411 4148; x_wconf 89' lang='lat' dir='ltr'><strong>supradictum</strong></span> <span class='ocrx_word' id='word_1_546' title='bbox 1458 4076 1800 4131; x_wconf 89' lang='lat' dir='ltr'><strong>millesimum</strong></span> <span class='ocrx_word' id='word_1_547' title='bbox 1848 4076 2008 4131; x_wconf 90' lang='lat' dir='ltr'><strong>tertio</strong></span> <span class='ocrx_word' id='word_1_548' title='bbox 2028 4075 2139 4146; x_wconf 85' lang='lat' dir='ltr'><strong>jam</strong></span> <span class='ocrx_word' id='word_1_549' title='bbox 2244 4070 2482 4125; x_wconf 57' lang='lat' dir='ltr'><strong>tionibus</strong></span> <span class='ocrx_word' id='word_1_550' title='bbox 2514 4071 2750 4133; x_wconf 79' lang='lat' dir='ltr'><strong>instabat</strong></span> <span class='ocrx_word' id='word_1_551' title='bbox 2779 4073 3030 4127; x_wconf 73' lang='lat' dir='ltr'><strong>aSSitiuiS-</strong></span> <span class='ocrx_word' id='word_1_552' title='bbox 3071 4071 3334 4128; x_wconf 64' lang='lat' dir='ltr'><strong>Pl‘mlet‘ca</strong></span> <span class='ocrx_word' id='word_1_553' title='bbox 3384 4073 3466 4125; x_wconf 73' lang='lat' dir='ltr'><strong>Vir</strong></span> <span class='ocrx_word' id='word_1_554' title='bbox 3495 4071 3609 4127; x_wconf 78' lang='lat' dir='ltr'><strong>Deo</strong></span> <span class='ocrx_word' id='word_1_555' title='bbox 3636 4072 3807 4142; x_wconf 64' lang='lat' dir='ltr'><strong>pictius</strong></span> 
     </span>
    </p>
   </div>
   <div class='ocr_carea' id='block_1_55' title="bbox 557 4161 3805 4239">
    <p class='ocr_par' dir='ltr' id='par_1_55' title="bbox 557 4161 3805 4239">
     <span class='ocr_line' id='line_1_55' title="bbox 557 4161 3805 4239; baseline -0.003 -17"><span class='ocrx_word' id='word_1_556' title='bbox 557 4167 677 4223; x_wconf 73' lang='lat' dir='ltr'><strong>fere</strong></span> <span class='ocrx_word' id='word_1_557' title='bbox 699 4168 1014 4222; x_wconf 86' lang='lat' dir='ltr'><strong>inmiinente</strong></span> <span class='ocrx_word' id='word_1_558' title='bbox 1041 4184 1204 4234; x_wconf 89' lang='lat' dir='ltr'><strong>anno,</strong></span> <span class='ocrx_word' id='word_1_559' title='bbox 1236 4169 1459 4239; x_wconf 78' lang='lat' dir='ltr'><strong>contigit</strong></span> <span class='ocrx_word' id='word_1_560' title='bbox 1489 4168 1543 4222; x_wconf 92' lang='lat' dir='ltr'><strong>in</strong></span> <span class='ocrx_word' id='word_1_561' title='bbox 1587 4167 1836 4220; x_wconf 80' lang='lat' dir='ltr'><strong>universo</strong></span> <span class='ocrx_word' id='word_1_562' title='bbox 1869 4179 2004 4235; x_wconf 88' lang='lat' dir='ltr'><strong>pene</strong></span> <span class='ocrx_word' id='word_1_563' title='bbox 2036 4176 2142 4220; x_wconf 89' lang='lat' dir='ltr'><strong>ter-</strong></span> <span class='ocrx_word' id='word_1_564' title='bbox 2237 4170 2426 4218; x_wconf 84' lang='lat' dir='ltr'><strong>tuente</strong></span> <span class='ocrx_word' id='word_1_565' title='bbox 2453 4162 2702 4233; x_wconf 85' lang='lat' dir='ltr'><strong>concepit</strong></span> <span class='ocrx_word' id='word_1_566' title='bbox 2729 4171 2787 4217; x_wconf 93' lang='lat' dir='ltr'><strong>ut</strong></span> <span class='ocrx_word' id='word_1_567' title='bbox 2813 4161 3118 4227; x_wconf 88' lang='lat' dir='ltr'><strong>ecclesiam,</strong></span> <span class='ocrx_word' id='word_1_568' title='bbox 3146 4163 3231 4217; x_wconf 92' lang='lat' dir='ltr'><strong>cui</strong></span> <span class='ocrx_word' id='word_1_569' title='bbox 3259 4171 3445 4218; x_wconf 87' lang='lat' dir='ltr'><strong>custos</strong></span> <span class='ocrx_word' id='word_1_570' title='bbox 3474 4162 3680 4218; x_wconf 85' lang='lat' dir='ltr'><strong>ascitus</strong></span> <span class='ocrx_word' id='word_1_571' title='bbox 3708 4162 3805 4214; x_wconf 81' lang='lat' dir='ltr'><strong>fue-</strong></span> 
     </span>
    </p>
   </div>
   <div class='ocr_carea' id='block_1_56' title="bbox 521 4252 3807 4328">
    <p class='ocr_par' dir='ltr' id='par_1_56' title="bbox 521 4252 3807 4328">
     <span class='ocr_line' id='line_1_56' title="bbox 521 4252 3807 4328; baseline -0.003 -15"><span class='ocrx_word' id='word_1_572' title='bbox 521 4275 744 4315; x_wconf 48' lang='lat' dir='ltr'><strong>srarum</strong></span> <span class='ocrx_word' id='word_1_573' title='bbox 771 4257 924 4323; x_wconf 89' lang='lat' dir='ltr'><strong>orbe,</strong></span> <span class='ocrx_word' id='word_1_574' title='bbox 953 4259 1220 4328; x_wconf 65' lang='lat' dir='ltr'><strong>praecipue</strong></span> <span class='ocrx_word' id='word_1_575' title='bbox 1267 4267 1447 4312; x_wconf 90' lang='lat' dir='ltr'><strong>tamen</strong></span> <span class='ocrx_word' id='word_1_576' title='bbox 1479 4259 1530 4312; x_wconf 92' lang='lat' dir='ltr'><strong>in</strong></span> <span class='ocrx_word' id='word_1_577' title='bbox 1560 4256 1730 4321; x_wconf 85' lang='lat' dir='ltr'><strong>italia,</strong></span> <span class='ocrx_word' id='word_1_578' title='bbox 1763 4265 1816 4311; x_wconf 92' lang='lat' dir='ltr'><strong>et</strong></span> <span class='ocrx_word' id='word_1_579' title='bbox 1849 4257 1902 4311; x_wconf 92' lang='lat' dir='ltr'><strong>in</strong></span> <span class='ocrx_word' id='word_1_580' title='bbox 1925 4256 2138 4320; x_wconf 82' lang='lat' dir='ltr'><strong>Galliis,</strong></span> <span class='ocrx_word' id='word_1_581' title='bbox 2245 4262 2350 4315; x_wconf 89' lang='lat' dir='ltr'><strong>rat,</strong></span> <span class='ocrx_word' id='word_1_582' title='bbox 2378 4252 2658 4324; x_wconf 78' lang='lat' dir='ltr'><strong>amplioris</strong></span> <span class='ocrx_word' id='word_1_583' title='bbox 2699 4253 3014 4322; x_wconf 87' lang='lat' dir='ltr'><strong>altiorisque</strong></span> <span class='ocrx_word' id='word_1_584' title='bbox 3047 4253 3209 4307; x_wconf 90' lang='lat' dir='ltr'><strong>totius</strong></span> <span class='ocrx_word' id='word_1_585' title='bbox 3231 4254 3412 4321; x_wconf 85' lang='lat' dir='ltr'><strong>operis</strong></span> <span class='ocrx_word' id='word_1_586' title='bbox 3444 4269 3672 4323; x_wconf 89' lang='lat' dir='ltr'><strong>corpore</strong></span> <span class='ocrx_word' id='word_1_587' title='bbox 3697 4255 3807 4306; x_wconf 77' lang='lat' dir='ltr'><strong>sub-</strong></span> 
     </span>
    </p>
   </div>
   <div class='ocr_carea' id='block_1_57' title="bbox 522 4337 3807 4420">
    <p class='ocr_par' dir='ltr' id='par_1_57' title="bbox 522 4337 3807 4420">
     <span class='ocr_line' id='line_1_57' title="bbox 522 4337 3807 4420; baseline -0.002 -20"><span class='ocrx_word' id='word_1_588' title='bbox 522 4351 806 4406; x_wconf 83' lang='lat' dir='ltr'><strong>...innovari</strong></span> <span class='ocrx_word' id='word_1_589' title='bbox 834 4351 1183 4406; x_wconf 86' lang='lat' dir='ltr'><strong>ecclesiarum</strong></span> <span class='ocrx_word' id='word_1_590' title='bbox 1211 4349 1483 4414; x_wconf 87' lang='lat' dir='ltr'><strong>basilicas,</strong></span> <span class='ocrx_word' id='word_1_591' title='bbox 1509 4350 1635 4404; x_wconf 88' lang='lat' dir='ltr'><strong>licet</strong></span> <span class='ocrx_word' id='word_1_592' title='bbox 1655 4337 1924 4420; x_wconf 70' lang='lat' dir='ltr'><strong>pleraeque</strong></span> <span class='ocrx_word' id='word_1_593' title='bbox 1945 4352 2138 4405; x_wconf 82' lang='lat' dir='ltr'><strong>deeen-</strong></span> <span class='ocrx_word' id='word_1_594' title='bbox 2245 4345 2480 4400; x_wconf 88' lang='lat' dir='ltr'><strong>limaret.</strong></span> <span class='ocrx_word' id='word_1_595' title='bbox 2523 4345 2722 4399; x_wconf 82' lang='lat' dir='ltr'><strong>Sancto</strong></span> <span class='ocrx_word' id='word_1_596' title='bbox 2771 4345 2953 4418; x_wconf 82' lang='lat' dir='ltr'><strong>itaque</strong></span> <span class='ocrx_word' id='word_1_597' title='bbox 2979 4343 3181 4412; x_wconf 87' lang='lat' dir='ltr'><strong>Spiritu</strong></span> <span class='ocrx_word' id='word_1_598' title='bbox 3213 4357 3270 4396; x_wconf 90' lang='lat' dir='ltr'><strong>se</strong></span> <span class='ocrx_word' id='word_1_599' title='bbox 3296 4343 3547 4405; x_wconf 74' lang='lat' dir='ltr'><strong>docente,</strong></span> <span class='ocrx_word' id='word_1_600' title='bbox 3578 4344 3807 4410; x_wconf 55' lang='lat' dir='ltr'><strong>designao</strong></span> 
     </span>
    </p>
   </div>
   <div class='ocr_carea' id='block_1_58' title="bbox 523 4431 3806 4542">
    <p class='ocr_par' dir='ltr' id='par_1_58' title="bbox 523 4431 3806 4542">
     <span class='ocr_line' id='line_1_58' title="bbox 523 4431 3806 4542; baseline -0.002 -50"><span class='ocrx_word' id='word_1_601' title='bbox 523 4454 645 4498; x_wconf 85' lang='lat' dir='ltr'><strong>..ter</strong></span> <span class='ocrx_word' id='word_1_602' title='bbox 673 4443 861 4498; x_wconf 74' lang='lat' dir='ltr'><strong>locata:</strong></span> <span class='ocrx_word' id='word_1_603' title='bbox 885 4443 1108 4498; x_wconf 89' lang='lat' dir='ltr'><strong>minime</strong></span> <span class='ocrx_word' id='word_1_604' title='bbox 1144 4443 1518 4513; x_wconf 83' lang='lat' dir='ltr'><strong>indiguissent.</strong></span> <span class='ocrx_word' id='word_1_605' title='bbox 1546 4441 1925 4496; x_wconf 69' lang='lat' dir='ltr'><strong>Aimulabatur</strong></span> <span class='ocrx_word' id='word_1_606' title='bbox 1955 4434 2133 4495; x_wconf 79' lang='lat' dir='ltr'><strong>tamen</strong></span> <span class='ocrx_word' id='word_1_607' title='bbox 2168 4482 2215 4542; x_wconf 66' lang='grc' dir='ltr'>υ</span> <span class='ocrx_word' id='word_1_608' title='bbox 2242 4435 2322 4491; x_wconf 80' lang='lat' dir='ltr'><strong>vit</strong></span> <span class='ocrx_word' id='word_1_609' title='bbox 2389 4435 2607 4542; x_wconf 74' lang='lat' dir='ltr'><strong>latomis</strong></span> <span class='ocrx_word' id='word_1_610' title='bbox 2640 4433 3098 4539; x_wconf 43' lang='lat' dir='ltr'><strong>.incomparabilis</strong></span> <span class='ocrx_word' id='word_1_611' title='bbox 3145 4431 3358 4542; x_wconf 74' lang='lat' dir='ltr'><strong>jactare</strong></span> <span class='ocrx_word' id='word_1_612' title='bbox 3409 4432 3806 4542; x_wconf 56' lang='lat' dir='ltr'><strong>{undantemqu</strong></span> 
     </span>
    </p>
   </div>
   <div class='ocr_carea' id='block_1_59' title="bbox 537 4525 3803 4605">
    <p class='ocr_par' dir='ltr' id='par_1_59' title="bbox 537 4525 3803 4605">
     <span class='ocr_line' id='line_1_59' title="bbox 537 4525 3803 4605; baseline -0.003 -17"><span class='ocrx_word' id='word_1_613' title='bbox 537 4550 788 4605; x_wconf 56' lang='lat' dir='ltr'><strong>nutuque</strong></span> <span class='ocrx_word' id='word_1_614' title='bbox 817 4549 950 4605; x_wconf 83' lang='lat' dir='ltr'><strong>gens</strong></span> <span class='ocrx_word' id='word_1_615' title='bbox 988 4535 1430 4590; x_wconf 86' lang='lat' dir='ltr'><strong>Christicolarum</strong></span> <span class='ocrx_word' id='word_1_616' title='bbox 1479 4535 1738 4590; x_wconf 89' lang='lat' dir='ltr'><strong>adversus</strong></span> <span class='ocrx_word' id='word_1_617' title='bbox 1773 4533 2005 4588; x_wconf 84' lang='lat' dir='ltr'><strong>alteram</strong></span> <span class='ocrx_word' id='word_1_618' title='bbox 2037 4532 2134 4586; x_wconf 88' lang='lat' dir='ltr'><strong>dc-</strong></span> <span class='ocrx_word' id='word_1_619' title='bbox 2168 4525 2211 4542; x_wconf 69' lang='grc' dir='ltr'><em>ν</em></span> <span class='ocrx_word' id='word_1_620' title='bbox 2243 4529 2445 4598; x_wconf 79' lang='lat' dir='ltr'><strong>aperis,</strong></span> <span class='ocrx_word' id='word_1_621' title='bbox 2469 4528 2609 4598; x_wconf 89' lang='lat' dir='ltr'><strong>quod</strong></span> <span class='ocrx_word' id='word_1_622' title='bbox 2639 4527 2776 4597; x_wconf 85' lang='lat' dir='ltr'><strong>ipse,</strong></span> <span class='ocrx_word' id='word_1_623' title='bbox 2799 4536 2857 4581; x_wconf 89' lang='lat' dir='ltr'><strong>ut</strong></span> <span class='ocrx_word' id='word_1_624' title='bbox 2883 4534 3183 4596; x_wconf 85' lang='lat' dir='ltr'><strong>optaverat,</strong></span> <span class='ocrx_word' id='word_1_625' title='bbox 3219 4525 3286 4580; x_wconf 87' lang='lat' dir='ltr'><strong>ad</strong></span> <span class='ocrx_word' id='word_1_626' title='bbox 3315 4527 3618 4596; x_wconf 78' lang='lat' dir='ltr'><strong>perfectum</strong></span> <span class='ocrx_word' id='word_1_627' title='bbox 3648 4528 3803 4579; x_wconf 73' lang='lat' dir='ltr'><strong>duxit.</strong></span> 
     </span>
    </p>
   </div>
   <div class='ocr_carea' id='block_1_60' title="bbox 523 4614 3806 4696">
    <p class='ocr_par' dir='ltr' id='par_1_60' title="bbox 523 4614 3806 4696">
     <span class='ocr_line' id='line_1_60' title="bbox 523 4614 3806 4696; baseline -0.005 -14"><span class='ocrx_word' id='word_1_628' title='bbox 523 4629 802 4683; x_wconf 59' lang='lat' dir='ltr'><strong>.a-entiore</strong></span> <span class='ocrx_word' id='word_1_629' title='bbox 826 4627 964 4682; x_wconf 79' lang='lat' dir='ltr'><strong>.frui.</strong></span> <span class='ocrx_word' id='word_1_630' title='bbox 999 4628 1131 4682; x_wconf 85' lang='lat' dir='ltr'><strong>Erat</strong></span> <span class='ocrx_word' id='word_1_631' title='bbox 1159 4628 1303 4696; x_wconf 87' lang='lat' dir='ltr'><strong>enim</strong></span> <span class='ocrx_word' id='word_1_632' title='bbox 1353 4627 1524 4681; x_wconf 90' lang='lat' dir='ltr'><strong>instar</strong></span> <span class='ocrx_word' id='word_1_633' title='bbox 1562 4643 1624 4682; x_wconf 91' lang='lat' dir='ltr'><strong>ae</strong></span> <span class='ocrx_word' id='word_1_634' title='bbox 1670 4627 1714 4682; x_wconf 90' lang='lat' dir='ltr'><strong>si</strong></span> <span class='ocrx_word' id='word_1_635' title='bbox 1746 4627 1976 4681; x_wconf 87' lang='lat' dir='ltr'><strong>mundus</strong></span> <span class='ocrx_word' id='word_1_636' title='bbox 2019 4625 2133 4695; x_wconf 86' lang='lat' dir='ltr'><strong>ipse</strong></span> <span class='ocrx_word' id='word_1_637' title='bbox 2242 4620 2468 4690; x_wconf 77' lang='lat' dir='ltr'><strong>Expleto</strong></span> <span class='ocrx_word' id='word_1_638' title='bbox 2514 4621 2696 4688; x_wconf 90' lang='lat' dir='ltr'><strong>itaque</strong></span> <span class='ocrx_word' id='word_1_639' title='bbox 2725 4633 2909 4688; x_wconf 89' lang='lat' dir='ltr'><strong>opere,</strong></span> <span class='ocrx_word' id='word_1_640' title='bbox 2937 4616 3325 4685; x_wconf 86' lang='lat' dir='ltr'><strong>accersitisque</strong></span> <span class='ocrx_word' id='word_1_641' title='bbox 3350 4614 3703 4685; x_wconf 85' lang='lat' dir='ltr'><strong>plurimarum</strong></span> <span class='ocrx_word' id='word_1_642' title='bbox 3729 4630 3806 4666; x_wconf 86' lang='lat' dir='ltr'><strong>ur-</strong></span> 
     </span>
    </p>
   </div>
   <div class='ocr_carea' id='block_1_61' title="bbox 529 4706 2105 4792">
    <p class='ocr_par' dir='ltr' id='par_1_61' title="bbox 529 4721 2099 4792">
     <span class='ocr_line' id='line_1_61' title="bbox 529 4721 2099 4792; baseline -0.002 -14"><span class='ocrx_word' id='word_1_643' title='bbox 529 4724 883 4780; x_wconf 21' lang='lat' dir='ltr'><strong>,excutiendo</strong></span> <span class='ocrx_word' id='word_1_644' title='bbox 913 4733 1105 4790; x_wconf 81' lang='lat' dir='ltr'><strong>semet,</strong></span> <span class='ocrx_word' id='word_1_645' title='bbox 1150 4721 1351 4792; x_wconf 86' lang='lat' dir='ltr'><strong>rejecta</strong></span> <span class='ocrx_word' id='word_1_646' title='bbox 1392 4729 1677 4786; x_wconf 87' lang='lat' dir='ltr'><strong>vetustate,</strong></span> <span class='ocrx_word' id='word_1_647' title='bbox 1718 4721 1916 4789; x_wconf 91' lang='lat' dir='ltr'><strong>passim</strong></span> <span class='ocrx_word' id='word_1_648' title='bbox 1943 4721 2099 4776; x_wconf 88' lang='lat' dir='ltr'><strong>candi</strong></span> 
     </span>
    </p>
   </div>
   <div class='ocr_carea' id='block_1_62' title="bbox 2231 4706 3807 4792">
    <p class='ocr_par' dir='ltr' id='par_1_62' title="bbox 2239 4706 3807 4780">
     <span class='ocr_line' id='line_1_62' title="bbox 2239 4706 3807 4780; baseline -0.007 -12"><span class='ocrx_word' id='word_1_649' title='bbox 2239 4713 2386 4768; x_wconf 92' lang='lat' dir='ltr'><strong>binm</strong></span> <span class='ocrx_word' id='word_1_650' title='bbox 2412 4711 2705 4780; x_wconf 78' lang='lat' dir='ltr'><strong>episcopis,</strong></span> <span class='ocrx_word' id='word_1_651' title='bbox 2732 4723 2868 4778; x_wconf 88' lang='lat' dir='ltr'><strong>opus</strong></span> <span class='ocrx_word' id='word_1_652' title='bbox 2893 4707 3209 4778; x_wconf 68' lang='lat' dir='ltr'><strong>praedictum</strong></span> <span class='ocrx_word' id='word_1_653' title='bbox 3237 4706 3348 4761; x_wconf 87' lang='lat' dir='ltr'><strong>Deo</strong></span> <span class='ocrx_word' id='word_1_654' title='bbox 3375 4708 3688 4762; x_wconf 70' lang='lat' dir='ltr'><strong>consecrari</strong></span> <span class='ocrx_word' id='word_1_655' title='bbox 3709 4716 3807 4759; x_wconf 84' lang='lat' dir='ltr'><strong>stu-</strong></span> 
     </span>
    </p>
   </div>
   <div class='ocr_carea' id='block_1_63' title="bbox 555 4795 3808 4883">
    <p class='ocr_par' dir='ltr' id='par_1_63' title="bbox 555 4795 3808 4883">
     <span class='ocr_line' id='line_1_63' title="bbox 555 4795 3808 4883; baseline -0.009 -8"><span class='ocrx_word' id='word_1_656' title='bbox 555 4821 681 4872; x_wconf 88' lang='lat' dir='ltr'><strong>datn</strong></span> <span class='ocrx_word' id='word_1_657' title='bbox 727 4817 1083 4873; x_wconf 88' lang='lat' dir='ltr'><strong>ecclesiarum</strong></span> <span class='ocrx_word' id='word_1_658' title='bbox 1128 4826 1334 4870; x_wconf 86' lang='lat' dir='ltr'><strong>vestem</strong></span> <span class='ocrx_word' id='word_1_659' title='bbox 1384 4813 1651 4874; x_wconf 85' lang='lat' dir='ltr'><strong>indueret.</strong></span> <span class='ocrx_word' id='word_1_660' title='bbox 1704 4811 1855 4867; x_wconf 92' lang='lat' dir='ltr'><strong>Tunc</strong></span> <span class='ocrx_word' id='word_1_661' title='bbox 1899 4813 2132 4883; x_wconf 88' lang='lat' dir='ltr'><strong>denique</strong></span> <span class='ocrx_word' id='word_1_662' title='bbox 2238 4802 2373 4856; x_wconf 90' lang='lat' dir='ltr'><strong>duit.</strong></span> <span class='ocrx_word' id='word_1_663' title='bbox 2403 4803 2629 4870; x_wconf 74' lang='lat' dir='ltr'><strong>Ipsoque</strong></span> <span class='ocrx_word' id='word_1_664' title='bbox 2659 4799 2746 4854; x_wconf 90' lang='lat' dir='ltr'><strong>die</strong></span> <span class='ocrx_word' id='word_1_665' title='bbox 2767 4807 3012 4854; x_wconf 91' lang='lat' dir='ltr'><strong>sanctum</strong></span> <span class='ocrx_word' id='word_1_666' title='bbox 3029 4797 3124 4854; x_wconf 90' lang='lat' dir='ltr'><strong>Dei</strong></span> <span class='ocrx_word' id='word_1_667' title='bbox 3146 4795 3808 4852; x_wconf 77' lang='lat' dir='ltr'><strong>confessoremMartinam</strong></span> 
     </span>
    </p>
   </div>
   <div class='ocr_carea' id='block_1_64' title="bbox 534 4886 3807 4981">
    <p class='ocr_par' dir='ltr' id='par_1_64' title="bbox 534 4886 3807 4981">
     <span class='ocr_line' id='line_1_64' title="bbox 534 4886 3807 4981; baseline -0.008 -21"><span class='ocrx_word' id='word_1_668' title='bbox 534 4909 942 4981; x_wconf 79' lang='lat' dir='ltr'><strong>.episcopalium</strong></span> <span class='ocrx_word' id='word_1_669' title='bbox 987 4908 1200 4963; x_wconf 82' lang='lat' dir='ltr'><strong>sedium</strong></span> <span class='ocrx_word' id='word_1_670' title='bbox 1239 4905 1501 4962; x_wconf 80' lang='lat' dir='ltr'><strong>ecclesias</strong></span> <span class='ocrx_word' id='word_1_671' title='bbox 1547 4919 1686 4973; x_wconf 80' lang='lat' dir='ltr'><strong>pene</strong></span> <span class='ocrx_word' id='word_1_672' title='bbox 1724 4904 2027 4968; x_wconf 72' lang='lat' dir='ltr'><strong>universas,</strong></span> <span class='ocrx_word' id='word_1_673' title='bbox 2066 4917 2130 4958; x_wconf 76' lang='lat' dir='ltr'><strong>ac</strong></span> <span class='ocrx_word' id='word_1_674' title='bbox 2238 4895 2400 4955; x_wconf 90' lang='lat' dir='ltr'><strong>intro,</strong></span> <span class='ocrx_word' id='word_1_675' title='bbox 2433 4893 2578 4947; x_wconf 86' lang='lat' dir='ltr'><strong>sicut</strong></span> <span class='ocrx_word' id='word_1_676' title='bbox 2611 4891 2856 4955; x_wconf 81' lang='lat' dir='ltr'><strong>decebat,</strong></span> <span class='ocrx_word' id='word_1_677' title='bbox 2891 4888 3155 4981; x_wconf 68' lang='lat' dir='ltr'><strong>reposuit.</strong></span> <span class='ocrx_word' id='word_1_678' title='bbox 3181 4886 3560 4942; x_wconf 75' lang='lat' dir='ltr'><strong>Venerabatur</strong></span> <span class='ocrx_word' id='word_1_679' title='bbox 3586 4890 3807 4981; x_wconf 76' lang='lat' dir='ltr'><strong>eninieo</strong></span> 
     </span>
    </p>
   </div>
   <div class='ocr_carea' id='block_1_65' title="bbox 488 4978 3804 5070">
    <p class='ocr_par' dir='ltr' id='par_1_65' title="bbox 488 4978 3804 5070">
     <span class='ocr_line' id='line_1_65' title="bbox 488 4978 3804 5070; baseline -0.008 -15"><span class='ocrx_word' id='word_1_680' title='bbox 488 4987 518 5023; x_wconf 60' lang='lat'><strong>“</strong></span> <span class='ocrx_word' id='word_1_681' title='bbox 547 4978 759 5056; x_wconf 64' lang='lat' dir='ltr'><strong>rietera</strong></span> <span class='ocrx_word' id='word_1_682' title='bbox 779 5013 1006 5070; x_wconf 65' lang='lat' dir='ltr'><strong>quaeque</strong></span> <span class='ocrx_word' id='word_1_683' title='bbox 1033 4998 1372 5052; x_wconf 84' lang='lat' dir='ltr'><strong>diversorum</strong></span> <span class='ocrx_word' id='word_1_684' title='bbox 1421 5004 1730 5050; x_wconf 83' lang='lat' dir='ltr'><strong>sanctorum</strong></span> <span class='ocrx_word' id='word_1_685' title='bbox 1780 4993 2130 5058; x_wconf 89' lang='lat' dir='ltr'><strong>monasteria,</strong></span> <span class='ocrx_word' id='word_1_686' title='bbox 2235 4985 2320 5039; x_wconf 92' lang='lat' dir='ltr'><strong>die</strong></span> <span class='ocrx_word' id='word_1_687' title='bbox 2375 4982 2666 5053; x_wconf 61' lang='lat' dir='ltr'><strong>praeteritae</strong></span> <span class='ocrx_word' id='word_1_688' title='bbox 2698 4978 3263 5070; x_wconf 72' lang='lat' dir='ltr'><strong>dedicatiobasilicte,</strong></span> <span class='ocrx_word' id='word_1_689' title='bbox 3318 4989 3519 5047; x_wconf 88' lang='lat' dir='ltr'><strong>quarto</strong></span> <span class='ocrx_word' id='word_1_690' title='bbox 3552 4981 3621 5070; x_wconf 12' lang='lat' dir='ltr'><strong>ivi</strong></span> <span class='ocrx_word' id='word_1_691' title='bbox 3648 4978 3804 5070; x_wconf 67' lang='lat' dir='ltr'><strong>felich</strong></span> 
     </span>
    </p>
   </div>
   <div class='ocr_carea' id='block_1_66' title="bbox 539 5068 3804 5138">
    <p class='ocr_par' dir='ltr' id='par_1_66' title="bbox 539 5068 3804 5138">
     <span class='ocr_line' id='line_1_66' title="bbox 539 5068 3804 5138; baseline -0.003 -15"><span class='ocrx_word' id='word_1_692' title='bbox 539 5107 649 5128; x_wconf 55' lang='grc' dir='ltr'><strong>υ...</strong></span> <span class='ocrx_word' id='word_1_693' title='bbox 689 5068 1196 5132; x_wconf 48' lang='grc' dir='ltr'><strong>...ς..ἠ..ς.“νςιι,.,ι.ηη</strong></span> <span class='ocrx_word' id='word_1_694' title='bbox 1245 5085 1504 5134; x_wconf 56' lang='lat' dir='ltr'><strong>&quot;mimis-</strong></span> <span class='ocrx_word' id='word_1_695' title='bbox 1557 5086 1610 5134; x_wconf 74' lang='lat' dir='ltr'><strong>in</strong></span> <span class='ocrx_word' id='word_1_696' title='bbox 1659 5084 1886 5136; x_wconf 71' lang='lat' dir='ltr'><strong>meliora</strong></span> <span class='ocrx_word' id='word_1_697' title='bbox 1931 5086 2132 5138; x_wconf 73' lang='lat' dir='ltr'><strong>quique</strong></span> <span class='ocrx_word' id='word_1_698' title='bbox 2235 5073 2509 5130; x_wconf 81' lang='lat' dir='ltr'><strong>Nonarum</strong></span> <span class='ocrx_word' id='word_1_699' title='bbox 2540 5071 2743 5127; x_wconf 89' lang='lat' dir='ltr'><strong>mensis</strong></span> <span class='ocrx_word' id='word_1_700' title='bbox 2771 5069 2919 5125; x_wconf 81' lang='lat' dir='ltr'><strong>Julii.</strong></span> <span class='ocrx_word' id='word_1_701' title='bbox 2950 5068 3145 5123; x_wconf 84' lang='lat' dir='ltr'><strong>Fertur</strong></span> <span class='ocrx_word' id='word_1_702' title='bbox 3185 5068 3654 5137; x_wconf 85' lang='lat' dir='ltr'><strong>etiam,quoniani</strong></span> <span class='ocrx_word' id='word_1_703' title='bbox 3683 5068 3804 5121; x_wconf 77' lang='lat' dir='ltr'><strong>idem</strong></span> 
     </span>
    </p>
   </div>
  </div>
