3992 5338
163 243 273 303 653
343 304 350 310 .

1094 232 1572 298 HISTORIAM)“
1610 231 1786 291 LIBRI
1821 231 2151 303 QUiNQUE.
2181 265 2249 276 —-
2274 234 2404 293 LIB.
2434 233 2523 293 ῐη.

3322 230 3436 301 Ἐδῑ

166 359 380 433 potiora
404 371 570 429 posse
610 357 753 429 apud
786 355 1078 413 Dominum
1124 357 1442 425 impetrare,
1476 352 1574 407 sed
1621 358 1757 406 tem-
1787 359 1832 414 Α
1861 350 2039 411 batur,
2071 350 2224 419 prius
2273 361 2465 407 vocato
2518 350 2785 422 Vulpiant,
2833 352 3143 409 construxit
3173 367 3440 414 monaste.

164 451 288 522 pari
316 450 443 505 huic
473 448 721 505 sulllcere
749 447 945 504 debent
970 445 1215 502 exhibita
1240 445 1442 500 dudum
1466 442 1752 506 miracula,

163 541 427 612 quoniam
482 540 794 611 contiguum
840 538 1007 592 instat
1047 537 1197 607 prius
1247 534 1491 606 exsparsi
1532 533 1756 588 seminis

162 628 482 688 collecttm
534 630 749 685 messis.
801 628 927 683 Sola
979 629 1128 683 enim
1186 628 1494 681 animarum
1542 626 1758 697 erigens

168 722 380 778 medela
411 721 686 776 exorauda
716 728 799 774 est
826 717 1113 773 universis.
1136 717 1243 771 Pro
1262 717 1348 772 his
1374 717 1521 771 enim
1546 716 1758 773 Domini

167 812 605 869 miscricordiam
652 811 944 866 obsecrare
988 809 1214 864 minime
1257 808 1472 863 omitto.
1516 807 1761 877 Namque

167 903 379 973 probis
401 903 621 957 noveris
658 916 745 956 tne
772 900 913 972 apud
942 900 1230 955 Dominum
1276 900 1549 971 prarciptte
1592 899 1763 954 inter-

168 995 378 1057 venire,
417 996 508 1066 qui
536 995 611 1051 illi
635 995 853 1050 assidue
879 994 933 1048 itt
958 995 1211 1063 pratseuti
1244 994 1484 1048 serviunt
1509 994 1759 1049 ecclesia.

168 1087 405 1155 Quidam
455 1088 601 1142 enim
632 1086 847 1140 illorum
880 1085 1002 1155 plus
1050 1086 1198 1156 justo
1239 1085 1525 1156 przcscntis
1576 1086 1760 1142 smeuli

170 1178 436 1248 implicati
464 1178 720 1249 negotiis,
758 1178 927 1232 armis
973 1177 1193 1247 insuper
1218 1176 1548 1232 militaribus
1590 1175 1758 1231 famu-

170 1268 367 1331 lantes;
430 1269 627 1338 quibus
670 1268 925 1324 trucidati
980 1268 1035 1321 in
1088 1266 1272 1337 proelio
1322 1266 1654 1322 deciderunt.
1689 1267 1766 1323 De

167 1360 371 1429 quibus
401 1358 531 1413 nolo
567 1368 619 1415 le
673 1359 858 1425 lateat,
922 1358 1179 1428 quoniam
1233 1357 1323 1412 vix
1374 1359 1515 1427 apud
1562 1356 1765 1412 Christi

167 1450 523 1506 clementiam
553 1450 787 1515 obtitnti,
819 1458 881 1505 ut
899 1450 1077 1519 erepti
1108 1449 1174 1504 de
1211 1448 1481 1504 ministris
1509 1449 1762 1504 tenebra-

171 1557 294 1595 mm
321 1541 459 1595 locis
481 1538 748 1611 refrigerii
780 1555 845 1596 ac
875 1540 1011 1595 lueis
1038 1540 1232 1596 sistere
1259 1549 1623 1595 mererentur.
1651 1539 1769 1595 Ca2-

171 1640 355 1686 terum
408 1640 464 1685 tu
513 1629 834 1687 delectabile
877 1631 1105 1687 Domino
1152 1640 1360 1697 votum,
1394 1639 1454 1686 ut
1491 1645 1763 1701 coeperas,

167 1722 348 1793 exple.
375 1743 397 1777 ο

242 1814 681 1884 Saperveniente
709 1815 875 1888 igitur
902 1810 1188 1890 designato
1226 1817 1335 1885 die,
1388 1818 1766 1892 congregatis~

169 1924 284 1979 que
312 1910 591 1981 episcopis
619 1921 672 1967 et
701 1910 989 1968 abbatibus
1026 1927 1149 1968 cum
1183 1913 1468 1969 innumera
1522 1912 1771 1973 munitu-

171 1999 303 2054 diae
327 2000 574 2056 ﬁdetium
593 2010 955 2073 uirorumque
980 2018 1205 2059 sexuum
1230 2004 1767 2083 etordinum,prius-

177 2102 345 2156 quam
385 2089 695 2161 inciperent
745 2107 903 2148 sacra
948 2090 1091 2159 fieri,
1144 2094 1227 2156 vir
1272 2101 1773 2156 reverendissimus

172 2178 445 2235 lleﬁveus
470 2182 843 2241 sanctioribus
870 2184 962 2256 Qui
993 2200 1373 2249 convenerant
1400 2193 1777 2250 sacerdotibus

175 2273 304 2338 δαν
331 2274 478 2344 quod
508 2276 559 2331 εἰ
587 2277 894 2342 fﬁciale
922 2276 1123 2351 fuerat,
1153 2286 1508 2344 manifestare
1535 2288 1772 2342 curavit.

178 2362 410 2422 Peracta
440 2383 572 2426 vero
602 2386 674 2430 ex
697 2386 857 2434 more
883 2380 1214 2446 sacratione,
1243 2381 1498 2436 omnibus
1529 2380 1778 2437 utensili-

181 2456 284 2512 Ιιιιε
309 2458 416 2516 fila
438 2469 796 2537 compositis,
841 2472 1009 2543 cmpit
1048 2472 1186 2528 idctn
1217 2472 1301 2526 vir
1351 2472 1608 2529 arctiorts
1656 2472 1781 2527 vita:

179 2558 655 2639 mraiionibus
683 2580 805 2620 sese
832 2578 1139 2633 conterere,
1188 2574 1352 2641 atque
1404 2564 1680 2622 solitarius
1726 2566 1780 2620 iu

186 2651 387 2723 exigua
420 2668 590 2724 penes
619 2656 911 2711 ecclesiam
940 2656 1136 2716 cellula
1166 2656 1389 2732 psalmis
1440 2663 1497 2711 et
1523 2656 1783 2711 orationi-

186 2743 286 2800 bus
316 2759 524 2801 vacans
556 2746 776 2818 degere.
807 2748 909 2826 Qui
943 2763 1066 2804 cunt
1096 2759 1222 2823 post
1253 2750 1369 2806 bch
1398 2766 1543 2807 anno
1581 2760 1783 2821 quarto

190 2837 547 2905 cognovisset
579 2852 638 2893 se
668 2837 721 2897 in
760 2837 911 2892 brevi
943 2840 1303 2910 migraturum
1330 2855 1360 2895 a
1410 2840 1626 2908 sscculo,
1670 2838 1783 2908 jam

185 2924 409 3000 jamque
436 2935 705 2996 a-grotare
732 2929 1008 3001 cmpisset,
1036 2944 1099 2987 ac
1131 2928 1314 2998 plures
1361 2931 1428 2987 ad
1480 2946 1601 2985 eum
1652 2931 1782 2985 visi-

193 3018 341 3074 tandi
395 3018 573 3087 gratia
618 3029 1035 3086 concurrerent,
1085 3021 1358 3091 simulque
1407 3021 1784 3093 prteslolautcs

1861 446 1999 500 rium
2045 446 2211 503 totius
2252 447 2441 517 gratia:
2486 446 3008 502 abundantissimum
3060 466 3074 515 ;
3129 458 3317 519 postea
3372 450 3441 505 ab

1856 536 1975 607 ipso
2022 545 2233 592 mutato
2285 536 2500 590 nomine
2556 536 2923 592 Frutuareuse
2978 538 3439 607 cognominatum.

1856 625 2012 695 Quod
2056 641 2177 679 cum
2227 625 2535 695 multigenis
2561 625 2939 697 locupletasset
2975 627 3274 694 beneficiis,
3314 646 3445 683 cnn-

1859 717 2036 772 stituit
2064 717 2137 772 ibi
2160 717 2568 779 ,monacborum
2605 717 2840 784 Patrem,
2873 734 2969 790 per
3012 720 3193 774 omnia
3235 734 3294 776 se
3327 722 3445 775 itai-

1860 816 2065 862 tantem
2095 847 2111 873 ,
2160 808 2383 863 nomine
2429 807 2716 863 Joannem.
2783 810 2911 864 Erat
2963 812 3107 866 enim
3159 813 3446 882 praedictas

1861 898 2178 956 Willcrmus
2206 914 2334 954 acer
2362 900 2598 971 ingenio,
2638 910 2697 955 et
2751 902 2981 973 insignis
3012 905 3330 973 prudentia;
3363 906 3446 959 id.

1860 990 2011 1045 circo
2063 1005 2334 1046 sumntum
2387 991 2441 1044 in
2502 990 2717 1060 palatiis
2772 1008 2958 1063 regum
3012 1010 3075 1049 ac
3128 1005 3448 1053 czeterorttm

1862 1081 2169 1153 principum
2216 1080 2501 1137 obtinebat
2556 1083 2755 1138 locum.
2809 1082 3176 1156 Quodcunque
3219 1081 3451 1159 dedique

1862 1174 2257 1229 monasterium
2307 1174 2531 1245 proprio
2578 1174 2905 1230 viduabatnr
2966 1186 3223 1247 pastore,
3269 1182 3452 1237 statim

1862 1264 2293 1335 compellebatur
2318 1274 2427 1320 tam
2453 1282 2484 1321 a
2534 1268 2773 1338 regibus,
2811 1267 2893 1325 vel
2906 1271 3215 1329 comitibus
3240 1290 3398 1345 quam
3422 1292 3455 1334 a

1865 1353 2230 1425 pontificibus.
2264 1364 2322 1410 ut
2352 1355 2669 1413 melioraudi
2690 1360 2867 1431 gratia
2900 1360 3029 1420 illud
3060 1364 3126 1418 ad
3161 1365 3456 1435 regendum

1865 1444 2189 1517 susciperet,
2246 1448 2501 1517 quoniam
2545 1448 2691 1509 ultra
2749 1466 2945 1512 etetera
2986 1456 3190 1511 divitiis
3234 1465 3289 1512 et
3333 1470 3459 1513 san-

1866 1541 2058 1596 ctitate
2098 1541 2271 1611 ipsius
2308 1545 2619 1614 patrocinio
2668 1558 2942 1619 assumpta
2981 1548 3345 1605 cernebantur
3365 1564 3459 1603 es-

1870 1632 2066 1689 eellere
2116 1642 2468 1697 monasteria.
2529 1642 2646 1712 lpse
2696 1658 2909 1716 quoque
2955 1641 3109 1698 ﬁrma
3164 1639 3465 1698 testabatur

1798 1722 1841 1782 Β
1872 1726 2175 1805 assertione
2203 1732 2330 1804 quia
2361 1734 2406 1789 si
2446 1734 2606 1805 hujus
2630 1733 2988 1791 institutionis
3022 1745 3175 1790 tenor
3221 1749 3465 1805 quncun.

1863 1804 2126 1897 'qtieloco
2164 1841 2192 1880 a
2244 1804 2529 1884 monachis
2573 1827 2956 1893 custodiretur,
2994 1826 3195 1881 nullam
3242 1804 3467 1881 omnino

1875 1919 2225 1990 indigentiam
2256 1918 2627 1990 cujuscunque
2654 1919 2731 1973 rei
2759 1929 3096 1989 paterentur.
3119 1917 3270 1986 Quod
3301 1917 3467 1972 etiam

1866 2003 2281 2065 evidentissime
2312 2009 2641 2066 declaratum
2692 2016 2776 2064 est
2815 2009 2868 2063 in
2903 2009 3035 2065 locis
3064 2010 3163 2064 sibi
3213 2008 3470 2064 cummis.

1875 2102 1970 2156 sis.
1998 2100 2196 2175 Fertur
2223 2101 2489 2173 siquidem
2513 2099 2702 2156 eadem
2729 2100 3019 2166 institutio,
3049 2115 3285 2177 ususque
3309 2100 3470 2168 hujus

1876 2192 2306 2258 consuetudinis,
2346 2206 2411 2249 ex
2440 2191 2612 2251 sancti
2663 2190 2842 2249 Patris
2887 2190 3161 2248 Benedicti
3198 2199 3471 2247 tnouaslco

1880 2282 1975 2338 riis
1998 2283 2081 2338 vel
2105 2283 2289 2355 regula
2315 2284 2600 2339 exordium
2632 2284 2902 2349 habuisse,
2936 2295 3099 2354 atque
3131 2299 3225 2354 per
3249 2283 3470 2338 beatum

1879 2373 2142 2437 Maurum.
2190 2374 2358 2445 ipsius
2397 2374 2649 2430 videlicet
2694 2373 3040 2444 discipulum,
3087 2373 3153 2431 ad
3203 2381 3469 2436 nostrum,

1882 2465 1933 2521 id
1963 2474 2063 2531 est,
2094 2465 2433 2525 Gallicanum
2464 2465 2798 2527 territorium
2830 2463 3062 2519 delatam
3122 2462 3309 2519 fuisse.
3352 2462 3470 2516 Ex-

1882 2570 1989 2617 stat
2015 2560 2180 2617 etiam
2212 2559 2446 2616 veridica
2478 2559 2967 2629 relatio,quouiam
2981 2570 3104 2635 post
3130 2559 3269 2621 beati
3302 2556 3478 2616 Mauri

1882 2652 2130 2711 obitunt.
2180 2649 2489 2707 succedenti
2560 2661 2803 2723 tempore
2869 2649 3105 2711 hostium
3167 2648 3470 2703 infestatio-

1884 2745 2043 2800 nibus
2089 2742 2296 2814 expulsi
2354 2742 2605 2798 monat'bi
2654 2757 2685 2796 a
2737 2734 3067 2798 monasterio
3119 2748 3480 2807 cognomeuio

1882 2837 2247 2906 Glannofolio,
2296 2837 2441 2909 quod
2473 2837 2589 2909 ipse
2643 2843 3048 2898 construxerat,
3095 2835 3235 2889 sicut
3279 2831 3331 2889 iu
3360 2833 3480 2905 ejus

1885 2933 2051 3005 gestis
2097 2932 2349 2997 habetur,
2406 2931 2461 2993 in
2490 2930 2877 3000 Andegavcnse
2910 2926 3204 2991 territorio,
3257 2926 3482 2979 venien-

1891 3036 2077 3094 tesque
2129 3023 2196 3079 ad
2248 3022 2641 3077 monasterium
2691 3020 2864 3074 sancti
2920 3017 3101 3073 Savini
3154 3014 3511 3084 confessoris

192 3105 246 3165 in
296 3104 421 3173 cius
468 3106 714 3162 discessu
770 3109 986 3179 aliquod
1038 3109 1156 3164 ﬁeri
1206 3092 1528 3169 miraculum
1576 3112 1782 3177 videre,
1813 3092 1856 3151 (ἶ
1890 3092 2222 3173 Piciavcnsis
2278 3115 2517 3173 tulerunt
2558 3128 2742 3193 secum
2799 3121 2965 3167 totam
3043 3098 3204 3180 quam
3260 3107 3485 3167 valuere

193 3206 380 3267 utpote
410 3197 503 3266 qui
533 3202 666 3255 tanti
690 3200 870 3253 meriti
898 3199 1256 3268 praesciebant
1288 3202 1482 3266 virum,
1515 3200 1630 3271 ipse
1656 3217 1785 3257 vero

192 3297 375 3365 mente
413 3290 598 3359 sagaci
633 3290 882 3365 prmdixit
911 3290 1016 3346 illis
1066 3307 1134 3350 ac
1162 3292 1373 3346 monuit
1402 3300 1462 3354 ut
1488 3291 1590 3350 alia
1624 3307 1784 3347 cura-

193 3363 346 3441 rent;
385 3363 639 3447 signum,
667 3379 809 3448 quod
837 3388 893 3434 et
918 3379 1142 3435 minime
1170 3390 1353 3436 essent
1384 3381 1577 3447 visuri,
1608 3398 1674 3436 ne
1694 3397 1789 3437 ex—

195 3477 528 3537 tipcctarcnt.
562 3468 671 3527 l‘ra
701 3484 760 3523 se
795 3471 977 3541 potius
1022 3471 1347 3531 obsecrabat
1380 3481 1437 3526 ut
1482 3472 1787 3547 piissimum

199 3558 487 3617 Dominum
532 3562 796 3617 attentius
836 3572 1092 3629 orarent;
1127 3562 1237 3631 jam
1265 3565 1528 3633 siquidem
1570 3566 1794 3637 propin-

196 3667 372 3721 quatis
400 3653 485 3708 sui
511 3654 691 3710 exitus
735 3654 924 3715 horam
950 3657 1151 3715 erectis
1200 3657 1251 3711 in
1302 3659 1499 3717 ca'lum
1546 3661 1794 3716 manibus

198 3752 251 3797 et
280 3742 461 3799 oculis
489 3745 827 3801 creberrime
856 3747 1071 3802 dicebat
1101 3766 1113 3802 :
1159 3768 1177 3800 ι
1212 3750 1462 3818 Domine,
1502 3753 1791 3820 miserere,

202 3832 453 3900 Domine,
484 3835 770 3891 miserere.
810 3855 828 3890 ι
861 3835 1063 3908 Sicque
1091 3838 1233 3894 inter
1291 3842 1405 3897 haec
1454 3844 1622 3900 verba
1670 3844 1797 3899 ulti-

200 3938 345 3979 mum
376 3923 585 3979 elllavit
635 3926 909 3999 spiritum.
961 3928 1327 4001 Sepultusquc
1378 3941 1461 3987 est
1508 3932 1561 3986 in
1606 3933 1794 3988 eadem

201 4018 461 4085 ecclesia,
487 4019 542 4074 in
594 4034 660 4075 eo
717 4020 925 4075 scilicet
976 4021 1115 4088 loco,
1168 4022 1259 4077 ubi
1308 4023 1560 4095 primitus
1608 4025 1798 4086 beatus

205 4108 472 4165 Martinus
500 4112 748 4184 sepultus
780 4112 1085 4184 quieverat.

834 4223 1061 4283 CAPUT
1116 4225 1179 4285 ν.

204 4313 281 4375 De
313 4318 653 4377 monasteriis
687 4318 1022 4388 recedi/iratis
1059 4320 1186 4377 bene
1214 4337 1245 4378 a
1274 4320 1547 4378 ii'iltcrma
1593 4322 1797 4389 abbate,

819 4389 895 4445 t'el
929 4391 1202 4450 institutis.
1416 4402 1420 4410 ‘

271 4479 506 4547 Claruit,
538 4495 603 4535 eo
646 4482 699 4535 iu
727 4489 992 4551 tempore,
1025 4480 1077 4534 in
1109 4480 1363 4550 praedicta
1391 4482 1670 4541 domorum
1706 4484 1798 4539 Dei

206 4570 602 4635 melioratione,
638 4570 967 4626 venerabilis
1002 4572 1170 4629 abbas
1208 4569 1542 4639 Willermus,
1577 4590 1607 4629 a
1637 4575 1799 4630 beato

207 4658 472 4739 siquidem
502 4659 696 4716 Maiolo
742 4661 996 4730 primitus
1020 4659 1269 4716 ecclesia:
1319 4662 1493 4718 sancti
1542 4664 1800 4735 martyris

207 4738 437 4820 Ecuigui
464 4738 625 4809 Pater
647 4749 998 4806 constitutus.
1031 4748 1485 4816 Quamvidelicet
1513 4753 1799 4809 ecclesiam

211 4840 354 4898 illico
384 4851 494 4895 tam
517 4842 650 4897 mira
686 4841 955 4898 locatione
986 4843 1314 4907 permutavit
1338 4843 1798 4913 utsbujusecmodi

213 4933 383 4988 altera
427 4932 638 4990 diﬂicile
667 4943 832 5005 queat
861 4935 1111 4990 inveniri.
1142 4935 1396 5005 Regulari
1425 4937 1590 4992 etiam
1616 4940 1807 4995 distin—

210 5026 397 5081 ctione
456 5042 561 5083 non
617 5028 804 5083 minus
854 5026 1113 5093 ellloruit,
1144 5036 1306 5096 atque
1367 5028 1807 5099 incomparabilis
1848 5035 1854 5041 ’

213 5119 378 5188 hujus
404 5123 603 5179 ordinis
652 5139 753 5179 suo
791 5132 1035 5193 tempore
1068 5134 1391 5194 propagator
1438 5126 1668 5184 exstitit.
1699 5126 1807 5180 Sed

214 5221 476 5280 quantum
503 5230 598 5282 pro
636 5215 740 5270 hac
771 5227 830 5267 re
863 5214 1189 5285 diligebatur
1222 5229 1255 5268 a
1286 5215 1556 5285 religiosis
1582 5227 1637 5272 et
1677 5217 1805 5287 piis,

218 5310 373 5338 Innln
403 5318 482 5338 nm

490 5305 561 5338 ιτῖι
593 5304 986 5338 Jnlrnlsuhnlnn
1018 5304 1478 5338 incinlinltnlnrnnn
1510 5321 1537 5338 σι
1588 5306 1805 5338 [μη-ιλιι-

1878 3206 2303 3277 supellcctilem,
2350 3206 2533 3275 ibique
2562 3219 2658 3274 per
2699 3202 2913 3277 aliquod
2960 3201 3191 3273 Spatium
3222 3199 3483 3270 temporis

1878 3315 1948 3363 ea
1996 3313 2115 3368 qua:
2149 3296 2456 3353 didicerant
2490 3309 2710 3366 operam
2757 3294 2973 3353 dedere.
3026 3292 3338 3363 lim-susque
3392 3290 3485 3351 illo

1889 3388 2211 3461 frigescente
2254 3387 2495 3457 ejusdem
2543 3387 2901 3446 districtionis
2955 3396 3139 3447 tenore
3178 3386 3318 3453 apud
3372 3398 3485 3437 ruo-

1889 3478 2187 3536 ttasterium
2215 3477 2389 3534 sancti
2421 3475 2639 3532 Martini
2687 3474 3193 3546 Augustoduncusis
3233 3483 3486 3543 stlscrpttt

1891 3568 2227 3640 dignoscitur
2275 3569 2563 3639 aliquoties
2594 3568 2852 3638 viguisse.
2905 3566 3109 3620 Deinde
3150 3579 3278 3619 vero
3324 3564 3485 3635 quasi

1895 3658 2052 3716 tertia
2093 3657 2569 3728 transmigratione
2626 3656 2677 3710 in
2731 3656 3011 3727 superiore
3055 3655 3361 3727 Burgundii:
3400 3654 3483 3707 lo-

1894 3760 2075 3807 catum
2123 3750 2406 3806 Balmeuse
2447 3749 2735 3821 occupavit
2784 3749 3195 3806 monasterium.
3232 3746 3311 3800 Ad
3353 3746 3480 3800 ulti-

1895 3858 2042 3902 mum
2070 3856 2300 3913 quoque,
2326 3843 2581 3912 praedicta
2610 3839 2858 3896 videlicet
2896 3839 3165 3895 institutio
3207 3834 3320 3904 jam
3344 3850 3483 3906 pene

1897 3934 2129 4001 defessa,
2185 3945 2408 3991 auctore
2450 3934 2578 4001 Deo,
2608 3932 2771 4001 elegit
2818 3932 2919 3986 sibi
2967 3930 3247 4000 sapientiae
3275 3929 3483 3991 sedem,

1901 4027 2043 4080 vires
2098 4024 2412 4088 collectura,
2460 4038 2524 4078 ac
2572 4020 2960 4081 frttctiﬁcatura
3008 4019 3251 4090 germine
3303 4017 3489 4074 multi~

1900 4117 2045 4187 plici,
2076 4117 2127 4172 in
2152 4115 2500 4180 monaSterio,
2555 4113 2763 4172 scilicet
2811 4120 3168 4183 cognomento
3202 4109 3486 4183 Cluniaco.

1900 4208 2054 4276 Quod
2087 4208 2251 4263 etiam
2289 4221 2355 4261 ex
2386 4207 2492 4262 situ
2540 4205 2778 4275 ejusdem
2805 4204 2907 4260 loci
2933 4205 3141 4262 acclivo
3187 4213 3348 4276 atque
3397 4204 3492 4257 hu-

1903 4302 2014 4356 tnili
2071 4301 2177 4355 tale
2205 4300 2457 4356 sortitum
2485 4308 2568 4355 est
2621 4313 2838 4363 nomen,
2869 4297 2955 4352 vel
2993 4296 3179 4359 etiam,
3219 4293 3362 4369 quod
3391 4308 3493 4367 ap-

1907 4396 2012 4453 tius
2043 4393 2116 4448 illi
2142 4393 2411 4464 congruit,
2443 4407 2472 4445 a
2502 4389 2723 4453 eluendo
2752 4390 2977 4454 dictum.
3004 4388 3260 4458 quoniam
3289 4386 3494 4451 cluere,

1905 4500 2155 4543 crescere
2185 4484 2434 4541 dicimus.
2466 4481 2677 4552 insigne
2723 4479 2922 4550 quippe
2975 4479 3368 4537 incrementum
3415 4477 3495 4530 di-

1886 4590 2188 4632 rvcrsorum
2239 4575 2501 4629 donorum
2547 4588 2579 4628 a
2627 4571 2708 4626 sui
2760 4570 3026 4640 principio
3078 4568 3133 4627 itt
3183 4568 3299 4627 dies
3349 4567 3501 4623 locus

1908 4669 2049 4726 idem
2080 4667 2330 4724 obtinuit.
3336 4718 3339 4721 Α

1978 4760 2295 4817 Construxit
2343 4758 2503 4828 igitur
2534 4756 2850 4828 praedictum
2891 4752 3199 4808 coenobium
3248 4743 3508 4828 primitus

1908 4852 2072 4911 Pater
2100 4851 2485 4907 tttonacltorum
2510 4846 2799 4917 supradicti
2825 4841 3128 4907 Balmensis
3161 4838 3515 4901 monasterii,

1909 4948 2085 5003 Bcruo
2125 4942 2619 5009 vocatus,xjubeute
2666 4937 2950 4993 Willermo
2978 4931 3226 5005 piissimo
3274 4927 3523 4997 Aquita-

1910 5050 2103 5092 norum
2123 5034 2280 5091 duce.
2323 5033 2377 5087 in
2406 5046 2544 5101 pago
2578 5028 2997 5086 Matisconcnse,
3041 5031 3204 5087 super
3233 5015 3527 5074 Graonam

1910 5129 2206 5183 lluviolutn.
2231 5126 2382 5191 Quod
2429 5124 2596 5177 etiam
2625 5117 2931 5175 CtBIIObl‘dln
2963 5117 3016 5170 in
3048 5111 3225 5182 primo
3253 5123 3373 5163 non
3409 5131 3531 5167 ant—

1912 5219 2051 5289 plias
2078 5232 2241 5286 quam
2282 5214 2591 5283 quindecim
2631 5205 2789 5263 terra:
2830 5205 3073 5260 colonias
3103 5197 3307 5289 dicitur
3340 5200 3405 5256 in
3440 5206 3535 5259 tio-

1912 5319 2019 5338 ο....ρ.
2073 5307 2347 5338 num-dona
2422 5303 2643 5338 νωιενιιε
2699 5305 2877 5338 Ιςιηιιιη
2937 5288 3228 5338 ιξιιηιῖηίίηι
3288 5306 3539 5338 ll’lnulrn
