3992 5338
546 306 682 367 ⁷656

1470 360 1473 363 .
1514 301 1823 363 .BODULFI
1862 302 2116 359 CLABRI
2156 299 2458 358 MONACHI
2496 302 2812 361 CLUNIAC.
2880 307 2887 313 ’

3634 357 3644 365 .
3703 313 3800 368 δῖε

575 423 824 481 videlicet
869 419 1088 492 iustitia:
1134 424 1190 476 et
1235 416 1468 487 pietaiis,
1513 418 1768 477 oneribus
1809 417 2140 471 incessanter
2169 418 2215 477 Α
2247 414 2377 471 viles
2425 415 2802 486 disposituras.
2845 417 3079 473 Nimium
3117 420 3317 491 quippe
3361 419 3656 493 ﬂagitiosus
3689 424 3807 480 ebe-

578 519 940 577 adhasserunt,
980 511 1182 567 ideirco
1216 509 1376 565 bonis
1400 509 1648 564 omnibus
1696 507 1889 577 repleri
1932 520 2142 562 merue-

577 615 720 673 runt,
745 606 1068 673 insuperque
1095 600 1290 655 futuris
1319 597 1575 654 imitabile
1606 596 1938 667 reliquerunt
1960 609 2143 651 exem-

548 700 742 769 ‘plum.
779 695 913 750 Nam
963 701 1087 763 post
1124 689 1405 762 prmfatum
1452 688 1756 744 Bernonem
1794 686 2029 755 suscepit
2058 699 2144 741 re-

566 793 613 860 gi
631 788 790 844 minis
818 800 1007 842 curam
1064 781 1495 853 sapientissimus
1539 781 1707 836 abbas
1733 779 1869 847 Odo,
1919 779 2003 833 vir
2049 792 2145 848 per

551 879 761 933 ‘omnia
814 874 1295 946 religiosissimus,
1338 872 1428 942 qui
1480 870 1655 926 fuerat
1701 871 1876 927 sancti
1928 866 2142 924 Martini

574 964 806 1023 Turonis
838 963 1090 1020 Ecclesiae
1122 961 1463 1032 praepositus,
1491 958 1730 1015 moribus
1758 967 1813 1014 et
1857 972 2144 1014 conversa-

562 1060 723 1113 ‘tione
751 1055 1056 1113 sanctitatis
1094 1053 1247 1108 valde
1274 1060 1518 1107 ornatus.
1547 1050 1645 1105 Hic
1666 1051 1810 1104 enim
1838 1050 1890 1104 in
1937 1055 2142 1103 tantum

568 1148 733 1217 hujus
782 1145 1017 1202 instituti
1058 1152 1383 1214 propagator
1429 1141 1659 1204 exstitit,
1687 1149 1746 1195 nt
1787 1153 1815 1192 a
1865 1139 2141 1194 Beneven-

577 1249 698 1293 rana
730 1236 1010 1308 provincia
1064 1247 1289 1304 quasque
1328 1231 1664 1287 habebantur
1694 1231 1744 1284 in
1792 1229 1941 1284 Italia
1989 1237 2044 1282 et
2088 1228 2142 1282 in

550 1328 762 1385 Galliis
813 1339 981 1395 usque
1026 1324 1300 1383 Oceanum
1347 1337 1492 1376 mare
1538 1321 1747 1389 potiora
1816 1317 2143 1375 monasteria

558 1420 725 1473 'illins
786 1415 977 1471 ditioni
1035 1412 1440 1483 gratularentur
1501 1424 1621 1466 esse
1694 1408 1956 1479 subjecta.
2016 1408 2146 1463 Post

542 1509 727 1578 ‘cujus
760 1509 964 1565 obitum
1009 1506 1272 1561 successit
1323 1503 1645 1559 lleimardus
1694 1502 1780 1557 vir
1808 1502 2032 1572 simplex
2089 1501 2141 1556 in

550 1602 747 1672 lipsius
793 1598 988 1655 locum.
1042 1594 1145 1663 Qui
1191 1594 1316 1649 licet
1361 1609 1464 1649 non
1519 1598 1655 1648 adeo
1705 1592 2145 1659 famosissimns,

578 1688 838 1760 regularis
887 1695 1065 1742 tamen
1126 1684 1487 1742 observantia:
1545 1698 1650 1737 non
1705 1683 1881 1752 impar
1941 1692 2144 1738 custos.

2243 512 2393 568 ctus,
2440 505 2683 562 ecclesiae
2727 506 2946 576 insuper
2988 507 3190 571 decus,
3247 509 3366 564 nisu
3419 526 3528 581 quo
3577 512 3796 578 valebat,

2241 591 2449 649 foedare
2473 594 3063 652 tentabatJudmorum
3105 612 3319 668 quoque
3353 599 3409 655 iu
3440 610 3647 656 tantum
3673 618 3799 671 pra:-

2244 683 2596 739 varicatorias
2645 684 2898 756 diligebat
2944 688 3373 750 consuetudines.
3425 700 3487 745 ut
3533 705 3595 746 se
3636 707 3798 763 regem

2246 771 2488 842 ipsorum
2544 790 2644 831 suo
2692 778 3042 845 praenomine,
3089 778 3395 836 Rainardus
3433 782 3631 852 quippe
3673 784 3802 838 dire-

2242 862 2420 928 batur,
2451 862 2564 921 suis
2584 864 2831 920 ornnibus
2855 865 3164 935 imperaret.
3190 867 3325 923 Cum
3354 868 3503 926 enim
3528 871 3582 925 in
3610 872 3800 927 ceteris

2243 949 2722 1019 mendacissimus,
2772 953 2937 1008 etiarn
2986 953 3307 1011 Christianae.
3360 956 3484 1013 ﬁdei
3528 959 3795 1015 insidiosus

2244 1037 2541 1094 habebatur
2567 1041 2859 1097 detractor.
2895 1042 3071 1113 Atque
3101 1044 3224 1100 ideo
3276 1060 3575 1117 pauperum
3618 1049 3796 1105 indicia

2250 1127 2457 1197 absque
2504 1129 2609 1183 ulla
2661 1132 3039 1202 promulgabat
3079 1135 3304 1206 pietate,
3329 1138 3545 1207 penitus
3566 1139 3792 1194 humani-

2246 1225 2357 1270 tate
2385 1227 2605 1273 remota.
2641 1218 2776 1275 Nam
2823 1223 2924 1289 rei,
2974 1239 3135 1294 quam
3187 1226 3433 1282 dicturus
3459 1244 3599 1294 sum,
3631 1239 3702 1285 tot
3724 1240 3793 1286 te-

2245 1314 2357 1360 stes
2377 1308 2702 1365 exstiterunt
2724 1313 2911 1381 quanti
2941 1312 2995 1368 in
3022 1315 3211 1370 eadem
3235 1314 3457 1372 civitate
3487 1331 3554 1373 eo
3582 1327 3791 1389 temporu

2244 1396 2496 1452 vivebant
2525 1397 2788 1455 homines.

2316 1491 2750 1561 Comprehensus
2774 1492 3064 1563 aliquando
3091 1494 3391 1567 ﬂagitiosus
3420 1497 3656 1568 quidam,
3692 1498 3785 1552 t‘ur-

2247 1588 2360 1635 turn
2387 1580 2611 1647 faciens,
2665 1582 2967 1653 ductusque
3021 1584 3090 1639 ad
3135 1600 3257 1641 eum
3286 1596 3347 1641 ut
3383 1585 3500 1654 ejus
3527 1588 3784 1652 audientis,

2248 1671 2376 1741 quid
2403 1673 2468 1728 de
2494 1687 2560 1727 eo
2598 1672 2901 1728 faciendum
2924 1684 3094 1741 esset,
3137 1676 3530 1746 assignaretur.
3562 1677 3657 1744 Qui
3697 1687 3787 1732 sta-

548 1758 699 1836 'vPost
727 1779 868 1833 hunc
915 1789 1131 1847 quoque
1180 1782 1398 1830 sanctus
1446 1786 1510 1828 ac
1546 1773 1872 1828 venerabilis
1923 1772 2142 1843 eligitur
2171 1758 2215 1818 Β
2245 1763 2340 1818 lim
2369 1763 2516 1817 omni
2568 1762 2919 1819 miseratione
2960 1772 3164 1820 remota
3197 1767 3449 1837 suspendi
3494 1768 3549 1821 in
3577 1766 3785 1837 patibulo

576 1870 798 1927 ttniolus
830 1910 846 1936 ,
892 1868 1045 1939 cujus
1092 1866 1339 1937 superius
1390 1865 1703 1920 memoriam
1749 1863 2007 1929 fecimus,
2053 1864 2146 1933 qui

547 1961 734 2014 ietiam
776 1970 1144 2013 successorem
1186 1954 1287 2010 sibi
1328 1954 1714 2009 monachorum
1754 1951 1969 2007 Patrem
2014 1965 2147 2021 prae-

556 2050 704 2103 ‘vidit
746 2046 1044 2103 Odilonem.
1094 2043 1191 2099 llic
1232 2044 1433 2099 etenim
1471 2042 1692 2113 quintus
1740 2057 1770 2095 a
1808 2041 1986 2111 primo
2019 2039 2148 2095 Ber-

578 2154 718 2193 none
767 2138 935 2192 abbas
984 2134 1190 2190 exstitit
1249 2133 1488 2203 prcedicti
1540 2129 1846 2187 Cluniensis
1895 2128 2145 2185 ccenobii.

579 2232 657 2286 Ex
701 2246 808 2300 quo
847 2229 1099 2284 videlicet
1129 2226 1380 2283 cmnobio
1419 2239 1516 2296 per
1555 2225 1796 2281 diversas
1844 2224 2148 2295 provincias

571 2321 771 2375 fratres
822 2318 1015 2388 saepius
1066 2314 1243 2387 petiti,
1300 2324 1463 2385 atque
1514 2314 1901 2370 monachorum
1961 2312 2149 2368 Patres

572 2411 827 2476 ordinati,
893 2409 1183 2481 plurimum
1239 2407 1466 2462 Domino
1523 2406 1861 2476 acquisivere
1912 2402 2144 2460 lucrum.

572 2502 671 2561 llic
694 2498 1069 2568 tamen'Pater,
1102 2499 1309 2556 scilicet
1334 2498 1668 2562 Willermus,
1706 2497 1773 2553 de
1800 2511 1907 2568 quo
1928 2496 1979 2550 in
2007 2510 2146 2566 pra:-

575 2597 872 2652 sentiarum
927 2607 1108 2650 sermo
1155 2590 1436 2646 exordium
1482 2586 1692 2653 habuit,
1734 2602 1846 2657 pra:
1901 2585 2150 2641 omnibus

575 2688 772 2743 exinde
820 2681 1250 2757 prmcedcntibus
1294 2679 1624 2751 praescriptas
1673 2677 2030 2734 institutionis
2072 2676 2149 2729 la-

569 2777 837 2833 boriosior
903 2790 968 2832 ac
1024 2772 1415 2848 spermologius
1443 2827 1463 2843 ,
1491 2768 1864 2826 fructificatior
1920 2777 2005 2825 est
2056 2782 2148 2823 re-

562 2874 780 2935 pertus.

1189 2949 1414 3009 CAPUT
1451 2949 1541 3007 Vl.

750 3048 830 3103 De
864 3055 1163 3102 sanctorum
1197 3041 1498 3114 pignoribus
1526 3039 1714 3110 ubique
1740 3036 1994 3093 revelatis.

2246 1851 2399 1905 illum
2457 1849 2803 1920 adjudicavit.
2832 1853 2906 1909 At
2963 1854 3078 1925 ipse
3110 1855 3201 1924 qui
3245 1855 3613 1926 deprehensus
3637 1856 3788 1912 fuerat

2246 1938 2668 2012 lacrymabiliter
2689 1944 3003 2013 praedictum
3038 1946 3372 2002 Rainardum
3415 1961 3607 2019 rogare
3630 1947 3789 2017 cepit.

2248 2040 2306 2085 ut
2345 2031 2491 2086 eiad
2535 2048 2771 2103 praesens
2818 2035 2983 2091 vitam
3031 2037 3349 2110 indulgeret,
3401 2040 3789 2110 promittenqu

2247 2125 2581 2198 sedeinceps
2607 2142 2715 2183 non
2765 2112 3231 2185 latrocinaturnm.
3280 2130 3387 2187 Sed
3432 2132 3789 2201 nequicquam.

2246 2216 2529 2273 Crudelior
2561 2217 2757 2289 quippe
2800 2218 2964 2276 flebat
3006 2223 3364 2278 sacramentis
3408 2224 3574 2278 etiam
3617 2238 3674 2280 se
3714 2222 3794 2279 ob-

2246 2308 2535 2380 stringens,
2568 2323 2674 2365 non
2705 2308 2846 2364 ultra
2884 2310 3149 2390 victurum
3194 2313 3569 2383 obsecrantem
3618 2330 3674 2371 se
3714 2315 3796 2371 nii-

2247 2417 2447 2459 serurn.
2487 2401 2589 2470 Qui
2632 2402 2821 2457 videns
2876 2402 3099 2459 minime
3140 2409 3299 2473 posse
3337 2405 3606 2474 prolatam
3648 2405 3709 2461 de
3749 2421 3800 2461 se

2248 2488 2535 2550 immutare
2567 2492 2910 2558 sententiam,
2956 2492 3059 2548 hoc
3101 2494 3440 2549 solummodo
3492 2496 3799 2565 impetravit,

2246 2593 2308 2641 ut
2327 2585 2582 2656 praedicto
2628 2582 2782 2639 fieret
2809 2582 3087 2640 confessus
3116 2599 3333 2640 suorum
3380 2583 3682 2641 facinorum
3705 2587 3802 2656 epi-

2244 2691 2409 2748 scopo
2439 2693 2454 2743 ;
2486 2676 2697 2747 sibique
2743 2675 2991 2746 protinus
3026 2677 3307 2743 morituro,
3351 2677 3494 2747 quod
3538 2676 3696 2744 hujus
3722 2680 3803 2731 rui-

2247 2768 2472 2824 nisterio
2499 2781 2813 2845 coneessum
2842 2775 2945 2834 est,
2990 2766 3285 2824 clementer
3318 2770 3641 2826 remitteret.
3667 2769 3804 2838 Quod

2246 2869 2307 2915 ut
2332 2858 2585 2925 obtinuit,
2638 2857 2783 2914 illico
2812 2873 2843 2913 a
2886 2869 3123 2929 nequam
3169 2859 3431 2915 ministris
3484 2861 3807 2931 compellitur

2246 2969 2566 3027 suspensum
2602 2954 2669 3009 iri
2713 2971 2729 3021 ;
2788 2953 3121 3025 eductusque
3157 2955 3222 3009 ad
3266 2956 3623 3012 constitutum
3649 2957 3808 3012 locum

2247 3048 2364 3104 inec
2386 3047 2548 3104 verba
2572 3047 2769 3117 saepius
2794 3047 3058 3103 iterabat:
3091 3047 3317 3103 Domine
3338 3046 3487 3111 Jesu,
3518 3049 3687 3119 quiin
3718 3051 3808 3104 hac

641 3139 958 3203 Candidato,
1011 3144 1072 3192 ut
1120 3111 1386 3200 diximus,
1431 3132 1485 3186 in
1519 3129 1729 3186 novatis
1793 3128 2144 3185 ecclesiarum

2248 3137 2336 3193 die
2360 3111 2664 3208 pependisti
2685 3136 2739 3191 in
2764 3152 2926 3193 cruce
2962 3151 3062 3208 pro
3082 3136 3252 3193 salute
3277 3111 3581 3203 hominum,
3611 3139 3809 3210 indulge

573 3229 815 3284 basilicis
840 3229 1091 3285 universo
1131 3226 1356 3289 mundo,
1395 3220 1743 3293 subsequenti
1791 3230 2050 3289 tempore,
2094 3219 2147 3274 id
2190 3263 2201 3270 .

577 3329 681 3389 est,
719 3332 862 3373 anno
908 3325 1100 3372 octavo
1131 3312 1271 3369 infra
1298 3311 1615 3384 praedictum
1669 3300 2013 3365 millesimum
2041 3308 2146 3363 hu-

581 3408 779 3463 manati
830 3404 1128 3462 Salvatoris
1181 3418 1407 3469 annum,
1458 3400 1693 3457 revelata
1742 3409 1867 3455 sunt
1910 3398 2149 3454 diverso-

576 3515 697 3555 rum
752 3504 1185 3569 argumentorum
1234 3491 1469 3558 indiciis,
1534 3504 1792 3562 quorsum
1843 3487 1934 3544 diu
1977 3488 2148 3542 latue-

568 3597 716 3653 rant,
747 3584 1096 3657 plurimorum
1140 3590 1451 3639 sanctorum
1498 3580 1747 3650 pignora.
1794 3575 1928 3632 Nam
1981 3575 2145 3631 veluti

573 3681 841 3751 quoddam
868 3675 1275 3732 resurrectionis
1304 3676 1624 3729 decoramen
1657 3669 2026 3741 przcstolantes
2053 3668 2146 3722 Dei

575 3782 709 3825 nutu
763 3768 998 3823 ﬁdelium
1048 3766 1325 3822 obtutibus
1384 3772 1648 3834 patuere,
1702 3776 1930 3831 quorum
1982 3761 2146 3816 etiam

573 3863 847 3919 mentibus
895 3859 1182 3932 plurimum
1228 3856 1461 3914 intulere
1515 3854 1778 3910 solamen.
1831 3852 1957 3908 Haec
2000 3851 2145 3907 enim

550 3952 838 4010 revelatio
889 3950 1142 4022 primitus
1182 3948 1244 4004 in
1308 3945 1574 4023 Senonica
1620 3942 1916 4000 Galliarum
1972 3941 2144 4007 urbe,

549 4045 717 4116 apud
763 4043 1049 4099 ecclesiam
1095 4041 1240 4097 beati
1294 4037 1551 4109 martyris
1578 4032 1838 4104 Stephani
1880 4031 2148 4102 dignosci-

578 4148 667 4190 tur
704 4134 952 4204 cmpisse.
990 4130 1088 4187 Cui
1129 4131 1292 4186 etiam
1335 4134 1569 4199 praeerat
1613 4121 1963 4192 archipraesul
2013 4119 2148 4175 Leo-

586 4225 824 4288 tericus,
872 4239 902 4277 a
955 4236 1063 4292 quo
1111 4219 1317 4276 scilicet
1358 4215 1671 4271 admiranda
1718 4213 1887 4269 relatu
1934 4218 2146 4282 reperta

2249 3226 2404 3282 mihi.
2443 3225 2574 3280 Erat
2615 3224 2762 3308 enirn
2810 3224 2900 3281 ille
2951 3224 3427 3291 dierum'sextus,
3476 3228 3568 3296 qui
3625 3227 3809 3282 idcirco

2249 3316 2496 3373 fidelibus
2525 3315 2793 3370 universis
2833 3314 3167 3371 reverentior
3186 3314 3438 3371 habetur.
3490 3316 3666 3374 Esto:
3707 3319 3808 3371 viu-

2247 3406 2406 3470 citur,
2436 3403 2693 3471 elevatur,
2726 3411 3038 3475 arctatoque
3051 3404 3397 3475 suspenditur
3422 3416 3661 3478 gutture.
3682 3406 3784 3461 Cnn

2249 3497 2460 3564 ctisque
2506 3492 2576 3548 ab
2609 3492 2713 3550 hac
2757 3492 3002 3561 funesta,
3044 3504 3105 3550 ut
3151 3495 3431 3566 putabant,
3480 3497 3804 3553 exsecuzione

2248 3586 2624 3643 recedentibus
2656 3625 2672 3652 ,
2722 3585 2964 3656 pendens
3014 3586 3159 3643 velut
3206 3588 3473 3643 exanimis
3514 3589 3710 3642 mansit
3758 3588 3803 3641 in

2247 3682 2389 3737 diem
2420 3681 2668 3753 alterum.
2698 3680 2849 3735 'l‘unc
2885 3690 3017 3737 nutu
3046 3682 3229 3738 divino
3268 3684 3443 3752 ruptis
3483 3683 3804 3753 ligamiuibns

2248 3772 2486 3842 suscepit
2536 3780 2679 3826 terra
2724 3771 2960 3827 solutum
3002 3771 3299 3838 hominem,
3328 3774 3531 3842 pariter
3559 3782 3616 3829 et
3645 3788 3805 3827 ηυδε

2247 3864 2337 3935 qui
2368 3862 2663 3934 cogebatur
2689 3862 2873 3918 subire
2918 3876 3106 3918 necem
3147 3864 3248 3918 sibi
3289 3863 3537 3918 sublatus
3565 3880 3661 3934 per
3682 3867 3807 3917 aeris

2246 3970 2435 4012 vacua.
2469 3954 2570 4022 Qui
2615 3955 2891 4025 ingressus
2936 3954 3207 4010 civitatem
3248 3954 3522 4024 stupidum
3553 3955 3805 4009 universis

2247 4045 2475 4115 praebuit
2503 4042 2888 4115 spectaculum.
2918 4041 3023 4099 Sed
3050 4043 3155 4098 beu
3182 4045 3194 4097 !
3224 4043 3357 4114 proh
3388 4043 3542 4099 dolor
3574 4045 3587 4098 !
3624 4045 3687 4098 ad
3706 4042 3803 4113 pri-

2247 4134 2388 4190 stina
2415 4148 2666 4189 reversus
2692 4131 2990 4203 ﬂagitiosus
3017 4134 3211 4189 evasit.

2327 4222 2423 4278 Cui
2455 4222 2528 4277 rei
2567 4222 2741 4277 simile
2778 4221 2952 4275 fertur
2977 4222 3266 4293 contigisse
3297 4221 3350 4276 in
3395 4221 3713 4277 Trecassina
3740 4221 3806 4274 cio

547 4325 709 4368 "sunt
766 4314 839 4368 ibi
892 4312 1234 4380 antiquorum
1294 4321 1573 4364 sacrorum
1636 4304 1890 4376 insignia.
1940 4301 2146 4370 Quippe

2246 4315 2418 4370 vitate
2457 4328 2564 4369 non
2611 4314 2768 4385 longo
2800 4322 2927 4371 ante
2957 4323 3217 4385 tempore.
3250 4312 3384 4367 Nam
3434 4314 3562 4368 dum
3603 4313 3805 4384 quidam

544 4406 721 4458 einter
743 4412 935 4458 caetera
976 4400 1248 4471 per-plura,
1289 4412 1411 4467 quae
1457 4396 1714 4457 latebant,
1766 4391 1963 4447 dicitur
1982 4391 2146 4460 virga:
2174 4460 2219 4475 ﬁ
2248 4403 2417 4471 fures,
2444 4405 2608 4459 boves
2634 4419 2744 4475 pm
2783 4418 2842 4459 se
2875 4403 3162 4468 minantes,
3194 4418 3225 4458 ο
3262 4401 3495 4457 dominis
3520 4403 3697 4459 boum
3738 4405 3806 4456 in.

548 4493 746 4566 .Moysi
776 4460 1041 4549 invenis-se
1070 4460 1297 4573 partem.
1334 4488 1416 4545 Ad
1465 4485 1618 4557 cujus
1657 4485 1733 4540 rei
1787 4483 1983 4538 famam
2012 4496 2144 4536 eon-

2251 4494 2404 4563 sequi
2433 4508 2492 4549 se
2534 4493 2946 4559 intellexissent,
2977 4493 3379 4567 commiserunt.
3396 4493 3619 4549 eosdem
3662 4496 3807 4549 boves

506 4573 846 4638 "verterunt
897 4583 1097 4651 quique
1151 4571 1367 4643 ﬁdeles,”
1404 4593 1511 4634 non
1561 4574 1732 4633 solum
1764 4589 1826 4630 ex
1860 4571 2152 4629 Gallicanis
2249 4582 2368 4638 vim
2393 4582 2603 4637 cuidam
2632 4582 2745 4637 seni
2777 4589 2833 4637 et
2864 4581 3156 4645 innocenti,
3189 4582 3341 4651 quasi
3366 4582 3544 4637 victus
3567 4597 3804 4637 necessa-

500 4669 515 4751 ξ
541 4671 899 4743 ,ztprovinciis,
924 4685 1110 4724 verum
1138 4670 1298 4724 etianr
1333 4683 1400 4723 ex
1432 4667 1685 4722 universa
1711 4678 1849 4735 pene
1884 4661 2058 4730 ltalia,
2086 4676 2149 4718 ac
2251 4671 2333 4725 ria
2362 4670 2662 4751 qrrmsituri,
2694 4684 2881 4751 revera
2906 4667 3044 4738 fugae
3068 4669 3380 4751 prmsidium
3412 4681 3664 4751 petentes
3692 4688 3803 4727 eva-

542 4742 650 4819 mile
696 4760 1070 4817 transmarinis
1121 4758 1468 4829 regionibus,
1515 4756 1783 4825 simulque
1823 4762 2150 4824 aegrotantes
2229 4747 2367 4806 suri.
2403 4746 2556 4815 Quod
2605 4762 2727 4801 cum
2769 4744 3057 4811 fecissent,
3092 4745 3281 4801 statim
3316 4742 3696 4812 deprehensus
3736 4751 3809 4797 est

538 4867 689 4909 "mon
729 4852 884 4924 pauci
933 4857 1243 4906 sanctorum
1285 4849 1594 4903 interventu
1639 4845 1833 4900 exinde
1880 4843 2155 4899 redierunt
2230 4853 2394 4896 senex
2449 4851 2572 4892 cum
2624 4835 2825 4902 bobus;
2872 4833 3132 4895 trahitur,
3187 4830 3446 4898 creditur,
3492 4846 3565 4887 ac
3605 4847 3807 4924 reorum

582 4923 898 5000 incolumes.
945 4939 1074 5002 Sed.
1125 4947 1185 4993 ut
1229 4936 1528 5007 saepissime
1582 4933 1848 5004 contigit,
1899 4931 2154 5001 quoniam
2231 4948 2380 4989 more
2422 4928 2675 4985 vincitur.
2719 4926 3030 4997 Ductusque
3083 4923 3150 4980 ad
3208 4924 3511 4996 principem
3557 4923 3807 4981 civitatis.

539 5036 724 5089 anule
772 5033 1003 5087 humana
1033 5028 1239 5083 utilitas
1283 5025 1447 5082 sumit
1496 5023 1799 5085 exordium,
1849 5019 2159 5089 cupiditatis
2228 5023 2478 5079 comitem
2520 5017 2773 5074 videlicet
2810 5016 3182 5082 Heribertum,
3214 5015 3332 5070 vult
3372 5029 3598 5070 causam
3647 5016 3808 5070 discn-

543 5125 715 5180 “vitio
738 5122 1065 5193 impellente,
1095 5118 1291 5174 exinde
1314 5115 1449 5171 solet
1470 5116 1745 5169 incurrere
1784 5126 1998 5175 casum,
2030 5124 2153 5163 nam
2230 5124 2362 5169 iure.
2404 5112 2517 5169 Non
2560 5111 2806 5177 auditur;
2841 5111 2973 5182 quin
3010 5111 3188 5181 potius
3240 5109 3395 5180 quasi
3444 5112 3617 5165 cruda
3668 5125 3805 5165 sene.

582 5214 842 5282 prmdicta
891 5211 1020 5266 urbs
1067 5215 1334 5263 conventu
1385 5204 1732 5274 populorum,
1789 5210 1849 5255 ut
1900 5200 2146 5263 diximus,

2246 5213 2374 5262 rtutc
2407 5219 2529 5259 reus
2565 5203 2744 5269 necis,
2785 5202 3075 5273 suspendio
3104 5195 3393 5257 ab'eodem
3429 5203 3636 5257 comite
3665 5202 3804 5267 adju-

716 5308 761 5338 ς..
809 5302 1026 5338 “unum:
1068 5298 1258 5338 οπροιςι
1307 5296 1707 5338 nnnlpnrieeimn
1738 5332 1752 5338 _
1797 5299 2157 5338 conuenerunt
2226 5295 2460 5338 dir-nine-
2497 5291 2759 5338 nirnrlmm
2792 5293 2957 5338 etiam
2997 5292 3205 5338 alumne.
3242 5290 3347 5338 ulla
3393 5291 3659 5338 dilnlimm
3696 5308 3806 5338 ner-
