3992 5338
177 354 287 409 637

1114 351 1588 410 HISTORIARUM
1627 352 1811 407 LIBRI
1849 352 2177 423 QUINQUE.
2202 383 2273 396 —
2295 354 2418 411 LIH.
2447 352 2531 410 Ill.

3328 354 3437 409 658

180 478 350 538 toque
377 466 577 531 triduo,
606 467 810 521 audivit
844 465 891 520 is
914 472 1004 535 qui
1029 466 1296 535 pendebat
1348 468 1581 522 viatores
1608 464 1765 535 juxta
1795 470 1848 525 Α
1872 482 1980 536 quo
2006 482 2136 522 casu
2168 469 2470 538 potuissent
2511 470 2579 523 ab
2608 482 2674 523 eo
2702 468 2900 524 divelli.
2933 465 3033 535 Qui
3061 481 3310 538 egressus
3339 469 3435 521 de—

180 566 593 629 prztereuutes
619 556 972 615 sermocinari
1021 557 1089 613 ad
1141 556 1394 613 invicem.
1444 557 1551 624 Qui
1585 555 1768 611 excla-

182 665 347 705 mans
368 664 502 706 voce
525 663 635 719 qua
680 647 877 718 potuit,
923 647 1390 718 addeponendum
1433 663 1493 703 se
1533 654 1769 717 quanto-

184 740 323 798 cius
338 739 530 794 venire
578 737 824 808 rogabat.
859 734 939 791 llli
980 751 1110 792 vero
1138 736 1423 792 audientes
1470 734 1769 792 damonica

182 830 322 893 ﬁeri.
346 830 602 886 illusione
629 827 940 884 credebant.
986 826 1362 883 Prociamante
1401 840 1616 897 quoque
1651 827 1780 896 ipso

183 920 669 989 attentius,qu
706 918 891 975 vivere
915 916 1243 985 aliirmante,
1264 925 1619 974 occurrerunt
1643 916 1771 982 viri,

184 1011 469 1069 solventes
493 1010 643 1066 illum
677 1009 1061 1080 deposuerunt.
1084 1007 1186 1075 Qui
1214 1007 1509 1077 perductus
1534 1008 1602 1063 ad
1625 1006 1767 1064 civi-

186 1110 394 1163 tatem.
446 1100 576 1156 dum
622 1107 1068 1170 percunctaretur
1104 1098 1377 1170 quomodo
1444 1097 1663 1155 laudent
1714 1094 1773 1151 iu

184 1189 434 1265 patibulo
473 1188 716 1260 pendens
759 1203 882 1245 sese
928 1188 1242 1254 habuisset,
1291 1186 1473 1244 aiebat
1512 1203 1527 1247 :
1580 1205 1599 1237 ι
1628 1185 1770 1242 Dum

182 1293 386 1342 «sein,
410 1276 682 1346 inquiens,
705 1273 910 1345 junior,
933 1284 1155 1345 accepta
1171 1274 1285 1346 jam
1307 1274 1553 1345 conjuge,
1576 1272 1771 1343 excepi

184 1384 314 1431 una
354 1369 475 1438 ipsa
515 1367 758 1425 oblatum
791 1366 925 1423 mihi
970 1382 1002 1422 a
1037 1365 1270 1437 quadam
1315 1365 1383 1422 de
1428 1379 1589 1421 sacro
1622 1363 1773 1420 fonte

186 1458 452 1520 ﬁliolum,
501 1455 588 1513 cui
638 1455 802 1510 etiam
862 1455 1238 1510 consensimus
1273 1454 1424 1519 dare,
1459 1468 1527 1510 ex
1579 1463 1769 1511 nostra

185 1565 357 1621 parva
381 1545 722 1611 facultatula,
743 1560 904 1615 quem
939 1544 1112 1603 solum
1139 1544 1208 1603 de
1247 1552 1421 1599 matre
1448 1557 1771 1614 suscepera-

186 1654 313 1695 nius
346 1637 561 1693 liberali
590 1636 765 1707 gratia
795 1635 1022 1691 vitulum
1054 1651 1241 1691 unum.
1281 1634 1352 1692 Ut
1380 1635 1525 1693 enim
1562 1634 1773 1704 pridem

186 1744 310 1783 sum
338 1727 598 1783 dimissus
625 1725 772 1782 celsa
802 1725 869 1782 de
894 1725 1048 1781 trabe
1081 1725 1338 1796 pendere,
1368 1726 1485 1780 visa
1523 1735 1609 1779 est
1638 1724 1769 1779 mibi

186 1816 454 1888 grandior
499 1815 769 1871 universis
815 1814 1147 1881 occurrisse,
1176 1825 1508 1885 estensoque
1542 1829 1769 1885 corpore
1802 1808 1846 1868 Β

188 1918 358 1979 atque
401 1917 587 1963 erecta
632 1905 847 1965 cervice
889 1905 1084 1964 leniter
1114 1904 1251 1961 meis
1290 1905 1540 1965 submisit
1570 1920 1773 1962 cornua

187 2000 412 2070 plantis,
445 2013 515 2052 ac
540 2012 628 2053 me
668 1995 1004 2071 huiusmodi,
1035 1996 1277 2066 quandiu
1315 1995 1565 2066 pependi,
1610 1995 1775 2053 susti-

189 2089 330 2151 nuit.
363 2107 384 2141 ι
423 2087 538 2144 [loc
568 2102 703 2143 vero
746 2087 839 2146 ilio
874 2088 965 2157 qui
1014 2095 1266 2143 servatus
1303 2102 1334 2141 a
1383 2095 1555 2141 morte
1602 2085 1778 2142 fuerat

192 2178 493 2243 referente,
523 2178 592 2231 ad
634 2176 778 2233 illius
817 2176 1123 2248 exemplum
1159 2178 1282 2231 data
1309 2186 1396 2233 est
1433 2177 1775 2246 postmodum

189 2270 246 2333 in
292 2284 428 2342 gyro
474 2268 654 2325 liliolis
693 2266 865 2325 fontis
902 2284 1072 2325 same
1119 2268 1242 2324 tidei
1275 2267 1567 2323 vitulorum
1619 2268 1777 2323 innu-

190 2377 344 2417 mera
400 2358 1025 2423 multitudo.7Pr:eterea
1069 2358 1364 2425 Bainardo,
1417 2366 1479 2414 ut
1514 2358 1776 2422 diximus,

186 2454 528 2531 iudaizante,
558 2453 690 2523 quin
720 2454 899 2524 potius
931 2452 1255 2517 insaniente,
1285 2465 1503 2505 suasum
1531 2458 1614 2505 est
1638 2449 1775 2519 regi,

191 2546 285 2616 qni
314 2546 570 2601 videlicet
624 2543 777 2601 illum
810 2542 1121 2613 frequenter
1158 2541 1229 2597 ob
1261 2557 1417 2601 suam
1465 2537 1777 2610 improbita-

197 2648 305 2697 tem
334 2636 712 2706 redarguerat,
739 2643 799 2688 ut
824 2633 1033 2688 scilicet
1060 2642 1225 2689 tanta:
1245 2632 1484 2688 civitatis
1512 2632 1780 2701 principa-

196 2735 309 2785 tum
344 2726 499 2794 regio
527 2722 839 2794 subjugaret
873 2722 1133 2786 dominio.
1181 2738 1248 2779 ne
1275 2722 1545 2792 siquidem
1573 2721 1776 2784 diutius

198 2819 341 2874 vires
368 2816 617 2888 pessimi
637 2815 961 2872 incrementi
987 2823 1247 2872 sumeret.
1263 2814 1578 2872 scandalum
1609 2828 1801 2870 sacrm.

196 2910 344 2973 ﬁlei.
377 2909 496 2976 Qua
538 2908 753 2964 ratione
796 2922 890 2964 rex
920 2906 1251 2995 compulsus,
1280 2907 1777 2972 misitexercitum,

197 3000 290 3071 qui
314 2999 636 3069 praedictum
667 2998 1001 3057 Hainardum
1033 3014 1065 3059 a
1086 2998 1305 3054 civitate
1329 2997 1612 3068 pellerent,
1643 2996 1778 3053 sibi-

197 3107 302 3162 que
346 3091 501 3145 illam
542 3091 797 3145 tuendam
846 3101 1145 3146 servarent.
1179 3088 1469 3146 Venientes
1531 3104 1661 3151 vero
1688 3088 1778 3158 qui

1873 555 1994 610 tulit
2033 556 2245 611 litteras
2268 557 2526 625 praedicto
2549 557 2778 627 principi
2823 556 3052 612 refertas
3078 555 3203 611 dolo
3241 565 3297 611 et
3341 571 3434 610 ue-

1868 645 2071 715 quitia;
2098 656 2153 701 et
2181 646 2457 716 quoniam,
2512 646 2613 702 nisi
2655 646 2889 704 celerius
2915 646 3134 701 domum
3171 643 3469 700 Christian

1869 753 2060 793 norum
2091 737 2454 792 venerabilem
2491 738 2854 804 subverteret,
2895 737 3060 793 sciret
3090 748 3149 792 se
3176 736 3228 791 in
3254 739 3438 807 proxi-
3466 778 3469 781 λ

1871 842 2017 882 mum
2057 824 2387 882 Christianis
2431 840 2652 897 regnum
2686 827 2829 885 illius
2865 826 3254 896 occupantibus
3290 826 3436 881 omni

1871 917 2091 989 penitus
2111 917 2377 987 dignitate
2399 931 2609 974 carere.
2640 915 2735 973 His
2761 932 2890 974 vero
2930 918 3180 988 princeps
3216 917 3436 977 auditis,

1871 1009 2116 1079 protinus
2152 1006 2339 1064 furore
2389 1018 2668 1077 arreptus,
2712 1008 2859 1065 misit
2908 1007 3330 1079 Hierosolymam
3369 1006 3439 1061 de

1871 1098 1984 1155 suis
2014 1099 2106 1169 qui
2143 1098 2459 1169 praedictum
2489 1097 2731 1154 funditus
2751 1097 3129 1154 subverterent
3152 1095 3432 1167 templum.

1871 1190 1972 1257 Qui
2022 1190 2301 1247 venientes
2351 1189 2597 1246 fecerunt
2637 1198 2695 1246 ut
2736 1188 2817 1245 eis
2864 1187 3040 1245 fuerat
3093 1188 3436 1257 imperatum.

1871 1278 2046 1349 ipsum
2101 1294 2317 1350 quoque
2357 1294 2655 1337 concavum
2716 1278 2949 1350 sepulcri
2992 1277 3255 1334 tumulum
3308 1278 3438 1333 ferri

1834 1370 2134 1429 ,tnditibus
2190 1384 2450 1440 quassare
2517 1378 2787 1427 tentantes
2845 1369 3067 1425 minime
3128 1368 3436 1423 valuerunt.

1871 1460 2023 1518 Tunc
2040 1461 2206 1518 etiam
2233 1461 2377 1517 beati
2404 1461 2659 1534 martyris
2693 1461 2908 1532 Georgii
2938 1459 3224 1522 ecclesiam
3251 1458 3302 1514 in
3329 1459 3439 1513 ita-

1871 1552 2018 1608 mqu
2042 1552 2248 1622 pariter
2269 1553 2666 1617 subverterunt,
2692 1553 2845 1623 cujus
2872 1551 2999 1606 olim
3036 1550 3208 1606 virtus
3242 1550 3439 1605 Sarra-

1872 1656 2131 1699 cenorum
2188 1642 2417 1699 nimium
2461 1651 2675 1714 gentem
2721 1651 3016 1698 terruerat.
3060 1641 3255 1696 Fertur
3295 1640 3439 1695 enim

1872 1734 2064 1789 crebro
2093 1732 2218 1789 iiiuc
2241 1748 2339 1789 eos
2362 1732 2568 1804 ingredi
2593 1732 2870 1802 cupientes
2897 1739 3107 1802 raptum
3132 1730 3433 1786 caecitatem

1874 1827 2180 1898 pertulisse.
2214 1826 2417 1882 Eversa
2446 1826 2632 1895 igitur,
2681 1833 2742 1880 ut
2782 1825 3037 1885 diximus,
3070 1821 3284 1891 templo,
3321 1831 3442 1891 post

1873 1915 2148 1987 paululum
2183 1914 2470 1970 manifeste
2505 1913 2702 1968 claruit
2730 1914 2987 1983 quoniam
3012 1910 3318 1966 Judazorum
3346 1926 3441 1964 ne-

1873 2008 2044 2081 quitia
2074 2014 2284 2062 tantum
2307 2004 2458 2061 nefas
2484 2005 2557 2060 sit
2589 2013 2881 2075 patratum.
2904 2002 3081 2074 thue
3110 2002 3441 2073 divulgatum

1872 2107 1955 2151 est
1985 2112 2082 2167 per
2107 2096 2292 2151 orbem
2339 2095 2669 2155 universum,
2704 2091 2979 2149 communi
3014 2091 3255 2145 omnium
3284 2089 3455 2145 Cbri-.

1874 2191 2172 2248 ttianorum
2217 2202 2482 2245 consensu
2512 2187 2789 2241 decretum
2835 2193 2919 2240 est
2957 2191 3016 2238 ut
3049 2198 3238 2238 omnes
3266 2182 3473 2238 ludam.

1875 2281 1943 2335 ab
1971 2279 2181 2334 illorum
2223 2277 2384 2332 terris
2427 2275 2514 2330 vel
2557 2274 2868 2330 civitatibus
2904 2272 3147 2328 funditus
3173 2270 3440 2342 pelleren-

1875 2383 1982 2429 tur.
2014 2369 2215 2440 Sicque
2245 2367 2481 2423 universi
2507 2365 2632 2423 odio
2665 2366 2858 2430 habiti,
2905 2364 3113 2436 expulsi
3141 2363 3210 2419 de
3241 2364 3437 2420 civita-

1875 2461 2054 2525 tibus,
2095 2459 2185 2514 alii
2222 2457 2417 2529 gladiis
2456 2455 2731 2522 trucidati,
2779 2456 2869 2511 aiii
2915 2454 3225 2511 ﬂuminibus
3265 2454 3489 2516 necatir.

1877 2550 2216 2620 diversisque
2236 2548 2492 2604 mortium
2518 2547 2806 2619 generibus
2831 2546 3139 2616 interempti
3156 2561 3187 2611 λ
3203 2544 3461 2603 nonnulli,

1876 2643 2037 2696 etiam
2059 2654 2183 2695 sese
2208 2637 2418 2693 diversa
2433 2638 2592 2693 ccede
2608 2638 3017 2701 interemerunt,
3048 2634 3332 2690 itascilicet
3357 2643 3453 2697 ut,

1827 2788 1839 2802 ,
1876 2731 2036 2802 digna
2074 2731 2139 2787 de
2177 2729 2259 2786 eis
2286 2727 2487 2785 ultione
2534 2735 2774 2797 peracta,
2805 2726 2894 2781 vix
2923 2724 3079 2795 pauci
3131 2722 3343 2797 illorum
3385 2723 3475 2781 in.

1877 2822 2010 2879 orbe
2045 2820 2413 2891 reperirentur
2441 2819 2704 2874 Romane.

1951 2910 2101 2967 Tune
2143 2924 2359 2980 quoque
2407 2909 2684 2967 decretum
2722 2918 2808 2964 est
2856 2905 2924 2964 a‘b
2972 2904 3239 2980 episcopis
3281 2914 3481 2976 atque-

1882 3001 2227 3058 interdictum
2263 3010 2322 3054 ut
2355 2998 2532 3057 nullus
2553 2998 2983 3055 Christianorum
3018 2998 3121 3052 illis
3148 3012 3209 3052 se
3234 2997 3287 3051 in
3312 3012 3466 3066 (100-,

1882 3106 2095 3162 cunque
2135 3090 2371 3147 sociaret
2406 3089 2641 3161 negotio.
2682 3088 2738 3144 Si
2776 3088 2871 3158 qni
2909 3097 3088 3143 tamen
3130 3089 3196 3143 de
3242 3087 3346 3141 illis
3377 3086 3487 3143 ad...

198 3182 350 3237 missi
384 3181 612 3237 fuerant
651 3195 684 3235 a
728 3195 875 3252 rege,
925 3188 1187 3250 ceperunt
1216 3180 1405 3237 urbem
1449 3194 1572 3237 cum
1614 3177 1779 3233 nimia
1808 3160 1855 3222 θ
1885 3160 2137 3254 baptismi
2191 3182 2420 3253 gratiam
2487 3160 2732 3238 converti
2783 3179 3079 3235 voluissent
3124 3193 3487 3246 omnemque-

200 3273 645 3345 depopulatione,
672 3283 887 3343 partem
921 3272 1085 3328 etiam
1116 3272 1237 3342 ejus
1262 3287 1370 3328 non
1399 3271 1665 3328 modicam
1694 3272 1777 3325 in-

200 3366 399 3423 cendio
442 3378 779 3421 cremavere.
812 3362 1102 3434 Superavit
1143 3362 1412 3432 siquidem
1451 3360 1778 3432 magnitudi-

201 3470 324 3511 nem
349 3455 552 3524 prioris
594 3453 773 3525 gaudii
812 3453 1250 3524 promet‘entibus
1289 3451 1507 3526 flagitiis
1539 3451 1779 3507 enormi-

203 3556 285 3605 Ias
309 3544 663 3602 calamitatis.
697 3588 700 3591 λ

802 3633 1029 3693 CAPUT
1074 3633 1184 3693 ΥΠ.

269 3722 349 3778 De
385 3722 654 3783 eversione
698 3723 874 3796 temij
918 3722 1453 3796 Hierosolymorum,
1484 3733 1533 3781 et
1571 3740 1713 3781 rixae

832 3791 1165 3849 Judworum.

270 3904 350 3959 Eo
379 3918 602 3975 quoque
634 3912 902 3974 tempore,
931 3902 986 3958 id
1007 3912 1092 3959 est
1120 3918 1265 3961 anno
1288 3919 1432 3961 nono
1454 3911 1576 3975 post
1597 3902 1786 3973 prtefa-

208 4003 318 4053 ttnn
347 3993 723 4057 millesimum,
754 3992 1006 4056 ecclesia,
1032 4007 1152 4062 qua:
1172 3994 1314 4063 apud
1359 3992 1786 4063 Hierosolymam

207 4086 518 4156 sepulcrum
558 4084 873 4143 continebat
918 4084 1129 4147 Domini
1162 4100 1225 4141 ac
1254 4083 1552 4140 Salvatoris
1591 4083 1786 4148 nostri,

208 4192 393 4231 eversa
421 4185 509 4233 est
538 4175 787 4232 funditus
806 4174 962 4244 jussu
993 4175 1257 4246 principis
1292 4174 1598 4247 Babylonis.
1622 4172 1788 4243 Cujus

210 4266 459 4321 videlicet
502 4264 806 4321 eversionis
833 4265 1053 4321 occasio
1097 4264 1224 4332 tale,
1258 4265 1403 4337 quod
1446 4264 1644 4319 dicturi
1687 4278 1780 4319 su-

211 4371 347 4423 mus,
374 4355 729 4427 cognoscitur
752 4354 1037 4412 exordium
1083 4355 1354 4417 habuisse.
1380 4354 1519 4411 Cum
1545 4354 1690 4416 enim
1721 4353 1789 4407 de

214 4456 320 4506 toto
345 4457 637 4503 terrarum
670 4445 806 4505 orbe
852 4446 922 4503 ob
952 4444 1162 4516 insigne
1198 4445 1538 4505 Dominicum
1582 4458 1789 4501 metuo-

1883 3276 2163 3332 Judaieam
2186 3288 2444 3343 respuere
2475 3272 2917 3329 consuetudinem
2955 3271 3039 3327 vel
3074 3285 3301 3335 morem,
3326 3268 3445 3323 illos

1886 3378 2094 3424 tantum
2150 3365 2430 3435 suscipere
2474 3365 2849 3420 decreverunt.
2900 3363 3053 3431 Quod
3098 3371 3156 3420 et
3201 3361 3459 3419 fecerunt-

1884 3456 2105 3529 plurimi
2140 3456 2354 3513 illorum
2386 3455 2558 3526 magis
2587 3469 2773 3510 amore
2796 3454 3081 3524 praesentis
3120 3454 3245 3509 vita:
3272 3455 3446 3516 coacti

1884 3556 2030 3603 metu
2074 3546 2265 3603 mortis
2289 3561 2453 3616 quam
2484 3546 2608 3600 vitae
2652 3545 2996 3615 sempiterna:
3038 3543 3265 3617 gaudiis.
3309 3542 3444 3597 Nam

1884 3638 2191 3708 quicunque
2231 3635 2444 3691 illorum
2492 3650 2612 3691 sese
2665 3634 2807 3690 tales
2844 3631 3306 3690 mentiendolieri
3347 3646 3443 3699 po-

1886 3735 2172 3800 poscerant
2201 3724 2358 3798 paulo
2388 3733 2514 3796 post
2539 3724 2607 3780 ad
2632 3737 2838 3782 morem
2870 3722 3160 3797 pristiam
3193 3731 3319 3779 sunt
3343 3720 3461 3781 im.

1887 3816 2151 3888 pudenter
2180 3815 2415 3875 reversi.
2435 3814 2703 3871 Prteterea
2728 3813 2814 3870 bis
2838 3813 2910 3868 ita
2940 3812 3126 3883 gestis,
3158 3810 3446 3883 praedictus

1887 3906 2190 3962 litterarum
2210 3904 2424 3975 baiulus
2446 3905 2512 3961 ad
2548 3906 2788 3961 nativum
2813 3904 2951 3960 male
2979 3917 3199 3960 securus
3225 3903 3447 3971 repeda-

1888 3996 1964 4052 vit
2006 3996 2204 4054 solum.
2243 3996 2420 4064 Coepit
2463 3996 2643 4065 itaque
2674 3994 2871 4055 sedulo,
2896 3993 3206 4063 perquirere
3235 3991 3279 4045 si
3312 3991 3469 4044 forte.

1888 4086 2195 4157 quempiam
2242 4084 2424 4156 gentis
2465 4099 2574 4138 sua:
2620 4080 2826 4137 fraudis
2863 4080 3135 4135 conscium
3168 4077 3451 4147 reperiret.

1888 4157 2126 4230 Inventis
2169 4187 2302 4229 vero
2347 4171 2631 4243 perpaucis
2676 4170 2731 4229 in
2776 4169 2992 4225 civitate
3036 4166 3471 4225 Aurelianornm
3498 4223 3513 4230 ο

1889 4265 2083 4336 pavide
2107 4263 2395 4319 admodum
2439 4261 2779 4331 degentibus,
2823 4273 3007 4313 rursus
3033 4256 3199 4325 erepit
3237 4254 3466 4309 illorum

1892 4352 2318 4415 familiariusuti
2362 4350 2651 4409 consortio.
2699 4348 2911 4404 Accidit
2951 4346 3113 4416 igitur
3139 4352 3195 4399 ut
3234 4344 3453 4413 quidam

1893 4440 2378 4515 percgrinus,_ejus
2397 4441 2451 4494 in
2482 4438 2844 4493 transmarino
2870 4436 3048 4490 socius
3070 4434 3263 4504 itinere
3281 4441 3495 4502 atque-

210 4538 340 4595 riale
365 4538 605 4608 plurima
654 4537 896 4604 fidelium
929 4511 1216 4591 multitudo
1245 4534 1666 4604 Hierosolymam
1706 4534 1790 4589 vi-
1816 4511 1864 4571 D
1890 4511 2193 4591 certissime
2226 4531 2366 4585 illius
2397 4529 2608 4585 itineris
2652 4525 2899 4586 conscius
2948 4523 3169 4594 negotii,
3200 4522 3456 4579 illucde-

211 4627 429 4683 sitaturi
472 4636 796 4698 pergerent,
843 4641 1045 4683 rursus
1081 4625 1515 4696 coepitinvidus.
1542 4622 1789 4685 diabolus

211 4735 305 4795 per
332 4718 743 4787 assuetamcsibi
764 4717 1073 4774 Judaeorum
1100 4725 1314 4787 gentem
1340 4730 1480 4771 verae
1518 4715 1638 4771 fidei
1677 4714 1813 4772 θυι-ι

214 4810 419 4868 laribus
444 4824 723 4889 venenum
753 4823 864 4865 suae
894 4806 1148 4876 nequitia:
1177 4806 1483 4876 propinare.
1529 4805 1659 4861 Erat
1695 4804 1791 4876 igi-

216 4909 301 4960 tur
345 4902 506 4972 hujus
552 4900 774 4981 generis
820 4898 963 4968 apud
1000 4897 1448 4959 Aurelianensem
1492 4896 1792 4961 Galliarum

218 4992 418 5062 regiam
459 4987 647 5052 urbem
680 5005 793 5071 non
838 4989 1050 5045 modica
1099 4987 1411 5051 multitudo,
1444 4987 1537 5057 qui
1581 4986 1807 5042 ueteris,

214 5095 324 5108 ειη-ι..
361 5081 533 5108 ...ιι-ηιξ.-
569 5079 887 5108 ...ηιὲλῖλινυι
958 5087 1008 5108 no
1060 5077 1225 5108 ἔνι-σέ.Ιῖ
1272 5085 1434 5108 nlnssn
1477 5076 1790 5108 ηιιιΙηΛῖΛνοο

1891 4624 2101 4679 veniret
2134 4635 2427 4690 rursusque
2478 4617 2623 4672 illum
2652 4615 2956 4672 JtlthOl'ttm
3007 4611 3260 4667 amicitiis
3297 4611 3489 4664 nimis,

1890 4716 2099 4771 inurere
2135 4722 2414 4776 cerneret;
2460 4709 2635 4780 palatii
2676 4706 2944 4765 universis
2978 4704 3219 4760 iudicare
3250 4702 3461 4753 curavit

1890 4807 2080 4878 quanti
2108 4803 2231 4861 mali
2259 4802 2476 4873 gerulus
2498 4799 2583 4854 ille
2605 4806 2748 4853 esset
2774 4794 3082 4855 liomoncio,
3109 4805 3175 4843 ex
3201 4786 3356 4854 cujus
3386 4789 3489 4845 rei.

1892 4913 2058 4956 causa
2096 4894 2401 4952 Judaeornm
2428 4891 2692 4963 potiretur
2724 4888 2940 4956 opibus.
2969 4881 3090 4950 Qui,
3134 4878 3276 4931 illico
3305 4893 3454 4932 com-

1898 4989 2196 5062 prehensus
2248 4983 2498 5058 aerisque
2551 4978 2784 5049 agitatus
2820 4968 3177 5062 verberibus,
3202 4964 3490 5062 propria;

2492 5067 2719 5108 prinum-
2759 5074 3002 5108 momine
3030 5070 3061 5108 ιι
3090 5050 3365 5106 ministris
3395 5066 3481 5106 re-

1896 5074 2138 5108 Ailnsinui
2170 5072 2456 5108 nnnlilnlnr
