3992 5338
549 170 653 227 εδδ
1502 164 1804 229 RODULFI
1841 168 2090 226 cuum
2131 166 2436 230 uoxacm
2475 174 2793 235 CLUNIAC.
3697 180 3803 237 σω

552 284 633 339 vel
672 285 740 339 ad
765 276 1195 340 confirmandum
1224 273 1502 357 proprium
1535 285 1708 350 nefas,
1746 300 1841 342 seu
1878 286 1944 342 ad
1976 285 2131 341 testi--
2161 291 2207 347 Λ
2236 286 2337 342 bus
2375 302 2440 342 ac
2485 289 2758 360 religiosis
2790 289 3096 361 quibusque
3139 288 3319 356 iaieis,
3356 290 3620 350 acerrime
3639 295 3803 364 copit

555 378 798 434 monium
830 376 935 433 fusi
969 378 1249 448 sanguinis
1286 378 1508 443 Christi,
1563 380 1766 435 idcirco
1789 395 1916 436 vero
1957 382 2132 437 credi-

548 485 668 523 mus
719 469 1152 525 Christianorum
1205 471 1611 527 animositatem
1674 472 1853 527 divina
1913 473 2132 543 dispen-

546 569 705 615 saute
760 560 1102 629 providentia
1145 563 1199 616 in
1256 562 1337 617 eis
1379 562 1446 617 ad
1491 572 1701 633 tempus
1738 565 2127 620 mansuevisse.

549 651 756 707 Eodem
776 651 1136 707 nihilominus
1161 652 1521 718 auno,divina
1545 654 1871 723 propitiante
1897 654 2136 709 clemen-

546 742 649 809 tia,
682 744 851 814 erepit
873 751 1048 798 mater
1064 744 1233 813 ipsius
1253 744 1538 815 principis,
1569 744 1819 800 videlicet
1842 744 2132 802 Ammirati

548 828 865 908 Babylonis,
918 835 1113 891 mulier
1149 836 1635 906 Christianissima,
1675 839 1894 894 nomine
1935 839 2131 905 Maria,

551 924 886 981 retedilicare
917 925 1120 981 Christi
1171 927 1452 998 templum,
1478 928 1635 998 jussu
1672 927 1789 1000 ejus
1833 928 1929 983 ﬁlii
1953 935 2129 985 ‘even—

552 1035 691 1083 sum,
723 1019 909 1090 politis
932 1028 985 1076 et
1010 1019 1235 1091 quadris
1261 1020 1549 1091 lapidibus.
1577 1021 1719 1077 Nam
1746 1032 1802 1078 et
1827 1024 1912 1078 vir
1937 1025 2128 1095 ipsius,

555 1094 709 1181 quasi
741 1109 878 1166 alter
905 1110 1248 1176 Nicodemns,
1280 1122 1441 1183 pater
1481 1114 1649 1184 hujus
1668 1115 1885 1171 scilicet
1925 1094 1994 1172 de
2022 1132 2131 1187 quo

550 1214 795 1269 praesens
837 1209 921 1255 est
955 1215 1136 1257 sermo
1172 1201 1410 1269 habitus,
1432 1204 1647 1260 occulte
1676 1205 2020 1263 Christianus
2049 1208 2129 1264 di-

550 1293 694 1347 citur
738 1284 925 1348 fuisse.
962 1293 1114 1349 Tunc
1166 1310 1381 1365 quoque
1434 1297 1500 1360 de
1528 1298 1813 1355 -uni‘verso
1860 1310 2128 1357 terrarum

551 1384 685 1439 orbe
734 1384 1069 1440 incredibilis
1122 1385 1407 1441 hominum
1458 1387 1746 1443 multitudo
1795 1390 2131 1445 exsultantcr

549 1472 1343 1548 llierosolymampergentes,
1393 1478 1576 1533 domui
1624 1479 1717 1534 Dei
1764 1482 2133 1536 restauranda:

549 1564 776 1633 plurima
809 1565 1112 1621 detulerunt
1139 1583 1383 1623 munera.

1065 1708 1072 1715 .
1141 1657 1367 1715 CAPUT
1408 1658 1545 1715 Vill.

797 1738 890 1806 'De
912 1740 1119 1833 [heresi
1136 1752 1279 1822 apud
1300 1751 1615 1808 Aurelianus
1645 1765 1870 1824 reperta.
1960 1746 1965 1749 ⁷

627 1830 812 1895 Tertio
842 1842 909 1897 de
933 1830 1194 1902 vicesimo
1243 1843 1382 1898 infra
1406 1843 1519 1915 jam
1553 1846 1753 1901 dictum
1784 1847 2127 1908 millesimum

549 1942 692 1986 anno
718 1974 734 1998 ,
782 1943 994 2004 reperta
1041 1943 1127 1991 est
1170 1936 1311 2007 apud
1362 1936 1638 2008 pnel‘atam
1682 1939 2126 1997 Aurelianeuscm

552 2023 741 2077 urbem
772 2026 939 2079 cruda
968 2025 1193 2081 nimium
1240 2036 1403 2097 atque
1450 2028 1686 2084 insolens
1734 2030 1977 2097 haeresis,
2009 2048 2130 2102 qua:

550 2111 755 2167 scilicet
805 2113 1005 2170 diutius
1052 2115 1267 2171 occulte
1311 2117 1610 2187 germinata
1641 2159 1660 2183 ,
1706 2119 1762 2173 in
1807 2120 2128 2189 perditionis

546 2214 784 2273 segetem
825 2205 965 2261 male
1015 2205 1322 2277 pulluians,
1380 2209 1561 2279 plures
1608 2210 1660 2265 in
1709 2226 1820 2265 suae
1867 2212 2129 2268 etecitatis

543 2295 902 2365 praecipitavit
950 2296 1222 2366 laqueum.
1294 2297 1489 2355 Fertur
1536 2318 1772 2373 namque
1826 2318 1855 2357 a
1902 2304 2128 2360 muliere

547 2387 777 2455 quadam
823 2400 888 2440 ex
936 2386 1083 2441 Italia
1116 2391 1458 2459 procedente,
1491 2392 1606 2447 haec
1643 2394 1981 2450 insanissima
2015 2396 2125 2451 liae:-

547 2478 685 2534 icsis
717 2478 768 2531 in
799 2476 988 2533 Galliis
1020 2478 1276 2535 habuisse
1303 2483 1600 2548 exordium,
1630 2496 1748 2553 qua:
1775 2494 1836 2537 ut
1864 2493 1983 2539 erat
2013 2486 2127 2541 dia-

545 2568 670 2624 bolo
701 2568 860 2638 plcna
900 2569 1191 2625 sedueebat
1228 2585 1579 2641 quoscunque
1631 2574 1861 2640 volebat,
1896 2591 2001 2631 non
2034 2593 2124 2632 so-

544 2657 655 2712 lum
688 2658 885 2713 idiotas
914 2666 969 2712 et
996 2658 1290 2729 simplices,
1316 2675 1503 2716 verum
1532 2662 1695 2716 etiam
1723 2663 2009 2735 plerosque
2031 2667 2129 2736 qui

544 2749 869 2804 videbantur
894 2749 1163 2806 doctiores
1190 2753 1242 2806 in
1272 2752 1592 2809 clericorum
1623 2755 1832 2811 ordine.
1862 2757 1992 2824 Qua:
2019 2759 2126 2814 sci-

546 2836 671 2897 licet
698 2843 919 2922 veniens
947 2842 1223 2898 civitatem
1254 2844 1693 2900 Aurelianensem
1715 2888 1733 2911 ,
1776 2846 1902 2901 dum
1947 2862 2126 2903 mora-

546 2942 698 2988 retur
728 2934 798 2989 ibi
829 2942 939 3003 per
951 2933 1165 3002 aliquod
1196 2934 1429 3005 spatium
1469 2936 1747 3006 temporis,
1777 2951 1986 2991 veneno
2011 2952 2122 2993 sua:

450 3022 455 3025 ’
546 3023 796 3093 nequitia:
829 3023 1010 3094 plures
1036 3022 1237 3079 infecit.
1268 3023 1421 3092 Quod
1452 3024 1618 3079 etiam
1649 3025 1995 3081 seminarium
2024 3042 2122 3081 nc-

543 3130 703 3182 quam
737 3112 797 3168 in
826 3113 1093 3185 pluriores
1118 3114 1172 3169 hi
1204 3115 1294 3185 qui
1325 3125 1673 3185 susceperant
1698 3123 1809 3171 toto
1838 3119 2123 3173 conmniue

545 3218 802 3274 spargere
829 3204 1159 3259 nitebantur.
1200 3204 1439 3260 Fuerunt
1468 3220 1662 3276 nempe
1691 3205 1848 3273 hujus
1882 3206 2120 3276 perversi

547 3295 813 3364 dogmatis
839 3295 1227 3352 Ineresiarcbes
1247 3297 1372 3361 duo,
1401 3296 1537 3352 heu!
1572 3297 1705 3367 proh
1733 3297 1919 3352 dolor!
1951 3300 2041 3368 qui
2067 3300 2119 3354 in

546 3386 766 3441 civitate
795 3387 1121 3457 putabantur
1147 3403 1344 3459 genere
1365 3403 1429 3444 ac
1458 3389 1684 3444 scientia
1711 3389 2035 3446 Valentiores
2066 3392 2118 3445 in

546 3479 712 3544 clero,
745 3490 973 3549 quorum
1023 3496 1163 3536 unus
1211 3482 1548 3547 lleribertus,
1576 3483 1711 3538 alter
1742 3481 1951 3541 Lisoius
1975 3485 2123 3542 dice-

541 3569 726 3622 batur.
776 3566 841 3623 Hi
882 3570 1133 3640 denique,
1156 3573 1396 3643 quandiu
1442 3590 1529 3631 res
1576 3575 1776 3642 latuit,
1819 3587 1925 3631 tam
1980 3579 2121 3649 apud

544 3672 724 3731 regem
757 3671 921 3731 quam
964 3667 1102 3733 apud
1137 3664 1321 3734 palatii
1374 3683 1626 3738 proceres
1672 3683 1938 3725 summam
1985 3671 2123 3727 obti‘

544 3761 781 3805 nueraut
818 3753 1132 3807 amicitiam.
1174 3754 1377 3827 Nempe
1410 3756 1609 3814 idcirco
1637 3759 1847 3815 facilius
1874 3747 2128 3831 quosque

544 3844 790 3914 decipere
817 3853 1124 3923 potuerunt,
1158 3861 1386 3915 quorum
1425 3860 1633 3906 mentes
1663 3866 1820 3906 amor
1845 3851 1973 3908 fidei
2001 3856 2122 3908 uni-

460 3976 462 3979 .
546 3935 775 3991 versalis
799 3936 974 3992 minus
1003 3938 1348 3993 astrinxerat.
1391 3940 1492 4007 Qui
1525 3957 1627 3994 non
1664 3942 1836 3998 solum
1878 3931 1953 3998 ir?
1976 3958 2117 4013 prte-

543 4027 684 4080 dicta
719 4026 873 4093 urbe,
903 4027 995 4084 scd
1027 4030 1189 4084 etiam
1236 4031 1293 4083 in
1341 4031 1533 4085 vicinis
1571 4033 1795 4088 urbibus
1824 4034 2114 4105 malignum

542 4115 732 4185 dogma
784 4133 1037 4187 spargere
1084 4119 1403 4185 tentabant,
1454 4121 1578 4175 dum
1628 4124 1911 4192 quemdam
1970 4140 2116 4180 sana:

542 4209 738 4262 mentis
763 4207 816 4261 in
844 4207 1298 4280 Rotbomagorum
1325 4212 1548 4268 civitate
1585 4217 1964 4287 presbyterum
2013 4233 2113 4272 cu-

540 4297 748 4364 pientes
773 4313 879 4353 sua:
903 4312 1206 4354 consortem
1238 4301 1419 4356 facere
1444 4304 1691 4367 vesanizc,
1718 4304 1897 4358 missis
1924 4304 2112 4376 legatis

541 4388 630 4455 qui
678 4388 728 4441 ci
793 4404 964 4443 omne
1019 4399 1285 4444 secretum
1332 4392 1491 4463 hujus
1558 4394 1795 4463 perversi
1842 4394 2113 4466 dogmatis

536 4481 931 4548 cxplauautcs,
985 4482 1259 4537 docerent.
1318 4483 1574 4539 Dicebant
1642 4500 1833 4555 nempe
1891 4488 2009 4543 fore
2055 4489 2108 4543 iu

540 4570 864 4636 proximum,
896 4570 947 4624 in
979 4570 1188 4624 illorum
1233 4572 1440 4627 scilicet
1485 4573 1673 4645 dogma
1723 4576 1916 4629 cadere
1943 4591 2112 4645 popu-

535 4661 642 4715 lum
686 4663 1016 4718 universum.
1069 4662 1271 4731 Quibus
1313 4667 1627 4734 compertis,
1654 4668 1939 4738 presbyter
1967 4670 2115 4723 soili‘

533 4758 637 4809 cite
667 4754 903 4825 perrexit
947 4757 1012 4809 ad
1038 4748 1558 4811 Christianissimum
1589 4740 1836 4812 comitem
1868 4758 2106 4829 ejusdem

533 4846 764 4899 civizatis
790 4845 1145 4910 Richardum,
1170 4846 1418 4915 exposuit
1438 4847 1485 4901 ei
1509 4861 1719 4900 omnem
1754 4846 1850 4912 rei,
1875 4858 1930 4902 ut
1958 4865 2107 4904 com-

532 4948 771 5003 pererat,
794 4937 1059 4991 ordinem.
1083 4934 1182 5000 Qui
1211 4934 1455 4990 videlicet
1477 4951 1658 5002 coruos
1685 4938 1928 5007 protinus
1958 4939 2110 4993 misit

528 5024 779 5080 celeriter
803 5025 865 5079 ad
897 5040 1098 5096 regem,
1129 5025 1304 5094 palam
1328 5027 1374 5077 ei
1407 5023 1606 5082 faciens
1632 5025 2019 5080 claudcstinam
2048 5025 2107 5079 in

533 5129 698 5184 regno
750 5117 970 5185 proprio
1011 5112 1211 5170 Clu-isti
1259 5114 1438 5168 ovium
1501 5123 1729 5184 pestem.
1798 5112 1865 5171 Ut
1918 5122 2099 5171 autem

531 5207 780 5270 ceguovit
808 5222 923 5269 I‘C\,
955 5205 1163 5259 scilicet
1190 5203 1480 5269 Robcrtus,
1508 5213 1567 5259 ut
1594 5213 1714 5259 erat
1760 5205 2103 5260 doctissimus

1978 5297 2110 5338 off».-

532 5309 597 5338 an
623 5294 1133 5338 Cln'istinnieeimne.
1173 5295 1345 5338 tristis
1373 5310 1434 5338 an
1461 5312 1695 5338 Inmran
1723 5297 1945 5338 nimium

2234 384 2559 453 perscrutari
2620 384 2711 453 qui
2777 393 2964 440 essent
3031 390 3281 439 auctores
3358 380 3517 449 hujus
3570 386 3803 453 perversi

2232 473 2527 544 dogmatis,
2561 473 2651 529 vel
2682 474 2782 544 qui
2803 475 2943 546 parti
2971 474 3182 529 illorum
3204 472 3318 541 jam
3353 474 3562 543 decepti
3588 487 3804 531 consen-

2235 562 2427 617 tirent.
2465 562 2639 618 Facta
2677 564 2841 633 igitur
2894 564 3324 635 perscrutatione
3376 564 3521 619 inter
3562 564 3800 632 clericos,

2232 654 2502 723 quomodo
2548 655 2917 725 unusquisque
2963 656 3187 712 sentiret
3233 665 3293 710 er
3327 656 3577 711 crederet
3600 670 3660 710 ea
3683 672 3804 727 qua:

2235 740 2367 798 ﬁdes
2392 742 2658 799 catholica
2681 758 2779 813 per
2808 744 3106 800 doctrinam
3135 744 3487 815 apostolicam
3516 744 3797 799 incommu-

2233 833 2377 888 tabili
2387 842 2472 889 ter
2481 844 2657 889 servat
2674 834 3025 905 crprzedicat,
3037 833 3110 888 illi
3126 834 3253 899 duo,
3268 833 3520 890 videlicet
3535 832 3803 890 Lisoiuset

2232 921 2568 989 Heribertus,
2585 926 2769 980 statim
2784 940 2843 980 se
2863 925 3022 980 aliter
3032 924 3235 980 sentire
3257 939 3365 979 non
3390 934 3803 996 negantes,th-

2231 1020 2309 1077 les
2324 1022 2410 1077 diu
2429 1020 2721 1086 latuerant,
2747 1020 3250 1077 manifestaverunt.
3276 1018 3481 1074 Deinde
3494 1034 3621 1075 vero
3633 1020 3805 1089 plum

2229 1119 2351 1182 post
2378 1112 2496 1167 illos
2522 1126 2583 1169 se
2606 1113 2747 1183 parti
2778 1112 3002 1167 istorum
3029 1111 3423 1181 profitebantur
3452 1111 3674 1175 haerere,
3710 1126 3806 1166 nec

2231 1201 2336 1255 ulla
2382 1203 2591 1257 ratione
2629 1217 2690 1258 se
2727 1216 2884 1272 posse
2911 1199 3252 1257 afﬁrmabant
3288 1201 3357 1255 ab
3395 1200 3608 1256 illorum
3636 1216 3806 1273 segre-

2229 1307 2360 1363 gare
2401 1294 2696 1364 consortio.
2748 1293 2953 1361 Quibus
2996 1293 3293 1361 compertis
3320 1333 3334 1358 ,
3379 1301 3490 1347 tam
3533 1309 3626 1348 rex
3653 1310 3807 1363 quam

2230 1383 2513 1452 pontifices
2573 1384 2840 1440 tristiores
2901 1383 3078 1440 effecti
3157 1385 3632 1457 interrogaverunt
3693 1386 3811 1440 illos

2231 1476 2500 1531 secretius
2528 1515 2543 1539 ,
2596 1486 2782 1546 utpote
2826 1476 2971 1531 viros
3003 1476 3269 1531 hactenus
3308 1477 3362 1530 in
3408 1476 3559 1531 omni
3609 1491 3806 1531 morum

2231 1568 2501 1637 probitate
2545 1568 2961 1639 perutiiissimos
2987 1608 3002 1633 ,
3053 1584 3283 1639 quorum
3329 1584 3471 1623 unus
3523 1566 3726 1623 Lisoius
3755 1569 3806 1622 ia

2156 1638 2202 1698 Β
2230 1661 2564 1717 monasterio
2609 1669 2812 1716 sancta:
2857 1661 3049 1723 Crucis
3094 1658 3417 1715 clericorum
3463 1659 3808 1729 charissimus

2230 1754 2562 1821 habebatur;
2639 1753 2776 1809 alter
2851 1754 2993 1809 idem
3061 1751 3381 1809 llcribertus
3436 1752 3614 1806 sancti
3664 1750 3805 1806 Petri

2227 1846 2519 1908 ecclesiae,
2558 1853 2915 1915 cognomento
2967 1843 3275 1910 Puellaris,
3334 1843 3571 1915 capitale
3617 1844 3809 1898 schola:

2231 1937 2445 1992 tenebat
2471 1936 2797 1991 dominium.
2832 1934 2935 2004 Qui
2970 1935 3097 1991 dum
3129 1936 3445 2006 interrogati
3495 1935 3745 1999 fuissent,
3775 1950 3804 1989 ι

2227 2045 2335 2099 quo
2366 2028 2448 2083 vel
2477 2028 2617 2083 unde
2646 2028 2725 2082 eis
2752 2027 2854 2081 ista
2896 2027 3247 2097 prtesumptio
3286 2025 3602 2093 accidisset,
3630 2026 3811 2095 hujus-

2228 2117 2660 2174 modi'dederunt
2689 2132 3004 2187 responsum
3034 2135 3047 2170 :
3083 2134 3102 2167 ‹
3133 2116 3246 2171 Hoc
3275 2118 3417 2172 enim
3444 2117 3536 2171 diu
3566 2126 3649 2172 est
3670 2117 3806 2187 quod

2227 2221 2462 2272 sectam,»
2476 2224 2636 2280 quam
2661 2224 2757 2264 vos
2773 2207 2884 2278 jam
2909 2207 3060 2264 tarde
3076 2208 3393 2278 agnoscitis,
3415 2209 3804 2278 amplectimur,

2226 2299 2319 2354 sed
2368 2308 2475 2352 tam
2524 2314 2620 2353 vos
2667 2313 2828 2368 quam
2864 2304 3090 2354 czrteros
3134 2295 3505 2367 cujuscunque
3558 2298 3688 2367 legis
3721 2298 3801 2351 vel

2225 2390 2429 2444 ordinis
2464 2389 2516 2443 in
2554 2404 2675 2444 eam
2705 2388 2900 2444 cadere
2942 2388 3406 2458 exspectavimus;
3453 2390 3602 2457 quod
3648 2387 3808 2441 etiam

2225 2481 2398 2536 adhuc
2427 2480 2544 2535 fore
2572 2481 2862 2537 credimus.
2909 2499 2929 2533 ι
2977 2479 3073 2535 His
3114 2479 3298 2543 dictis,
3335 2479 3602 2533 continuo
3634 2478 3806 2549 palam

2224 2574 2839 2644 exposueruntomuium
2855 2573 3201 2642 antiquarum
3225 2571 3603 2627 stultissimam
3630 2586 3693 2626 ac
3714 2571 3809 2625 mi-

2224 2666 2531 2731 serrimam,
2562 2680 2750 2734 nempe
2777 2665 2859 2720 sui
2889 2665 3274 2734 deceptricem.
3317 2666 3603 2719 lueresem.
3650 2661 3806 2732 Cujus

2226 2757 2481 2813 videlicet
2510 2758 2854 2813 ratiocinatio
2898 2765 3050 2812 tanto
3081 2757 3263 2813 minus
3305 2765 3429 2811 erat
3454 2757 3670 2812 idoneis
3699 2771 3809 2810 ser—

2225 2848 2475 2905 monibus
2500 2848 2723 2914 obnixa,
2753 2855 2955 2918 quanto
2979 2856 3197 2903 constat
3222 2863 3344 2903 esse
3375 2845 3449 2901 illi
3477 2855 3560 2900 ter
3595 2846 3806 2901 veritati

2228 2940 2581 2994 contrariam.
2622 2938 2885 2994 Dicebant
2920 2953 3051 3009 ergo
3081 2936 3435 2993 deliramenta
3476 2949 3623 2999 esse,
3663 2936 3815 3005 quidv

2147 2997 2197 3061 ε
2224 3029 2350 3099 quid
2402 3029 2458 3084 in
2502 3030 2671 3085 veteri
2741 3044 2805 3083 ac
2875 3043 3015 3083 novo
3068 3041 3275 3082 canone
3317 3026 3483 3081 certis
3530 3026 3703 3097 signis
3746 3040 3808 3079 ac

2221 3120 2480 3190 prodigiis
2509 3120 2891 3190 veteribusque
2921 3117 3272 3173 testatoribus
3303 3116 3381 3171 de
3406 3117 3548 3170 trina
3596 3130 3808 3185 unaque

2222 3209 2443 3265 Deitate-
2473 3211 2631 3266 beata
2671 3211 2958 3267 confirmat
2996 3209 3313 3264 auctoritas.
3360 3207 3572 3263 leum
3609 3208 3807 3277 pariter

2224 3321 2289 3361 ac
2337 3311 2560 3367 terram,
2594 3311 2655 3356 ut
2691 3300 3123 3371 conspiciuntur,
3158 3301 3364 3369 absque
3413 3306 3642 3353 auctore
3673 3297 3805 3352 initii

2220 3409 2434 3464 semper
2462 3390 2732 3446 exstitisse
2778 3389 3113 3444 asserebant.
3165 3388 3232 3442 Et
3268 3402 3390 3442 cum
3427 3389 3801 3441 universarum

2221 3487 2487 3539 hmresum
2518 3481 2871 3543 insanientes,
2899 3494 3095 3535 canum
3143 3491 3293 3531 more
3328 3476 3599 3531 latrantes
3628 3476 3796 3531 deter-

2220 3574 2379 3637 rima,
2398 3572 2450 3627 in
2466 3571 2569 3627 hoc
2580 3579 2787 3626 tantum
2806 3569 3084 3640 Epicureis
3106 3576 3263 3622 erant
3276 3566 3548 3622 luereticis
3563 3565 3809 3630 similes,

2218 3666 2475 3739 quoniam
2499 3664 2834 3735 voluptatum
2865 3662 3083 3734 ﬂagitiis
3113 3660 3428 3725 credebant,
3461 3674 3570 3715 non
3601 3675 3801 3716 reconv-

2217 3758 2432 3831 pensari
2482 3754 2701 3811 ultionis
2746 3754 3060 3810 vindictam.
3128 3752 3301 3809 Omne
3361 3750 3797 3808 Christianorum

2217 3866 2374 3921 opus,
2403 3848 2622 3920 pietatis
2649 3847 2911 3902 duntaxat
2954 3858 3013 3900 et
3045 3845 3290 3914 iustitiae,
3320 3844 3464 3914 quod
3502 3844 3800 3898 cstimatur

2216 3940 2451 4010 pretium
2518 3936 2972 3994 remunerationis
3022 3946 3279 3999 πίθηκε,
3330 3933 3577 3989 laborem
3622 3948 3801 4003 super-

2219 4029 2386 4084 ﬂuum
2408 4028 2725 4098 judicabant
2747 4042 2885 4082 esse.
2918 4027 3127 4081 Interea
3153 4027 3238 4081 his
3261 4025 3493 4093 aliisque
3516 4023 3800 4094 quamplu-

2220 4121 2371 4176 rimis
2395 4120 2619 4175 iusaniis
2642 4117 2981 4188 impudenter
3001 4117 3069 4169 ab
3090 4116 3291 4171 eisdem
3312 4114 3561 4184 prolatis,
3582 4112 3799 4168 defuere

2217 4209 2405 4264 fideles
2445 4217 2607 4276 atque
2649 4205 2823 4261 idonei
2874 4215 3039 4260 testes
3073 4204 3345 4269 veritatis,
3392 4202 3484 4270 qui
3518 4202 3627 4256 illis
3653 4200 3799 4256 suffi-

2217 4298 2424 4353 cienter
2470 4312 2539 4352 se'
2567 4296 2768 4352 vellent
2817 4304 2924 4350 tam
2969 4294 3182 4348 veritati
3214 4309 3374 4365 quam
3419 4293 3658 4362 propriae
3702 4307 3794 4346 ac-

2215 4390 2496 4458 quiescere
2541 4387 2697 4442 saluti
2725 4428 2739 4452 ,
2798 4386 3120 4457 respondere
3164 4387 3230 4440 de
3275 4384 3389 4439 suis
3432 4385 3594 4439 caecis
3640 4393 3796 4455 atque

2214 4478 2458 4534 erroneis
2481 4478 2867 4533 assertionibus
2892 4478 3153 4531 valerent.

2287 4567 2392 4623 Sed
2420 4578 2476 4623 et
2505 4583 2605 4623 nos
2632 4583 2846 4637 quoque
2881 4569 3174 4622 secundum
3224 4567 3577 4637 exiguitatem
3628 4567 3795 4621 nostri

2216 4659 2539 4725 intellectus,
2568 4660 2677 4725 his,
2712 4675 2850 4729 quos
2878 4658 3319 4729 praenotavimus,
3348 4660 3566 4713 illorum
3595 4658 3797 4713 errori-

2212 4755 2315 4810 bus
2345 4754 2428 4809 vcl
2457 4765 2551 4822 per
2580 4768 2747 4822 pauca
2782 4753 3117 4821 respondere.
3135 4751 3492 4807 decrevimus.
3529 4738 3793 4804 Ρτίιιιὶιης

2216 4855 2391 4898 tamen
2420 4843 2601 4897 fideles
2630 4844 2913 4897 hortamur
2940 4843 3220 4895 universos
3247 4851 3306 4894 ut
3333 4841 3550 4895 interim
3584 4850 3793 4893 mentes

2212 4932 2424 4986 illorum
2452 4930 2769 5002 pra-saginat
2804 4939 3017 4986 sercnct
3056 4930 3324 4999 Apostoli.
3361 4930 3452 4999 qui
3485 4928 3793 4998 pix-evidens

2211 5024 2263 5077 in
2297 5022 2528 5078 futuram
2559 5023 2864 5091 huiusmodi
2894 5023 3159 5079 cautelam
3197 5021 3397 5076 intulit.
3433 5019 3681 5091 Oportet.
3710 5020 3792 5073 in-

2208 5114 2347 5185 quit,
2373 5116 2590 5169 luet-eses
2604 5132 2731 5180 esse,
2754 5125 2809 5168 ut
2822 5117 2860 5168 ii
2870 5113 3031 5185 quiex
3048 5114 3150 5183 [ide
3162 5124 3280 5168 sunt
3296 5113 3598 5183 probentur.
3619 5114 3676 5167 in
3692 5113 3791 5167 hoc

2210 5208 2372 5278 igitur
2400 5208 2731 5276 permaxime
2758 5207 2983 5262 istorum
3012 5203 3317 5274 insipientia
3343 5203 3790 5273 deprehenditur,

2211 5308 2371 5338 nlnnn
2402 5297 2499 5338 inci
2531 5297 2672 5338 nmni
2721 5297 2944 5338 eninntia
2992 5311 3054 5338 m-
3100 5294 3546 5338 eunimnia'vnmri
3585 5309 3789 5338 nomn-

3942 5300 3945 5338 ἐ
