3992 5338
137 142 235 199 [ει

1055 140 1529 202 ΠιετοπιιΑιιωι
1570 137 1755 197 Limn
1788 140 2121 209 Qttrsouc.
2148 119 2220 184 ἷ-
2245 140 2373 197 me.
2401 124 2504 199 ιηρ.

3298 134 3428 196 CUI‘

138 258 301 319 diziis,
317 254 364 311 si
386 251 652 327 cujusque
676 264 962 327 superatur
990 261 1380 332 magnitudine.
1412 279 1442 316 ει
1476 260 1713 315 maximo
1740 262 1790 320 Α
1816 256 2000 325 11.ιεί.ἱὶ
2031 267 2288 312 aeternam
2329 257 2524 312 sentiet
2572 256 2886 311 vindictam.
2938 256 3043 311 Sed
3089 257 3433 328 et.si.cuju3z

137 347 377 403 oamium
406 345 755 417 cognoscitur
797 351 1126 417 processisse
1159 368 1172 405 :
1208 354 1324 422 pari
1378 368 1592 423 quoque
1628 368 1717 406 ra-

138 441 289 493 tione
312 437 593 492 sciendum
621 446 706 492 est
729 478 746 504 ,
792 451 900 493 tam
952 441 1017 496 de
1066 457 1123 497 re
1153 456 1412 514 corporea
1441 458 1601 513 quam
1631 442 1717 497 in-

136 543 416 600 corporea.
449 527 741 584 Sciendum
761 530 997 602 etiam,q
1018 533 1214 587 mnium
1242 550 1316 604 qu
1333 550 1579 606 ecuuque
1611 549 1736 602 res,

142 624 256 679 sive
279 621 580 692 corporalis
611 622 726 678 sive
776 624 1154 696 incorporalis.
1198 642 1298 696 per
1324 628 1600 697 quodlibet
1631 644 1723 685 ac-

140 713 328 775 cidens
377 711 458 767 vel
507 712 788 779 motione,
843 714 930 770 vel
978 714 1268 789 cujuslibet
1311 717 1620 777 alternitate
1652 719 1726 777 sit

143 805 357 863 diversa
381 804 449 860 ab
476 804 740 861 immobili
774 821 954 865 rerum
985 816 1337 879 pneccptore,
1363 819 1576 866 constat
1600 796 1723 867 eam

140 896 472 967 processisse
516 912 616 967 per
661 898 871 967 ipsum,
918 907 976 954 et
1017 902 1063 956 si
1099 900 1239 959 forte
1265 902 1532 971 quieverit
1561 901 1722 961 linem

139 996 435 1057 expetere.
463 984 598 1043 Cum
643 988 789 1044 enim
829 989 995 1045 totius
1025 988 1283 1046 Conditor
1308 1002 1576 1049 creaturae
1602 1007 1725 1063 pro-

141 1079 254 1146 pria
285 1078 521 1134 essentia
561 1078 633 1134 sit
675 1080 993 1149 immobilis,
1023 1081 1242 1153 propria
1277 1083 1514 1138 essentia
1549 1084 1726 1140 bonus

141 1168 411 1239 sintulque
434 1183 624 1237 verax,
654 1185 750 1225 sua
778 1170 1168 1242 ornnipotentia
1196 1182 1510 1229 naturarum
1536 1174 1725 1230 modos

144 1259 470 1315 distribuens
513 1260 881 1333 ordinansque
946 1260 1332 1331 inell'abilitcr,
1384 1279 1489 1318 non
1546 1271 1728 1324 exstat

142 1358 336 1419 preter
364 1365 523 1414 eum,
544 1348 632 1405 ubi
680 1351 917 1422 quietem
966 1360 1241 1422 expetant,
1292 1352 1395 1408 nisi
1435 1354 1578 1409 unde
1604 1368 1729 1426 pro-

142 1450 420 1497 cesserant.
450 1443 695 1498 redeant.
748 1442 1203 1515 Manifestumque
1227 1453 1313 1502 est
1342 1445 1476 1501 nihil
1507 1446 1558 1500 in
1604 1446 1727 1501 uni-

146 1533 314 1591 versis
345 1533 539 1589 factori
570 1533 865 1604 deperisse,
900 1534 1003 1590 nisi
1050 1534 1180 1592 illud
1239 1535 1380 1607 quod
1427 1536 1731 1607 procaciter

1824 349 2059 404 hominis
2088 349 2300 402 animus
2337 348 2759 405 sui.Con:litoris
2802 347 3164 416 cognitionem
3196 347 3416 401 desidib-

1824 447 1947 506 rat,
1992 438 2210 509 expedit
2257 447 2313 492 ut
2367 438 2601 508 primum
2631 437 2901 504 studeat,,
2929 437 3161 508 qualiter
3189 451 3310 497 sese
3348 446 3408 493 ut

1822 530 2170 604 prmvalucrit
2237 530 2521 602 intelligat.
2581 530 2848 598 Quoniam
2913 531 3057 586 sicut
3118 546 3223 585 non
3278 544 3412 585 cor.-

1826 622 2112 680 temnenda
2165 631 2399 678 testatur
2444 620 2776 689 auctoritas,
2832 623 2973 693 quod
3032 620 3088 676 iu
3134 636 3200 676 ea
3254 628 3414 690 parte

1824 714 2094 787 praecipue
2121 714 2261 786 gerit
2307 713 2468 769 homo
2495 714 2730 785 speciem
2777 711 3107 777 Conditoris,
3137 726 3242 781 qua
3270 698 3414 765 valet

1825 823 1936 879 pra:
1958 807 2168 863 caeteris
2188 805 2555 862 animantibus
2578 804 2719 860 dono
2741 812 2908 875 atque
2933 803 3135 859 virtute
3162 801 3411 857 rationis.

1827 900 1934 957 Sed
1965 909 2017 956 et
2043 902 2184 955 sicut
2212 899 2441 954 rationis
2469 899 2668 952 bonum
2697 895 3009 951 custodiunt
3047 894 3130 949 sui
3161 892 3415 949 modera-

1828 1009 1951 1048 men
1991 1001 2047 1046 et
2092 990 2332 1046 auctoris
2360 989 2600 1055 dilectio,
2646 987 2698 1043 id
2748 996 2834 1043 est
2877 1003 3007 1042 vera
3036 986 3315 1042 humilitas
3363 995 3449 1039 et.

1828 1084 2072 1155 perfecta
2136 1083 2418 1147 cbaritas,
2470 1081 2543 1137 ita
2595 1080 2741 1135 illius
2792 1078 3073 1134 anuullant
3127 1077 3420 1137 utilitatem:

1828 1190 2060 1248 nequam
2131 1172 2574 1245 concupiscentia
2657 1183 2715 1228 et
2791 1170 2961 1227 furor.
3031 1169 3239 1241 llisque
3312 1184 3419 1224 non

1834 1267 2187 1342 repugnando
2212 1266 2441 1323 ellicitur
2470 1267 2632 1322 homo
2659 1265 2851 1321 bestiis
2876 1262 3105 1330 similis,_
3121 1262 3228 1321 illis
3254 1261 3419 1316 inser-

1829 1362 2027 1416 viendo
2078 1358 2449 1416 conformatur
2519 1357 2587 1412 ad
2662 1357 2896 1428 speciem
2977 1354 3062 1412 vel
3124 1354 3418 1423 imaginem

1831 1448 2146 1506 Conditoris
2170 1490 2185 1516 ,
2238 1457 2297 1503 ut
2327 1446 2576 1502 videlicet
2605 1460 2702 1516 per
2727 1444 3096 1502 humilitatem
3142 1457 3262 1497 sese
3291 1441 3450 1513 quid.

1832 1539 1901 1594 sit
1930 1539 2212 1610 intelligat,
2240 1553 2338 1610 per
2363 1536 2703 1592 dilectionem
2732 1550 2863 1595 veno
2888 1535 2939 1589 in
2962 1533 3087 1590 boni
3111 1532 3429 1589 Conditoris

146 1626 211 1681 ab
240 1626 653 1683 illoconstituta:
682 1628 1271 1686 transcenditordinem
1299 1636 1528 1686 natura).
1555 1629 1623 1685 Et
1651 1630 1732 1686 id-
1761 1616 1805 1677 Β
1834 1628 2239 1684 similitudinem
2271 1634 2529 1682 transeat.
2556 1625 2638 1682 Ob
2670 1627 2720 1682 id
2748 1624 2910 1682 etiam
2940 1625 3342 1681 constituuntur
3371 1622 3449 1677 ei;

143 1718 288 1774 circo
312 1717 492 1775 omnis
537 1734 624 1775 res
673 1727 825 1775 tanto
870 1719 1062 1775 melius
1107 1721 1394 1792 veriusque
1436 1731 1531 1780 est,
1585 1722 1730 1797 quod
1833 1719 2171 1776 solummodo
2201 1717 2270 1773 ab
2316 1718 2626 1773 hominibus
2672 1730 2860 1789 preces
2889 1724 2944 1770 et
2973 1715 3216 1775 donaria.
3254 1720 3312 1766 ut
3338 1711 3447 1766 vel.

146 1810 287 1863 illan
319 1818 539 1867 constat
569 1826 723 1876 esse,
768 1810 989 1881 quando
1034 1811 1258 1869 solidius
1311 1813 1631 1885 limtiusque
1678 1813 1732 1869 in
1833 1811 1940 1870 illis
1970 1812 2168 1868 donum
2204 1810 2430 1867 rationis
2457 1819 2638 1864 servet
2675 1809 2966 1880 integrum.
3000 1821 3115 1867 seu.
3149 1805 3292 1876 quod
3322 1803 3451 1858 πεί-α

149 1901 376 1971 proprim
412 1910 622 1961 natura:
655 1901 846 1957 ordine
876 1902 1149 1963 consistit.
1182 1902 1382 1975 Sicque
1411 1902 1490 1970 tit,
1522 1911 1579 1959 ut
1614 1904 1744 1965 unis.
1835 1919 1938 1959 nus
1962 1910 2069 1971 est,
2098 1909 2191 1956 aut
2237 1901 2590 1973 depravatum
2621 1898 2934 1958 Conditoris
2981 1899 3196 1955 bonitas
3226 1903 3445 1968 augeat.

150 2006 298 2046 versa
333 2006 454 2061 qua:
482 1990 630 2046 illius
673 1990 1014 2063 dispositioni
1056 1991 1579 2053 incommutabiliter
1604 1995 1743 2050 obe-.
1834 2002 1891 2051 et
1921 1992 2199 2049 refortnet.
2250 1990 2425 2047 Simul
2473 1992 2639 2047 etiam
2688 1991 2809 2048 laus
2839 2001 2895 2047 et
2931 1990 3238 2048 benedictio
3268 1987 3431 2044 exitia

152 2081 321 2152 ciunt,
345 2082 607 2137 continue
652 2081 938 2138 serviendo
984 2091 1262 2143 auctorem
1313 2083 1631 2155 prtediccnt.
1676 2084 1733 2140 Si
1835 2086 2031 2143 bentur
2077 2085 2259 2141 cidem.
2297 2083 2580 2141 Conditori
2630 2095 2690 2142 ut
2742 2086 2875 2141 ﬁant
2932 2085 3243 2141 hominibus
3291 2097 3446 2151 sana,w

150 2184 250 2239 qua
280 2185 411 2225 vero
442 2185 531 2226 res
559 2170 867 2240 procaciter
895 2171 963 2227 ab
991 2186 1058 2227 eo
1096 2170 1361 2228 deviando
1409 2172 1465 2227 in
1497 2171 1737 2231 deterius
1838 2185 2019 2232 mente
2047 2190 2113 2231 ac
2158 2174 2371 2231 ratione
2418 2176 2725 2246 vigentibus
2754 2176 2897 2233 illius
2931 2174 3307 2237 testimonium
3335 2188 3437 2238 eo:

151 2262 366 2329 cecidit,
391 2262 605 2321 cretei-is
641 2262 767 2332 jure
805 2263 1149 2320 manentibus
1178 2263 1564 2320 documentum
1593 2280 1736 2336 prte-
1837 2265 2144 2337 gnitiouis;
2209 2275 2267 2321 et
2321 2276 2528 2336 quanto
2584 2267 2703 2339 plus
2765 2267 2961 2339 cuique
3028 2265 3319 2337 contigerit
3372 2264 3433 2325 in

153 2354 280 2409 buit.
330 2354 391 2409 lu
446 2353 721 2424 pradictis
749 2353 998 2411 videlicet
1032 2357 1300 2413 creaturis
1324 2357 1592 2428 quoddam
1626 2372 1740 2415 me-
1838 2355 2151 2413 Conditoris
2216 2356 2580 2428 cognitionem
2650 2358 2913 2431 prolicere
2959 2398 2973 2424 ,
3041 2366 3192 2412 tanto
3257 2354 3453 2425 magis

155 2448 295 2508 dium
325 2449 574 2504 conzinet
621 2463 792 2519 genus
822 2445 1126 2518 hominum,
1156 2450 1335 2521 potius
1363 2451 1573 2508 scilicet
1602 2468 1732 2508 cun-
1843 2449 2079 2519 reperiet
2106 2449 2252 2504 idem
2282 2446 2444 2505 homo
2474 2466 2532 2506 se
2559 2451 2734 2521 ipsum
2764 2465 2861 2531 per
2887 2449 3134 2513 eamdem
3162 2447 3441 2531 cognitio~

155 2537 252 2596 etis
271 2538 662 2602 animantibus,
683 2546 843 2608 atque
865 2537 1090 2596 inferius
1110 2540 1421 2597 etclestibus
1439 2542 1738 2613 spiritibus.
1841 2554 1965 2595 nent
2014 2551 2072 2596 et
2119 2539 2238 2612 plus
2268 2550 2325 2597 et
2374 2542 2568 2598 melius
2620 2526 2869 2597 ell‘ectum
2920 2554 3060 2607 esse.
3108 2538 3219 2595 Nec
3260 2526 3451 2594 isdem

156 2627 301 2695 Quod
329 2629 517 2699 utique
542 2645 745 2700 genus,
788 2638 849 2685 ut
887 2629 1165 2697 diximus,
1207 2631 1356 2687 velut
1384 2633 1620 2689 medium
1651 2648 1742 2689 su-
1840 2630 2043 2702 poterit
2090 2631 2144 2686 in
2200 2631 2385 2703 aliquo
2441 2631 2751 2698 Conditoris
2819 2630 2903 2697 sui
2965 2644 3129 2700 opere
3194 2629 3449 2696 existere

157 2731 400 2801 perorem
433 2716 860 2790 inferorumque,
902 2720 948 2774 si
997 2720 1080 2776 cui
1109 2720 1250 2792 parti
1275 2719 1397 2793 plus
1428 2721 1742 2790 adlimserit,
1844 2724 2216 2794 blasphemus,
2246 2725 2338 2795 qui
2377 2724 2520 2779 illius
2550 2724 2860 2795 cognitione
2886 2708 3457 2801 omnimodismeliot;

157 2809 225 2864 illi
253 2798 490 2866 edicitur
536 2809 852 2869 conformis.
891 2811 1124 2883 ideoque
1163 2821 1311 2869 tanto
1339 2813 1539 2872 inﬁmis
1564 2815 1746 2885 potius
1847 2830 2011 2888 quam
2036 2815 2322 2874 exstiterat
2344 2814 2508 2879 fuerit
2533 2813 2782 2869 cllectus.
2825 2812 3002 2882 Atque
3043 2812 3166 2868 ideo
3201 2798 3437 2867 manife-

161 2912 312 2972 atque
338 2903 537 2958 melius
558 2902 810 2968 edicitur,
832 2913 1036 2975 quanto
1065 2919 1423 2976 supernorum
1451 2906 1741 2980 spirituum
1781 2975 1814 2980 _
1849 2916 1994 2962 stum
2054 2896 2180 2974 est”,
2225 2906 2481 2976 quoniam
2548 2905 2857 2976 quicunque
2913 2903 3055 2959 illius
3106 2902 3459 2974 operationis.

160 3002 404 3049 naturam
432 2993 693 3049 imitatur.
729 2993 840 3073 soli
872 2995 1035 3049 etiam
1064 2975 1268 3051 homini
1295 2975 1607 3063 datttm'est,
1631 3012 1743 3069 pra:
1770 2975 1816 3037 ο
1847 2999 2196 3070 blasphemus
2240 2975 2480 3070 exstitit,
2528 2975 2647 3070 ejus
2691 2997 3015 3069 cognitionis
3068 2996 3278 3050 alienus
3312 2993 3451 3059 [uita

158 3086 364 3142 steteris
393 3086 767 3143 animantibus
793 3086 908 3144 fore
938 3103 1057 3145 sese
1084 3088 1318 3151 beatius,
1346 3090 1602 3159 quoniam
1625 3090 1746 3160 qui-
1851 3092 2007 3150 Unde
2037 3092 2201 3149 etiam
2240 3090 2549 3149 certissime
2577 3088 2984 3161 comprobatur,
3013 3088 3268 3158 quoniam
3298 3086 3450 3143 sicut

159 3178 353 3234 demet
378 3179 532 3234 illum
565 3178 850 3248 duntaxat,
884 3180 930 3236 si
955 3181 1214 3243 caruerit,
1238 3183 1490 3239 omnibus
1515 3182 1631 3239 lieri
1657 3184 1750 3241 de-
1851 3182 1919 3239 ad
1976 3198 2245 3238 summum
2296 3182 2499 3237 bonum
2575 3179 2797 3236 deducit
2870 3193 3088 3235 omnem
3163 3175 3447 3236 hominem

161 3272 339 3327 venire
370 3271 624 3328 miserius
647 3273 737 3344 (?).
759 3272 930 3341 Quem
961 3273 1214 3331 videlicet
1239 3274 1570 3332 conditionis
1597 3277 1748 3333 ordi-
1851 3273 2133 3333 Creatoris
2182 3271 2459 3344 cognitio,
2520 3270 2600 3326 sic
2673 3268 2940 3340 demergit
3011 3268 3077 3323 ad
3131 3276 3445 3323 extremum

160 3378 276 3418 nem
323 3372 488 3420 caute
517 3363 584 3419 ab
613 3363 769 3422 initio
799 3364 1089 3436 providens
1113 3365 1500 3437 omnipotentis
1531 3367 1751 3423 bonitas
1853 3367 2121 3435 malorum
2147 3357 2289 3421 illius
2312 3364 2603 3436 ignoratio.
2633 3361 2768 3417 Nam
2791 3361 2972 3434 plures
3000 3360 3142 3416 illius
3164 3357 3443 3415 beneﬁciis

162 3453 503 3521 Conditoris,
552 3469 893 3526 cernensque
940 3455 1138 3533 saepius
1197 3457 1447 3513 eumdem
1500 3457 1753 3527 videlicet
1855 3477 1952 3534 per
1979 3458 2349 3529 insipientiam
2396 3454 2617 3533 ingrati,
2668 3469 2733 3511 ac
2771 3451 3158 3509 misericordia:
3184 3449 3443 3519 operibus

167 3546 438 3601 hominem
467 3546 769 3601 deserendo
794 3562 1010 3618 supera,
1045 3545 1244 3602 involvi
1272 3547 1494 3602 uimimn
1523 3548 1778 3620 inlimis,
1852 3550 2144 3611 illudentes
2209 3556 2387 3618 atque,
2419 3543 2679 3605 increduli
2710 3584 2724 3609 ,
2774 3543 3075 3623 pecudibus
3138 3540 3460 3596 deteriores.

165 3636 280 3691 fecit
309 3637 540 3707 proinde
576 3637 730 3707 plura
761 3637 1054 3698 identidem
1081 3652 1180 3708 pro
1208 3647 1451 3711 tempore
1476 3638 1542 3693 ad
1570 3640 1753 3699 erudi-
1854 3642 2053 3709 ell'ecti,
2072 3640 2346 3712 quietiam
2374 3638 2429 3694 in
2450 3652 2560 3693 sua:
2581 3635 2847 3700 emacitatis
2870 3634 3154 3706 caliginem
3176 3643 3447 3704 perpetuo

165 3728 360 3782 tionem
392 3728 542 3784 illius
568 3728 1077 3799 gratimerectionis
1114 3718 1381 3799 prodigia.
1417 3727 1586 3797 Hujus
1612 3744 1751 3799 quo-
1855 3743 1983 3791 sunt
2016 3732 2270 3790 demersi.
2302 3729 2367 3784 Et
2404 3728 2546 3800 quod
2575 3726 2854 3799 plerisque
2872 3725 3112 3796 contigit,
3148 3722 3348 3777 factum
3384 3721 3445 3776 in

166 3835 263 3889 que
289 3821 369 3875 rei
405 3821 590 3883 testis_
612 3820 691 3889 vel
722 3821 1103 3876 documentum
1133 3831 1312 3877 exstat
1335 3823 1514 3887 omnis
1541 3822 1752 3877 divina-
1855 3842 1966 3883 sua:
1989 3824 2179 3880 salutis
2209 3822 2504 3877 maximum
2529 3816 2861 3883 remedium,
2884 3815 3076 3873 exinde
3104 3813 3205 3869 sibi
3224 3811 3317 3867 alii
3344 3827 3463 3866 δρα,

165 3927 276 3965 rum
309 3912 454 3966 liber
478 3911 560 3975 vel
588 3913 781 3984 pagina
807 3912 1133 3969 litterarum.
1170 3912 1299 3981 Quae
1327 3913 1535 3977 scilicet
1561 3914 1753 3975 litteras
1855 3916 2095 3989 quisiere
2113 3922 2387 3985 praeeunte
2413 3909 2856 3982 culpamtcrnum
2882 3905 3291 3960 detrimentum.
3326 3900 3459 3955 H00»

169 4001 329 4070 ipsius
375 4002 777 4073 Omnipotentis
806 4005 1117 4077 magisterio
1150 4012 1379 4074 repertas
1400 4045 1415 4069 ,
1462 4020 1585 4060 cum
1635 4003 1755 4075 ejus
1840 4007 2329 4084 ~perspicacissime
2361 4012 2418 4063 et
2451 3992 2791 4075 permaxime
2821 3998 2991 4056 claret
3024 3998 3079 4053 in
3101 3995 3459 4065 omnipoten—

169 4093 483 4162 specialiter
522 4093 836 4150 multimodi
886 4106 1080 4166 gerant
1132 4094 1475 4159 testimonia,
1516 4104 1752 4151 mentem
1856 4102 1925 4158 iis
1950 4099 2131 4156 Patris
2157 4095 2419 4168 singulari
2444 4094 2641 4166 gratia,
2668 4100 2862 4164 sponte
2882 4090 2947 4146 de
2965 4088 3106 4145 cmlo
3132 4086 3449 4144 hominibus

169 4185 318 4241 etiam
348 4201 448 4241 seu
480 4186 813 4243 intellectum
859 4187 1095 4242 hominis
1130 4187 1182 4241 in
1222 4187 1425 4244 eisdem
1451 4187 1651 4243 eruditi
1684 4188 1751 4243 ad
1786 4244 1789 4247 .
1855 4192 1924 4248 ab
1949 4188 2097 4246 eoin
2131 4185 2334 4251 mundo
2382 4184 2557 4241 missa
2608 4197 2706 4254 per
2760 4196 2871 4237 suae
2928 4178 3230 4252 maiestatis
3283 4185 3461 4248 atque

171 4278 490 4348 cognitionis
522 4286 825 4348 respectum
858 4278 941 4333 sui
971 4278 1188 4348 erigunt
1223 4276 1553 4335 Conditoris.
1590 4278 1753 4337 Deni-
1783 4330 1829 4348 λ
1857 4280 2110 4341 Deitatis.
2141 4287 2473 4335 consternunt
2520 4273 2741 4340 Filium,
2770 4270 3022 4328 videlicet
3070 4267 3253 4325 Iesum
3280 4266 3445 4324 Cbri-
3484 4324 3490 4329 ,

173 4385 267 4449 qpe
303 4373 437 4427 dum
467 4372 642 4427 eidem
690 4370 899 4426 homini
947 4370 1207 4442 deposita:
1249 4370 1542 4427 ostendunt
1588 4385 1751 4441 super
1781 4361 2024 4432 2"stum.
2057 4371 2157 4441 Qui
2192 4370 2398 4427 scilicet
2424 4383 2549 4425 cum
2578 4367 2738 4423 Patre
2763 4379 2919 4435 aeque
2945 4362 3097 4434 origo
3125 4361 3305 4418 omnis
3326 4361 3485 4431 vitae.

172 4481 281 4534 (1³εὲ
307 4468 379 4521 Sil
410 4465 761 4532 ὕοιιεῐίιυῑιιε.
789 4473 883 4519 τιυὶ
909 4464 1011 4529 θυι»
1039 4464 1484 4535 quibuspositus,.
1507 4464 1750 4534 inexpler
1858 4476 1913 4524 et
1941 4464 2186 4523 veritatis
2234 4472 2399 4532 atque
2438 4458 2697 4517 bonitatis
2727 4454 2975 4513 exhibuit
3024 4468 3083 4508 se
3128 4452 3291 4523 plane
3332 4467 3453 4507 ere-

175 4557 271 4619 bile
318 4560 576 4630 ingerunt
623 4558 673 4614 ei
722 4558 1090 4625 desiderium;
1148 4558 1403 4628 quoniam
1451 4564 1656 4614 tantum
1703 4556 1753 4611 ei
1859 4554 2476 4623 dentibus.Quibusque
2511 4566 2542 4605 a
2581 4548 2794 4605 sarculis
2823 4544 3181 4630 incognitum,
3222 4543 3450 4619 occultis

178 4629 435 4719 incipiunt
462 4648 749 4719 displicere
775 4648 1028 4706 universa
1076 4663 1196 4717 qua:
1240 4647 1457 4714 adsunt,
1491 4656 1754 4718 quantum
1862 4646 2243 4720 mnigmatibus
2288 4642 2614 4707 involutum,
2645 4639 2713 4694 de
2757 4652 2818 4692 se
2868 4629 3033 4694 etiam
3081 4633 3452 4703 testimonioin

180 4739 447 4797 incalescit
494 4741 559 4794 ad
608 4754 854 4794 amorem
905 4739 1119 4804 illorum
1166 4754 1285 4814 quin
1313 4739 1757 4810 desuntpl‘itque
1862 4737 2264 4814 perliibentium
2312 4734 2743 4805 Scripturarum,
2777 4722 3127 4798 aditnplebilc
3158 4723 3459 4778 documen-

183 4839 320 4888 l.;n'.o
352 4835 541 4890 melior
587 4843 757 4903 atque
797 4833 1091 4902 pulchrior,
1140 4832 1456 4901 quantoliis
1482 4848 1580 4902 per
1608 4845 1757 4887 amo—
1863 4843 1998 4889 tum.
2030 4831 2090 4886 ln
2119 4843 2228 4899 quo
2252 4827 2418 4882 etiam
2442 4825 2731 4880 veracibus
2759 4821 2947 4877 verbis
2977 4824 3033 4872 et
3066 4814 3344 4888 prodigiis
3379 4827 3469 4866 se-
3545 4837 3564 4853 ς·

183 4938 285 4978 rein
311 4926 526 4982 haeserit
558 4926 813 4983 vicinior.
858 4925 1033 4996 Atque
1076 4926 1130 4981 in
1173 4934 1433 4993 quantum
1462 4925 1673 4987 melior,
1705 4924 1757 4978 in
1845 4927 2063 4999 ipsum,
2115 4931 2177 4979 et
2217 4936 2374 4976 suum
2403 4918 2620 4973 Patrem
2675 4922 2842 4983 atque
2889 4922 3080 4968 eorum
3112 4905 3394 4999 Spiritum
3423 4903 3494 4955 in.
3559 4922 3564 4941 ε

188 5023 390 5071 ιαιιιιιιη
410 5017 627 5090 illihqui
658 5032 872 5075 summe
891 5019 1062 5075 bonus
1109 5024 1309 5082 exstat,
1338 5016 1580 5072 Creatori
1608 4999 1759 5071 sinii-
1864 4996 2039 5077 tribus
2068 5014 2305 5072 discrete
2337 5008 2660 5067 certissimis
2686 5006 3130 5090 personigunltm
3157 4996 3318 5054 idem
3340 5009 3480 5059 0550.

188 5102 296 5160 lior.
346 5108 406 5162 Et
449 5089 657 5166 idcirco
706 5117 959 5177 patenter
1002 5109 1169 5165 datur
1216 5104 1464 5179 intelligi,
1497 5106 1755 5178 quoniam
1863 5114 1918 5168 i:l
1943 5119 2029 5169 est
2062 5106 2227 5162 unius
2253 5101 2578 5158 aeternitatis
2607 5108 2661 5154 et
2685 5097 2946 5168 potentia:
2974 5089 3258 5157 uniusque
3291 5092 3491 5157 volun-

183 5198 413 5269 quisquis
442 5201 731 5268 hominum
764 5197 919 5266 hujus
952 5197 1161 5267 amoris
1192 5212 1393 5263 vacuus
1423 5199 1585 5254 fuerit
1615 5197 1777 5252 desi-i
1866 5203 1990 5258 tatis
2022 5207 2185 5266 atque
2224 5190 2581 5263 Operationis,
2607 5197 2663 5243 et
2707 5186 2859 5257 quod
2896 5183 3132 5269 idipsum
3161 5184 3355 5236 toturn
3384 5184 3507 5249 ests.

179 5287 341 5338 (ferio-
370 5293 510 5338 mnni
560 5286 755 5338 nmen]
788 5288 946 5338 dubio
998 5291 1091 5338 [int
1141 5288 1346 5338 necudc
1397 5288 1649 5338 miserior
1692 5302 1756 5338 ac
1864 5295 2026 5338 unius
2072 5285 2338 5338 bonitatis
2386 5291 2443 5338 et
2496 5295 2592 5338 uer
2646 5274 2838 5331 ουιιιίει
2870 5263 3167 5338 coa'qua'is
3209 5270 3497 5333 οδεειὶῑῖὶιῖι
