3992 5338
554 225 660 287 6ὑῖ

1520 222 1819 288 RODULFI
1862 224 2109 281 GLABI’tl
2148 225 2451 287 ilONAClll
2489 235 2808 293 CLUNIAC.
2914 292 2919 295 _
3698 246 3785 303 (ἴω

553 337 897 409 principium.
928 335 1092 409 Cujus
1122 337 1285 392 etiam
1316 347 1426 391 tota
1477 340 1751 409 plenitudo
1788 356 1885 410 per
1928 343 2132 408 omnia,
2166 348 2210 407 Α
2239 344 2530 415 eriperent,
2562 350 2785 405 minime
2815 349 3124 418 valuerunt,
3150 332 3644 421 qttont'am'viudicc
3663 356 3789 412 flam-

542 439 606 510 ρι
637 429 760 485 linis
790 431 1052 485 omnium.
1086 429 1191 485 Sed
1219 445 1341 485 cum
1388 429 1502 501 ipse
1537 432 1893 503 Omnipotens
1924 435 1974 489 in
2006 453 2138 505 quo-

553 524 675 578 dam
707 529 1083 577 creaturarum
1115 521 1314 588 medio,
1342 523 1594 580 videlicet
1625 525 1677 579 in
1711 525 1948 590 homine,
1984 543 2136 582 suam

547 615 907 686 expressisset
938 615 1255 686 imaginem,
1287 615 1545 686 illumque
1584 618 1809 689 proprio
1843 618 2138 675 dimisisset

545 707 791 773 arbitrio,
823 698 1151 777 insuperque
1190 708 1373 762 omnia
1423 702 1605 762 mundi
1645 709 1847 779 Optima
1880 708 2020 764 illius
2050 711 2135 764 di-

547 798 678 852 tioui
731 796 1082 863 subdidisset,
1138 784 1386 868 neglecto
1444 798 1680 868 propria:
1732 799 2142 854 constitutionis

2244 450 2331 490 ma
2365 449 2719 495 consumente
2765 439 2915 508 illos,
2957 442 3219 499 continuo
3273 444 3325 499 in
3380 445 3646 515 pulverem
3688 460 3790 502 sunt

2242 527 2467 583 redacti.
2505 529 2562 584 Si
2596 532 2689 601 qui
2716 546 2851 588 vero
2874 534 3217 603 postmodum
3266 533 3427 604 hujus
3456 540 3791 605 pervcrsitatis

2241 630 2542 677 sectatores
2590 621 2809 678 fuerunt
2856 626 3092 696 reperti,
3129 624 3291 681 simili
3338 625 3557 681 ultionis
3587 628 3791 682 vindicta

2240 714 2440 785 ubique
2472 716 2687 771 luerunt
2726 719 2949 789 perditi.
2994 717 3266 774 Praeterea
3292 720 3613 774 venerabilis
3631 721 3790 774 cathoo

2242 806 2359 861 lica;
2397 806 2520 861 ﬁdei
2549 807 2747 876 cultus,
2786 809 3083 880 exstirpata
3122 811 3509 866 insanientium
3560 812 3793 881 pessimo-

544 886 936 954 moderamin‘e,
964 903 1029 945 ac
1068 887 1189 960 plus
1219 887 1499 959 quidpiam
1528 888 1613 944 vel
1660 888 1806 945 aliud
1848 907 2012 962 quam
2046 907 2139 946 au-

543 978 714 1035 ctoris
754 978 1003 1034 voluntas
1058 979 1209 1034 illum
1275 980 1596 1037 decreverat
1651 996 1773 1036 sese
1820 983 2140 1039 existinmas

545 1068 684 1136 fore,
717 1068 978 1125 continuo
1025 1078 1181 1125 tanto
1224 1071 1462 1127 deterior
1512 1081 1597 1128 est
1641 1071 1885 1136 effectus,
1934 1087 2139 1145 quanto

544 1160 946 1230 pt-zesuntptior.
987 1160 1070 1216 Ad
1101 1160 1255 1231 cujus
1296 1163 1758 1234 potioremetiam
1786 1165 2136 1223 reformatio-

543 1268 665 1306 nem
694 1252 837 1307 idem
854 1252 1119 1310 Conditor
1147 1270 1437 1325 personam
1469 1257 1561 1311 ﬁlii
1587 1273 1700 1313 sua!
1732 1258 1961 1314 Deitatis
1994 1261 2139 1317 misit

546 1345 599 1398 iu
638 1345 921 1413 mundum,
966 1347 1047 1402 sui
1095 1347 1498 1417 prmformatam
1551 1365 1767 1406 sumere
1813 1352 2133 1425 imaginem.

545 1438 677 1505 Quae
706 1437 915 1495 scilicet
944 1440 1357 1508 quanto-utilior
1388 1457 1455 1497 ac
1492 1441 1799 1509 decentior,
1831 1453 1983 1500 tanto
2013 1446 2139 1502 sub-

546 1530 693 1586 tilior
717 1547 779 1587 ac
809 1522 1132 1589 mirabilior.
1170 1532 1343 1602 Quam
1373 1535 1540 1591 etiam
1583 1537 1829 1608 plerique
1855 1538 2136 1593 hominum
2239 1540 2434 1596 indolis
2480 1530 2764 1599 illustrem.
2809 1522 3057 1615 Cumque
3083 1545 3149 1600 de
3174 1546 3345 1617 ipsius
3380 1544 3647 1601 sacrando
3690 1544 3793 1600 subo

545 1639 651 1678 non
680 1625 942 1690 valentes,
978 1640 1071 1681 seu
1100 1625 1279 1681 minus
1324 1626 1570 1683 volentes
1600 1631 1844 1694 credere,
1876 1629 1959 1685 vel
1994 1646 2139 1684 ama-
2171 1704 2199 1707 ᾧ
2242 1629 2393 1686 limio
2428 1632 2689 1701 primates
2752 1634 2905 1705 regni
2953 1636 3267 1707 sagaciores
3309 1636 3686 1701 consuluisset,
3710 1635 3799 1690 tale

546 1731 627 1782 re,
659 1726 718 1772 ιιι
761 1716 841 1773 sic
872 1716 1093 1772 tandem
1135 1717 1189 1773 in
1224 1718 1313 1773 illa
1361 1734 1471 1775 sum
1526 1721 1717 1776 salutis
1762 1721 2137 1777 sufﬁcientiam
2171 1704 2214 1767 Β
2242 1721 2292 1776 ei
2321 1721 2520 1778 dedere
2560 1704 2918 1795 responsum:
2960 1744 2979 1778 ι
3019 1704 3150 1781 Sine
3191 1742 3446 1797 puerum,
3497 1744 3612 1793 rex,
3636 1728 3678 1783 si
3702 1728 3795 1799 pla-

544 1806 846 1876 potuissent
895 1806 1228 1863 intellectam
1273 1809 1544 1879 reperire;
1593 1810 1877 1882 potiusque
1907 1812 2136 1867 diversis
2243 1821 2349 1879 cet,
2402 1815 2699 1870 crescendo
2738 1815 3037 1886 procedere
3061 1818 3113 1871 in
3134 1817 3319 1873 viriles
3364 1832 3561 1884 annos,
3594 1819 3794 1882 ne,vel-

544 1896 790 1968 impliciti
821 1898 1101 1955 erroribus
1135 1908 1283 1955 tanto
1315 1900 1644 1957 exstiterunt
1680 1903 1929 1957 veritatis
1967 1902 2138 1958 rebel-
2238 1903 2315 1955 uti
2345 1901 2411 1959 de
2444 1911 2497 1958 te
2526 1912 2738 1974 gestum
2794 1913 2898 1970 est,
2955 1906 3087 1960 tanti
3135 1907 3287 1979 regni
3338 1907 3552 1976 pondus
3600 1907 3801 1962 inﬁrma:

543 1987 642 2053 les,
672 1998 878 2071 quanto
925 1988 1223 2060 probantur
1275 1990 1421 2046 illius
1478 1991 1809 2062 cognitionis
1862 2003 2135 2062 expertes.
2239 1992 2554 2050 committas
2599 1995 2768 2050 tutati.
2806 2015 2824 2047 ι
2877 1996 3007 2050 Erat
3053 2006 3234 2053 autem
3262 1990 3265 1993 ’
3294 1998 3436 2053 idem
3489 2014 3621 2069 puer
3655 1999 3797 2053 ferme

546 2079 623 2133 lle
651 2094 882 2148 quorum
919 2080 1305 2150 proculdubio
1353 2092 1500 2138 sorte
1545 2089 1672 2138 sunt
1717 2084 1985 2140 universa:
2029 2086 2137 2141 hat-
2238 2083 2520 2139 decennis.
2571 2083 2673 2151 Qui
2725 2085 2952 2142 minime
2996 2085 3210 2143 illorum
3264 2088 3618 2160 acquiesccns
3644 2088 3793 2150 dictis,

549 2187 723 2237 reses,
775 2172 861 2229 vel
928 2189 1376 2247 quorumcunque
1426 2191 1675 2231 errorum
1708 2186 1869 2248 sectae
1921 2178 1975 2231 in
2024 2186 2139 2233 toto
2239 2182 2415 2229 matre
2470 2175 2741 2246 praecipue
2799 2176 3127 2249 instigante,
3186 2177 3337 2249 regio
3392 2178 3444 2232 in
3499 2177 3800 2247 Compendio

542 2268 816 2316 terrarum
865 2262 1017 2318 orbe.
1059 2262 1267 2331 Quibus
1299 2264 1515 2320 scilicet
1559 2266 1834 2334 omnibus,
1870 2266 1970 2321 nisi
2004 2283 2134 2321 con-
2239 2266 2462 2324 adscitis
2499 2269 2651 2337 regni
2690 2268 3045 2339 primoribus,
3080 2279 3452 2335 coronam,.ut
3492 2270 3797 2339 decreverat,

542 2353 683 2409 versi
739 2362 1039 2425 sequantur
1075 2353 1262 2410 Jesum
1310 2365 1463 2429 gesta
1514 2356 1891 2427 plenitudine,
1940 2357 2135 2413 melius
2236 2373 2304 2414 ex
2337 2360 2914 2429 moreapontiﬁcibus
2963 2359 3094 2416 fecit
3144 2375 3316 2431 puero
3356 2360 3582 2431 imponi.
3617 2360 3803 2431 inpro.

539 2442 722 2525 fuerat
771 2464 876 2503 non
926 2448 1113 2505 fuisse.
1165 2448 1244 2505 At‘
1287 2463 1517 2520 quorum
1580 2466 1733 2506 meus
1811 2450 1969 2522 plena
2032 2449 2136 2505 ﬁde
2237 2465 2393 2505 cessu
2423 2464 2638 2520 quoque
2669 2451 2930 2522 temporis
2970 2466 3091 2506 cum
3136 2450 3480 2516 adolevisset,
3512 2464 3805 2505 cernensse

544 2543 777 2602 amando
811 2551 867 2600 et
914 2532 1189 2602 credendo
1246 2544 1321 2600 illi
1382 2545 1649 2611 obedivit,
1683 2555 1832 2600 tanto
1884 2545 2136 2600 meliores
2238 2539 2312 2595 nil
2345 2540 2567 2595 dominii
2597 2541 2670 2595 rei
2716 2541 3009 2612 peculiaris
3036 2550 3233 2611 praeter
3256 2541 3459 2596 victum
3488 2549 3546 2596 et
3573 2540 3803 2595 vestitum

539 2650 607 2691 ex
638 2648 704 2691 eo
729 2634 907 2690 effecti
939 2645 1144 2706 quanto
1191 2635 1488 2705 perfectius
1519 2635 1868 2692 adlueserunt
1892 2636 1967 2690 illi
1996 2676 2010 2701 ,
2042 2635 2132 2706 qui
2236 2646 2301 2686 ex
2334 2648 2521 2701 regno.
2569 2631 2711 2687 unde
2740 2643 3033 2687 coronatus
3080 2632 3273 2696 fuerat,
3328 2645 3485 2702 posse
3534 2630 3793 2691 mandare,

538 2733 624 2781 est
675 2724 891 2781 initium
928 2733 985 2781 et
1035 2723 1303 2795 perfectio
1327 2725 1495 2780 totius
1529 2725 1678 2780 boni.
1714 2725 1790 2781 Ex
1827 2725 1911 2781 his
1935 2741 2135 2796 nempe
2238 2722 2403 2793 cwpit
2445 2722 2610 2778 corde
2641 2722 2846 2777 tristari
2880 2731 3042 2793 atque
3071 2723 3211 2793 apud
3247 2733 3458 2793 patrem
3492 2731 3552 2776 ut
3591 2722 3640 2776 ei
3667 2720 3802 2790 quid-

539 2824 756 2873 coastat
804 2825 918 2871 tota
966 2828 1278 2873 sanctorum
1308 2816 1595 2872 laudabilis
1621 2834 1830 2872 summa
1856 2858 1872 2883 ,
1903 2834 2133 2889 quorum
2236 2814 2383 2884 piam
2414 2812 2640 2868 dominii
2689 2813 2982 2885 largiretur
3010 2813 3288 2884 conqueri.
3319 2814 3474 2882 Quod
3501 2811 3619 2883 ejus
3651 2821 3803 2866 mater

543 2910 868 2965 venerabilis
931 2910 1202 2965 memoria
1260 2910 1515 2965 universa
1592 2911 1916 2966 macularum
1972 2919 2134 2967 om:
2239 2904 2602 2973 comperiens,
2634 2913 2691 2957 ut
2714 2912 2831 2957 erat
2859 2903 3178 2958 avarissima
3216 2903 3505 2974 maritique
3544 2903 3805 2973 magistra,

541 3009 803 3073 tempora.
843 2999 1051 3067 Quibus
1091 3000 1255 3054 etiam
1283 3000 1469 3053 datum
1493 3009 1576 3055 est
1607 3012 1730 3055 cum
1756 3001 2131 3054 universorum
2174 3068 2204 3073 _
2239 2994 2355 3049 fieri
2398 2994 2660 3061 renitens,
2700 2994 2921 3065 insuper
2946 2994 3208 3049 conviciis
3238 3008 3307 3049 ac
3334 2993 3636 3049 maledictis
3666 2992 3804 3062 juve-

540 3068 799 3148 Creatore
837 3106 1074 3162 perenne
1108 3100 1164 3147 et
1218 3090 1450 3147 feliciter
1476 3107 1598 3146 esse
1633 3102 1687 3145 et
1728 3091 1931 3155 vivere,
1962 3091 2133 3145 illius-
2162 3068 2205 3130 ε
2238 3101 2361 3140 nem
2390 3086 2716 3141 lacessebat.
2749 3084 2815 3139 Et
2856 3085 2996 3139 sicut
3039 3085 3259 3155 quidam
3312 3085 3389 3139 ait
3420 3102 3435 3139 :
3495 3085 3633 3139 Neri
3678 3085 3809 3152 inge-

545 3166 651 3249 que
698 3168 914 3252 semper
964 3182 1256 3253 agnitionis
1302 3181 1509 3237 visione
1556 3181 1825 3237 beatiores
1852 3181 1986 3236 fore.
2024 3180 2134 3238 Nos
2236 3184 2385 3236 nium
2428 3180 2728 3244 mulierum,
2773 3196 2889 3234 cum
2932 3177 3081 3245 velis,
3114 3180 3227 3250 ipsa
3259 3178 3425 3247 nolit;
3465 3190 3519 3232 at
3566 3180 3611 3233 εἰ
3664 3180 3807 3246 nolis,

541 3272 705 3343 igiznr
760 3272 973 3328 tandem
1028 3272 1303 3329 credinms
1327 3314 1342 3339 ,
1390 3282 1447 3327 ut
1494 3273 1958 3343 spoponderamus
1984 3314 1999 3337 ,
2050 3274 2134 3329 his
2234 3273 2402 3343 cupiet
2443 3272 2580 3325 ultro
2616 3286 2633 3323 :
2666 3287 2790 3325 nam
2820 3287 2941 3341 qua:
2965 3271 3135 3341 prius,
3163 3286 3231 3325 ne
3260 3272 3403 3325 fastu
3436 3271 3585 3342 regni
3615 3279 3810 3326 careret

541 3365 728 3435 paucis
781 3364 993 3420 illortun
1051 3366 1429 3420 daumatorum
1509 3365 1736 3422 insanias
1807 3362 2134 3421 sufﬁcienter
2236 3365 2440 3434 aliquo,
2479 3364 2765 3436 ingruente
2806 3366 2988 3420 mariti
3032 3366 3327 3422 infortunio
3355 3376 3552 3422 contra
3584 3370 3807 3423 omnium

544 3457 912 3526 respondisse.
961 3456 1231 3512 Praeterea
1271 3471 1395 3512 cum
1427 3473 1456 3510 a
1495 3456 1742 3527 pluribus
1768 3456 1917 3512 otnni
1974 3471 2133 3526 saga-
2236 3454 2660 3531 sola.decretum
2690 3455 3000 3511 sublimavit
3028 3472 3279 3527 puerum,
3312 3467 3498 3528 postea
3532 3467 3645 3513 toto
3674 3474 3808 3512 men-

540 3557 704 3603 mtate
763 3548 1067 3603 laboratum
1124 3547 1356 3614 fuisset,
1384 3548 1619 3617 qualiter
1644 3548 1889 3617 deposita
1938 3548 2136 3603 mentis
2238 3544 2308 3599 tis
2339 3545 2480 3609 nisu,
2510 3560 2575 3600 ac
2605 3546 2649 3601 si
2698 3546 2913 3603 hostem
2958 3547 3344 3618 alienigenam,
3378 3548 3633 3620 turpabat
3673 3550 3809 3603 illum

541 3641 764 3708 perfidia
815 3655 998 3695 veram
1066 3651 1121 3696 ct.
1169 3640 1529 3695 universalem
1584 3641 1893 3710 reciperent
1928 3639 2134 3705 ﬁdem,
2236 3636 2420 3689 verbis
2452 3643 2509 3690 et
2548 3636 2823 3706 Operibus.
2856 3636 2951 3693 Ille
2992 3652 3120 3692 vero
3165 3653 3398 3692 cernens
3427 3653 3489 3693 se
3530 3654 3637 3693 non
3671 3655 3813 3709 posse

544 3740 708 3801 atque
739 3732 815 3786 illi
847 3732 1175 3786 omnimodis
1208 3747 1268 3787 se
1320 3729 1499 3787 facere
1527 3731 1881 3803 denegarem,
1931 3730 2132 3786 dictum
2238 3726 2447 3783 diutius
2491 3726 2617 3780 talia
2674 3728 3053 3798 aequanimiter
3098 3727 3353 3793 tolerare,
3385 3726 3598 3797 junctis
3643 3745 3807 3783 secum

539 3824 778 3903 est_eis,
805 3824 1061 3893 quoniam
1094 3823 1199 3883 nisi
1250 3821 1485 3879 celerius
1517 3835 1581 3878 au
1618 3838 1804 3878 sanam
1837 3822 1959 3877 ﬁdei
1986 3839 2136 3878 mcn-
2238 3819 2514 3891 aliquibus
2553 3836 2666 3876 suae
2696 3822 2875 3877 aetatis
2914 3821 3230 3894 juvenibus,
3264 3821 3428 3891 cmpit
3480 3820 3723 3876 infestari
3756 3836 3808 3872 aa:

541 3925 649 3970 tem
707 3913 955 3980 redeant,
1004 3912 1146 3985 regis
1196 3914 1347 3985 jussu
1381 3923 1437 3969 et
1485 3913 1755 3970 universa:
1805 3912 1979 3984 plebis
2005 3931 2138 3970 cou-
2239 3914 2476 3983 diripere
2521 3916 2588 3970 ad
2632 3913 2843 3970 libitum
2892 3931 2979 3971 res
3032 3915 3360 3986 genituram.
3414 3913 3623 3968 Tamen
3669 3911 3813 3981 paulo

538 4020 700 4060 sensu
731 4005 853 4076 igne
880 4014 1065 4060 essent
1104 4006 1349 4074 protinus
1381 4002 1693 4058 crcmatmi.
1714 4003 1782 4057 At
1808 4002 1882 4057 illi
1912 4004 2051 4059 male
2081 4004 2134 4059 in
2238 4016 2359 4078 post
2388 4007 2479 4063 Dei
2508 4018 2642 4068 mttu
2674 4008 2727 4063 in
2764 4023 2830 4063 se
2866 4024 3140 4074 reversus,
3174 4008 3240 4065 ad
3269 4006 3549 4078 genitores
3594 4005 3806 4066 rediens,

543 4111 640 4149 sua
683 4096 874 4150 confisi
906 4095 1146 4158 vesania,
1179 4095 1261 4149 vel
1311 4095 1697 4165 pertimescere
1746 4108 1804 4149 se
1844 4094 2132 4166 jactantcs,
2238 4098 2426 4155 humili
2455 4115 2551 4155 eos
2581 4101 2955 4156 satisfactione
2982 4099 3275 4155 benevolos
3299 4113 3426 4168 erga
3462 4113 3524 4153 se
3573 4098 3805 4154 reddidit.

540 4203 705 4259 seque
734 4204 994 4245 evasuros
1025 4190 1094 4245 ab
1139 4190 1262 4260 igne
1310 4189 1507 4245 illaesos
1550 4190 1952 4260 promittentes,
2001 4188 2134 4258 quin
2238 4187 2391 4244 Tunc
2416 4191 2633 4246 denmm
2686 4191 2754 4246 ab
2785 4192 2989 4247 eisdem
3023 4190 3251 4261 largitur
3300 4189 3397 4254 illi,
3450 4198 3512 4242 ut
3561 4189 3806 4258 optinunn

2241 913 2362 952 rum
2395 898 2640 966 vesania,
2672 899 2870 971 ubique
2903 913 3170 955 terrarmn
3200 901 3400 957 clarior
3423 901 3661 958 emicuit.

2858 991 3086 1047 CAPUT
3127 993 3219 1048 IX.

2660 1080 2739 1136 De
2775 1081 2902 1153 ﬁliis
2952 1084 3087 1154 regis
3136 1082 3392 1153 ejusdem.

2302 1170 2567 1243 Suscepit
2632 1173 2803 1244 igitur
2853 1172 3113 1245 prmfatus
3179 1189 3271 1229 rex
3336 1180 3404 1232 de
3462 1164 3795 1248 suprascripta

2240 1263 2467 1336 conjuge
2518 1280 2615 1319 sua
2661 1266 2800 1322 ﬁlios
2848 1275 3109 1337 quatuor,
3141 1268 3512 1341 providusque
3566 1272 3630 1327 de
3671 1273 3793 1343 regni

2240 1370 2521 1426 successu,
2551 1356 2712 1428 elegit
2744 1374 2971 1430 regnare
3012 1368 3135 1430 post
3170 1375 3229 1415 se
3255 1359 3470 1415 illorum
3502 1361 3793 1433 primogeni-

2241 1457 2355 1504 tum
2388 1449 2670 1522 Hugonem
2707 1451 2947 1519 nomine,
2996 1468 3224 1525 puerum
3270 1455 3469 1520 adhuc,
3513 1454 3797 1510 clarissima:

541 4280 719 4349 potius
755 4282 819 4335 ad
866 4282 1089 4336 tuelima
1118 4281 1219 4338 sili
1264 4283 1619 4338 suadentibus
1673 4281 1981 4351 spernendo
2016 4282 2135 4335 illn-

541 4370 764 4426 t'ebaut.
787 4371 1035 4429 Cernens
1055 4389 1272 4444 quoque
1301 4390 1394 4427 rev
1422 4385 1477 4427 et
1504 4375 1739 4429 universi
1767 4374 1857 4444 qui
1887 4374 2131 4438 aderant,

2236 4280 2461 4337 dezebat
2505 4281 2696 4348 ﬁlium,
2735 4282 2826 4351 jus
2866 4282 3066 4352 ubique
3110 4297 3176 4335 ac
3207 4291 3451 4351 potestas
3496 4281 3673 4351 regni.
3716 4276 3807 4331 Sed

2236 4373 2417 4442 qualis
2466 4385 2521 4429 ct
2578 4384 2815 4446 quantus
2884 4373 3228 4443 postmodum
3284 4371 3517 4436 exstitit,
3574 4366 3807 4443 pruenti

543 4465 723 4519 minus
748 4479 907 4533 posse
940 4464 1059 4521 illos
1091 4443 1335 4522 revocari
1365 4469 1433 4521 ab
1466 4467 1709 4533 insania,
1737 4465 1902 4535 jUSs‘it
1939 4483 2135 4521 aeecu-
2164 4443 2210 4503 Ι)
2238 4465 2379 4537 stylo
2405 4466 2592 4536 nequit
2620 4465 2901 4536 explicari.
2951 4464 3122 4531 Quam
3173 4462 3392 4518 lmmilis
3417 4477 3481 4517 ac
3509 4461 3686 4517 dulcis
3709 4459 3807 4513 elo-

543 4556 807 4627 derennn
858 4557 1074 4630 Iongea
1124 4561 1344 4615 civitate
1392 4562 1569 4633 ignem
1619 4561 2036 4631 permaximum,
2078 4572 2133 4615 ut

540 4643 625 4699 Vel
671 4662 738 4702 eo
783 4647 925 4702 for;c
975 4650 1149 4704 territi
1204 4666 1233 4703 a
1274 4665 1369 4705 sua
1411 4651 1745 4721 malignitate
1797 4650 2131 4705 desinerent.

540 4738 621 4793 Ad
647 4755 752 4809 que
776 4757 806 4793 u
836 4757 959 4796 cum
1007 4743 1353 4809 ducerentur,
1402 4744 1585 4798 rabida
1631 4744 1806 4798 adacti
1839 4746 2135 4808 dementia,

540 4844 599 4882 sc
628 4830 958 4885 oumimodis
989 4831 1091 4887 hoc
1120 4832 1255 4886 velle
1294 4833 1701 4902 proclamabam
1735 4848 1799 4887 ac
1837 4848 1958 4887 sese
1993 4834 2135 4887 ultro

542 4924 607 4977 ad
634 4924 814 4993 ignem
847 4926 1188 4980 trahentibus
1209 4924 1531 4980 inferebant.
1558 4924 1765 4992 Quibus
1789 4925 1854 4979 ad
1883 4926 2130 4979 ultimum

541 5028 770 5069 numero
807 5014 874 5068 15
918 5014 1025 5083 igni
1058 5015 1294 5080 traditis,
1334 5031 1456 5069 cum
1483 5016 1595 5085 jam
1627 5015 1920 5083 cmpisscnt
1954 5016 2132 5070 aerius

528 5106 720 5180 aduri,
750 5118 1038 5175 coeperunt
1069 5123 1201 5162 voce
1241 5124 1345 5176 qua
1381 5116 1632 5175 poterant
1671 5123 1736 5162 ex
1786 5107 1976 5185 eodem
2010 5108 2132 5179 igne

538 5196 777 5253 clamare
816 5215 875 5254 se
906 5200 1139 5268 pessime
1188 5198 1445 5269 deceptos
1487 5209 1607 5255 arte
1652 5200 1913 5256 diabolica
1960 5216 2133 5270 nuper

540 5285 609 5338 de
649 5288 1024 5338 universorum
1068 5288 1177 5338 Deo
1209 5303 1270 5338 ac
1307 5290 1532 5338 Domino
1581 5291 1724 5338 male.
1770 5292 2027 5338 sensisse-
2077 5300 2133 5338 et

2228 4557 2387 4633 quio,
2417 4556 2554 4626 patri
2588 4571 2650 4610 ac
2694 4554 2855 4609 matri
2892 4554 3065 4609 servis
3109 4553 3470 4617 ohedientior,
3524 4563 3809 4623 pauperum

2238 4647 2421 4718 largus
2444 4647 2618 4708 dator,
2671 4647 3064 4700 monachorum
3105 4654 3161 4698 et
3202 4642 3529 4698 clericorum
3575 4639 3807 4697 consola-

2240 4746 2345 4799 tor,
2396 4752 2495 4790 nec
2553 4750 2658 4789 non
2706 4735 2847 4803 apud
2904 4744 3111 4804 patrem
3159 4742 3479 4787 cunctorum
3538 4741 3806 4803 rogantum

2241 4826 2587 4880 fidelissimus
2615 4824 2969 4886 iuterventm',
2996 4836 3158 4890 quam
3203 4820 3488 4876 afﬂuenter
3522 4822 3576 4875 in
3615 4817 3809 4876 cunctis

2237 4917 2457 4987 optimis
2499 4913 2710 4977 meliir,
2764 4914 2886 4983 quis
2926 4912 3066 4967 valet
3092 4913 3314 4984 exsequi
3350 4910 3590 4967 relator?
3627 4910 3807 4977 llujus-

2235 5009 2379 5065 modi
2420 5009 2562 5062 enim
2602 5007 2743 5060 fama
2771 5007 2967 5077 ubique
2988 5005 3388 5075 provinciarqu
3433 5004 3678 5074 percitus
3700 5013 3809 5071 per-

2233 5103 2521 5173 optabatur
2542 5117 2569 5154 a
2599 5099 2813 5163 multis,
2847 5099 3114 5170 praecipue
3153 5097 3223 5151 ab
3260 5096 3482 5161 Italicis,
3515 5105 3575 5150 ut
3596 5095 3695 5151 sibi
3719 5093 3808 5146 iut-

2232 5200 2472 5265 peruret,
2503 5193 2556 5247 iu
2594 5192 2880 5261 imperium
2909 5189 3215 5244 sublimari.
3252 5187 3393 5242 Nam
3431 5196 3487 5242 et
3512 5203 3584 5242 ex
3624 5198 3810 5257 cogno—

2235 5296 2417 5338 mento
2463 5281 2671 5338 proavi.
2718 5280 2942 5338 Matmus
2974 5279 3126 5338 llugo
3175 5278 3459 5335 dicebatur
3508 5295 3541 5333 ει
3590 5275 3804 5333 cunctis.
