  <div class='ocr_page' id='page_1' title='image "/cluster/home/n/w/nwhite01/storage/ocr_20150623/142/hvd.32044015471808/338.png"; bbox 0 0 3992 5338; ppageno 0'>
   <div class='ocr_carea' id='block_1_1' title="bbox 174 265 277 322">
    <p class='ocr_par' dir='ltr' id='par_1_1' title="bbox 174 265 277 322">
     <span class='ocr_line' id='line_1_1' title="bbox 174 265 277 322; baseline 0.01 -2"><span class='ocrx_word' id='word_1_1' title='bbox 174 265 277 322; x_wconf 69' lang='grc'><strong>863</strong></span> 
     </span>
    </p>
   </div>
   <div class='ocr_carea' id='block_1_2' title="bbox 1032 254 2481 324">
    <p class='ocr_par' dir='ltr' id='par_1_2' title="bbox 1032 254 2481 324">
     <span class='ocr_line' id='line_1_2' title="bbox 1032 254 2481 324; baseline -0.001 -11"><span class='ocrx_word' id='word_1_2' title='bbox 1032 255 1507 313; x_wconf 61' lang='grc' dir='ltr'><strong>ιιιετοιιιλιιωι</strong></span> <span class='ocrx_word' id='word_1_3' title='bbox 1548 254 1727 311; x_wconf 75' lang='lat' dir='ltr'>LIBRI</span> <span class='ocrx_word' id='word_1_4' title='bbox 1763 254 2097 324; x_wconf 67' lang='lat' dir='ltr'><strong>QUINQUE.</strong></span> <span class='ocrx_word' id='word_1_5' title='bbox 2130 285 2197 296; x_wconf 89' lang='lat'><strong>—</strong></span> <span class='ocrx_word' id='word_1_6' title='bbox 2229 254 2359 312; x_wconf 85' lang='lat' dir='ltr'><strong>LIB.</strong></span> <span class='ocrx_word' id='word_1_7' title='bbox 2392 255 2481 312; x_wconf 87' lang='lat' dir='ltr'>III.</span> 
     </span>
    </p>
   </div>
   <div class='ocr_carea' id='block_1_3' title="bbox 3341 256 3449 314">
    <p class='ocr_par' dir='ltr' id='par_1_3' title="bbox 3341 256 3449 314">
     <span class='ocr_line' id='line_1_3' title="bbox 3341 256 3449 314; baseline 0.019 -2"><span class='ocrx_word' id='word_1_8' title='bbox 3341 256 3449 314; x_wconf 81' lang='lat'><strong>666</strong></span> 
     </span>
    </p>
   </div>
   <div class='ocr_carea' id='block_1_4' title="bbox 173 368 3449 445">
    <p class='ocr_par' dir='ltr' id='par_1_4' title="bbox 173 368 3449 445">
     <span class='ocr_line' id='line_1_4' title="bbox 173 368 3449 445; baseline -0.002 -14"><span class='ocrx_word' id='word_1_9' title='bbox 173 379 310 432; x_wconf 83' lang='lat' dir='ltr'><strong>valet</strong></span> <span class='ocrx_word' id='word_1_10' title='bbox 334 373 587 445; x_wconf 84' lang='lat' dir='ltr'><strong>exprimi.</strong></span> <span class='ocrx_word' id='word_1_11' title='bbox 622 373 697 429; x_wconf 88' lang='lat' dir='ltr'><strong>De</strong></span> <span class='ocrx_word' id='word_1_12' title='bbox 719 370 875 441; x_wconf 82' lang='lat' dir='ltr'><strong>cujus</strong></span> <span class='ocrx_word' id='word_1_13' title='bbox 906 372 1070 425; x_wconf 79' lang='lat' dir='ltr'><strong>etiam</strong></span> <span class='ocrx_word' id='word_1_14' title='bbox 1114 370 1307 426; x_wconf 71' lang='lat' dir='ltr'><strong>{nitere</strong></span> <span class='ocrx_word' id='word_1_15' title='bbox 1351 372 1751 440; x_wconf 84' lang='lat' dir='ltr'><strong>snbseqnentes</strong></span> <span class='ocrx_word' id='word_1_16' title='bbox 1784 376 1831 433; x_wconf 82' lang='grc' dir='ltr'><strong>Λ</strong></span> <span class='ocrx_word' id='word_1_17' title='bbox 1859 384 2021 438; x_wconf 89' lang='lat' dir='ltr'><strong>quam</strong></span> <span class='ocrx_word' id='word_1_18' title='bbox 2052 369 2209 425; x_wconf 84' lang='lat' dir='ltr'><strong>civile</strong></span> <span class='ocrx_word' id='word_1_19' title='bbox 2236 379 2501 439; x_wconf 73' lang='lat' dir='ltr'><strong>patiatur.</strong></span> <span class='ocrx_word' id='word_1_20' title='bbox 2528 369 2738 425; x_wconf 86' lang='lat' dir='ltr'><strong>Interea</strong></span> <span class='ocrx_word' id='word_1_21' title='bbox 2763 385 2887 424; x_wconf 85' lang='lat' dir='ltr'><strong>cunt</strong></span> <span class='ocrx_word' id='word_1_22' title='bbox 2912 384 3076 441; x_wconf 80' lang='lat' dir='ltr'><strong>super</strong></span> <span class='ocrx_word' id='word_1_23' title='bbox 3102 368 3187 426; x_wconf 80' lang='lat' dir='ltr'><strong>liis</strong></span> <span class='ocrx_word' id='word_1_24' title='bbox 3223 385 3449 428; x_wconf 81' lang='lat' dir='ltr'><strong>venera-</strong></span> 
     </span>
    </p>
   </div>
   <div class='ocr_carea' id='block_1_5' title="bbox 174 461 1271 536">
    <p class='ocr_par' dir='ltr' id='par_1_5' title="bbox 174 461 1271 536">
     <span class='ocr_line' id='line_1_5' title="bbox 174 461 1271 536; baseline -0.011 -12"><span class='ocrx_word' id='word_1_25' title='bbox 174 467 434 524; x_wconf 83' lang='lat' dir='ltr'><strong>iambicos</strong></span> <span class='ocrx_word' id='word_1_26' title='bbox 460 472 683 536; x_wconf 76' lang='lat' dir='ltr'><strong>rogatus</strong></span> <span class='ocrx_word' id='word_1_27' title='bbox 708 478 738 517; x_wconf 88' lang='lat' dir='ltr'><strong>a</strong></span> <span class='ocrx_word' id='word_1_28' title='bbox 768 461 1032 516; x_wconf 72' lang='lat' dir='ltr'><strong>fratribus</strong></span> <span class='ocrx_word' id='word_1_29' title='bbox 1058 461 1228 516; x_wconf 94' lang='lat' dir='ltr'><strong>cecini</strong></span> <span class='ocrx_word' id='word_1_30' title='bbox 1260 478 1271 513; x_wconf 88' lang='lat'>:</span> 
     </span>
    </p>
   </div>
   <div class='ocr_carea' id='block_1_6' title="bbox 241 594 1423 670">
    <p class='ocr_par' dir='ltr' id='par_1_6' title="bbox 241 594 1423 670">
     <span class='ocr_line' id='line_1_6' title="bbox 241 594 1423 670; baseline -0.008 -13"><span class='ocrx_word' id='word_1_31' title='bbox 241 602 569 667; x_wconf 78' lang='lat' dir='ltr'><strong>Plasmator,</strong></span> <span class='ocrx_word' id='word_1_32' title='bbox 600 612 763 670; x_wconf 87' lang='lat' dir='ltr'><strong>parce</strong></span> <span class='ocrx_word' id='word_1_33' title='bbox 787 597 1002 651; x_wconf 68' lang='lat' dir='ltr'><strong>maestis</strong></span> <span class='ocrx_word' id='word_1_34' title='bbox 1032 594 1423 659; x_wconf 78' lang='lat' dir='ltr'><strong>mundialibus,</strong></span> 
     </span>
    </p>
   </div>
   <div class='ocr_carea' id='block_1_7' title="bbox 241 688 1314 750">
    <p class='ocr_par' dir='ltr' id='par_1_7' title="bbox 241 688 1314 750">
     <span class='ocr_line' id='line_1_7' title="bbox 241 688 1314 750; baseline -0.011 1"><span class='ocrx_word' id='word_1_35' title='bbox 241 695 543 750; x_wconf 77' lang='lat' dir='ltr'><strong>Succurrat</strong></span> <span class='ocrx_word' id='word_1_36' title='bbox 577 692 734 746; x_wconf 76' lang='lat' dir='ltr'><strong>ﬂetus</strong></span> <span class='ocrx_word' id='word_1_37' title='bbox 764 689 970 744; x_wconf 82' lang='lat' dir='ltr'><strong>intimis</strong></span> <span class='ocrx_word' id='word_1_38' title='bbox 998 688 1275 743; x_wconf 72' lang='lat' dir='ltr'><strong>doloribus</strong></span> <span class='ocrx_word' id='word_1_39' title='bbox 1301 705 1314 739; x_wconf 92' lang='lat'><strong>:</strong></span> 
     </span>
    </p>
   </div>
   <div class='ocr_carea' id='block_1_8' title="bbox 240 780 1407 852">
    <p class='ocr_par' dir='ltr' id='par_1_8' title="bbox 240 780 1407 852">
     <span class='ocr_line' id='line_1_8' title="bbox 240 780 1407 852; baseline -0.008 -11"><span class='ocrx_word' id='word_1_40' title='bbox 240 786 442 841; x_wconf 80' lang='lat' dir='ltr'><strong>Pascat</strong></span> <span class='ocrx_word' id='word_1_41' title='bbox 472 794 770 839; x_wconf 64' lang='lat' dir='ltr'><strong>manentes</strong></span> <span class='ocrx_word' id='word_1_42' title='bbox 793 781 1125 852; x_wconf 81' lang='lat' dir='ltr'><strong>singultuum</strong></span> <span class='ocrx_word' id='word_1_43' title='bbox 1153 780 1407 852; x_wconf 80' lang='lat' dir='ltr'><strong>gemitus,</strong></span> 
     </span>
    </p>
   </div>
   <div class='ocr_carea' id='block_1_9' title="bbox 241 871 1381 941">
    <p class='ocr_par' dir='ltr' id='par_1_9' title="bbox 241 871 1381 941">
     <span class='ocr_line' id='line_1_9' title="bbox 241 871 1381 941; baseline -0.004 -11"><span class='ocrx_word' id='word_1_44' title='bbox 241 875 553 930; x_wconf 89' lang='lat' dir='ltr'><strong>Ilumanum</strong></span> <span class='ocrx_word' id='word_1_45' title='bbox 581 873 750 929; x_wconf 86' lang='lat' dir='ltr'><strong>decus</strong></span> <span class='ocrx_word' id='word_1_46' title='bbox 776 873 905 926; x_wconf 91' lang='lat' dir='ltr'><strong>dum</strong></span> <span class='ocrx_word' id='word_1_47' title='bbox 934 871 1078 941; x_wconf 80' lang='lat' dir='ltr'><strong>rapit</strong></span> <span class='ocrx_word' id='word_1_48' title='bbox 1104 872 1381 927; x_wconf 85' lang='lat' dir='ltr'><strong>interitus.</strong></span> 
     </span>
    </p>
   </div>
   <div class='ocr_carea' id='block_1_10' title="bbox 242 961 1293 1029">
    <p class='ocr_par' dir='ltr' id='par_1_10' title="bbox 242 961 1293 1029">
     <span class='ocr_line' id='line_1_10' title="bbox 242 961 1293 1029; baseline -0.006 -8"><span class='ocrx_word' id='word_1_49' title='bbox 242 964 418 1021; x_wconf 79' lang='lat' dir='ltr'><strong>Annis</strong></span> <span class='ocrx_word' id='word_1_50' title='bbox 436 964 669 1021; x_wconf 74' lang='lat' dir='ltr'><strong>ﬂorebat</strong></span> <span class='ocrx_word' id='word_1_51' title='bbox 700 962 904 1017; x_wconf 89' lang='lat' dir='ltr'><strong>utnndo</strong></span> <span class='ocrx_word' id='word_1_52' title='bbox 936 961 1293 1029; x_wconf 79' lang='lat' dir='ltr'><strong>juvenilibus,</strong></span> 
     </span>
    </p>
   </div>
   <div class='ocr_carea' id='block_1_11' title="bbox 241 1055 1347 1122">
    <p class='ocr_par' dir='ltr' id='par_1_11' title="bbox 241 1055 1347 1122">
     <span class='ocr_line' id='line_1_11' title="bbox 241 1055 1347 1122; baseline -0.002 -9"><span class='ocrx_word' id='word_1_53' title='bbox 241 1055 355 1114; x_wconf 76' lang='lat' dir='ltr'><strong>&#39;I&#39;er</strong></span> <span class='ocrx_word' id='word_1_54' title='bbox 375 1057 537 1112; x_wconf 75' lang='lat' dir='ltr'><strong>denis</strong></span> <span class='ocrx_word' id='word_1_55' title='bbox 566 1058 746 1112; x_wconf 86' lang='lat' dir='ltr'><strong>minus</strong></span> <span class='ocrx_word' id='word_1_56' title='bbox 769 1065 1089 1111; x_wconf 83' lang='lat' dir='ltr'><strong>exereverat</strong></span> <span class='ocrx_word' id='word_1_57' title='bbox 1112 1056 1347 1122; x_wconf 81' lang='lat' dir='ltr'><strong>duobus,</strong></span> 
     </span>
    </p>
   </div>
   <div class='ocr_carea' id='block_1_12' title="bbox 166 1147 1529 1220">
    <p class='ocr_par' dir='ltr' id='par_1_12' title="bbox 166 1147 1529 1220">
     <span class='ocr_line' id='line_1_12' title="bbox 166 1147 1529 1220; baseline 0.001 -18"><span class='ocrx_word' id='word_1_58' title='bbox 166 1150 169 1159; x_wconf 90' lang='lat'>&#39;</span> <span class='ocrx_word' id='word_1_59' title='bbox 241 1148 556 1219; x_wconf 72' lang='lat' dir='ltr'><strong>Regnorum</strong></span> <span class='ocrx_word' id='word_1_60' title='bbox 588 1148 769 1204; x_wconf 87' lang='lat' dir='ltr'><strong>lumen</strong></span> <span class='ocrx_word' id='word_1_61' title='bbox 799 1147 974 1219; x_wconf 85' lang='lat' dir='ltr'><strong>Ilngo,</strong></span> <span class='ocrx_word' id='word_1_62' title='bbox 1018 1163 1203 1220; x_wconf 80' lang='lat' dir='ltr'><strong>regum</strong></span> <span class='ocrx_word' id='word_1_63' title='bbox 1235 1150 1529 1203; x_wconf 82' lang='lat' dir='ltr'><strong>maximus.</strong></span> 
     </span>
    </p>
   </div>
   <div class='ocr_carea' id='block_1_13' title="bbox 241 1235 1403 1303">
    <p class='ocr_par' dir='ltr' id='par_1_13' title="bbox 241 1235 1403 1303">
     <span class='ocr_line' id='line_1_13' title="bbox 241 1235 1403 1303; baseline 0 -12"><span class='ocrx_word' id='word_1_64' title='bbox 241 1237 418 1303; x_wconf 77' lang='lat' dir='ltr'><strong>Quem</strong></span> <span class='ocrx_word' id='word_1_65' title='bbox 445 1251 553 1291; x_wconf 89' lang='lat' dir='ltr'><strong>nox</strong></span> <span class='ocrx_word' id='word_1_66' title='bbox 592 1235 805 1292; x_wconf 79' lang='lat' dir='ltr'><strong>funesta</strong></span> <span class='ocrx_word' id='word_1_67' title='bbox 836 1238 1032 1292; x_wconf 81' lang='lat' dir='ltr'><strong>invidit</strong></span> <span class='ocrx_word' id='word_1_68' title='bbox 1070 1238 1403 1294; x_wconf 85' lang='lat' dir='ltr'><strong>hominibus.</strong></span> 
     </span>
    </p>
   </div>
   <div class='ocr_carea' id='block_1_14' title="bbox 242 1324 1298 1394">
    <p class='ocr_par' dir='ltr' id='par_1_14' title="bbox 242 1324 1298 1394">
     <span class='ocr_line' id='line_1_14' title="bbox 242 1324 1298 1394; baseline 0.006 -16"><span class='ocrx_word' id='word_1_69' title='bbox 242 1324 361 1379; x_wconf 82' lang='lat' dir='ltr'><strong>Non</strong></span> <span class='ocrx_word' id='word_1_70' title='bbox 388 1324 531 1379; x_wconf 89' lang='lat' dir='ltr'><strong>alter</strong></span> <span class='ocrx_word' id='word_1_71' title='bbox 567 1336 758 1382; x_wconf 90' lang='lat' dir='ltr'><strong>nostro</strong></span> <span class='ocrx_word' id='word_1_72' title='bbox 784 1328 910 1383; x_wconf 88' lang='lat' dir='ltr'><strong>talis</strong></span> <span class='ocrx_word' id='word_1_73' title='bbox 933 1330 1136 1383; x_wconf 83' lang='lat' dir='ltr'><strong>emicat</strong></span> <span class='ocrx_word' id='word_1_74' title='bbox 1161 1343 1298 1394; x_wconf 75' lang='lat' dir='ltr'><strong>mvo,</strong></span> 
     </span>
    </p>
   </div>
   <div class='ocr_carea' id='block_1_15' title="bbox 222 1415 1319 1490">
    <p class='ocr_par' dir='ltr' id='par_1_15' title="bbox 222 1415 1319 1490">
     <span class='ocr_line' id='line_1_15' title="bbox 222 1415 1319 1490; baseline 0.003 -20"><span class='ocrx_word' id='word_1_75' title='bbox 222 1415 449 1488; x_wconf 65' lang='lat' dir='ltr'><strong>Reginis</strong></span> <span class='ocrx_word' id='word_1_76' title='bbox 470 1428 771 1490; x_wconf 76' lang='lat' dir='ltr'><strong>spectatus,</strong></span> <span class='ocrx_word' id='word_1_77' title='bbox 802 1421 1045 1477; x_wconf 85' lang='lat' dir='ltr'><strong>adscitus</strong></span> <span class='ocrx_word' id='word_1_78' title='bbox 1070 1421 1319 1490; x_wconf 80' lang='lat' dir='ltr'><strong>imperio.</strong></span> 
     </span>
    </p>
   </div>
   <div class='ocr_carea' id='block_1_16' title="bbox 236 1505 1341 1581">
    <p class='ocr_par' dir='ltr' id='par_1_16' title="bbox 236 1505 1341 1581">
     <span class='ocr_line' id='line_1_16' title="bbox 236 1505 1341 1581; baseline 0.005 -19"><span class='ocrx_word' id='word_1_79' title='bbox 236 1505 527 1566; x_wconf 78' lang='lat' dir='ltr'><strong>Bellorum</strong></span> <span class='ocrx_word' id='word_1_80' title='bbox 546 1515 703 1566; x_wconf 76' lang='lat' dir='ltr'><strong>tanto</strong></span> <span class='ocrx_word' id='word_1_81' title='bbox 724 1511 1015 1569; x_wconf 85' lang='lat' dir='ltr'><strong>decoretur</strong></span> <span class='ocrx_word' id='word_1_82' title='bbox 1039 1511 1341 1581; x_wconf 88' lang='lat' dir='ltr'><strong>trimnpho,</strong></span> 
     </span>
    </p>
   </div>
   <div class='ocr_carea' id='block_1_17' title="bbox 242 1596 1116 1674">
    <p class='ocr_par' dir='ltr' id='par_1_17' title="bbox 242 1596 1116 1674">
     <span class='ocr_line' id='line_1_17' title="bbox 242 1596 1116 1674; baseline -0.001 -19"><span class='ocrx_word' id='word_1_83' title='bbox 242 1596 450 1669; x_wconf 73' lang='lat' dir='ltr'><strong>Vigore</strong></span> <span class='ocrx_word' id='word_1_84' title='bbox 468 1599 590 1674; x_wconf 82' lang='lat' dir='ltr'><strong>pari</strong></span> <span class='ocrx_word' id='word_1_85' title='bbox 628 1598 806 1654; x_wconf 79' lang='lat' dir='ltr'><strong>valeat</strong></span> <span class='ocrx_word' id='word_1_86' title='bbox 829 1615 1116 1672; x_wconf 89' lang='lat' dir='ltr'><strong>corporeo.</strong></span> 
     </span>
    </p>
   </div>
   <div class='ocr_carea' id='block_1_18' title="bbox 240 1692 1495 1767">
    <p class='ocr_par' dir='ltr' id='par_1_18' title="bbox 240 1692 1495 1767">
     <span class='ocr_line' id='line_1_18' title="bbox 240 1692 1495 1767; baseline 0.001 -21"><span class='ocrx_word' id='word_1_87' title='bbox 240 1692 366 1759; x_wconf 84' lang='lat' dir='ltr'><strong>Quo</strong></span> <span class='ocrx_word' id='word_1_88' title='bbox 389 1693 879 1763; x_wconf 81' lang='lat' dir='ltr'><strong>geus_Frattcorutu</strong></span> <span class='ocrx_word' id='word_1_89' title='bbox 911 1694 1129 1767; x_wconf 84' lang='lat' dir='ltr'><strong>vigebat</strong></span> <span class='ocrx_word' id='word_1_90' title='bbox 1162 1694 1495 1760; x_wconf 64' lang='lat' dir='ltr'><strong>laetabunda,</strong></span> 
     </span>
    </p>
   </div>
   <div class='ocr_carea' id='block_1_19' title="bbox 211 1780 1214 1853">
    <p class='ocr_par' dir='ltr' id='par_1_19' title="bbox 211 1780 1214 1853">
     <span class='ocr_line' id='line_1_19' title="bbox 211 1780 1214 1853; baseline 0.002 -18"><span class='ocrx_word' id='word_1_91' title='bbox 211 1808 217 1813; x_wconf 90' lang='lat'><strong><em>-</em></strong></span> <span class='ocrx_word' id='word_1_92' title='bbox 241 1780 521 1852; x_wconf 78' lang='lat' dir='ltr'><strong>Fideique&#39;</strong></span> <span class='ocrx_word' id='word_1_93' title='bbox 530 1796 664 1853; x_wconf 85' lang='lat' dir='ltr'><strong>pace</strong></span> <span class='ocrx_word' id='word_1_94' title='bbox 686 1791 797 1838; x_wconf 88' lang='lat' dir='ltr'><strong>tota</strong></span> <span class='ocrx_word' id='word_1_95' title='bbox 829 1783 991 1839; x_wconf 80' lang='lat' dir='ltr'><strong>simul</strong></span> <span class='ocrx_word' id='word_1_96' title='bbox 1019 1782 1214 1838; x_wconf 86' lang='lat' dir='ltr'><strong>Gallia.</strong></span> 
     </span>
    </p>
   </div>
   <div class='ocr_carea' id='block_1_20' title="bbox 238 1871 1325 1945">
    <p class='ocr_par' dir='ltr' id='par_1_20' title="bbox 238 1871 1325 1945">
     <span class='ocr_line' id='line_1_20' title="bbox 238 1871 1325 1945; baseline 0 -16"><span class='ocrx_word' id='word_1_97' title='bbox 238 1871 437 1929; x_wconf 76' lang='lat' dir='ltr'><strong>Omnis</strong></span> <span class='ocrx_word' id='word_1_98' title='bbox 472 1889 634 1944; x_wconf 86' lang='lat' dir='ltr'><strong>quem</strong></span> <span class='ocrx_word' id='word_1_99' title='bbox 657 1889 829 1945; x_wconf 86' lang='lat' dir='ltr'><strong>prona</strong></span> <span class='ocrx_word' id='word_1_100' title='bbox 857 1874 1119 1944; x_wconf 85' lang='lat' dir='ltr'><strong>poscebat</strong></span> <span class='ocrx_word' id='word_1_101' title='bbox 1150 1874 1325 1942; x_wconf 81' lang='lat' dir='ltr'><strong>Italia,</strong></span> 
     </span>
    </p>
   </div>
   <div class='ocr_carea' id='block_1_21' title="bbox 216 1962 1240 2035">
    <p class='ocr_par' dir='ltr' id='par_1_21' title="bbox 216 1962 1240 2035">
     <span class='ocr_line' id='line_1_21' title="bbox 216 1962 1240 2035; baseline -0.001 -14"><span class='ocrx_word' id='word_1_102' title='bbox 216 1963 429 2021; x_wconf 67' lang='lat' dir='ltr'><strong>Caesar</strong></span> <span class='ocrx_word' id='word_1_103' title='bbox 453 1974 516 2017; x_wconf 87' lang='lat' dir='ltr'><strong>ut</strong></span> <span class='ocrx_word' id='word_1_104' title='bbox 532 1962 657 2033; x_wconf 84' lang='lat' dir='ltr'><strong>jura</strong></span> <span class='ocrx_word' id='word_1_105' title='bbox 695 1974 977 2035; x_wconf 89' lang='lat' dir='ltr'><strong>promeret</strong></span> <span class='ocrx_word' id='word_1_106' title='bbox 1017 1963 1240 2035; x_wconf 75' lang='lat' dir='ltr'><strong>regalia.</strong></span> 
     </span>
    </p>
   </div>
   <div class='ocr_carea' id='block_1_22' title="bbox 244 2052 1526 2124">
    <p class='ocr_par' dir='ltr' id='par_1_22' title="bbox 244 2052 1526 2124">
     <span class='ocr_line' id='line_1_22' title="bbox 244 2052 1526 2124; baseline -0.001 -15"><span class='ocrx_word' id='word_1_107' title='bbox 244 2054 358 2109; x_wconf 80' lang='lat' dir='ltr'><strong>Sed</strong></span> <span class='ocrx_word' id='word_1_108' title='bbox 383 2063 440 2109; x_wconf 86' lang='lat' dir='ltr'><strong>te</strong></span> <span class='ocrx_word' id='word_1_109' title='bbox 467 2069 578 2109; x_wconf 88' lang='lat' dir='ltr'><strong>non</strong></span> <span class='ocrx_word' id='word_1_110' title='bbox 603 2064 809 2118; x_wconf 84' lang='lat' dir='ltr'><strong>nostra,</strong></span> <span class='ocrx_word' id='word_1_111' title='bbox 833 2052 1092 2121; x_wconf 77' lang='lat' dir='ltr'><strong>iuvenum</strong></span> <span class='ocrx_word' id='word_1_112' title='bbox 1140 2052 1526 2124; x_wconf 83' lang='lat' dir='ltr'><strong>pulcherrime,</strong></span> 
     </span>
    </p>
   </div>
   <div class='ocr_carea' id='block_1_23' title="bbox 242 2144 1383 2216">
    <p class='ocr_par' dir='ltr' id='par_1_23' title="bbox 242 2144 1383 2216">
     <span class='ocr_line' id='line_1_23' title="bbox 242 2144 1383 2216; baseline 0.001 -17"><span class='ocrx_word' id='word_1_113' title='bbox 242 2144 402 2200; x_wconf 78' lang='lat' dir='ltr'><strong>lien!</strong></span> <span class='ocrx_word' id='word_1_114' title='bbox 434 2145 573 2214; x_wconf 84' lang='lat' dir='ltr'><strong>prob</strong></span> <span class='ocrx_word' id='word_1_115' title='bbox 606 2144 761 2199; x_wconf 92' lang='lat' dir='ltr'><strong>dolor</strong></span> <span class='ocrx_word' id='word_1_116' title='bbox 787 2144 801 2198; x_wconf 89' lang='lat'><strong>!</strong></span> <span class='ocrx_word' id='word_1_117' title='bbox 834 2153 1078 2216; x_wconf 85' lang='lat' dir='ltr'><strong>tempora</strong></span> <span class='ocrx_word' id='word_1_118' title='bbox 1103 2158 1383 2209; x_wconf 87' lang='lat' dir='ltr'><strong>meruere;</strong></span> 
     </span>
    </p>
   </div>
   <div class='ocr_carea' id='block_1_24' title="bbox 241 2234 1338 2303">
    <p class='ocr_par' dir='ltr' id='par_1_24' title="bbox 241 2234 1338 2303">
     <span class='ocr_line' id='line_1_24' title="bbox 241 2234 1338 2303; baseline 0.001 -13"><span class='ocrx_word' id='word_1_119' title='bbox 241 2234 457 2303; x_wconf 78' lang='lat' dir='ltr'><strong>Quibus</strong></span> <span class='ocrx_word' id='word_1_120' title='bbox 488 2235 755 2291; x_wconf 90' lang='lat' dir='ltr'><strong>inundant</strong></span> <span class='ocrx_word' id='word_1_121' title='bbox 787 2235 1054 2291; x_wconf 89' lang='lat' dir='ltr'><strong>malorum</strong></span> <span class='ocrx_word' id='word_1_122' title='bbox 1082 2235 1338 2302; x_wconf 67' lang='lat' dir='ltr'><strong>miseriae,</strong></span> 
     </span>
    </p>
   </div>
   <div class='ocr_carea' id='block_1_25' title="bbox 250 2322 1277 2381">
    <p class='ocr_par' dir='ltr' id='par_1_25' title="bbox 250 2322 1277 2381">
     <span class='ocr_line' id='line_1_25' title="bbox 250 2322 1277 2381; baseline 0.001 -4"><span class='ocrx_word' id='word_1_123' title='bbox 250 2322 408 2379; x_wconf 76' lang='lat' dir='ltr'><strong>Vires</strong></span> <span class='ocrx_word' id='word_1_124' title='bbox 434 2324 701 2379; x_wconf 87' lang='lat' dir='ltr'><strong>bonormn</strong></span> <span class='ocrx_word' id='word_1_125' title='bbox 739 2333 1008 2381; x_wconf 87' lang='lat' dir='ltr'><strong>corruunt</strong></span> <span class='ocrx_word' id='word_1_126' title='bbox 1037 2325 1277 2380; x_wconf 80' lang='lat' dir='ltr'><strong>assidue.</strong></span> 
     </span>
    </p>
   </div>
   <div class='ocr_carea' id='block_1_26' title="bbox 245 2412 1413 2486">
    <p class='ocr_par' dir='ltr' id='par_1_26' title="bbox 245 2412 1413 2486">
     <span class='ocr_line' id='line_1_26' title="bbox 245 2412 1413 2486; baseline -0.002 -16"><span class='ocrx_word' id='word_1_127' title='bbox 245 2412 331 2470; x_wconf 86' lang='lat' dir='ltr'><strong>‘l‘u</strong></span> <span class='ocrx_word' id='word_1_128' title='bbox 358 2412 516 2469; x_wconf 86' lang='lat' dir='ltr'><strong>dolor</strong></span> <span class='ocrx_word' id='word_1_129' title='bbox 545 2414 762 2483; x_wconf 83' lang='lat' dir='ltr'><strong>matris,</strong></span> <span class='ocrx_word' id='word_1_130' title='bbox 794 2414 1191 2486; x_wconf 83' lang='lat' dir='ltr'><strong>calamitasque</strong></span> <span class='ocrx_word' id='word_1_131' title='bbox 1218 2414 1413 2485; x_wconf 87' lang='lat' dir='ltr'><strong>patris,</strong></span> 
     </span>
    </p>
   </div>
   <div class='ocr_carea' id='block_1_27' title="bbox 244 2503 1445 2576">
    <p class='ocr_par' dir='ltr' id='par_1_27' title="bbox 244 2503 1445 2576">
     <span class='ocr_line' id='line_1_27' title="bbox 244 2503 1445 2576; baseline -0.002 -17"><span class='ocrx_word' id='word_1_132' title='bbox 244 2503 480 2559; x_wconf 79' lang='lat' dir='ltr'><strong>Crudele</strong></span> <span class='ocrx_word' id='word_1_133' title='bbox 516 2504 680 2560; x_wconf 84' lang='lat' dir='ltr'><strong>nimis</strong></span> <span class='ocrx_word' id='word_1_134' title='bbox 704 2504 1097 2560; x_wconf 82' lang='lat' dir='ltr'><strong>monimentum</strong></span> <span class='ocrx_word' id='word_1_135' title='bbox 1126 2504 1402 2576; x_wconf 81' lang='lat' dir='ltr'><strong>germanis</strong></span> <span class='ocrx_word' id='word_1_136' title='bbox 1428 2520 1445 2557; x_wconf 85' lang='lat'>:</span> 
     </span>
    </p>
   </div>
   <div class='ocr_carea' id='block_1_28' title="bbox 247 2599 1375 2671">
    <p class='ocr_par' dir='ltr' id='par_1_28' title="bbox 247 2599 1375 2671">
     <span class='ocr_line' id='line_1_28' title="bbox 247 2599 1375 2671; baseline -0.002 -16"><span class='ocrx_word' id='word_1_137' title='bbox 247 2601 452 2657; x_wconf 68' lang='lat' dir='ltr'><strong>Hceror</strong></span> <span class='ocrx_word' id='word_1_138' title='bbox 478 2602 788 2658; x_wconf 81' lang='lat' dir='ltr'><strong>communis</strong></span> <span class='ocrx_word' id='word_1_139' title='bbox 813 2602 1027 2657; x_wconf 80' lang='lat' dir='ltr'><strong>cunctis</strong></span> <span class='ocrx_word' id='word_1_140' title='bbox 1053 2601 1105 2654; x_wconf 91' lang='lat' dir='ltr'><strong>in</strong></span> <span class='ocrx_word' id='word_1_141' title='bbox 1137 2599 1375 2671; x_wconf 86' lang='lat' dir='ltr'><strong>palatiis,</strong></span> 
     </span>
    </p>
   </div>
   <div class='ocr_carea' id='block_1_29' title="bbox 243 2692 1246 2765">
    <p class='ocr_par' dir='ltr' id='par_1_29' title="bbox 243 2692 1246 2765">
     <span class='ocr_line' id='line_1_29' title="bbox 243 2692 1246 2765; baseline -0.001 -17"><span class='ocrx_word' id='word_1_142' title='bbox 243 2692 641 2763; x_wconf 74' lang='lat' dir='ltr'><strong>Justitiamque</strong></span> <span class='ocrx_word' id='word_1_143' title='bbox 667 2694 992 2765; x_wconf 87' lang='lat' dir='ltr'><strong>populorum</strong></span> <span class='ocrx_word' id='word_1_144' title='bbox 1018 2693 1246 2749; x_wconf 87' lang='lat' dir='ltr'><strong>ultimis.</strong></span> 
     </span>
    </p>
   </div>
   <div class='ocr_carea' id='block_1_30' title="bbox 246 2783 1330 2855">
    <p class='ocr_par' dir='ltr' id='par_1_30' title="bbox 246 2783 1330 2855">
     <span class='ocr_line' id='line_1_30' title="bbox 246 2783 1330 2855; baseline -0.001 -17"><span class='ocrx_word' id='word_1_145' title='bbox 246 2783 433 2839; x_wconf 86' lang='lat' dir='ltr'><strong>Leone</strong></span> <span class='ocrx_word' id='word_1_146' title='bbox 461 2799 680 2855; x_wconf 84' lang='lat' dir='ltr'><strong>presso,</strong></span> <span class='ocrx_word' id='word_1_147' title='bbox 704 2785 858 2854; x_wconf 87' lang='lat' dir='ltr'><strong>virgo</strong></span> <span class='ocrx_word' id='word_1_148' title='bbox 883 2784 1051 2840; x_wconf 88' lang='lat' dir='ltr'><strong>solem</strong></span> <span class='ocrx_word' id='word_1_149' title='bbox 1079 2792 1330 2855; x_wconf 85' lang='lat' dir='ltr'><strong>ceperat,</strong></span> 
     </span>
    </p>
   </div>
   <div class='ocr_carea' id='block_1_31' title="bbox 248 2869 1446 2951">
    <p class='ocr_par' dir='ltr' id='par_1_31' title="bbox 248 2869 1446 2951">
     <span class='ocr_line' id='line_1_31' title="bbox 248 2869 1446 2951; baseline -0.003 -16"><span class='ocrx_word' id='word_1_150' title='bbox 248 2880 364 2935; x_wconf 86' lang='lat' dir='ltr'><strong>Tua</strong></span> <span class='ocrx_word' id='word_1_151' title='bbox 389 2896 517 2937; x_wconf 88' lang='lat' dir='ltr'><strong>cum</strong></span> <span class='ocrx_word' id='word_1_152' title='bbox 541 2881 695 2936; x_wconf 87' lang='lat' dir='ltr'><strong>dirus</strong></span> <span class='ocrx_word' id='word_1_153' title='bbox 727 2869 968 2936; x_wconf 78' lang='lat' dir='ltr'><strong>membra</strong></span> <span class='ocrx_word' id='word_1_154' title='bbox 996 2879 1171 2951; x_wconf 84' lang='lat' dir='ltr'><strong>pallor</strong></span> <span class='ocrx_word' id='word_1_155' title='bbox 1194 2886 1446 2950; x_wconf 83' lang='lat' dir='ltr'><strong>occupat.</strong></span> 
     </span>
    </p>
   </div>
   <div class='ocr_carea' id='block_1_32' title="bbox 245 2962 1527 3040">
    <p class='ocr_par' dir='ltr' id='par_1_32' title="bbox 245 2962 1527 3040">
     <span class='ocr_line' id='line_1_32' title="bbox 245 2962 1527 3040; baseline -0.001 -15"><span class='ocrx_word' id='word_1_156' title='bbox 245 2970 415 3026; x_wconf 86' lang='lat' dir='ltr'><strong>Denis</strong></span> <span class='ocrx_word' id='word_1_157' title='bbox 436 2970 634 3025; x_wconf 86' lang='lat' dir='ltr'><strong>diebus</strong></span> <span class='ocrx_word' id='word_1_158' title='bbox 659 2980 809 3026; x_wconf 84' lang='lat' dir='ltr'><strong>sorte</strong></span> <span class='ocrx_word' id='word_1_159' title='bbox 835 2972 891 3025; x_wconf 85' lang='lat' dir='ltr'><strong>lit</strong></span> <span class='ocrx_word' id='word_1_160' title='bbox 924 2971 1015 3024; x_wconf 87' lang='lat' dir='ltr'><strong>lux</strong></span> <span class='ocrx_word' id='word_1_161' title='bbox 1041 2971 1297 3040; x_wconf 86' lang='lat' dir='ltr'><strong>septima,</strong></span> <span class='ocrx_word' id='word_1_162' title='bbox 1518 2962 1527 2969; x_wconf 80' lang='grc'><em>’</em></span> 
     </span>
    </p>
   </div>
   <div class='ocr_carea' id='block_1_33' title="bbox 249 3061 1281 3132">
    <p class='ocr_par' dir='ltr' id='par_1_33' title="bbox 249 3061 1281 3132">
     <span class='ocr_line' id='line_1_33' title="bbox 249 3061 1281 3132; baseline 0.001 -17"><span class='ocrx_word' id='word_1_163' title='bbox 249 3061 330 3116; x_wconf 81' lang='lat' dir='ltr'><strong>Te</strong></span> <span class='ocrx_word' id='word_1_164' title='bbox 367 3061 512 3132; x_wconf 83' lang='lat' dir='ltr'><strong>patri</strong></span> <span class='ocrx_word' id='word_1_165' title='bbox 545 3062 689 3117; x_wconf 81' lang='lat' dir='ltr'><strong>fama</strong></span> <span class='ocrx_word' id='word_1_166' title='bbox 712 3063 1014 3132; x_wconf 79' lang='lat' dir='ltr'><strong>perdidisse</strong></span> <span class='ocrx_word' id='word_1_167' title='bbox 1045 3063 1281 3118; x_wconf 82' lang='lat' dir='ltr'><strong>nuntiat.</strong></span> 
     </span>
    </p>
   </div>
   <div class='ocr_carea' id='block_1_34' title="bbox 248 3152 1422 3223">
    <p class='ocr_par' dir='ltr' id='par_1_34' title="bbox 248 3152 1422 3223">
     <span class='ocr_line' id='line_1_34' title="bbox 248 3152 1422 3223; baseline 0 -16"><span class='ocrx_word' id='word_1_168' title='bbox 248 3152 372 3207; x_wconf 69' lang='lat' dir='ltr'><strong>lam</strong></span> <span class='ocrx_word' id='word_1_169' title='bbox 387 3153 740 3219; x_wconf 66' lang='lat' dir='ltr'><strong>saeculorum,</strong></span> <span class='ocrx_word' id='word_1_170' title='bbox 762 3167 947 3217; x_wconf 88' lang='lat' dir='ltr'><strong>cerne,</strong></span> <span class='ocrx_word' id='word_1_171' title='bbox 979 3163 1161 3209; x_wconf 89' lang='lat' dir='ltr'><strong>rector</strong></span> <span class='ocrx_word' id='word_1_172' title='bbox 1186 3154 1389 3223; x_wconf 88' lang='lat' dir='ltr'><strong>optime</strong></span> <span class='ocrx_word' id='word_1_173' title='bbox 1407 3192 1422 3217; x_wconf 87' lang='lat'><strong>,</strong></span> 
     </span>
    </p>
   </div>
   <div class='ocr_carea' id='block_1_35' title="bbox 250 3245 1487 3317">
    <p class='ocr_par' dir='ltr' id='par_1_35' title="bbox 250 3245 1487 3317">
     <span class='ocr_line' id='line_1_35' title="bbox 250 3245 1487 3317; baseline 0.001 -15"><span class='ocrx_word' id='word_1_174' title='bbox 250 3247 490 3302; x_wconf 82' lang='lat' dir='ltr'><strong>Gentem</strong></span> <span class='ocrx_word' id='word_1_175' title='bbox 520 3245 856 3302; x_wconf 82' lang='lat' dir='ltr'><strong>Francorum</strong></span> <span class='ocrx_word' id='word_1_176' title='bbox 882 3247 977 3315; x_wconf 91' lang='lat' dir='ltr'><strong>qui</strong></span> <span class='ocrx_word' id='word_1_177' title='bbox 1015 3257 1167 3317; x_wconf 83' lang='lat' dir='ltr'><strong>regat</strong></span> <span class='ocrx_word' id='word_1_178' title='bbox 1196 3246 1487 3312; x_wconf 85' lang='lat' dir='ltr'><strong>tutissime.</strong></span> 
     </span>
    </p>
   </div>
   <div class='ocr_carea' id='block_1_36' title="bbox 248 3326 1563 3407">
    <p class='ocr_par' dir='ltr' id='par_1_36' title="bbox 248 3326 1563 3407">
     <span class='ocr_line' id='line_1_36' title="bbox 248 3326 1563 3407; baseline 0 -15"><span class='ocrx_word' id='word_1_179' title='bbox 248 3337 591 3407; x_wconf 85' lang='lat' dir='ltr'><strong>Ilostemque</strong></span> <span class='ocrx_word' id='word_1_180' title='bbox 611 3352 814 3392; x_wconf 69' lang='lat' dir='ltr'><strong>saevum</strong></span> <span class='ocrx_word' id='word_1_181' title='bbox 845 3338 1026 3392; x_wconf 83' lang='lat' dir='ltr'><strong>valeat</strong></span> <span class='ocrx_word' id='word_1_182' title='bbox 1051 3337 1312 3407; x_wconf 86' lang='lat' dir='ltr'><strong>repellere</strong></span> <span class='ocrx_word' id='word_1_183' title='bbox 1346 3354 1360 3392; x_wconf 90' lang='lat'>:</span> <span class='ocrx_word' id='word_1_184' title='bbox 1556 3326 1563 3335; x_wconf 75' lang='grc'><strong>’</strong></span> 
     </span>
    </p>
   </div>
   <div class='ocr_carea' id='block_1_37' title="bbox 249 3423 1284 3499">
    <p class='ocr_par' dir='ltr' id='par_1_37' title="bbox 249 3423 1284 3499">
     <span class='ocr_line' id='line_1_37' title="bbox 249 3423 1284 3499; baseline 0 -16"><span class='ocrx_word' id='word_1_185' title='bbox 249 3423 482 3485; x_wconf 68' lang='lat' dir='ltr'><strong>Pactum</strong></span> <span class='ocrx_word' id='word_1_186' title='bbox 520 3428 724 3498; x_wconf 79' lang='lat' dir='ltr'><strong>quietis</strong></span> <span class='ocrx_word' id='word_1_187' title='bbox 775 3428 853 3482; x_wconf 91' lang='lat' dir='ltr'><strong>illi</strong></span> <span class='ocrx_word' id='word_1_188' title='bbox 891 3428 958 3483; x_wconf 87' lang='lat' dir='ltr'><strong>da</strong></span> <span class='ocrx_word' id='word_1_189' title='bbox 987 3437 1284 3499; x_wconf 68' lang='lat' dir='ltr'><strong>perpetuae.</strong></span> 
     </span>
    </p>
   </div>
   <div class='ocr_carea' id='block_1_38' title="bbox 185 3559 1779 3631">
    <p class='ocr_par' dir='ltr' id='par_1_38' title="bbox 185 3559 1779 3631">
     <span class='ocr_line' id='line_1_38' title="bbox 185 3559 1779 3631; baseline 0 -18"><span class='ocrx_word' id='word_1_190' title='bbox 185 3562 281 3629; x_wconf 80' lang='lat' dir='ltr'><strong>Qui</strong></span> <span class='ocrx_word' id='word_1_191' title='bbox 356 3562 416 3617; x_wconf 90' lang='lat' dir='ltr'><strong>in</strong></span> <span class='ocrx_word' id='word_1_192' title='bbox 481 3561 672 3616; x_wconf 85' lang='lat' dir='ltr'><strong>eadem</strong></span> <span class='ocrx_word' id='word_1_193' title='bbox 732 3576 840 3631; x_wconf 88' lang='lat' dir='ltr'><strong>qua</strong></span> <span class='ocrx_word' id='word_1_194' title='bbox 911 3561 1168 3631; x_wconf 82' lang='lat' dir='ltr'><strong>primitus</strong></span> <span class='ocrx_word' id='word_1_195' title='bbox 1246 3570 1539 3618; x_wconf 77' lang='lat' dir='ltr'><strong>coronatus</strong></span> <span class='ocrx_word' id='word_1_196' title='bbox 1601 3559 1779 3615; x_wconf 76' lang='lat' dir='ltr'><strong>fuerat</strong></span> 
     </span>
    </p>
   </div>
   <div class='ocr_carea' id='block_1_39' title="bbox 183 3651 1779 3724">
    <p class='ocr_par' dir='ltr' id='par_1_39' title="bbox 183 3651 1779 3724">
     <span class='ocr_line' id='line_1_39' title="bbox 183 3651 1779 3724; baseline -0.003 -17"><span class='ocrx_word' id='word_1_197' title='bbox 183 3653 441 3719; x_wconf 76' lang='lat' dir='ltr'><strong>ecclesia,</strong></span> <span class='ocrx_word' id='word_1_198' title='bbox 475 3654 617 3707; x_wconf 85' lang='lat' dir='ltr'><strong>beati</strong></span> <span class='ocrx_word' id='word_1_199' title='bbox 652 3653 909 3724; x_wconf 84' lang='lat' dir='ltr'><strong>martyris</strong></span> <span class='ocrx_word' id='word_1_200' title='bbox 937 3651 1173 3711; x_wconf 75' lang='lat' dir='ltr'><strong>Cornelii</strong></span> <span class='ocrx_word' id='word_1_201' title='bbox 1206 3653 1487 3718; x_wconf 83' lang='lat' dir='ltr'><strong>videlicet,</strong></span> <span class='ocrx_word' id='word_1_202' title='bbox 1531 3652 1676 3723; x_wconf 83' lang='lat' dir='ltr'><strong>regio</strong></span> <span class='ocrx_word' id='word_1_203' title='bbox 1728 3651 1779 3704; x_wconf 91' lang='lat' dir='ltr'><strong>in</strong></span> 
     </span>
    </p>
   </div>
   <div class='ocr_carea' id='block_1_40' title="bbox 184 3740 1786 3816">
    <p class='ocr_par' dir='ltr' id='par_1_40' title="bbox 184 3740 1786 3816">
     <span class='ocr_line' id='line_1_40' title="bbox 184 3740 1786 3816; baseline -0.004 -17"><span class='ocrx_word' id='word_1_204' title='bbox 184 3743 522 3816; x_wconf 83' lang='lat' dir='ltr'><strong>Compendio</strong></span> <span class='ocrx_word' id='word_1_205' title='bbox 546 3755 632 3799; x_wconf 89' lang='lat' dir='ltr'><strong>est</strong></span> <span class='ocrx_word' id='word_1_206' title='bbox 685 3742 945 3812; x_wconf 85' lang='lat' dir='ltr'><strong>sepultus.</strong></span> <span class='ocrx_word' id='word_1_207' title='bbox 993 3742 1123 3797; x_wconf 89' lang='lat' dir='ltr'><strong>Post</strong></span> <span class='ocrx_word' id='word_1_208' title='bbox 1162 3740 1321 3809; x_wconf 87' lang='lat' dir='ltr'><strong>cujus</strong></span> <span class='ocrx_word' id='word_1_209' title='bbox 1376 3742 1583 3797; x_wconf 89' lang='lat' dir='ltr'><strong>obitum</strong></span> <span class='ocrx_word' id='word_1_210' title='bbox 1621 3749 1786 3808; x_wconf 67' lang='lat' dir='ltr'><strong>coepit</strong></span> 
     </span>
    </p>
   </div>
   <div class='ocr_carea' id='block_1_41' title="bbox 188 3829 1777 3904">
    <p class='ocr_par' dir='ltr' id='par_1_41' title="bbox 188 3829 1777 3904">
     <span class='ocr_line' id='line_1_41' title="bbox 188 3829 1777 3904; baseline -0.003 -16"><span class='ocrx_word' id='word_1_211' title='bbox 188 3836 379 3891; x_wconf 82' lang='lat' dir='ltr'><strong>iterum</strong></span> <span class='ocrx_word' id='word_1_212' title='bbox 423 3835 572 3889; x_wconf 77' lang='lat' dir='ltr'><strong>idem</strong></span> <span class='ocrx_word' id='word_1_213' title='bbox 603 3849 697 3887; x_wconf 88' lang='lat' dir='ltr'><strong>rex</strong></span> <span class='ocrx_word' id='word_1_214' title='bbox 730 3841 992 3899; x_wconf 87' lang='lat' dir='ltr'><strong>tractare,</strong></span> <span class='ocrx_word' id='word_1_215' title='bbox 1029 3833 1153 3903; x_wconf 86' lang='lat' dir='ltr'><strong>quis</strong></span> <span class='ocrx_word' id='word_1_216' title='bbox 1180 3833 1519 3904; x_wconf 87' lang='lat' dir='ltr'><strong>potissimum</strong></span> <span class='ocrx_word' id='word_1_217' title='bbox 1552 3846 1619 3885; x_wconf 85' lang='lat' dir='ltr'><strong>ex</strong></span> <span class='ocrx_word' id='word_1_218' title='bbox 1644 3829 1777 3884; x_wconf 86' lang='lat' dir='ltr'><strong>resi-</strong></span> 
     </span>
    </p>
   </div>
   <div class='ocr_carea' id='block_1_42' title="bbox 189 3920 1775 3998">
    <p class='ocr_par' dir='ltr' id='par_1_42' title="bbox 189 3920 1775 3998">
     <span class='ocr_line' id='line_1_42' title="bbox 189 3920 1775 3998; baseline -0.006 -16"><span class='ocrx_word' id='word_1_219' title='bbox 189 3930 302 3983; x_wconf 87' lang='lat' dir='ltr'><strong>duis</strong></span> <span class='ocrx_word' id='word_1_220' title='bbox 328 3925 477 3981; x_wconf 74' lang='lat' dir='ltr'><strong>[ilius</strong></span> <span class='ocrx_word' id='word_1_221' title='bbox 507 3935 630 3998; x_wconf 87' lang='lat' dir='ltr'><strong>post</strong></span> <span class='ocrx_word' id='word_1_222' title='bbox 655 3940 713 3980; x_wconf 86' lang='lat' dir='ltr'><strong>se</strong></span> <span class='ocrx_word' id='word_1_223' title='bbox 746 3939 974 3996; x_wconf 80' lang='lat' dir='ltr'><strong>regnare</strong></span> <span class='ocrx_word' id='word_1_224' title='bbox 1003 3924 1243 3981; x_wconf 86' lang='lat' dir='ltr'><strong>deberet.</strong></span> <span class='ocrx_word' id='word_1_225' title='bbox 1275 3920 1642 3977; x_wconf 89' lang='lat' dir='ltr'><strong>Coustituerat</strong></span> <span class='ocrx_word' id='word_1_226' title='bbox 1675 3936 1775 3973; x_wconf 89' lang='lat' dir='ltr'><strong>au-</strong></span> 
     </span>
    </p>
   </div>
   <div class='ocr_carea' id='block_1_43' title="bbox 190 4012 1785 4086">
    <p class='ocr_par' dir='ltr' id='par_1_43' title="bbox 190 4012 1785 4086">
     <span class='ocr_line' id='line_1_43' title="bbox 190 4012 1785 4086; baseline -0.004 -13"><span class='ocrx_word' id='word_1_227' title='bbox 190 4027 289 4073; x_wconf 80' lang='lat' dir='ltr'><strong>tem</strong></span> <span class='ocrx_word' id='word_1_228' title='bbox 315 4019 623 4073; x_wconf 86' lang='lat' dir='ltr'><strong>secundum</strong></span> <span class='ocrx_word' id='word_1_229' title='bbox 657 4016 983 4086; x_wconf 71' lang='lat' dir='ltr'><strong>Burgundize</strong></span> <span class='ocrx_word' id='word_1_230' title='bbox 1004 4015 1197 4070; x_wconf 91' lang='lat' dir='ltr'><strong>ducem</strong></span> <span class='ocrx_word' id='word_1_231' title='bbox 1227 4013 1524 4068; x_wconf 86' lang='lat' dir='ltr'><strong>Henricum</strong></span> <span class='ocrx_word' id='word_1_232' title='bbox 1564 4012 1785 4067; x_wconf 81' lang='lat' dir='ltr'><strong>nomine</strong></span> 
     </span>
    </p>
   </div>
   <div class='ocr_carea' id='block_1_44' title="bbox 188 4103 1784 4177">
    <p class='ocr_par' dir='ltr' id='par_1_44' title="bbox 188 4103 1784 4177">
     <span class='ocr_line' id='line_1_44' title="bbox 188 4103 1784 4177; baseline -0.004 -14"><span class='ocrx_word' id='word_1_233' title='bbox 188 4119 302 4176; x_wconf 85' lang='lat' dir='ltr'><strong>post</strong></span> <span class='ocrx_word' id='word_1_234' title='bbox 331 4108 621 4177; x_wconf 81' lang='lat' dir='ltr'><strong>llugunem</strong></span> <span class='ocrx_word' id='word_1_235' title='bbox 654 4115 863 4171; x_wconf 84' lang='lat' dir='ltr'><strong>natum,</strong></span> <span class='ocrx_word' id='word_1_236' title='bbox 894 4106 1181 4176; x_wconf 83' lang='lat' dir='ltr'><strong>ipsumque</strong></span> <span class='ocrx_word' id='word_1_237' title='bbox 1209 4106 1455 4159; x_wconf 86' lang='lat' dir='ltr'><strong>decrevit</strong></span> <span class='ocrx_word' id='word_1_238' title='bbox 1485 4120 1583 4174; x_wconf 90' lang='lat' dir='ltr'><strong>pro</strong></span> <span class='ocrx_word' id='word_1_239' title='bbox 1612 4103 1784 4157; x_wconf 78' lang='lat' dir='ltr'><strong>fratre</strong></span> 
     </span>
    </p>
   </div>
   <div class='ocr_carea' id='block_1_45' title="bbox 192 4191 1782 4274">
    <p class='ocr_par' dir='ltr' id='par_1_45' title="bbox 192 4191 1782 4274">
     <span class='ocr_line' id='line_1_45' title="bbox 192 4191 1782 4274; baseline -0.006 -19"><span class='ocrx_word' id='word_1_240' title='bbox 192 4201 242 4255; x_wconf 82' lang='lat' dir='ltr'><strong>in</strong></span> <span class='ocrx_word' id='word_1_241' title='bbox 283 4217 516 4274; x_wconf 76' lang='lat' dir='ltr'><strong>regnum</strong></span> <span class='ocrx_word' id='word_1_242' title='bbox 561 4194 880 4254; x_wconf 81' lang='lat' dir='ltr'><strong>sublimare.</strong></span> <span class='ocrx_word' id='word_1_243' title='bbox 914 4195 1021 4252; x_wconf 87' lang='lat' dir='ltr'><strong>Sed</strong></span> <span class='ocrx_word' id='word_1_244' title='bbox 1069 4212 1284 4251; x_wconf 84' lang='lat' dir='ltr'><strong>rursum</strong></span> <span class='ocrx_word' id='word_1_245' title='bbox 1315 4204 1491 4250; x_wconf 91' lang='lat' dir='ltr'><strong>mater</strong></span> <span class='ocrx_word' id='word_1_246' title='bbox 1535 4191 1782 4249; x_wconf 81' lang='lat' dir='ltr'><strong>muliebri</strong></span> 
     </span>
    </p>
   </div>
   <div class='ocr_carea' id='block_1_46' title="bbox 194 4286 1783 4365">
    <p class='ocr_par' dir='ltr' id='par_1_46' title="bbox 194 4286 1783 4365">
     <span class='ocr_line' id='line_1_46' title="bbox 194 4286 1783 4365; baseline -0.004 -18"><span class='ocrx_word' id='word_1_247' title='bbox 194 4295 544 4351; x_wconf 84' lang='lat' dir='ltr'><strong>animositate</strong></span> <span class='ocrx_word' id='word_1_248' title='bbox 585 4292 823 4365; x_wconf 85' lang='lat' dir='ltr'><strong>agitata,</strong></span> <span class='ocrx_word' id='word_1_249' title='bbox 854 4299 961 4344; x_wconf 90' lang='lat' dir='ltr'><strong>tam</strong></span> <span class='ocrx_word' id='word_1_250' title='bbox 1004 4307 1033 4345; x_wconf 90' lang='lat' dir='ltr'><strong>a</strong></span> <span class='ocrx_word' id='word_1_251' title='bbox 1076 4298 1229 4359; x_wconf 89' lang='lat' dir='ltr'><strong>patre</strong></span> <span class='ocrx_word' id='word_1_252' title='bbox 1263 4304 1423 4359; x_wconf 89' lang='lat' dir='ltr'><strong>quam</strong></span> <span class='ocrx_word' id='word_1_253' title='bbox 1466 4303 1495 4341; x_wconf 88' lang='lat' dir='ltr'><strong>a</strong></span> <span class='ocrx_word' id='word_1_254' title='bbox 1536 4286 1783 4353; x_wconf 69' lang='lat' dir='ltr'><strong>caeteris,</strong></span> 
     </span>
    </p>
   </div>
   <div class='ocr_carea' id='block_1_47' title="bbox 196 4377 1784 4456">
    <p class='ocr_par' dir='ltr' id='par_1_47' title="bbox 196 4377 1784 4456">
     <span class='ocr_line' id='line_1_47' title="bbox 196 4377 1784 4456; baseline -0.006 -15"><span class='ocrx_word' id='word_1_255' title='bbox 196 4387 278 4455; x_wconf 85' lang='lat' dir='ltr'><strong>qui</strong></span> <span class='ocrx_word' id='word_1_256' title='bbox 322 4385 470 4456; x_wconf 87' lang='lat' dir='ltr'><strong>parti</strong></span> <span class='ocrx_word' id='word_1_257' title='bbox 516 4383 662 4439; x_wconf 87' lang='lat' dir='ltr'><strong>illius</strong></span> <span class='ocrx_word' id='word_1_258' title='bbox 704 4382 997 4448; x_wconf 82' lang='lat' dir='ltr'><strong>favebant,</strong></span> <span class='ocrx_word' id='word_1_259' title='bbox 1048 4381 1335 4444; x_wconf 87' lang='lat' dir='ltr'><strong>dissentit,</strong></span> <span class='ocrx_word' id='word_1_260' title='bbox 1384 4380 1571 4435; x_wconf 81' lang='lat' dir='ltr'><strong>dicens</strong></span> <span class='ocrx_word' id='word_1_261' title='bbox 1606 4377 1784 4433; x_wconf 85' lang='lat' dir='ltr'><strong>:Ter-</strong></span> 
     </span>
    </p>
   </div>
   <div class='ocr_carea' id='block_1_48' title="bbox 201 4466 1785 4547">
    <p class='ocr_par' dir='ltr' id='par_1_48' title="bbox 201 4466 1785 4547">
     <span class='ocr_line' id='line_1_48' title="bbox 201 4466 1785 4547; baseline -0.006 -15"><span class='ocrx_word' id='word_1_262' title='bbox 201 4479 327 4532; x_wconf 88' lang='lat' dir='ltr'><strong>tium</strong></span> <span class='ocrx_word' id='word_1_263' title='bbox 352 4476 423 4531; x_wconf 88' lang='lat' dir='ltr'><strong>ad</strong></span> <span class='ocrx_word' id='word_1_264' title='bbox 449 4474 604 4547; x_wconf 89' lang='lat' dir='ltr'><strong>regni</strong></span> <span class='ocrx_word' id='word_1_265' title='bbox 630 4477 982 4533; x_wconf 88' lang='lat' dir='ltr'><strong>moderamen</strong></span> <span class='ocrx_word' id='word_1_266' title='bbox 1008 4473 1443 4544; x_wconf 64' lang='lat' dir='ltr'><strong>praestantiorem</strong></span> <span class='ocrx_word' id='word_1_267' title='bbox 1462 4470 1578 4525; x_wconf 81' lang='lat' dir='ltr'><strong>fore</strong></span> <span class='ocrx_word' id='word_1_268' title='bbox 1595 4466 1785 4535; x_wconf 85' lang='lat' dir='ltr'><strong>ﬁlium,</strong></span> 
     </span>
    </p>
   </div>
   <div class='ocr_carea' id='block_1_49' title="bbox 198 4549 1788 4641">
    <p class='ocr_par' dir='ltr' id='par_1_49' title="bbox 198 4549 1788 4641">
     <span class='ocr_line' id='line_1_49' title="bbox 198 4549 1788 4641; baseline -0.006 -18"><span class='ocrx_word' id='word_1_269' title='bbox 198 4572 282 4641; x_wconf 88' lang='lat' dir='ltr'><strong>qui</strong></span> <span class='ocrx_word' id='word_1_270' title='bbox 312 4580 369 4625; x_wconf 91' lang='lat' dir='ltr'><strong>et</strong></span> <span class='ocrx_word' id='word_1_271' title='bbox 390 4568 618 4623; x_wconf 81' lang='lat' dir='ltr'><strong>Ruberti</strong></span> <span class='ocrx_word' id='word_1_272' title='bbox 642 4549 819 4638; x_wconf 75' lang='lat' dir='ltr'><strong>patris</strong></span> <span class='ocrx_word' id='word_1_273' title='bbox 839 4563 1056 4619; x_wconf 84' lang='lat' dir='ltr'><strong>nomine</strong></span> <span class='ocrx_word' id='word_1_274' title='bbox 1078 4564 1432 4619; x_wconf 87' lang='lat' dir='ltr'><strong>censebatur.</strong></span> <span class='ocrx_word' id='word_1_275' title='bbox 1456 4559 1568 4616; x_wconf 86' lang='lat' dir='ltr'><strong>Hoc</strong></span> <span class='ocrx_word' id='word_1_276' title='bbox 1588 4560 1788 4631; x_wconf 85' lang='lat' dir='ltr'><strong>quippe</strong></span> 
     </span>
    </p>
   </div>
   <div class='ocr_carea' id='block_1_50' title="bbox 203 4653 1790 4717">
    <p class='ocr_par' dir='ltr' id='par_1_50' title="bbox 203 4653 1790 4717">
     <span class='ocr_line' id='line_1_50' title="bbox 203 4653 1790 4717; baseline -0.005 -2"><span class='ocrx_word' id='word_1_277' title='bbox 203 4673 337 4716; x_wconf 79' lang='lat' dir='ltr'><strong>inter</strong></span> <span class='ocrx_word' id='word_1_278' title='bbox 366 4660 574 4717; x_wconf 78' lang='lat' dir='ltr'><strong>fratres</strong></span> <span class='ocrx_word' id='word_1_279' title='bbox 605 4659 962 4716; x_wconf 88' lang='lat' dir='ltr'><strong>seminariqu</strong></span> <span class='ocrx_word' id='word_1_280' title='bbox 992 4655 1279 4712; x_wconf 76' lang='lat' dir='ltr'><strong>discordia:</strong></span> <span class='ocrx_word' id='word_1_281' title='bbox 1305 4653 1429 4709; x_wconf 77' lang='lat' dir='ltr'><strong>fuit.</strong></span> <span class='ocrx_word' id='word_1_282' title='bbox 1458 4653 1790 4709; x_wconf 87' lang='lat' dir='ltr'><strong>Coadunatis</strong></span> 
     </span>
    </p>
   </div>
   <div class='ocr_carea' id='block_1_51' title="bbox 202 4743 1786 4823">
    <p class='ocr_par' dir='ltr' id='par_1_51' title="bbox 202 4743 1786 4823">
     <span class='ocr_line' id='line_1_51' title="bbox 202 4743 1786 4823; baseline -0.006 -18"><span class='ocrx_word' id='word_1_283' title='bbox 202 4754 429 4823; x_wconf 81' lang='lat' dir='ltr'><strong>denique</strong></span> <span class='ocrx_word' id='word_1_284' title='bbox 489 4768 585 4808; x_wconf 88' lang='lat' dir='ltr'><strong>rex</strong></span> <span class='ocrx_word' id='word_1_285' title='bbox 645 4749 933 4820; x_wconf 89' lang='lat' dir='ltr'><strong>metropoli</strong></span> <span class='ocrx_word' id='word_1_286' title='bbox 994 4747 1182 4803; x_wconf 76' lang='lat' dir='ltr'><strong>Remis</strong></span> <span class='ocrx_word' id='word_1_287' title='bbox 1228 4745 1379 4818; x_wconf 90' lang='lat' dir='ltr'><strong>regni</strong></span> <span class='ocrx_word' id='word_1_288' title='bbox 1428 4743 1786 4817; x_wconf 82' lang='lat' dir='ltr'><strong>primatibus,</strong></span> 
     </span>
    </p>
   </div>
   <div class='ocr_carea' id='block_1_52' title="bbox 203 4835 1784 4920">
    <p class='ocr_par' dir='ltr' id='par_1_52' title="bbox 203 4835 1784 4920">
     <span class='ocr_line' id='line_1_52' title="bbox 203 4835 1784 4920; baseline -0.008 -23"><span class='ocrx_word' id='word_1_289' title='bbox 203 4845 460 4900; x_wconf 76' lang='lat' dir='ltr'><strong>stabilivit</strong></span> <span class='ocrx_word' id='word_1_290' title='bbox 490 4842 641 4920; x_wconf 83' lang='lat' dir='ltr'><strong>regni</strong></span> <span class='ocrx_word' id='word_1_291' title='bbox 687 4855 906 4898; x_wconf 66' lang='lat' dir='ltr'><strong>coronae</strong></span> <span class='ocrx_word' id='word_1_292' title='bbox 936 4838 1226 4895; x_wconf 85' lang='lat' dir='ltr'><strong>IIenricum</strong></span> <span class='ocrx_word' id='word_1_293' title='bbox 1246 4874 1267 4904; x_wconf 84' lang='lat'><strong>,</strong></span> <span class='ocrx_word' id='word_1_294' title='bbox 1298 4851 1462 4906; x_wconf 88' lang='lat' dir='ltr'><strong>quem</strong></span> <span class='ocrx_word' id='word_1_295' title='bbox 1486 4835 1784 4906; x_wconf 82' lang='lat' dir='ltr'><strong>delegerat.</strong></span> 
     </span>
    </p>
   </div>
   <div class='ocr_carea' id='block_1_53' title="bbox 203 4923 1789 5004">
    <p class='ocr_par' dir='ltr' id='par_1_53' title="bbox 203 4923 1789 5004">
     <span class='ocr_line' id='line_1_53' title="bbox 203 4923 1789 5004; baseline -0.007 -14"><span class='ocrx_word' id='word_1_296' title='bbox 203 4933 352 4990; x_wconf 83' lang='lat' dir='ltr'><strong>Tune</strong></span> <span class='ocrx_word' id='word_1_297' title='bbox 396 4935 613 4989; x_wconf 82' lang='lat' dir='ltr'><strong>dentem</strong></span> <span class='ocrx_word' id='word_1_298' title='bbox 653 4942 785 5004; x_wconf 90' lang='lat' dir='ltr'><strong>post</strong></span> <span class='ocrx_word' id='word_1_299' title='bbox 833 4928 1048 5001; x_wconf 86' lang='lat' dir='ltr'><strong>aliquod</strong></span> <span class='ocrx_word' id='word_1_300' title='bbox 1097 4927 1359 4997; x_wconf 87' lang='lat' dir='ltr'><strong>temporis</strong></span> <span class='ocrx_word' id='word_1_301' title='bbox 1403 4926 1672 4997; x_wconf 84' lang='lat' dir='ltr'><strong>spatium,</strong></span> <span class='ocrx_word' id='word_1_302' title='bbox 1714 4923 1789 4979; x_wconf 86' lang='lat' dir='ltr'><strong>illi</strong></span> 
     </span>
    </p>
   </div>
   <div class='ocr_carea' id='block_1_54' title="bbox 202 5016 1791 5068">
    <p class='ocr_par' dir='ltr' id='par_1_54' title="bbox 202 5016 1791 5068">
     <span class='ocr_line' id='line_1_54' title="bbox 202 5016 1791 5068; baseline 0.002 -2"><span class='ocrx_word' id='word_1_303' title='bbox 202 5028 306 5066; x_wconf 79' lang='grc' dir='ltr'><strong>,ιιιη</strong></span> <span class='ocrx_word' id='word_1_304' title='bbox 342 5025 543 5066; x_wconf 65' lang='lat' dir='ltr'><strong>fratr-nc</strong></span> <span class='ocrx_word' id='word_1_305' title='bbox 595 5026 819 5068; x_wconf 71' lang='lat' dir='ltr'><strong>Iirnnnln</strong></span> <span class='ocrx_word' id='word_1_306' title='bbox 850 5023 1102 5068; x_wconf 66' lang='grc' dir='ltr'><strong>ηιηξεεὲεὲπε</strong></span> <span class='ocrx_word' id='word_1_307' title='bbox 1124 5020 1364 5068; x_wconf 61' lang='lat' dir='ltr'><strong>findere.</strong></span> <span class='ocrx_word' id='word_1_308' title='bbox 1413 5018 1684 5068; x_wconf 63' lang='lat' dir='ltr'><strong>praecipue</strong></span> <span class='ocrx_word' id='word_1_309' title='bbox 1720 5016 1791 5068; x_wconf 85' lang='lat' dir='ltr'><strong>ob</strong></span> 
     </span>
    </p>
   </div>
   <div class='ocr_carea' id='block_1_55' title="bbox 1867 457 3450 530">
    <p class='ocr_par' dir='ltr' id='par_1_55' title="bbox 1867 457 3450 530">
     <span class='ocr_line' id='line_1_55' title="bbox 1867 457 3450 530; baseline 0.004 -18"><span class='ocrx_word' id='word_1_310' title='bbox 1867 457 2025 512; x_wconf 89' lang='lat' dir='ltr'><strong>bilem</strong></span> <span class='ocrx_word' id='word_1_311' title='bbox 2052 459 2269 513; x_wconf 84' lang='lat' dir='ltr'><strong>Patrem</strong></span> <span class='ocrx_word' id='word_1_312' title='bbox 2302 459 2635 514; x_wconf 61' lang='lat' dir='ltr'><strong>“ille-lutum</strong></span> <span class='ocrx_word' id='word_1_313' title='bbox 2681 460 3076 527; x_wconf 87' lang='lat' dir='ltr'><strong>consuluisset,</strong></span> <span class='ocrx_word' id='word_1_314' title='bbox 3106 461 3249 530; x_wconf 86' lang='lat' dir='ltr'><strong>apud</strong></span> <span class='ocrx_word' id='word_1_315' title='bbox 3272 461 3450 518; x_wconf 82' lang='lat' dir='ltr'><strong>Divin-</strong></span> 
     </span>
    </p>
   </div>
   <div class='ocr_carea' id='block_1_56' title="bbox 1865 551 3451 623">
    <p class='ocr_par' dir='ltr' id='par_1_56' title="bbox 1865 551 3451 623">
     <span class='ocr_line' id='line_1_56' title="bbox 1865 551 3451 623; baseline 0.003 -18"><span class='ocrx_word' id='word_1_316' title='bbox 1865 551 2017 607; x_wconf 89' lang='lat' dir='ltr'><strong>neusi</strong></span> <span class='ocrx_word' id='word_1_317' title='bbox 2046 561 2260 613; x_wconf 85' lang='lat' dir='ltr'><strong>castro,</strong></span> <span class='ocrx_word' id='word_1_318' title='bbox 2290 552 2418 621; x_wconf 88' lang='lat' dir='ltr'><strong>quid</strong></span> <span class='ocrx_word' id='word_1_319' title='bbox 2450 567 2611 623; x_wconf 82' lang='lat' dir='ltr'><strong>agere</strong></span> <span class='ocrx_word' id='word_1_320' title='bbox 2632 551 2886 618; x_wconf 86' lang='lat' dir='ltr'><strong>deberet;</strong></span> <span class='ocrx_word' id='word_1_321' title='bbox 2911 568 3212 622; x_wconf 71' lang='lat' dir='ltr'><strong>oransque,</strong></span> <span class='ocrx_word' id='word_1_322' title='bbox 3246 562 3307 608; x_wconf 89' lang='lat' dir='ltr'><strong>ut</strong></span> <span class='ocrx_word' id='word_1_323' title='bbox 3328 563 3451 609; x_wconf 82' lang='lat' dir='ltr'><strong>erat</strong></span> 
     </span>
    </p>
   </div>
   <div class='ocr_carea' id='block_1_57' title="bbox 1865 640 3447 712">
    <p class='ocr_par' dir='ltr' id='par_1_57' title="bbox 1865 640 3447 712">
     <span class='ocr_line' id='line_1_57' title="bbox 1865 640 3447 712; baseline 0.004 -20"><span class='ocrx_word' id='word_1_324' title='bbox 1865 641 1950 695; x_wconf 88' lang='lat' dir='ltr'><strong>vir</strong></span> <span class='ocrx_word' id='word_1_325' title='bbox 1982 640 2150 695; x_wconf 83' lang='lat' dir='ltr'><strong>totius</strong></span> <span class='ocrx_word' id='word_1_326' title='bbox 2195 641 2627 695; x_wconf 86' lang='lat' dir='ltr'><strong>mansuetudinis</strong></span> <span class='ocrx_word' id='word_1_327' title='bbox 2659 650 2715 696; x_wconf 90' lang='lat' dir='ltr'><strong>et</strong></span> <span class='ocrx_word' id='word_1_328' title='bbox 2761 642 3020 712; x_wconf 89' lang='lat' dir='ltr'><strong>pietatis,</strong></span> <span class='ocrx_word' id='word_1_329' title='bbox 3059 642 3297 711; x_wconf 83' lang='lat' dir='ltr'><strong>qualiter</strong></span> <span class='ocrx_word' id='word_1_330' title='bbox 3332 653 3447 698; x_wconf 85' lang='lat' dir='ltr'><strong>tam</strong></span> 
     </span>
    </p>
   </div>
   <div class='ocr_carea' id='block_1_58' title="bbox 1865 730 3453 805">
    <p class='ocr_par' dir='ltr' id='par_1_58' title="bbox 1865 730 3453 805">
     <span class='ocr_line' id='line_1_58' title="bbox 1865 730 3453 805; baseline 0.003 -19"><span class='ocrx_word' id='word_1_331' title='bbox 1865 749 1965 804; x_wconf 86' lang='lat' dir='ltr'><strong>pro</strong></span> <span class='ocrx_word' id='word_1_332' title='bbox 1995 748 2054 788; x_wconf 84' lang='lat' dir='ltr'><strong>se</strong></span> <span class='ocrx_word' id='word_1_333' title='bbox 2081 748 2244 802; x_wconf 87' lang='lat' dir='ltr'><strong>quam</strong></span> <span class='ocrx_word' id='word_1_334' title='bbox 2270 747 2368 803; x_wconf 90' lang='lat' dir='ltr'><strong>pro</strong></span> <span class='ocrx_word' id='word_1_335' title='bbox 2393 731 2498 786; x_wconf 88' lang='lat' dir='ltr'><strong>illis</strong></span> <span class='ocrx_word' id='word_1_336' title='bbox 2522 730 2809 786; x_wconf 89' lang='lat' dir='ltr'><strong>Dominum</strong></span> <span class='ocrx_word' id='word_1_337' title='bbox 2836 742 3022 788; x_wconf 85' lang='lat' dir='ltr'><strong>oraret</strong></span> <span class='ocrx_word' id='word_1_338' title='bbox 3044 773 3059 797; x_wconf 85' lang='lat'><strong>,</strong></span> <span class='ocrx_word' id='word_1_339' title='bbox 3086 732 3196 789; x_wconf 89' lang='lat' dir='ltr'><strong>tale</strong></span> <span class='ocrx_word' id='word_1_340' title='bbox 3227 748 3453 805; x_wconf 82' lang='lat' dir='ltr'><strong>respon-</strong></span> 
     </span>
    </p>
   </div>
   <div class='ocr_carea' id='block_1_59' title="bbox 1865 823 3449 894">
    <p class='ocr_par' dir='ltr' id='par_1_59' title="bbox 1865 823 3449 894">
     <span class='ocr_line' id='line_1_59' title="bbox 1865 823 3449 894; baseline 0.001 -14"><span class='ocrx_word' id='word_1_341' title='bbox 1865 840 1985 880; x_wconf 88' lang='lat' dir='ltr'><strong>sum</strong></span> <span class='ocrx_word' id='word_1_342' title='bbox 2012 824 2080 879; x_wconf 89' lang='lat' dir='ltr'><strong>ab</strong></span> <span class='ocrx_word' id='word_1_343' title='bbox 2109 825 2296 879; x_wconf 88' lang='lat' dir='ltr'><strong>eodem</strong></span> <span class='ocrx_word' id='word_1_344' title='bbox 2321 823 2557 894; x_wconf 84' lang='lat' dir='ltr'><strong>suscepit</strong></span> <span class='ocrx_word' id='word_1_345' title='bbox 2584 841 2598 877; x_wconf 90' lang='lat'><strong>:</strong></span> <span class='ocrx_word' id='word_1_346' title='bbox 2632 842 2651 876; x_wconf 77' lang='grc' dir='ltr'>ι</span> <span class='ocrx_word' id='word_1_347' title='bbox 2680 823 2988 893; x_wconf 77' lang='lat' dir='ltr'><strong>Meminisse</strong></span> <span class='ocrx_word' id='word_1_348' title='bbox 3017 835 3088 885; x_wconf 84' lang='lat' dir='ltr'><strong>te.</strong></span> <span class='ocrx_word' id='word_1_349' title='bbox 3116 842 3151 880; x_wconf 93' lang='lat' dir='ltr'><strong>o</strong></span> <span class='ocrx_word' id='word_1_350' title='bbox 3172 842 3288 893; x_wconf 84' lang='lat' dir='ltr'><strong>rex,</strong></span> <span class='ocrx_word' id='word_1_351' title='bbox 3317 842 3449 883; x_wconf 85' lang='lat' dir='ltr'><strong>con-</strong></span> 
     </span>
    </p>
   </div>
   <div class='ocr_carea' id='block_1_60' title="bbox 1867 912 3455 985">
    <p class='ocr_par' dir='ltr' id='par_1_60' title="bbox 1867 912 3455 985">
     <span class='ocr_line' id='line_1_60' title="bbox 1867 912 3455 985; baseline 0.003 -18"><span class='ocrx_word' id='word_1_352' title='bbox 1867 914 2017 969; x_wconf 83' lang='lat' dir='ltr'><strong>venit</strong></span> <span class='ocrx_word' id='word_1_353' title='bbox 2048 912 2368 983; x_wconf 85' lang='lat' dir='ltr'><strong>injuriarum</strong></span> <span class='ocrx_word' id='word_1_354' title='bbox 2393 912 2920 984; x_wconf 86' lang='lat' dir='ltr'><strong>opprobriorumquc</strong></span> <span class='ocrx_word' id='word_1_355' title='bbox 2948 916 3087 985; x_wconf 90' lang='lat' dir='ltr'><strong>patri</strong></span> <span class='ocrx_word' id='word_1_356' title='bbox 3118 929 3181 970; x_wconf 89' lang='lat' dir='ltr'><strong>ac</strong></span> <span class='ocrx_word' id='word_1_357' title='bbox 3219 916 3381 971; x_wconf 86' lang='lat' dir='ltr'><strong>matri</strong></span> <span class='ocrx_word' id='word_1_358' title='bbox 3417 932 3455 972; x_wconf 67' lang='grc' dir='ltr'><strong>α</strong></span> 
     </span>
    </p>
   </div>
   <div class='ocr_carea' id='block_1_61' title="bbox 1868 1002 3452 1074">
    <p class='ocr_par' dir='ltr' id='par_1_61' title="bbox 1868 1002 3452 1074">
     <span class='ocr_line' id='line_1_61' title="bbox 1868 1002 3452 1074; baseline 0.002 -14"><span class='ocrx_word' id='word_1_359' title='bbox 1868 1015 1922 1061; x_wconf 90' lang='lat' dir='ltr'><strong>te</strong></span> <span class='ocrx_word' id='word_1_360' title='bbox 1965 1004 2240 1059; x_wconf 89' lang='lat' dir='ltr'><strong>illatorum</strong></span> <span class='ocrx_word' id='word_1_361' title='bbox 2284 1004 2338 1059; x_wconf 88' lang='lat' dir='ltr'><strong>itt</strong></span> <span class='ocrx_word' id='word_1_362' title='bbox 2386 1014 2475 1058; x_wconf 88' lang='lat' dir='ltr'><strong>tua</strong></span> <span class='ocrx_word' id='word_1_363' title='bbox 2504 1002 2791 1072; x_wconf 90' lang='lat' dir='ltr'><strong>juventute</strong></span> <span class='ocrx_word' id='word_1_364' title='bbox 2816 1045 2834 1070; x_wconf 93' lang='lat'><strong>,</strong></span> <span class='ocrx_word' id='word_1_365' title='bbox 2874 1006 3128 1074; x_wconf 86' lang='lat' dir='ltr'><strong>quoniam</strong></span> <span class='ocrx_word' id='word_1_366' title='bbox 3168 1006 3297 1062; x_wconf 82' lang='lat' dir='ltr'><strong>talia</strong></span> <span class='ocrx_word' id='word_1_367' title='bbox 3330 1008 3452 1074; x_wconf 87' lang='lat' dir='ltr'><strong>tibi,</strong></span> 
     </span>
    </p>
   </div>
   <div class='ocr_carea' id='block_1_62' title="bbox 1860 1095 3457 1169">
    <p class='ocr_par' dir='ltr' id='par_1_62' title="bbox 1860 1095 3457 1169">
     <span class='ocr_line' id='line_1_62' title="bbox 1860 1095 3457 1169; baseline 0.001 -18"><span class='ocrx_word' id='word_1_368' title='bbox 1860 1096 2010 1165; x_wconf 85' lang='lat' dir='ltr'><strong>justo</strong></span> <span class='ocrx_word' id='word_1_369' title='bbox 2051 1095 2237 1166; x_wconf 88' lang='lat' dir='ltr'><strong>judice</strong></span> <span class='ocrx_word' id='word_1_370' title='bbox 2286 1096 2396 1151; x_wconf 90' lang='lat' dir='ltr'><strong>Deo</strong></span> <span class='ocrx_word' id='word_1_371' title='bbox 2441 1096 2820 1167; x_wconf 89' lang='lat' dir='ltr'><strong>permittente,</strong></span> <span class='ocrx_word' id='word_1_372' title='bbox 2865 1112 2897 1151; x_wconf 88' lang='lat' dir='ltr'><strong>a</strong></span> <span class='ocrx_word' id='word_1_373' title='bbox 2947 1097 3075 1151; x_wconf 77' lang='lat' dir='ltr'><strong>[iliis</strong></span> <span class='ocrx_word' id='word_1_374' title='bbox 3113 1097 3457 1169; x_wconf 80' lang='lat' dir='ltr'><strong>ingeruntur,</strong></span> 
     </span>
    </p>
   </div>
   <div class='ocr_carea' id='block_1_63' title="bbox 1867 1187 3464 1261">
    <p class='ocr_par' dir='ltr' id='par_1_63' title="bbox 1867 1187 3464 1261">
     <span class='ocr_line' id='line_1_63' title="bbox 1867 1187 3464 1261; baseline 0.003 -19"><span class='ocrx_word' id='word_1_375' title='bbox 1867 1188 2048 1259; x_wconf 88' lang='lat' dir='ltr'><strong>qualia</strong></span> <span class='ocrx_word' id='word_1_376' title='bbox 2081 1198 2135 1243; x_wconf 92' lang='lat' dir='ltr'><strong>tu</strong></span> <span class='ocrx_word' id='word_1_377' title='bbox 2168 1188 2279 1259; x_wconf 87' lang='lat' dir='ltr'><strong>ipse</strong></span> <span class='ocrx_word' id='word_1_378' title='bbox 2304 1187 2643 1258; x_wconf 76' lang='lat' dir='ltr'><strong>genitoribus</strong></span> <span class='ocrx_word' id='word_1_379' title='bbox 2679 1188 2976 1261; x_wconf 88' lang='lat' dir='ltr'><strong>ingessisti.</strong></span> <span class='ocrx_word' id='word_1_380' title='bbox 3008 1208 3028 1242; x_wconf 74' lang='grc' dir='ltr'><strong><em>ι</em></strong></span> <span class='ocrx_word' id='word_1_381' title='bbox 3074 1189 3198 1245; x_wconf 83' lang='lat' dir='ltr'><strong>ll:ec</strong></span> <span class='ocrx_word' id='word_1_382' title='bbox 3224 1191 3464 1247; x_wconf 79' lang='lat' dir='ltr'><strong>audiens</strong></span> 
     </span>
    </p>
   </div>
   <div class='ocr_carea' id='block_1_64' title="bbox 1872 1280 3461 1353">
    <p class='ocr_par' dir='ltr' id='par_1_64' title="bbox 1872 1280 3461 1353">
     <span class='ocr_line' id='line_1_64' title="bbox 1872 1280 3461 1353; baseline 0.001 -16"><span class='ocrx_word' id='word_1_383' title='bbox 1872 1298 1966 1338; x_wconf 88' lang='lat' dir='ltr'><strong>rex</strong></span> <span class='ocrx_word' id='word_1_384' title='bbox 2006 1280 2402 1352; x_wconf 86' lang='lat' dir='ltr'><strong>patientissime</strong></span> <span class='ocrx_word' id='word_1_385' title='bbox 2429 1280 2579 1347; x_wconf 89' lang='lat' dir='ltr'><strong>tulit;</strong></span> <span class='ocrx_word' id='word_1_386' title='bbox 2614 1298 2782 1352; x_wconf 85' lang='lat' dir='ltr'><strong>seque</strong></span> <span class='ocrx_word' id='word_1_387' title='bbox 2807 1281 2950 1337; x_wconf 89' lang='lat' dir='ltr'><strong>ultro</strong></span> <span class='ocrx_word' id='word_1_388' title='bbox 2989 1282 3309 1353; x_wconf 82' lang='lat' dir='ltr'><strong>culpabilem</strong></span> <span class='ocrx_word' id='word_1_389' title='bbox 3343 1283 3461 1341; x_wconf 84' lang='lat' dir='ltr'><strong>ela-</strong></span> 
     </span>
    </p>
   </div>
   <div class='ocr_carea' id='block_1_65' title="bbox 1871 1364 3459 1447">
    <p class='ocr_par' dir='ltr' id='par_1_65' title="bbox 1871 1364 3459 1447">
     <span class='ocr_line' id='line_1_65' title="bbox 1871 1364 3459 1447; baseline 0.004 -20"><span class='ocrx_word' id='word_1_390' title='bbox 1871 1364 2051 1442; x_wconf 78' lang='lat' dir='ltr'><strong>mans,</strong></span> <span class='ocrx_word' id='word_1_391' title='bbox 2083 1390 2190 1429; x_wconf 87' lang='lat' dir='ltr'><strong>non</strong></span> <span class='ocrx_word' id='word_1_392' title='bbox 2224 1376 2463 1445; x_wconf 79' lang='lat' dir='ltr'><strong>negavit.</strong></span> <span class='ocrx_word' id='word_1_393' title='bbox 2509 1376 2710 1432; x_wconf 83' lang='lat' dir='ltr'><strong>Deinde</strong></span> <span class='ocrx_word' id='word_1_394' title='bbox 2738 1385 2864 1447; x_wconf 83' lang='lat' dir='ltr'><strong>post</strong></span> <span class='ocrx_word' id='word_1_395' title='bbox 2906 1377 3243 1433; x_wconf 72' lang='lat' dir='ltr'><strong>obsidionem</strong></span> <span class='ocrx_word' id='word_1_396' title='bbox 3268 1392 3335 1433; x_wconf 87' lang='lat' dir='ltr'><strong>ac</strong></span> <span class='ocrx_word' id='word_1_397' title='bbox 3362 1380 3459 1434; x_wconf 73' lang='lat' dir='ltr'><strong>de-</strong></span> 
     </span>
    </p>
   </div>
   <div class='ocr_carea' id='block_1_66' title="bbox 1870 1465 3467 1541">
    <p class='ocr_par' dir='ltr' id='par_1_66' title="bbox 1870 1465 3467 1541">
     <span class='ocr_line' id='line_1_66' title="bbox 1870 1465 3467 1541; baseline 0.004 -22"><span class='ocrx_word' id='word_1_398' title='bbox 1870 1465 2271 1536; x_wconf 90' lang='lat' dir='ltr'><strong>populationem</strong></span> <span class='ocrx_word' id='word_1_399' title='bbox 2318 1467 2602 1539; x_wconf 90' lang='lat' dir='ltr'><strong>utriusque</strong></span> <span class='ocrx_word' id='word_1_400' title='bbox 2647 1469 2976 1539; x_wconf 72' lang='lat' dir='ltr'><strong>provinciae,</strong></span> <span class='ocrx_word' id='word_1_401' title='bbox 3016 1468 3091 1525; x_wconf 83' lang='lat' dir='ltr'><strong>ad</strong></span> <span class='ocrx_word' id='word_1_402' title='bbox 3126 1484 3317 1541; x_wconf 72' lang='lat' dir='ltr'><strong>pacem</strong></span> <span class='ocrx_word' id='word_1_403' title='bbox 3364 1486 3467 1526; x_wconf 82' lang='lat' dir='ltr'><strong>re-</strong></span> 
     </span>
    </p>
   </div>
   <div class='ocr_carea' id='block_1_67' title="bbox 1870 1559 3459 1635">
    <p class='ocr_par' dir='ltr' id='par_1_67' title="bbox 1870 1559 3459 1635">
     <span class='ocr_line' id='line_1_67' title="bbox 1870 1559 3459 1635; baseline 0.001 -20"><span class='ocrx_word' id='word_1_404' title='bbox 1870 1560 2123 1628; x_wconf 87' lang='lat' dir='ltr'><strong>deuntes,</strong></span> <span class='ocrx_word' id='word_1_405' title='bbox 2148 1559 2423 1635; x_wconf 85' lang='lat' dir='ltr'><strong>paulisper</strong></span> <span class='ocrx_word' id='word_1_406' title='bbox 2438 1560 2776 1630; x_wconf 82' lang='lat' dir='ltr'><strong>quieverunt.</strong></span> <span class='ocrx_word' id='word_1_407' title='bbox 2794 1560 2952 1617; x_wconf 82' lang='lat' dir='ltr'><strong>Anno</strong></span> <span class='ocrx_word' id='word_1_408' title='bbox 2972 1576 3188 1632; x_wconf 82' lang='lat' dir='ltr'><strong>quoque</strong></span> <span class='ocrx_word' id='word_1_409' title='bbox 3208 1561 3459 1632; x_wconf 87' lang='lat' dir='ltr'><strong>sequenti</strong></span> 
     </span>
    </p>
   </div>
   <div class='ocr_carea' id='block_1_68' title="bbox 1871 1648 3461 1724">
    <p class='ocr_par' dir='ltr' id='par_1_68' title="bbox 1871 1648 3461 1724">
     <span class='ocr_line' id='line_1_68' title="bbox 1871 1648 3461 1724; baseline 0.002 -20"><span class='ocrx_word' id='word_1_410' title='bbox 1871 1665 2061 1707; x_wconf 88' lang='lat' dir='ltr'><strong>mense</strong></span> <span class='ocrx_word' id='word_1_411' title='bbox 2097 1648 2241 1706; x_wconf 82' lang='lat' dir='ltr'><strong>Julio</strong></span> <span class='ocrx_word' id='word_1_412' title='bbox 2287 1650 2561 1708; x_wconf 76' lang='lat' dir='ltr'><strong>Itobertus</strong></span> <span class='ocrx_word' id='word_1_413' title='bbox 2610 1667 2704 1708; x_wconf 89' lang='lat' dir='ltr'><strong>rex</strong></span> <span class='ocrx_word' id='word_1_414' title='bbox 2746 1652 2886 1724; x_wconf 85' lang='lat' dir='ltr'><strong>apud</strong></span> <span class='ocrx_word' id='word_1_415' title='bbox 2936 1661 3176 1709; x_wconf 78' lang='lat' dir='ltr'><strong>castrum</strong></span> <span class='ocrx_word' id='word_1_416' title='bbox 3225 1653 3461 1708; x_wconf 79' lang='lat' dir='ltr'><strong>lleledu-</strong></span> 
     </span>
    </p>
   </div>
   <div class='ocr_carea' id='block_1_69' title="bbox 1799 1727 3469 1813">
    <p class='ocr_par' dir='ltr' id='par_1_69' title="bbox 1799 1727 3469 1813">
     <span class='ocr_line' id='line_1_69' title="bbox 1799 1727 3469 1813; baseline 0.001 -18"><span class='ocrx_word' id='word_1_417' title='bbox 1799 1727 1846 1789; x_wconf 84' lang='grc' dir='ltr'><strong>Β</strong></span> <span class='ocrx_word' id='word_1_418' title='bbox 1876 1757 2043 1798; x_wconf 88' lang='lat' dir='ltr'><strong>nense</strong></span> <span class='ocrx_word' id='word_1_419' title='bbox 2077 1742 2219 1798; x_wconf 89' lang='lat' dir='ltr'><strong>diem</strong></span> <span class='ocrx_word' id='word_1_420' title='bbox 2256 1742 2455 1798; x_wconf 89' lang='lat' dir='ltr'><strong>clausit</strong></span> <span class='ocrx_word' id='word_1_421' title='bbox 2476 1751 2807 1809; x_wconf 87' lang='lat' dir='ltr'><strong>extremum,</strong></span> <span class='ocrx_word' id='word_1_422' title='bbox 2845 1742 3198 1813; x_wconf 85' lang='lat' dir='ltr'><strong>delatumque</strong></span> <span class='ocrx_word' id='word_1_423' title='bbox 3225 1753 3310 1798; x_wconf 88' lang='lat' dir='ltr'><strong>est</strong></span> <span class='ocrx_word' id='word_1_424' title='bbox 3332 1759 3469 1799; x_wconf 75' lang='lat' dir='ltr'><strong>cor-</strong></span> 
     </span>
    </p>
   </div>
   <div class='ocr_carea' id='block_1_70' title="bbox 1873 1830 3469 1904">
    <p class='ocr_par' dir='ltr' id='par_1_70' title="bbox 1873 1830 3469 1904">
     <span class='ocr_line' id='line_1_70' title="bbox 1873 1830 3469 1904; baseline 0 -19"><span class='ocrx_word' id='word_1_425' title='bbox 1873 1848 1975 1902; x_wconf 89' lang='lat' dir='ltr'><strong>pus</strong></span> <span class='ocrx_word' id='word_1_426' title='bbox 2004 1830 2120 1901; x_wconf 83' lang='lat' dir='ltr'><strong>ejus</strong></span> <span class='ocrx_word' id='word_1_427' title='bbox 2157 1833 2224 1888; x_wconf 91' lang='lat' dir='ltr'><strong>ad</strong></span> <span class='ocrx_word' id='word_1_428' title='bbox 2253 1832 2543 1890; x_wconf 87' lang='lat' dir='ltr'><strong>ecclesiam</strong></span> <span class='ocrx_word' id='word_1_429' title='bbox 2588 1832 2763 1889; x_wconf 89' lang='lat' dir='ltr'><strong>sancti</strong></span> <span class='ocrx_word' id='word_1_430' title='bbox 2799 1832 3037 1904; x_wconf 80' lang='lat' dir='ltr'><strong>Dionysii</strong></span> <span class='ocrx_word' id='word_1_431' title='bbox 3074 1832 3363 1904; x_wconf 85' lang='lat' dir='ltr'><strong>martyris.</strong></span> <span class='ocrx_word' id='word_1_432' title='bbox 3395 1848 3469 1886; x_wconf 79' lang='lat' dir='ltr'><strong>ae</strong></span> 
     </span>
    </p>
   </div>
   <div class='ocr_carea' id='block_1_71' title="bbox 1877 1922 3469 1994">
    <p class='ocr_par' dir='ltr' id='par_1_71' title="bbox 1877 1922 3469 1994">
     <span class='ocr_line' id='line_1_71' title="bbox 1877 1922 3469 1994; baseline -0.001 -17"><span class='ocrx_word' id='word_1_433' title='bbox 1877 1923 1929 1978; x_wconf 92' lang='lat' dir='ltr'><strong>in</strong></span> <span class='ocrx_word' id='word_1_434' title='bbox 1959 1924 2152 1979; x_wconf 89' lang='lat' dir='ltr'><strong>eadem</strong></span> <span class='ocrx_word' id='word_1_435' title='bbox 2204 1922 2496 1994; x_wconf 89' lang='lat' dir='ltr'><strong>sepultum.</strong></span> <span class='ocrx_word' id='word_1_436' title='bbox 2529 1923 2684 1979; x_wconf 87' lang='lat' dir='ltr'><strong>Tunc</strong></span> <span class='ocrx_word' id='word_1_437' title='bbox 2724 1939 2916 1979; x_wconf 89' lang='lat' dir='ltr'><strong>rursus</strong></span> <span class='ocrx_word' id='word_1_438' title='bbox 2944 1924 3120 1978; x_wconf 87' lang='lat' dir='ltr'><strong>oritur</strong></span> <span class='ocrx_word' id='word_1_439' title='bbox 3163 1922 3305 1979; x_wconf 89' lang='lat' dir='ltr'><strong>inter</strong></span> <span class='ocrx_word' id='word_1_440' title='bbox 3346 1939 3469 1978; x_wconf 84' lang='lat' dir='ltr'><strong>ma-</strong></span> 
     </span>
    </p>
   </div>
   <div class='ocr_carea' id='block_1_72' title="bbox 1876 2012 3465 2083">
    <p class='ocr_par' dir='ltr' id='par_1_72' title="bbox 1876 2012 3465 2083">
     <span class='ocr_line' id='line_1_72' title="bbox 1876 2012 3465 2083; baseline -0.001 -14"><span class='ocrx_word' id='word_1_441' title='bbox 1876 2022 2013 2069; x_wconf 91' lang='lat' dir='ltr'><strong>trem</strong></span> <span class='ocrx_word' id='word_1_442' title='bbox 2045 2025 2095 2069; x_wconf 88' lang='lat' dir='ltr'><strong>et</strong></span> <span class='ocrx_word' id='word_1_443' title='bbox 2124 2012 2266 2069; x_wconf 81' lang='lat' dir='ltr'><strong>ﬁlios</strong></span> <span class='ocrx_word' id='word_1_444' title='bbox 2295 2014 2536 2070; x_wconf 88' lang='lat' dir='ltr'><strong>rediviva</strong></span> <span class='ocrx_word' id='word_1_445' title='bbox 2567 2014 2854 2069; x_wconf 74' lang='lat' dir='ltr'><strong>discordia:</strong></span> <span class='ocrx_word' id='word_1_446' title='bbox 2877 2013 3192 2079; x_wconf 88' lang='lat' dir='ltr'><strong>crudelitas,</strong></span> <span class='ocrx_word' id='word_1_447' title='bbox 3230 2028 3295 2068; x_wconf 86' lang='lat' dir='ltr'><strong>ac</strong></span> <span class='ocrx_word' id='word_1_448' title='bbox 3324 2029 3465 2083; x_wconf 85' lang='lat' dir='ltr'><strong>pra:-</strong></span> 
     </span>
    </p>
   </div>
   <div class='ocr_carea' id='block_1_73' title="bbox 1880 2102 3463 2161">
    <p class='ocr_par' dir='ltr' id='par_1_73' title="bbox 1880 2102 3463 2161">
     <span class='ocr_line' id='line_1_73' title="bbox 1880 2102 3463 2161; baseline 0.001 -4"><span class='ocrx_word' id='word_1_449' title='bbox 1880 2103 2162 2158; x_wconf 90' lang='lat' dir='ltr'><strong>teritarum</strong></span> <span class='ocrx_word' id='word_1_450' title='bbox 2205 2102 2411 2159; x_wconf 90' lang='lat' dir='ltr'><strong>irarum</strong></span> <span class='ocrx_word' id='word_1_451' title='bbox 2443 2104 2597 2159; x_wconf 80' lang='lat' dir='ltr'><strong>frena</strong></span> <span class='ocrx_word' id='word_1_452' title='bbox 2631 2104 2817 2159; x_wconf 86' lang='lat' dir='ltr'><strong>laxant</strong></span> <span class='ocrx_word' id='word_1_453' title='bbox 2854 2105 3156 2161; x_wconf 87' lang='lat' dir='ltr'><strong>inveterata</strong></span> <span class='ocrx_word' id='word_1_454' title='bbox 3185 2104 3330 2160; x_wconf 85' lang='lat' dir='ltr'><strong>odia.</strong></span> <span class='ocrx_word' id='word_1_455' title='bbox 3360 2104 3463 2159; x_wconf 87' lang='lat' dir='ltr'><strong>Din</strong></span> 
     </span>
    </p>
   </div>
   <div class='ocr_carea' id='block_1_74' title="bbox 1873 2193 3456 2266">
    <p class='ocr_par' dir='ltr' id='par_1_74' title="bbox 1873 2193 3456 2266">
     <span class='ocr_line' id='line_1_74' title="bbox 1873 2193 3456 2266; baseline 0.001 -20"><span class='ocrx_word' id='word_1_456' title='bbox 1873 2193 2210 2262; x_wconf 90' lang='lat' dir='ltr'><strong>multumque</strong></span> <span class='ocrx_word' id='word_1_457' title='bbox 2238 2193 2501 2249; x_wconf 83' lang='lat' dir='ltr'><strong>vastando</strong></span> <span class='ocrx_word' id='word_1_458' title='bbox 2533 2208 2618 2249; x_wconf 87' lang='lat' dir='ltr'><strong>res</strong></span> <span class='ocrx_word' id='word_1_459' title='bbox 2644 2194 2891 2266; x_wconf 88' lang='lat' dir='ltr'><strong>proprias</strong></span> <span class='ocrx_word' id='word_1_460' title='bbox 2912 2193 3306 2249; x_wconf 80' lang='lat' dir='ltr'><strong>debacchatuut</strong></span> <span class='ocrx_word' id='word_1_461' title='bbox 3335 2204 3456 2259; x_wconf 88' lang='lat' dir='ltr'><strong>est,</strong></span> 
     </span>
    </p>
   </div>
   <div class='ocr_carea' id='block_1_75' title="bbox 1874 2281 3459 2356">
    <p class='ocr_par' dir='ltr' id='par_1_75' title="bbox 1874 2281 3459 2356">
     <span class='ocr_line' id='line_1_75' title="bbox 1874 2281 3459 2356; baseline 0 -19"><span class='ocrx_word' id='word_1_462' title='bbox 1874 2281 2048 2338; x_wconf 91' lang='lat' dir='ltr'><strong>donec</strong></span> <span class='ocrx_word' id='word_1_463' title='bbox 2095 2282 2261 2340; x_wconf 84' lang='lat' dir='ltr'><strong>Falco</strong></span> <span class='ocrx_word' id='word_1_464' title='bbox 2307 2283 2725 2355; x_wconf 83' lang='lat' dir='ltr'><strong>Audegavorum</strong></span> <span class='ocrx_word' id='word_1_465' title='bbox 2767 2294 3279 2356; x_wconf 84' lang='lat' dir='ltr'><strong>contes,cognatus</strong></span> <span class='ocrx_word' id='word_1_466' title='bbox 3319 2283 3459 2356; x_wconf 62' lang='grc' dir='ltr'><strong>[ιιι.</strong></span> 
     </span>
    </p>
   </div>
   <div class='ocr_carea' id='block_1_76' title="bbox 1874 2373 3469 2448">
    <p class='ocr_par' dir='ltr' id='par_1_76' title="bbox 1874 2373 3469 2448">
     <span class='ocr_line' id='line_1_76' title="bbox 1874 2373 3469 2448; baseline 0.002 -19"><span class='ocrx_word' id='word_1_467' title='bbox 1874 2373 2205 2448; x_wconf 89' lang='lat' dir='ltr'><strong>avunculus]</strong></span> <span class='ocrx_word' id='word_1_468' title='bbox 2255 2374 2467 2431; x_wconf 90' lang='lat' dir='ltr'><strong>scilicet</strong></span> <span class='ocrx_word' id='word_1_469' title='bbox 2526 2375 2800 2446; x_wconf 86' lang='lat' dir='ltr'><strong>ipsorum,</strong></span> <span class='ocrx_word' id='word_1_470' title='bbox 2846 2386 3078 2431; x_wconf 85' lang='lat' dir='ltr'><strong>matrem</strong></span> <span class='ocrx_word' id='word_1_471' title='bbox 3134 2376 3469 2446; x_wconf 85' lang='lat' dir='ltr'><strong>redargncns</strong></span> 
     </span>
    </p>
   </div>
   <div class='ocr_carea' id='block_1_77' title="bbox 1875 2466 3477 2539">
    <p class='ocr_par' dir='ltr' id='par_1_77' title="bbox 1875 2466 3477 2539">
     <span class='ocr_line' id='line_1_77' title="bbox 1875 2466 3477 2539; baseline 0.004 -18"><span class='ocrx_word' id='word_1_472' title='bbox 1875 2480 1973 2521; x_wconf 91' lang='lat' dir='ltr'><strong>cur</strong></span> <span class='ocrx_word' id='word_1_473' title='bbox 2004 2466 2285 2522; x_wconf 85' lang='lat' dir='ltr'><strong>bestialem</strong></span> <span class='ocrx_word' id='word_1_474' title='bbox 2312 2468 2586 2522; x_wconf 88' lang='lat' dir='ltr'><strong>vesaniam</strong></span> <span class='ocrx_word' id='word_1_475' title='bbox 2618 2483 2744 2539; x_wconf 86' lang='lat' dir='ltr'><strong>erga</strong></span> <span class='ocrx_word' id='word_1_476' title='bbox 2771 2468 2910 2524; x_wconf 83' lang='lat' dir='ltr'><strong>ﬁlios</strong></span> <span class='ocrx_word' id='word_1_477' title='bbox 2928 2477 3233 2533; x_wconf 80' lang='lat' dir='ltr'><strong>exerceret,</strong></span> <span class='ocrx_word' id='word_1_478' title='bbox 3255 2479 3477 2527; x_wconf 65' lang='lat' dir='ltr'><strong>utrnnto.</strong></span> 
     </span>
    </p>
   </div>
   <div class='ocr_carea' id='block_1_78' title="bbox 1877 2559 3470 2630">
    <p class='ocr_par' dir='ltr' id='par_1_78' title="bbox 1877 2559 3470 2630">
     <span class='ocr_line' id='line_1_78' title="bbox 1877 2559 3470 2630; baseline 0.004 -19"><span class='ocrx_word' id='word_1_479' title='bbox 1877 2572 1983 2627; x_wconf 87' lang='lat' dir='ltr'><strong>que</strong></span> <span class='ocrx_word' id='word_1_480' title='bbox 2011 2567 2297 2630; x_wconf 88' lang='lat' dir='ltr'><strong>parentem</strong></span> <span class='ocrx_word' id='word_1_481' title='bbox 2344 2559 2399 2614; x_wconf 90' lang='lat' dir='ltr'><strong>in</strong></span> <span class='ocrx_word' id='word_1_482' title='bbox 2444 2574 2633 2630; x_wconf 89' lang='lat' dir='ltr'><strong>pacem</strong></span> <span class='ocrx_word' id='word_1_483' title='bbox 2679 2559 2984 2617; x_wconf 83' lang='lat' dir='ltr'><strong>reduceret.</strong></span> <span class='ocrx_word' id='word_1_484' title='bbox 3035 2560 3291 2630; x_wconf 88' lang='lat' dir='ltr'><strong>Sequenti</strong></span> <span class='ocrx_word' id='word_1_485' title='bbox 3335 2576 3470 2618; x_wconf 79' lang='lat' dir='ltr'><strong>vero</strong></span> 
     </span>
    </p>
   </div>
   <div class='ocr_carea' id='block_1_79' title="bbox 1878 2650 3457 2721">
    <p class='ocr_par' dir='ltr' id='par_1_79' title="bbox 1878 2650 3457 2721">
     <span class='ocr_line' id='line_1_79' title="bbox 1878 2650 3457 2721; baseline 0.003 -19"><span class='ocrx_word' id='word_1_486' title='bbox 1878 2664 2022 2703; x_wconf 89' lang='lat' dir='ltr'><strong>anno</strong></span> <span class='ocrx_word' id='word_1_487' title='bbox 2052 2650 2239 2705; x_wconf 89' lang='lat' dir='ltr'><strong>eodem</strong></span> <span class='ocrx_word' id='word_1_488' title='bbox 2265 2664 2484 2716; x_wconf 90' lang='lat' dir='ltr'><strong>mense,</strong></span> <span class='ocrx_word' id='word_1_489' title='bbox 2514 2659 2678 2719; x_wconf 89' lang='lat' dir='ltr'><strong>atque</strong></span> <span class='ocrx_word' id='word_1_490' title='bbox 2706 2650 2758 2705; x_wconf 93' lang='lat' dir='ltr'><strong>in</strong></span> <span class='ocrx_word' id='word_1_491' title='bbox 2790 2652 2980 2707; x_wconf 88' lang='lat' dir='ltr'><strong>eodem</strong></span> <span class='ocrx_word' id='word_1_492' title='bbox 3009 2660 3193 2708; x_wconf 86' lang='lat' dir='ltr'><strong>castro</strong></span> <span class='ocrx_word' id='word_1_493' title='bbox 3224 2667 3336 2721; x_wconf 91' lang='lat' dir='ltr'><strong>quo</strong></span> <span class='ocrx_word' id='word_1_494' title='bbox 3361 2667 3457 2707; x_wconf 86' lang='lat' dir='ltr'><strong>rex</strong></span> 
     </span>
    </p>
   </div>
   <div class='ocr_carea' id='block_1_80' title="bbox 1880 2738 3469 2811">
    <p class='ocr_par' dir='ltr' id='par_1_80' title="bbox 1880 2738 3469 2811">
     <span class='ocr_line' id='line_1_80' title="bbox 1880 2738 3469 2811; baseline 0.003 -18"><span class='ocrx_word' id='word_1_495' title='bbox 1880 2738 2089 2793; x_wconf 85' lang='lat' dir='ltr'><strong>obierat</strong></span> <span class='ocrx_word' id='word_1_496' title='bbox 2121 2748 2176 2795; x_wconf 90' lang='lat' dir='ltr'><strong>et</strong></span> <span class='ocrx_word' id='word_1_497' title='bbox 2207 2739 2322 2809; x_wconf 87' lang='lat' dir='ltr'><strong>ipsa</strong></span> <span class='ocrx_word' id='word_1_498' title='bbox 2352 2740 2517 2804; x_wconf 90' lang='lat' dir='ltr'><strong>obiit,</strong></span> <span class='ocrx_word' id='word_1_499' title='bbox 2554 2739 2787 2811; x_wconf 89' lang='lat' dir='ltr'><strong>indeque</strong></span> <span class='ocrx_word' id='word_1_500' title='bbox 2823 2749 3039 2811; x_wconf 86' lang='lat' dir='ltr'><strong>portata</strong></span> <span class='ocrx_word' id='word_1_501' title='bbox 3075 2753 3159 2797; x_wconf 87' lang='lat' dir='ltr'><strong>est</strong></span> <span class='ocrx_word' id='word_1_502' title='bbox 3184 2744 3252 2797; x_wconf 87' lang='lat' dir='ltr'><strong>ad</strong></span> <span class='ocrx_word' id='word_1_503' title='bbox 3290 2742 3469 2797; x_wconf 71' lang='lat' dir='ltr'><strong>sancti</strong></span> 
     </span>
    </p>
   </div>
   <div class='ocr_carea' id='block_1_81' title="bbox 1881 2826 3469 2900">
    <p class='ocr_par' dir='ltr' id='par_1_81' title="bbox 1881 2826 3469 2900">
     <span class='ocr_line' id='line_1_81' title="bbox 1881 2826 3469 2900; baseline 0.002 -19"><span class='ocrx_word' id='word_1_504' title='bbox 1881 2827 2124 2900; x_wconf 83' lang='lat' dir='ltr'><strong>Dionysii</strong></span> <span class='ocrx_word' id='word_1_505' title='bbox 2154 2827 2437 2885; x_wconf 89' lang='lat' dir='ltr'><strong>basilicam</strong></span> <span class='ocrx_word' id='word_1_506' title='bbox 2458 2870 2474 2896; x_wconf 93' lang='lat'><strong>,</strong></span> <span class='ocrx_word' id='word_1_507' title='bbox 2511 2845 2574 2884; x_wconf 93' lang='lat' dir='ltr'><strong>ac</strong></span> <span class='ocrx_word' id='word_1_508' title='bbox 2597 2828 2754 2898; x_wconf 85' lang='lat' dir='ltr'><strong>juxta</strong></span> <span class='ocrx_word' id='word_1_509' title='bbox 2798 2826 2981 2899; x_wconf 85' lang='lat' dir='ltr'><strong>regem</strong></span> <span class='ocrx_word' id='word_1_510' title='bbox 3011 2831 3240 2900; x_wconf 82' lang='lat' dir='ltr'><strong>sepulta.</strong></span> <span class='ocrx_word' id='word_1_511' title='bbox 3275 2830 3469 2886; x_wconf 88' lang='lat' dir='ltr'><strong>lleuri-</strong></span> 
     </span>
    </p>
   </div>
   <div class='ocr_carea' id='block_1_82' title="bbox 1878 2921 3467 2993">
    <p class='ocr_par' dir='ltr' id='par_1_82' title="bbox 1878 2921 3467 2993">
     <span class='ocr_line' id='line_1_82' title="bbox 1878 2921 3467 2993; baseline 0.002 -19"><span class='ocrx_word' id='word_1_512' title='bbox 1878 2934 1974 2975; x_wconf 90' lang='lat' dir='ltr'><strong>cus</strong></span> <span class='ocrx_word' id='word_1_513' title='bbox 2015 2935 2209 2989; x_wconf 90' lang='lat' dir='ltr'><strong>nempe</strong></span> <span class='ocrx_word' id='word_1_514' title='bbox 2251 2936 2367 2985; x_wconf 91' lang='lat' dir='ltr'><strong>rex,</strong></span> <span class='ocrx_word' id='word_1_515' title='bbox 2396 2921 2639 2991; x_wconf 85' lang='lat' dir='ltr'><strong>paternis</strong></span> <span class='ocrx_word' id='word_1_516' title='bbox 2677 2921 2842 2976; x_wconf 86' lang='lat' dir='ltr'><strong>rebus</strong></span> <span class='ocrx_word' id='word_1_517' title='bbox 2882 2922 3121 2992; x_wconf 90' lang='lat' dir='ltr'><strong>potitus,</strong></span> <span class='ocrx_word' id='word_1_518' title='bbox 3146 2936 3467 2993; x_wconf 83' lang='lat' dir='ltr'><strong>germanum</strong></span> 
     </span>
    </p>
   </div>
   <div class='ocr_carea' id='block_1_83' title="bbox 1880 3010 3467 3085">
    <p class='ocr_par' dir='ltr' id='par_1_83' title="bbox 1880 3010 3467 3085">
     <span class='ocr_line' id='line_1_83' title="bbox 1880 3010 3467 3085; baseline 0.001 -20"><span class='ocrx_word' id='word_1_519' title='bbox 1880 3027 2039 3066; x_wconf 90' lang='lat' dir='ltr'><strong>suum</strong></span> <span class='ocrx_word' id='word_1_520' title='bbox 2074 3010 2370 3066; x_wconf 75' lang='lat' dir='ltr'><strong>llobertum</strong></span> <span class='ocrx_word' id='word_1_521' title='bbox 2402 3012 2686 3067; x_wconf 89' lang='lat' dir='ltr'><strong>constituit</strong></span> <span class='ocrx_word' id='word_1_522' title='bbox 2716 3012 3041 3085; x_wconf 63' lang='lat' dir='ltr'><strong>Burgundim</strong></span> <span class='ocrx_word' id='word_1_523' title='bbox 3080 3013 3292 3071; x_wconf 80' lang='lat' dir='ltr'><strong>ducent.</strong></span> <span class='ocrx_word' id='word_1_524' title='bbox 3322 3011 3467 3067; x_wconf 67' lang='lat' dir='ltr'><strong>Prm-</strong></span> 
     </span>
    </p>
   </div>
   <div class='ocr_carea' id='block_1_84' title="bbox 1882 3106 3469 3177">
    <p class='ocr_par' dir='ltr' id='par_1_84' title="bbox 1882 3106 3469 3177">
     <span class='ocr_line' id='line_1_84' title="bbox 1882 3106 3469 3177; baseline 0.003 -19"><span class='ocrx_word' id='word_1_525' title='bbox 1882 3114 2028 3161; x_wconf 90' lang='lat' dir='ltr'><strong>terea</strong></span> <span class='ocrx_word' id='word_1_526' title='bbox 2060 3121 2183 3160; x_wconf 90' lang='lat' dir='ltr'><strong>cum</strong></span> <span class='ocrx_word' id='word_1_527' title='bbox 2218 3106 2360 3160; x_wconf 88' lang='lat' dir='ltr'><strong>idem</strong></span> <span class='ocrx_word' id='word_1_528' title='bbox 2396 3122 2484 3162; x_wconf 89' lang='lat' dir='ltr'><strong>rex</strong></span> <span class='ocrx_word' id='word_1_529' title='bbox 2529 3107 2921 3177; x_wconf 89' lang='lat' dir='ltr'><strong>rempublicam</strong></span> <span class='ocrx_word' id='word_1_530' title='bbox 2971 3108 3145 3163; x_wconf 91' lang='lat' dir='ltr'><strong>vivaci</strong></span> <span class='ocrx_word' id='word_1_531' title='bbox 3186 3117 3369 3164; x_wconf 88' lang='lat' dir='ltr'><strong>mente</strong></span> <span class='ocrx_word' id='word_1_532' title='bbox 3411 3116 3469 3164; x_wconf 85' lang='lat' dir='ltr'><strong>et</strong></span> 
     </span>
    </p>
   </div>
   <div class='ocr_carea' id='block_1_85' title="bbox 1880 3195 3466 3270">
    <p class='ocr_par' dir='ltr' id='par_1_85' title="bbox 1880 3195 3466 3270">
     <span class='ocr_line' id='line_1_85' title="bbox 1880 3195 3466 3270; baseline 0.002 -21"><span class='ocrx_word' id='word_1_533' title='bbox 1880 3197 2006 3268; x_wconf 84' lang='lat' dir='ltr'><strong>agili</strong></span> <span class='ocrx_word' id='word_1_534' title='bbox 2037 3212 2265 3266; x_wconf 88' lang='lat' dir='ltr'><strong>corpore</strong></span> <span class='ocrx_word' id='word_1_535' title='bbox 2302 3198 2450 3267; x_wconf 87' lang='lat' dir='ltr'><strong>regni</strong></span> <span class='ocrx_word' id='word_1_536' title='bbox 2482 3198 2565 3253; x_wconf 90' lang='lat' dir='ltr'><strong>sui</strong></span> <span class='ocrx_word' id='word_1_537' title='bbox 2595 3195 2926 3263; x_wconf 87' lang='lat' dir='ltr'><strong>discuteret,</strong></span> <span class='ocrx_word' id='word_1_538' title='bbox 2974 3206 3102 3254; x_wconf 92' lang='lat' dir='ltr'><strong>tunc</strong></span> <span class='ocrx_word' id='word_1_539' title='bbox 3131 3198 3360 3270; x_wconf 85' lang='lat' dir='ltr'><strong>contigit</strong></span> <span class='ocrx_word' id='word_1_540' title='bbox 3402 3206 3466 3252; x_wconf 86' lang='lat' dir='ltr'><strong>nt</strong></span> 
     </span>
    </p>
   </div>
   <div class='ocr_carea' id='block_1_86' title="bbox 1881 3288 3517 3360">
    <p class='ocr_par' dir='ltr' id='par_1_86' title="bbox 1881 3288 3517 3360">
     <span class='ocr_line' id='line_1_86' title="bbox 1881 3288 3517 3360; baseline 0.001 -17"><span class='ocrx_word' id='word_1_541' title='bbox 1881 3288 2198 3344; x_wconf 84' lang='lat' dir='ltr'><strong>Leotericus</strong></span> <span class='ocrx_word' id='word_1_542' title='bbox 2240 3288 2518 3344; x_wconf 86' lang='lat' dir='ltr'><strong>Senonum</strong></span> <span class='ocrx_word' id='word_1_543' title='bbox 2556 3288 2915 3360; x_wconf 76' lang='lat' dir='ltr'><strong>archiprzrsul</strong></span> <span class='ocrx_word' id='word_1_544' title='bbox 2957 3288 3155 3345; x_wconf 88' lang='lat' dir='ltr'><strong>obiret.</strong></span> <span class='ocrx_word' id='word_1_545' title='bbox 3195 3289 3291 3344; x_wconf 91' lang='lat' dir='ltr'><strong>Ille</strong></span> <span class='ocrx_word' id='word_1_546' title='bbox 3336 3303 3471 3344; x_wconf 88' lang='lat' dir='ltr'><strong>vero</strong></span> <span class='ocrx_word' id='word_1_547' title='bbox 3514 3294 3517 3295; x_wconf 66' lang='grc'><strong><em>⁷</em></strong></span> 
     </span>
    </p>
   </div>
   <div class='ocr_carea' id='block_1_87' title="bbox 1884 3380 3471 3452">
    <p class='ocr_par' dir='ltr' id='par_1_87' title="bbox 1884 3380 3471 3452">
     <span class='ocr_line' id='line_1_87' title="bbox 1884 3380 3471 3452; baseline -0.001 -17"><span class='ocrx_word' id='word_1_548' title='bbox 1884 3396 2049 3435; x_wconf 89' lang='lat' dir='ltr'><strong>unum</strong></span> <span class='ocrx_word' id='word_1_549' title='bbox 2079 3380 2146 3435; x_wconf 89' lang='lat' dir='ltr'><strong>de</strong></span> <span class='ocrx_word' id='word_1_550' title='bbox 2189 3395 2301 3435; x_wconf 76' lang='lat' dir='ltr'><strong>sua:</strong></span> <span class='ocrx_word' id='word_1_551' title='bbox 2329 3381 2510 3452; x_wconf 84' lang='lat' dir='ltr'><strong>gentis</strong></span> <span class='ocrx_word' id='word_1_552' title='bbox 2538 3380 2808 3436; x_wconf 89' lang='lat' dir='ltr'><strong>nobilibus</strong></span> <span class='ocrx_word' id='word_1_553' title='bbox 2843 3381 3151 3435; x_wconf 84' lang='lat' dir='ltr'><strong>consecrari</strong></span> <span class='ocrx_word' id='word_1_554' title='bbox 3191 3380 3471 3436; x_wconf 79' lang='lat' dir='ltr'><strong>mandavit</strong></span> 
     </span>
    </p>
   </div>
   <div class='ocr_carea' id='block_1_88' title="bbox 1883 3466 3475 3539">
    <p class='ocr_par' dir='ltr' id='par_1_88' title="bbox 1883 3466 3475 3539">
     <span class='ocr_line' id='line_1_88' title="bbox 1883 3466 3475 3539; baseline 0.001 -16"><span class='ocrx_word' id='word_1_555' title='bbox 1883 3479 2048 3539; x_wconf 82' lang='lat' dir='ltr'><strong>atque</strong></span> <span class='ocrx_word' id='word_1_556' title='bbox 2088 3468 2140 3522; x_wconf 92' lang='lat' dir='ltr'><strong>in</strong></span> <span class='ocrx_word' id='word_1_557' title='bbox 2170 3466 2287 3537; x_wconf 83' lang='lat' dir='ltr'><strong>ejus</strong></span> <span class='ocrx_word' id='word_1_558' title='bbox 2318 3469 2435 3524; x_wconf 85' lang='lat' dir='ltr'><strong>loco</strong></span> <span class='ocrx_word' id='word_1_559' title='bbox 2464 3469 2770 3538; x_wconf 83' lang='lat' dir='ltr'><strong>subrogari.</strong></span> <span class='ocrx_word' id='word_1_560' title='bbox 2813 3469 2921 3525; x_wconf 87' lang='lat' dir='ltr'><strong>Sed</strong></span> <span class='ocrx_word' id='word_1_561' title='bbox 2945 3469 3062 3526; x_wconf 89' lang='lat' dir='ltr'><strong>Odo</strong></span> <span class='ocrx_word' id='word_1_562' title='bbox 3107 3484 3289 3525; x_wconf 88' lang='lat' dir='ltr'><strong>rerum</strong></span> <span class='ocrx_word' id='word_1_563' title='bbox 3316 3470 3475 3524; x_wconf 89' lang='lat' dir='ltr'><strong>ditis-</strong></span> 
     </span>
    </p>
   </div>
   <div class='ocr_carea' id='block_1_89' title="bbox 1882 3561 3472 3633">
    <p class='ocr_par' dir='ltr' id='par_1_89' title="bbox 1882 3561 3472 3633">
     <span class='ocr_line' id='line_1_89' title="bbox 1882 3561 3472 3633; baseline 0 -17"><span class='ocrx_word' id='word_1_564' title='bbox 1882 3562 2084 3625; x_wconf 84' lang='lat' dir='ltr'><strong>simus,</strong></span> <span class='ocrx_word' id='word_1_565' title='bbox 2113 3561 2241 3618; x_wconf 88' lang='lat' dir='ltr'><strong>licet</strong></span> <span class='ocrx_word' id='word_1_566' title='bbox 2275 3562 2379 3617; x_wconf 77' lang='lat' dir='ltr'><strong>[ide</strong></span> <span class='ocrx_word' id='word_1_567' title='bbox 2407 3577 2632 3633; x_wconf 88' lang='lat' dir='ltr'><strong>panper,</strong></span> <span class='ocrx_word' id='word_1_568' title='bbox 2659 3563 2888 3618; x_wconf 88' lang='lat' dir='ltr'><strong>alterum</strong></span> <span class='ocrx_word' id='word_1_569' title='bbox 2924 3572 3147 3619; x_wconf 88' lang='lat' dir='ltr'><strong>econtra</strong></span> <span class='ocrx_word' id='word_1_570' title='bbox 3174 3562 3472 3633; x_wconf 83' lang='lat' dir='ltr'><strong>delegerat,</strong></span> 
     </span>
    </p>
   </div>
   <div class='ocr_carea' id='block_1_90' title="bbox 1882 3651 3471 3726">
    <p class='ocr_par' dir='ltr' id='par_1_90' title="bbox 1882 3651 3471 3726">
     <span class='ocr_line' id='line_1_90' title="bbox 1882 3651 3471 3726; baseline -0.002 -18"><span class='ocrx_word' id='word_1_571' title='bbox 1882 3668 1951 3708; x_wconf 87' lang='lat' dir='ltr'><strong>ne</strong></span> <span class='ocrx_word' id='word_1_572' title='bbox 1976 3651 2065 3721; x_wconf 79' lang='lat' dir='ltr'><strong>jus</strong></span> <span class='ocrx_word' id='word_1_573' title='bbox 2090 3654 2300 3726; x_wconf 86' lang='lat' dir='ltr'><strong>regium</strong></span> <span class='ocrx_word' id='word_1_574' title='bbox 2323 3654 2423 3707; x_wconf 84' lang='lat' dir='ltr'><strong>ltac</strong></span> <span class='ocrx_word' id='word_1_575' title='bbox 2446 3654 2498 3707; x_wconf 91' lang='lat' dir='ltr'><strong>in</strong></span> <span class='ocrx_word' id='word_1_576' title='bbox 2533 3662 2697 3723; x_wconf 87' lang='lat' dir='ltr'><strong>parte&#39;</strong></span> <span class='ocrx_word' id='word_1_577' title='bbox 2717 3652 2859 3709; x_wconf 84' lang='lat' dir='ltr'><strong>foret</strong></span> <span class='ocrx_word' id='word_1_578' title='bbox 2884 3653 3180 3725; x_wconf 88' lang='lat' dir='ltr'><strong>integrum.</strong></span> <span class='ocrx_word' id='word_1_579' title='bbox 3214 3651 3348 3706; x_wconf 81' lang='lat' dir='ltr'><strong>Nam</strong></span> <span class='ocrx_word' id='word_1_580' title='bbox 3375 3651 3471 3720; x_wconf 86' lang='lat' dir='ltr'><strong>qui</strong></span> 
     </span>
    </p>
   </div>
   <div class='ocr_carea' id='block_1_91' title="bbox 1883 3742 3473 3814">
    <p class='ocr_par' dir='ltr' id='par_1_91' title="bbox 1883 3742 3473 3814">
     <span class='ocr_line' id='line_1_91' title="bbox 1883 3742 3473 3814; baseline 0 -17"><span class='ocrx_word' id='word_1_581' title='bbox 1883 3743 2085 3798; x_wconf 90' lang='lat' dir='ltr'><strong>viventi</strong></span> <span class='ocrx_word' id='word_1_582' title='bbox 2116 3744 2257 3814; x_wconf 83' lang='lat' dir='ltr'><strong>patri</strong></span> <span class='ocrx_word' id='word_1_583' title='bbox 2290 3744 2527 3799; x_wconf 80' lang='lat' dir='ltr'><strong>Roberto</strong></span> <span class='ocrx_word' id='word_1_584' title='bbox 2563 3744 2734 3798; x_wconf 88' lang='lat' dir='ltr'><strong>multa</strong></span> <span class='ocrx_word' id='word_1_585' title='bbox 2766 3754 2876 3797; x_wconf 87' lang='lat' dir='ltr'><strong>tam</strong></span> <span class='ocrx_word' id='word_1_586' title='bbox 2907 3746 2959 3798; x_wconf 89' lang='lat' dir='ltr'><strong>vi</strong></span> <span class='ocrx_word' id='word_1_587' title='bbox 2984 3759 3144 3814; x_wconf 82' lang='lat' dir='ltr'><strong>quam</strong></span> <span class='ocrx_word' id='word_1_588' title='bbox 3177 3742 3473 3800; x_wconf 78' lang='lat' dir='ltr'><strong>calliditate</strong></span> 
     </span>
    </p>
   </div>
   <div class='ocr_carea' id='block_1_92' title="bbox 1883 3832 3472 3904">
    <p class='ocr_par' dir='ltr' id='par_1_92' title="bbox 1883 3832 3472 3904">
     <span class='ocr_line' id='line_1_92' title="bbox 1883 3832 3472 3904; baseline -0.003 -15"><span class='ocrx_word' id='word_1_589' title='bbox 1883 3833 2264 3904; x_wconf 83' lang='lat' dir='ltr'><strong>subripuerat;</strong></span> <span class='ocrx_word' id='word_1_590' title='bbox 2308 3844 2425 3890; x_wconf 88' lang='lat' dir='ltr'><strong>arte</strong></span> <span class='ocrx_word' id='word_1_591' title='bbox 2454 3834 2619 3888; x_wconf 88' lang='lat' dir='ltr'><strong>simili</strong></span> <span class='ocrx_word' id='word_1_592' title='bbox 2657 3833 2781 3889; x_wconf 80' lang='lat' dir='ltr'><strong>ﬁliis</strong></span> <span class='ocrx_word' id='word_1_593' title='bbox 2816 3834 2996 3889; x_wconf 81' lang='lat' dir='ltr'><strong>facere</strong></span> <span class='ocrx_word' id='word_1_594' title='bbox 3027 3834 3299 3904; x_wconf 86' lang='lat' dir='ltr'><strong>cupiebat.</strong></span> <span class='ocrx_word' id='word_1_595' title='bbox 3333 3832 3472 3887; x_wconf 84' lang='lat' dir='ltr'><strong>Cum</strong></span> 
     </span>
    </p>
   </div>
   <div class='ocr_carea' id='block_1_93' title="bbox 1883 3921 3475 3995">
    <p class='ocr_par' dir='ltr' id='par_1_93' title="bbox 1883 3921 3475 3995">
     <span class='ocr_line' id='line_1_93' title="bbox 1883 3921 3475 3995; baseline -0.004 -15"><span class='ocrx_word' id='word_1_596' title='bbox 1883 3924 2028 3980; x_wconf 90' lang='lat' dir='ltr'><strong>enim</strong></span> <span class='ocrx_word' id='word_1_597' title='bbox 2064 3924 2320 3995; x_wconf 88' lang='lat' dir='ltr'><strong>primitus</strong></span> <span class='ocrx_word' id='word_1_598' title='bbox 2347 3923 2627 3988; x_wconf 78' lang='lat' dir='ltr'><strong>civitates,</strong></span> <span class='ocrx_word' id='word_1_599' title='bbox 2655 3924 2952 3980; x_wconf 85' lang='lat' dir='ltr'><strong>Trecorum</strong></span> <span class='ocrx_word' id='word_1_600' title='bbox 2975 3923 3225 3978; x_wconf 84' lang='lat' dir='ltr'><strong>videlicet</strong></span> <span class='ocrx_word' id='word_1_601' title='bbox 3253 3937 3319 3977; x_wconf 88' lang='lat' dir='ltr'><strong>ac</strong></span> <span class='ocrx_word' id='word_1_602' title='bbox 3343 3921 3475 3975; x_wconf 77' lang='lat' dir='ltr'><strong>Mel-</strong></span> 
     </span>
    </p>
   </div>
   <div class='ocr_carea' id='block_1_94' title="bbox 1884 4012 3471 4083">
    <p class='ocr_par' dir='ltr' id='par_1_94' title="bbox 1884 4012 3471 4083">
     <span class='ocr_line' id='line_1_94' title="bbox 1884 4012 3471 4083; baseline -0.002 -15"><span class='ocrx_word' id='word_1_603' title='bbox 1884 4012 2098 4079; x_wconf 90' lang='lat' dir='ltr'><strong>dorum,</strong></span> <span class='ocrx_word' id='word_1_604' title='bbox 2126 4029 2250 4069; x_wconf 92' lang='lat' dir='ltr'><strong>cum</strong></span> <span class='ocrx_word' id='word_1_605' title='bbox 2281 4012 2667 4083; x_wconf 87' lang='lat' dir='ltr'><strong>multiplicibus</strong></span> <span class='ocrx_word' id='word_1_606' title='bbox 2700 4014 2932 4078; x_wconf 87' lang='lat' dir='ltr'><strong>castris,</strong></span> <span class='ocrx_word' id='word_1_607' title='bbox 2968 4013 3038 4067; x_wconf 92' lang='lat' dir='ltr'><strong>illi</strong></span> <span class='ocrx_word' id='word_1_608' title='bbox 3065 4012 3430 4083; x_wconf 66' lang='lat' dir='ltr'><strong>praeripuisset</strong></span> <span class='ocrx_word' id='word_1_609' title='bbox 3450 4052 3471 4077; x_wconf 87' lang='lat'><strong>,</strong></span> 
     </span>
    </p>
   </div>
   <div class='ocr_carea' id='block_1_95' title="bbox 1883 4103 3471 4176">
    <p class='ocr_par' dir='ltr' id='par_1_95' title="bbox 1883 4103 3471 4176">
     <span class='ocr_line' id='line_1_95' title="bbox 1883 4103 3471 4176; baseline -0.001 -18"><span class='ocrx_word' id='word_1_610' title='bbox 1883 4114 2007 4176; x_wconf 84' lang='lat' dir='ltr'><strong>post</strong></span> <span class='ocrx_word' id='word_1_611' title='bbox 2042 4115 2271 4161; x_wconf 91' lang='lat' dir='ltr'><strong>mortem</strong></span> <span class='ocrx_word' id='word_1_612' title='bbox 2299 4105 2417 4176; x_wconf 87' lang='lat' dir='ltr'><strong>ejus</strong></span> <span class='ocrx_word' id='word_1_613' title='bbox 2446 4105 2661 4176; x_wconf 81' lang='lat' dir='ltr'><strong>conjugi</strong></span> <span class='ocrx_word' id='word_1_614' title='bbox 2692 4113 2747 4161; x_wconf 88' lang='lat' dir='ltr'><strong>et</strong></span> <span class='ocrx_word' id='word_1_615' title='bbox 2784 4105 2912 4160; x_wconf 87' lang='lat' dir='ltr'><strong>liliis</strong></span> <span class='ocrx_word' id='word_1_616' title='bbox 2953 4104 3097 4160; x_wconf 85' lang='lat' dir='ltr'><strong>illius</strong></span> <span class='ocrx_word' id='word_1_617' title='bbox 3141 4103 3471 4159; x_wconf 80' lang='lat' dir='ltr'><strong>Senonicam</strong></span> 
     </span>
    </p>
   </div>
   <div class='ocr_carea' id='block_1_96' title="bbox 1885 4195 3476 4275">
    <p class='ocr_par' dir='ltr' id='par_1_96' title="bbox 1885 4195 3476 4275">
     <span class='ocr_line' id='line_1_96' title="bbox 1885 4195 3476 4275; baseline -0.002 -22"><span class='ocrx_word' id='word_1_618' title='bbox 1885 4197 2155 4268; x_wconf 83' lang='lat' dir='ltr'><strong>subripuit</strong></span> <span class='ocrx_word' id='word_1_619' title='bbox 2196 4196 2418 4260; x_wconf 89' lang='lat' dir='ltr'><strong>urbem,</strong></span> <span class='ocrx_word' id='word_1_620' title='bbox 2465 4211 2628 4267; x_wconf 86' lang='lat' dir='ltr'><strong>quam</strong></span> <span class='ocrx_word' id='word_1_621' title='bbox 2674 4196 2838 4253; x_wconf 87' lang='lat' dir='ltr'><strong>etiam</strong></span> <span class='ocrx_word' id='word_1_622' title='bbox 2880 4204 3010 4275; x_wconf 82' lang='lat' dir='ltr'><strong>tunc</strong></span> <span class='ocrx_word' id='word_1_623' title='bbox 3043 4195 3307 4251; x_wconf 87' lang='lat' dir='ltr'><strong>adversus</strong></span> <span class='ocrx_word' id='word_1_624' title='bbox 3351 4196 3476 4250; x_wconf 83' lang='lat' dir='ltr'><strong>illus</strong></span> 
     </span>
    </p>
   </div>
   <div class='ocr_carea' id='block_1_97' title="bbox 1886 4286 3477 4360">
    <p class='ocr_par' dir='ltr' id='par_1_97' title="bbox 1886 4286 3477 4360">
     <span class='ocr_line' id='line_1_97' title="bbox 1886 4286 3477 4360; baseline -0.004 -16"><span class='ocrx_word' id='word_1_625' title='bbox 1886 4287 2108 4344; x_wconf 81' lang='lat' dir='ltr'><strong>infamis</strong></span> <span class='ocrx_word' id='word_1_626' title='bbox 2125 4302 2408 4360; x_wconf 83' lang='lat' dir='ltr'><strong>possessor</strong></span> <span class='ocrx_word' id='word_1_627' title='bbox 2422 4288 2730 4341; x_wconf 89' lang='lat' dir='ltr'><strong>vallaverat.</strong></span> <span class='ocrx_word' id='word_1_628' title='bbox 2755 4286 2907 4354; x_wconf 85' lang='lat' dir='ltr'><strong>Quod</strong></span> <span class='ocrx_word' id='word_1_629' title='bbox 2930 4302 3157 4342; x_wconf 89' lang='lat' dir='ltr'><strong>cernens</strong></span> <span class='ocrx_word' id='word_1_630' title='bbox 3181 4286 3477 4352; x_wconf 83' lang='lat' dir='ltr'><strong>Henricus,</strong></span> 
     </span>
    </p>
   </div>
   <div class='ocr_carea' id='block_1_98' title="bbox 1890 4358 3473 4433">
    <p class='ocr_par' dir='ltr' id='par_1_98' title="bbox 1890 4358 3473 4433">
     <span class='ocr_line' id='line_1_98' title="bbox 1890 4358 3473 4433; baseline -0.001 -2"><span class='ocrx_word' id='word_1_631' title='bbox 1890 4392 2018 4433; x_wconf 89' lang='lat' dir='ltr'><strong>acra</strong></span> <span class='ocrx_word' id='word_1_632' title='bbox 2045 4358 2213 4431; x_wconf 83' lang='lat' dir='ltr'><strong>animi</strong></span> <span class='ocrx_word' id='word_1_633' title='bbox 2243 4358 2527 4431; x_wconf 78' lang='lat' dir='ltr'><strong>ferocitate</strong></span> <span class='ocrx_word' id='word_1_634' title='bbox 2562 4376 2749 4430; x_wconf 89' lang='lat' dir='ltr'><strong>tandiu</strong></span> <span class='ocrx_word' id='word_1_635' title='bbox 2792 4375 2941 4430; x_wconf 88' lang='lat' dir='ltr'><strong>illum</strong></span> <span class='ocrx_word' id='word_1_636' title='bbox 2965 4376 3243 4431; x_wconf 89' lang='lat' dir='ltr'><strong>insecutus</strong></span> <span class='ocrx_word' id='word_1_637' title='bbox 3264 4384 3350 4431; x_wconf 88' lang='lat' dir='ltr'><strong>est</strong></span> <span class='ocrx_word' id='word_1_638' title='bbox 3375 4377 3473 4431; x_wconf 87' lang='lat' dir='ltr'><strong>de-</strong></span> 
     </span>
    </p>
   </div>
   <div class='ocr_carea' id='block_1_99' title="bbox 1819 4430 3476 4537">
    <p class='ocr_par' dir='ltr' id='par_1_99' title="bbox 1819 4430 3476 4537">
     <span class='ocr_line' id='line_1_99' title="bbox 1819 4430 3476 4537; baseline -0.001 -16"><span class='ocrx_word' id='word_1_639' title='bbox 1819 4430 1864 4490; x_wconf 77' lang='lat' dir='ltr'>D</span> <span class='ocrx_word' id='word_1_640' title='bbox 1891 4430 2181 4532; x_wconf 77' lang='lat' dir='ltr'><strong>bellando,</strong></span> <span class='ocrx_word' id='word_1_641' title='bbox 2207 4462 2676 4537; x_wconf 77' lang='lat' dir='ltr'><strong>quousqnegenu</strong></span> <span class='ocrx_word' id='word_1_642' title='bbox 2706 4454 2944 4521; x_wconf 39' lang='lat' dir='ltr'><strong>&#39;llectens</strong></span> <span class='ocrx_word' id='word_1_643' title='bbox 2985 4430 3041 4522; x_wconf 89' lang='lat' dir='ltr'><strong>ei</strong></span> <span class='ocrx_word' id='word_1_644' title='bbox 3185 4466 3476 4534; x_wconf 89' lang='lat' dir='ltr'><strong>subderet,</strong></span> 
     </span>
    </p>
   </div>
   <div class='ocr_carea' id='block_1_100' title="bbox 1890 4555 3483 4628">
    <p class='ocr_par' dir='ltr' id='par_1_100' title="bbox 1890 4555 3483 4628">
     <span class='ocr_line' id='line_1_100' title="bbox 1890 4555 3483 4628; baseline 0 -16"><span class='ocrx_word' id='word_1_645' title='bbox 1890 4555 2117 4628; x_wconf 88' lang='lat' dir='ltr'><strong>ejusque</strong></span> <span class='ocrx_word' id='word_1_646' title='bbox 2147 4555 2340 4611; x_wconf 89' lang='lat' dir='ltr'><strong>ditioni</strong></span> <span class='ocrx_word' id='word_1_647' title='bbox 2380 4556 2641 4612; x_wconf 87' lang='lat' dir='ltr'><strong>obedieus</strong></span> <span class='ocrx_word' id='word_1_648' title='bbox 2680 4565 2914 4626; x_wconf 89' lang='lat' dir='ltr'><strong>pareret.</strong></span> <span class='ocrx_word' id='word_1_649' title='bbox 2956 4557 3088 4613; x_wconf 86' lang='lat' dir='ltr'><strong>Erat</strong></span> <span class='ocrx_word' id='word_1_650' title='bbox 3129 4559 3275 4612; x_wconf 90' lang='lat' dir='ltr'><strong>enim</strong></span> <span class='ocrx_word' id='word_1_651' title='bbox 3305 4557 3483 4612; x_wconf 88' lang='lat' dir='ltr'><strong>isdem</strong></span> 
     </span>
    </p>
   </div>
   <div class='ocr_carea' id='block_1_101' title="bbox 1891 4645 3484 4722">
    <p class='ocr_par' dir='ltr' id='par_1_101' title="bbox 1891 4645 3484 4722">
     <span class='ocr_line' id='line_1_101' title="bbox 1891 4645 3484 4722; baseline 0 -18"><span class='ocrx_word' id='word_1_652' title='bbox 1891 4645 2008 4704; x_wconf 85' lang='lat' dir='ltr'><strong>Odo</strong></span> <span class='ocrx_word' id='word_1_653' title='bbox 2051 4656 2217 4703; x_wconf 86' lang='lat' dir='ltr'><strong>natus</strong></span> <span class='ocrx_word' id='word_1_654' title='bbox 2262 4663 2327 4702; x_wconf 90' lang='lat' dir='ltr'><strong>ex</strong></span> <span class='ocrx_word' id='word_1_655' title='bbox 2376 4646 2488 4703; x_wconf 86' lang='lat' dir='ltr'><strong>lilia</strong></span> <span class='ocrx_word' id='word_1_656' title='bbox 2529 4645 2842 4704; x_wconf 87' lang='lat' dir='ltr'><strong>Cbuonradi</strong></span> <span class='ocrx_word' id='word_1_657' title='bbox 2894 4650 3037 4722; x_wconf 83' lang='lat' dir='ltr'><strong>regis</strong></span> <span class='ocrx_word' id='word_1_658' title='bbox 3072 4650 3484 4705; x_wconf 80' lang='lat' dir='ltr'><strong>Austrasiorum</strong></span> 
     </span>
    </p>
   </div>
   <div class='ocr_carea' id='block_1_102' title="bbox 1890 4738 3485 4810">
    <p class='ocr_par' dir='ltr' id='par_1_102' title="bbox 1890 4738 3485 4810">
     <span class='ocr_line' id='line_1_102' title="bbox 1890 4738 3485 4810; baseline -0.003 -13"><span class='ocrx_word' id='word_1_659' title='bbox 1890 4740 2052 4797; x_wconf 89' lang='lat' dir='ltr'><strong>Berta</strong></span> <span class='ocrx_word' id='word_1_660' title='bbox 2094 4740 2349 4807; x_wconf 85' lang='lat' dir='ltr'><strong>nomine,</strong></span> <span class='ocrx_word' id='word_1_661' title='bbox 2396 4738 2524 4795; x_wconf 90' lang='lat' dir='ltr'><strong>licet</strong></span> <span class='ocrx_word' id='word_1_662' title='bbox 2570 4755 2600 4793; x_wconf 90' lang='lat' dir='ltr'><strong>a</strong></span> <span class='ocrx_word' id='word_1_663' title='bbox 2652 4740 2824 4810; x_wconf 86' lang='lat' dir='ltr'><strong>patris</strong></span> <span class='ocrx_word' id='word_1_664' title='bbox 2852 4741 2935 4795; x_wconf 87' lang='lat' dir='ltr'><strong>sui</strong></span> <span class='ocrx_word' id='word_1_665' title='bbox 2978 4739 3195 4810; x_wconf 84' lang='lat' dir='ltr'><strong>proavis</strong></span> <span class='ocrx_word' id='word_1_666' title='bbox 3234 4738 3485 4792; x_wconf 78' lang='lat' dir='ltr'><strong>obscura:</strong></span> 
     </span>
    </p>
   </div>
   <div class='ocr_carea' id='block_1_103' title="bbox 1892 4826 3482 4900">
    <p class='ocr_par' dir='ltr' id='par_1_103' title="bbox 1892 4826 3482 4900">
     <span class='ocr_line' id='line_1_103' title="bbox 1892 4826 3482 4900; baseline -0.004 -14"><span class='ocrx_word' id='word_1_667' title='bbox 1892 4830 2140 4887; x_wconf 83' lang='lat' dir='ltr'><strong>duxisset</strong></span> <span class='ocrx_word' id='word_1_668' title='bbox 2185 4844 2357 4900; x_wconf 86' lang='lat' dir='ltr'><strong>genus</strong></span> <span class='ocrx_word' id='word_1_669' title='bbox 2402 4829 2580 4885; x_wconf 66' lang='lat' dir='ltr'><strong>linem.</strong></span> <span class='ocrx_word' id='word_1_670' title='bbox 2632 4829 2698 4884; x_wconf 84' lang='lat' dir='ltr'><strong>Et</strong></span> <span class='ocrx_word' id='word_1_671' title='bbox 2748 4830 3006 4900; x_wconf 89' lang='lat' dir='ltr'><strong>quoniam</strong></span> <span class='ocrx_word' id='word_1_672' title='bbox 3050 4828 3162 4898; x_wconf 80' lang='lat' dir='ltr'><strong>regi</strong></span> <span class='ocrx_word' id='word_1_673' title='bbox 3217 4826 3482 4893; x_wconf 79' lang='lat' dir='ltr'><strong>Rodulfn,</strong></span> 
     </span>
    </p>
   </div>
   <div class='ocr_carea' id='block_1_104' title="bbox 1894 4915 3493 4990">
    <p class='ocr_par' dir='ltr' id='par_1_104' title="bbox 1894 4915 3493 4990">
     <span class='ocr_line' id='line_1_104' title="bbox 1894 4915 3493 4990; baseline -0.004 -12"><span class='ocrx_word' id='word_1_674' title='bbox 1894 4920 2163 4978; x_wconf 89' lang='lat' dir='ltr'><strong>avunculo</strong></span> <span class='ocrx_word' id='word_1_675' title='bbox 2212 4915 2421 4976; x_wconf 87' lang='lat' dir='ltr'><strong>scilicet</strong></span> <span class='ocrx_word' id='word_1_676' title='bbox 2466 4920 2604 4990; x_wconf 87' lang='lat' dir='ltr'><strong>ejus,</strong></span> <span class='ocrx_word' id='word_1_677' title='bbox 2656 4935 2764 4973; x_wconf 81' lang='lat' dir='ltr'><strong>non</strong></span> <span class='ocrx_word' id='word_1_678' title='bbox 2793 4928 2911 4975; x_wconf 89' lang='lat' dir='ltr'><strong>erat</strong></span> <span class='ocrx_word' id='word_1_679' title='bbox 2941 4917 3125 4990; x_wconf 82' lang='lat' dir='ltr'><strong>proles</strong></span> <span class='ocrx_word' id='word_1_680' title='bbox 3164 4915 3276 4969; x_wconf 80' lang='lat' dir='ltr'><strong>ulla</strong></span> <span class='ocrx_word' id='word_1_681' title='bbox 3301 4953 3319 4980; x_wconf 96' lang='lat'><strong>,</strong></span> <span class='ocrx_word' id='word_1_682' title='bbox 3364 4931 3493 4985; x_wconf 83' lang='lat' dir='ltr'><strong>quae</strong></span> 
     </span>
    </p>
   </div>
   <div class='ocr_carea' id='block_1_105' title="bbox 1894 5001 3501 5070">
    <p class='ocr_par' dir='ltr' id='par_1_105' title="bbox 1894 5001 3501 5070">
     <span class='ocr_line' id='line_1_105' title="bbox 1894 5001 3501 5070; baseline -0.006 -3"><span class='ocrx_word' id='word_1_683' title='bbox 1894 5001 2037 5069; x_wconf 73' lang='lat' dir='ltr'><strong>foret</strong></span> <span class='ocrx_word' id='word_1_684' title='bbox 2067 5011 2218 5070; x_wconf 66' lang='lat' dir='ltr'><strong>regni</strong></span> <span class='ocrx_word' id='word_1_685' title='bbox 2252 5011 2425 5066; x_wconf 81' lang='lat' dir='ltr'><strong>haeres</strong></span> <span class='ocrx_word' id='word_1_686' title='bbox 2445 5050 2464 5070; x_wconf 91' lang='lat'><strong>,</strong></span> <span class='ocrx_word' id='word_1_687' title='bbox 2492 5008 2836 5070; x_wconf 69' lang='lat' dir='ltr'><strong>prmsumpsit</strong></span> <span class='ocrx_word' id='word_1_688' title='bbox 2864 5007 2998 5070; x_wconf 84' lang='lat' dir='ltr'><strong>ipso</strong></span> <span class='ocrx_word' id='word_1_689' title='bbox 3037 5005 3278 5069; x_wconf 87' lang='lat' dir='ltr'><strong>vivente,</strong></span> <span class='ocrx_word' id='word_1_690' title='bbox 3316 5002 3371 5055; x_wconf 86' lang='lat' dir='ltr'><strong>vi</strong></span> <span class='ocrx_word' id='word_1_691' title='bbox 3399 5019 3501 5070; x_wconf 83' lang='lat' dir='ltr'><strong>po-</strong></span> 
     </span>
    </p>
   </div>
  </div>
