3992 5338
523 304 619 360 567

1476 314 1781 377 RODULFI
1815 316 2068 376 GLABRI
2113 317 2419 376 MONACIII
2456 317 2776 378 CLUNIAC.

3662 323 3747 380 668

523 424 688 477 ducit.
726 423 947 479 Exstitit
976 425 1136 497 igitur
1178 435 1298 499 post
1337 441 1566 487 mortem
1609 435 1824 490 llcnrici
1867 438 2094 506 impera-
2127 444 2172 498 Α
2201 435 2432 506 navigio,
2467 436 2720 492 velociter
2751 436 2827 492 illi
2860 435 3049 494 adfuit.
3093 436 3195 506 Qui
3223 437 3348 493 dum
3386 434 3551 492 simul
3577 451 3748 492 convc-

525 515 654 568 luris
673 555 688 584 ,
713 515 807 585 qui
833 515 934 570 fuit
963 533 1130 588 nepos
1174 521 1316 592 regis
1360 522 1572 578 Rodtrlfi
1594 567 1609 594 ,
1637 526 1994 584 Chuonradns
2032 531 2107 585 de

525 621 633 674 quo
661 605 715 660 in
753 608 1208 678 subsequentibus
1233 615 1579 672 narrabimus
1602 658 1616 682 ,
1654 619 1862 674 habens
1890 621 1941 675 in
1971 635 2101 676 con-

516 695 668 766 jugio
710 709 922 768 neptem
969 702 1179 771 pra-fati
1220 704 1465 760 ﬂodnlfi:
1497 709 1564 762 ob
1601 709 1704 765 hoc
1735 711 1968 766 maxime
2012 728 2101 766 va-

520 787 696 845 lenter
725 791 984 847 resistens
1009 797 1417 853 contradieebat
1439 798 1634 855 Odoni.
1669 803 1909 869 Quorum
1935 804 2099 859 etiam

524 882 595 937 iis
620 885 888 941 acerrima
930 888 1076 957 regni
1102 891 1383 962 utriusque
1408 895 1700 951 maximam
1726 897 1852 953 fecit
1871 899 2104 970 depopu-

521 971 804 1030 lationem.
855 977 938 1032 Ad
985 979 1230 1036 ultimum
1273 983 1509 1056 denique
1553 1002 1676 1042 eum
1715 989 1830 1058 jam
1869 991 1922 1044 in
1972 1007 2102 1047 con-

523 1077 709 1136 spectu
737 1067 834 1122 Dei
877 1071 1168 1127 excederet
1213 1089 1468 1131 mensura
1505 1079 1636 1134 tanti
1679 1081 1804 1134 ntali
1827 1121 1841 1146 ,
1874 1081 2100 1137 collecto

523 1158 885 1229 undecunque
909 1165 1151 1218 exercitu
1197 1168 1568 1237 permaxima,
1619 1173 1935 1228 conscendit
1982 1175 2100 1230 Odo

525 1248 576 1303 in
622 1248 926 1308 Tullensem
976 1270 1191 1325 pagum,
1242 1273 1401 1328 quem
1427 1261 1538 1331 jam
1577 1263 1773 1333 sacpius
1809 1265 2104 1335 depopula-

524 1350 708 1406 verat,
757 1342 938 1411 ibique
967 1359 1284 1417 Oppugnaus
1329 1350 1474 1419 cepit
1514 1350 1783 1408 Barrense
1826 1365 2099 1422 castrum,

527 1447 648 1484 cum
697 1449 890 1504 magna
943 1444 1120 1491 tamen
1175 1438 1554 1508 diremptionis
1601 1445 1882 1500 eversione
1936 1447 2101 1501 totius

526 1524 834 1592 provinciae.
859 1528 1099 1598 Cumque
1128 1529 1180 1586 in
1210 1533 1401 1588 eodem
1429 1544 1608 1589 castro
1635 1534 1821 1592 locatis
1849 1538 2120 1594 militibus.

526 1619 592 1670 ad
615 1621 912 1675 custodiam
940 1621 1107 1678 {crine
1133 1626 1460 1698 quingentis,
1486 1636 1542 1682 ut
1573 1638 1752 1686 tamen
1784 1632 1898 1701 ipse
1931 1648 2104 1700 quan-

529 1707 702 1760 tocius
728 1710 794 1761 ad
817 1712 1031 1780 propria
1067 1716 1365 1784 repedaret,
1408 1725 1595 1786 utpote
1638 1721 1730 1789 qui
1759 1722 1905 1776 curis
1931 1722 2106 1790 agita-

2207 529 2416 582 nientes
2473 527 2689 582 irrunnt
2741 528 2796 582 in
2856 528 3174 597 amplexus,
3243 544 3382 584 unus
3433 526 3754 596 simplicitate

2205 634 2395 674 revera
2421 659 2436 685 ,
2473 620 2656 674 caeteri
2705 618 2827 674 dolo
2881 620 3071 685 illecti,
3121 621 3390 675 simulatae
3434 621 3581 691 pacis
3617 629 3759 691 atque

2204 711 2455 765 amicitiae
2482 711 2751 766 miscuere
2775 711 3061 782 colloquia.
3102 711 3229 767 Post
3273 713 3437 766 finem
3485 727 3613 766 vero
3649 712 3762 766 insi-

2203 799 2527 854 mnlatorum
2551 801 2836 857 verborum
2859 810 3037 872 empto
3064 817 3297 865 recessu,
3315 800 3430 870 jam
3451 800 3763 871 longiuscule

2202 892 2580 961 progrediente
2632 890 2941 957 Willelum,
3007 892 3283 947 revocavit
3329 908 3456 948 cum
3519 890 3765 946 Tebaldus

2205 983 2358 1053 quasi
2404 983 2699 1038 secretiora
2741 983 2914 1038 adhuc
2957 982 3005 1038 ei
3048 982 3276 1050 loquens
3317 982 3652 1049 crediturus,
3683 995 3766 1035 seu

2206 1076 2425 1130 charins
2444 1074 2828 1130 valedicturus.
2849 1074 2918 1128 At
2935 1074 3022 1129 ille
3043 1089 3252 1129 remum
3275 1074 3469 1129 dextra
3493 1074 3776 1144 accipiens,-

2205 1167 2494 1238 prohibuit.
2508 1175 2566 1221 ut
2595 1182 2756 1222 nemo
2783 1181 3005 1222 suorum
3055 1166 3244 1222 exiens
3284 1181 3406 1220 eum
3440 1173 3765 1235 sequeretur;

2205 1255 2440 1312 exsilivit
2467 1257 2534 1310 ad
2569 1256 2764 1326 ripam.
2788 1254 3055 1310 Tebaldus
3078 1270 3294 1325 quoque
3323 1253 3470 1309 illum
3500 1253 3767 1323 appropin—
3817 1259 3819 1267 ‘

2207 1329 2414 1418 quatis,
2445 1348 2598 1420 quasi
2623 1348 2824 1418 aliquid
2854 1347 3135 1402 locuturus
3155 1386 3171 1412 ,
3202 1345 3346 1400 illico
3381 1353 3599 1410 exerta,
3623 1359 3766 1414 quam

2210 1442 2278 1496 ad
2307 1443 2408 1497 hoc
2433 1440 2628 1496 tulerat
2657 1440 2759 1495 sub
2785 1437 3195 1510 pallio,.spata,
3227 1451 3336 1492 uno
3363 1436 3475 1491 ictu
3506 1451 3537 1490 a
3564 1449 3786 1504 corpore

2209 1543 2370 1606 caput
2415 1533 2672 1588 decussit.
2720 1531 2870 1599 Quod
2905 1541 3190 1587 cernentes
3235 1529 3327 1599 qui
3365 1544 3489 1584 cum
3518 1527 3792 1583 Willehno.

2209 1634 2508 1692 venerant,
2547 1623 2860 1693 remigando
2892 1622 3072 1694 fugam
3125 1621 3427 1691 arripiunt,
3477 1620 3769 1681 nuntiavere

2212 1714 2742 1787 Bothomagensibus
2767 1722 2825 1767 ut
2851 1712 3170 1784 contigerat.
3198 1711 3328 1765 Erat
3348 1708 3769 1765 enimWillehue

526 1795 688 1851 batur
717 1798 1014 1856 innumeris
1039 1820 1050 1854 :
1076 1805 1533 1874 priestolahantnr
1565 1810 1743 1880 itaque
1771 1812 1919 1865 illum
1949 1811 2107 1882 legati
2143 1805 2196 1864 Β
2216 1808 2356 1863 illius
2378 1823 2443 1862 ex
2479 1805 2778 1880 concubina
2813 1804 3116 1860 Richardus
3145 1803 3382 1865 nomine,
3417 1809 3597 1856 tamen
3617 1801 3770 1855 adhuc

531 1900 598 1940 ex
625 1886 776 1942 Italia
810 1890 1000 1946 directi
1025 1933 1040 1958 ,
1069 1893 1380 1952 deferentes
1405 1898 1453 1951 ei
1493 1900 1710 1954 arrham
1737 1900 2069 1971 principatus
2090 1941 2123 1967 ,.

534 1985 596 2030 ut
633 1979 896 2047 agebant,
933 1983 1100 2038 totius
1147 1983 1313 2039 Italia:
1362 1984 1616 2056 regionis.
1664 1989 2112 2059 Contempserant

529 2069 674 2124 enim
720 2087 876 2126 suum
908 2074 1204 2146 principem
1223 2119 1238 2145 ,
1267 2079 1581 2148 przedictum
1605 2080 1861 2136 videlicet
1887 2081 2107 2136 Chuon-

528 2162 742 2228 radunt,
775 2163 1198 2223 Mediolanenses
1219 2208 1236 2232 ,
1275 2169 1647 2238 conjurazione
1687 2171 1825 2225 facta
1855 2171 2125 2226 adversus.

529 2269 684 2316 eiiiu,
726 2254 930 2324 junctis
981 2257 1082 2312 sibi
1125 2275 1262 2328 quos
1305 2272 1553 2330 poterant
1596 2278 1661 2318 ex
1701 2263 2012 2318 civitatibus
2056 2264 2114 2319 in

530 2342 776 2398 circuitu.
827 2345 1225 2404 Existimabam
1272 2366 1486 2422 quoque
1552 2353 1802 2409 eumdem
1869 2352 2110 2408 Odonem

529 2451 686 2505 posse
721 2439 1000 2509 percipere
1031 2457 1252 2512 regnum
1274 2445 1701 2513 Anstrasiorum,
1730 2456 1894 2517 atque
1924 2447 1990 2500 ad
2019 2461 2129 2503 eos.

534 2531 784 2594 trinsire,
819 2541 878 2586 ut
908 2532 1012 2587 illis
1033 2544 1246 2605 gereret
1278 2536 1664 2606 principatum.
1713 2537 1820 2592 Sed
1860 2539 2000 2592 sicut
2037 2538 2114 2592 ait

536 2620 858 2680 Manufortis
909 2625 1136 2696 insignis
1179 2636 1486 2696 praecentor
1535 2629 1799 2684 berlorum
1851 2629 2112 2684 Domini:

534 2713 783 2784 Dejecisti
806 2733 928 2784 eos,
960 2717 1244 2788 inquiens,
1278 2719 1400 2773 dum
1453 2720 1822 2786 allevarentnr,
1872 2722 1946 2776 ita
1987 2739 2129 2778 con--

533 2806 674 2876 tigit.
724 2808 858 2864 Nam
897 2810 1074 2865 subito
1117 2810 1310 2867 Gocilo
1350 2812 1457 2866 dux
1487 2814 1650 2869 totius
1679 2815 1867 2884 prima:
1905 2815 2116 2870 Rhetia:

538 2899 772 2968 regionis
819 2901 900 2955 cis
943 2900 1190 2957 Rhenum
1230 2919 1353 2958 cum
1389 2905 1632 2960 exercitu
1679 2906 1848 2960 nimio
1891 2906 1944 2959 in
1988 2922 2114 2960 eum

538 2986 772 3053 irruens,
803 3004 1018 3044 onmem
1045 2990 1248 3047 Odonis
1269 2995 1569 3048 exercitum
1599 2994 1653 3048 in
1686 2993 1866 3065 fugam
1911 2996 2078 3050 vertit
2099 3036 2115 3064 ,

540 3075 667 3132 licet
695 3094 761 3134 ex
801 3089 1033 3151 utraque
1077 3090 1234 3151 parte
1267 3083 1496 3152 plurima
1542 3083 1832 3140 multitudo
1878 3085 2117 3140 moriens

2210 1896 2544 1952 adolescens.
2595 1895 2765 1961 Quem
2820 1893 3150 1964 accipientes
3195 1892 3277 1947 sui
3327 1899 3638 1946 statuerunt
3679 1905 3762 1960 pro

2209 2000 2360 2059 patre
2388 1989 2680 2060 principem
2710 1986 2880 2058 regni.
2911 1984 3180 2041 Tebaldus
3217 1998 3409 2053 nempe
3434 1990 3647 2053 patrato
3672 1996 3773 2038 sce-

2210 2083 2321 2138 lere
2373 2081 2620 2138 coneitus
2676 2078 2916 2150 perrexit
2966 2078 3031 2132 ad
3091 2077 3440 2133 Heribertum
3497 2073 3771 2129 Treeorum

2210 2175 2463 2230 comitem
2486 2215 2500 2241 ,
2531 2181 2722 2242 petens
2752 2172 2820 2226 ah
2863 2185 2929 2225 eo
2952 2184 3204 2225 sororem
3247 2168 3416 2239 ipsius
3443 2167 3562 2222 dari
3593 2167 3689 2222 sibi
3729 2166 3776 2219 in

2211 2263 2519 2336 conjugium
2539 2305 2552 2329 ,
2587 2279 2813 2319 uxorem
2845 2262 3053 2318 scilicet
3085 2261 3326 2332 praedicti
3354 2259 3611 2317 Willelmi
3635 2273 3779 2329 quem

2213 2356 2581 2413 interfecerat.
2623 2355 2696 2409 At
2741 2353 2830 2408 ille
2874 2353 3056 2409 statim
3101 2350 3352 2422 promisit
3392 2351 3543 2416 dari,
3598 2363 3808 2404 vocans-

2213 2463 2331 2503 eam
2358 2447 2426 2502 ad
2455 2445 2782 2517 colloquium
2808 2444 2916 2509 sui,
2955 2459 3076 2514 quze
3107 2441 3345 2497 nondum
3377 2449 3644 2511 genuerat
3669 2454 3784 2512 pro-

2213 2540 2354 2606 lem,
2392 2538 2547 2608 quasi
2590 2537 3065 2593 consolaturus-ex
3089 2534 3292 2612 damno
3331 2533 3548 2597 mariti,
3579 2530 3787 2586 tradidit

2217 2628 2360 2684 illam
2379 2625 2974 2693 Telrtddo,_detestabile
2996 2625 3129 2680 satis
3155 2624 3206 2678 in
3231 2622 3564 2693 oonjugium.
3592 2621 3668 2676 Ex
3691 2635 3811 2690 qna—.-

2218 2721 2405 2792 genuit
2437 2719 2709 2785 Odonem,
2740 2729 2950 2790 patrem
2982 2717 3230 2773 videlicet
3256 2717 3431 2782 istius,
3458 2715 3616 2786 cujus
3639 2717 3789 2768 ﬁllcln

2220 2813 2551 2868 teterrimum
2576 2826 2737 2880 supra
2761 2809 3014 2864 diximus.
3038 2807 3170 2863 Illud
3195 2809 3358 2863 etiam
3382 2806 3816 2862 commemorari.

2219 2904 2273 2961 in
2305 2902 2452 2959 calce
2483 2902 2630 2957 tertii
2667 2899 2829 2956 libelli
2873 2899 3109 2970 placuit,
3143 2898 3376 2969 qualiter
3398 2898 3596 2952 vindex
3625 2896 3794 2951 divina

2219 3002 2458 3066 potestas
2488 2992 2652 3048 totius
2679 2989 2804 3046 boni
2833 2988 3165 3044 moderatrix
3190 3028 3206 3053 ,
3240 2985 3548 3042 insolentiae
3573 2983 3792 3039 humani

2215 3085 2436 3158 generis
2479 3084 2560 3139 vel
2597 3082 2764 3138 ultrix
2809 3080 3295 3150 impraesentiarum
3337 3076 3633 3132 exstiterit.
3665 3073 3798 3130 Olim

540 3171 828 3226 corruerit.
857 3171 1008 3228 Tunc
1036 3173 1268 3242 denique
1288 3183 1341 3230 et
1373 3175 1487 3244 ipse
1515 3174 1630 3231 Odo
1658 3174 1959 3231 miserrime
1985 3176 2120 3230 inte-
2145 3157 2190 3217 (ἶ
2225 3157 2391 3249 igitur
2442 3177 2588 3234 circa
2637 3174 2982 3230 millesimum
3031 3170 3299 3228 incarnati
3352 3169 3518 3226 Verbi
3568 3183 3816 3229 annum,

544 3261 676 3325 riit;
707 3262 862 3331 cujus
901 3263 1142 3318 lacerum
1168 3267 1402 3320 cadaver
1445 3267 1708 3338 Rogerius
1731 3265 2118 3322 Catalonorum

548 3352 778 3422 praesul,
808 3354 1014 3410 habens
1042 3370 1226 3410 secum
1260 3357 1438 3413 virum
1475 3359 1840 3415 venerabilem
1870 3361 2118 3414 abbatem

545 3442 906 3511 liichardum,
950 3461 979 3500 a
1005 3448 1152 3504 czede
1197 3451 1495 3522 suscipiens
1535 3451 1691 3506 uxori
1727 3449 1980 3505 reddidit.
2008 3449 2122 3521 (24)

545 3533 816 3605 [Narrant
843 3537 1005 3592 etiam
1037 3540 1299 3610 plerique,
1331 3543 1476 3612 quod
1503 3557 1702 3613 corpus
1729 3541 1845 3612 ejus
1873 3541 1960 3596 diu
1986 3540 2124 3594 mul-

543 3631 768 3696 tumque
806 3629 1090 3698 quaesitum
1139 3631 1368 3687 inveniri
1401 3649 1505 3688 non
1535 3634 1743 3703 potuit,
1789 3632 1960 3688 donec
1989 3649 2125 3689 uxor

547 3716 665 3786 ejus
686 3720 909 3776 veniens
948 3720 1042 3776 tali
1088 3721 1405 3795 intersignio
1440 3724 1684 3779 invenit:
1710 3724 1944 3779 habebat
1979 3725 2124 3780 enim

550 3825 834 3868 verrucam
865 3815 1007 3869 inter
1038 3815 1289 3886 genitalia
1315 3825 1371 3872 ct
1397 3815 1626 3889 anum.]
1654 3817 1807 3884 Quod
1827 3818 1904 3873 sic
1932 3817 2124 3873 inven-

552 3911 666 3956 tum
707 3904 981 3974 accipiens
1001 3945 1016 3972 ,
1047 3907 1246 3961 direxit
1288 3907 1418 3962 illud
1445 3908 1705 3972 Turonis,
1736 3909 1918 3977 ibique
1948 3906 2130 3976 sepul-

549 4000 663 4047 tum
695 4003 780 4049 est
807 3994 962 4063 juxta
992 4005 1203 4066 patrem
1240 4013 1395 4053 suum
1435 3999 1488 4052 in
1535 3999 1674 4053 atrio
1704 3998 1876 4053 sancti
1912 3997 2126 4053 Martini

549 4085 843 4152 superioris
893 4087 1148 4143 coenobii.
1198 4089 1268 4143 Et
1317 4089 1532 4158 quidem
1585 4090 1709 4146 linis
1755 4089 1960 4146 Odonis
2005 4089 2128 4144 talis

549 4177 777 4232 exstitit.
799 4176 971 4245 Quem
996 4180 1199 4235 idcirco
1226 4181 1352 4235 huic
1385 4182 1544 4236 seriei
1567 4182 1808 4236 intexere
1837 4180 2126 4247 voluimus,

549 4267 778 4336 qualiter
800 4271 1280 4340 itnpi-zrsentiarum
1307 4283 1726 4344 cognosceretur
1757 4287 1935 4328 rerum
1959 4271 2133 4327 Crea-

554 4368 639 4411 tur
658 4356 995 4427 jnstissimus
1029 4373 1278 4432 potenter
1305 4364 1554 4434 explere,
1604 4365 1746 4434 quod
1789 4363 1918 4418 olim
1955 4362 2126 4418 Thes-

553 4447 760 4504 mofaro
781 4466 878 4505 suo
900 4451 1062 4524 Moysi
1089 4455 1338 4524 promisit
1360 4473 1373 4514 :
1401 4455 1531 4525 Ego,
1558 4455 1824 4525 inquiens,
1847 4454 2136 4522 Dominus,

551 4539 644 4607 qui
661 4539 848 4608 judico
875 4555 1087 4611 peccata
1116 4554 1327 4614 patrum
1357 4545 1411 4599 in
1440 4541 1566 4616 ﬁfiis
1595 4547 1647 4600 in
1671 4548 1876 4601 tertiam
1902 4555 1950 4600 et
1975 4563 2130 4616 quar-

553 4637 659 4681 um
685 4633 1086 4698 generationem.
1119 4634 1336 4690 Tertius
1367 4652 1599 4706 namque
1629 4637 1716 4691 hic
1751 4637 1894 4702 Odo,
1933 4638 1998 4691 de
2024 4651 2132 4706 quo

554 4733 585 4772 a
622 4720 776 4775 nobis
803 4735 984 4779 sermo
1014 4726 1261 4794 superior
1293 4736 1374 4782 est
1405 4727 1642 4791 habitus,
1674 4742 1838 4797 nepos
1866 4726 1967 4780 fuit
1988 4727 2130 4782 illius

556 4809 775 4866 Tchaldi
798 4814 1017 4869 Carnoti
1041 4817 1273 4884 comitis,
1297 4819 1383 4872 cui
1409 4834 1705 4888 cognomen
1729 4818 1979 4872 Tricator
2006 4817 2128 4873 fuit.

556 4905 655 4960 Hic
707 4922 900 4978 nenzpe
954 4910 1222 4978 quondam
1265 4909 1487 4978 junctus
1536 4909 1761 4963 Arnull‘o
1810 4908 2130 4964 Flandrensi

555 4996 737 5051 citn'ti
762 5037 778 5061 ,
805 5007 1060 5067 expetens
1093 5015 1188 5069 per
1225 4999 1428 5070 legatos
1470 4998 1799 5053 Willelmum
1835 4999 2138 5054 Rothoma—

2223 3286 2346 3325 eum
2375 3284 2469 3324 rex
2496 3268 2766 3326 Roberlus
2792 3265 3092 3336 accepisset
3129 3263 3229 3319 sibi
3266 3263 3509 3333 reginam
3541 3260 3801 3317 Constan-

2225 3362 2355 3417 tiam
2396 3374 2425 3414 a
2461 3358 2706 3430 partibus
2730 3356 3037 3427 Aquitania:
3072 3355 3124 3409 in
3153 3354 3493 3424 conjugium,
3527 3360 3802 3422 coeperunt

2224 3452 2495 3506 continere
2535 3448 2708 3519 gratia
2741 3444 2979 3518 ejusdem
3016 3445 3216 3517 reginae
3244 3446 3298 3499 in
3326 3443 3622 3499 Franciam
3651 3437 3821 3513 alque-

2225 3540 2636 3612 Burgundiam,
2676 3539 2743 3593 ab
2789 3537 3052 3593 Arvernia
3105 3545 3160 3592 et
3210 3535 3527 3608 Aquitania,
3564 3536 3820 3590 homines.

2225 3632 2372 3687 omni
2414 3631 2630 3684 levitate
2657 3628 2969 3694 vanissimi,
2999 3627 3244 3682 moribus
3277 3634 3333 3681 et
3367 3635 3523 3681 veste
3563 3625 3805 3688 distorti,

2226 3723 2392 3780 armis
2422 3731 2476 3778 et
2503 3736 2763 3791 equorum
2801 3719 3037 3790 phaleris
3061 3717 3424 3789 incompositi,
3458 3732 3490 3771 a
3524 3717 3706 3774 medio
3725 3732 3807 3771 ca-

2225 3816 2354 3886 pitis
2407 3813 2627 3878 nudati,
2681 3812 3003 3867 histrionum
3069 3827 3220 3868 more
3284 3811 3475 3868 barbis
3531 3811 3677 3876 rasi,
3722 3825 3806 3864 ca-

2226 3907 2350 3978 ligis
2401 3915 2456 3960 et
2502 3892 2681 3959 ocreis
2729 3901 3025 3973 turpissimi
3053 3942 3080 3966 ,,
3121 3901 3243 3958 ﬁdei
3293 3908 3348 3956 et
3397 3902 3553 3972 pacis
3599 3900 3834 3957 findere

2227 3998 2447 4053 omnino
2476 3995 2650 4049 vacui.
2696 3993 2935 4060 Quorum
2968 3994 3151 4064 itaque
3187 3992 3417 4048 nefanda
3447 3993 3806 4064 exemplaria,

2228 4087 2371 4142 heu!
2403 4085 2538 4156 proh
2569 4083 2759 4139 dolor!
2796 4093 2908 4139 tota
2949 4099 3080 4154 gens
3117 4084 3452 4140 Francorum
3502 4099 3678 4154 nuper
3703 4099 3810 4137 οιιιο

2228 4175 2376 4230 nium
2414 4173 2793 4229 honestissima
2835 4187 2899 4228 ac
2938 4173 3381 4244 Burgundionum
3422 4173 3702 4228 sitibunda
3733 4190 3828 4227 ra-.

2229 4271 2366 4340 pnit,
2391 4267 2562 4322 donec
2590 4267 2767 4322 omnis
2793 4265 2930 4322 foret
2959 4267 3210 4337 nequitiae
3238 4275 3292 4322 et
3319 4265 3676 4336 turpitudinis
3706 4266 3811 4319 illo-

2231 4376 2350 4414 rum
2390 4358 2706 4415 conformis.
2740 4359 2795 4414 Si
2826 4359 3052 4428 quilibet
3075 4375 3205 4415 vcro
3236 4359 3523 4429 religiosus
3552 4374 3619 4413 ac
3649 4357 3810 4412 Deum

2232 4453 2430 4509 timens
2484 4452 2611 4507 talia
2660 4460 2909 4521 gerentes
2953 4466 3296 4520 compescere
3345 4451 3705 4514 tentavisset,
3749 4450 3811 4502 ab

2231 4547 2435 4602 eisdem
2468 4545 2675 4601 insania
2701 4545 3020 4599 notabatur.
3053 4544 3160 4598 Sed
3191 4542 3275 4597 vir
3306 4543 3672 4613 integer-ritum
3699 4541 3811 4595 lidci

2231 4652 2294 4693 ac
2323 4636 2641 4692 constantia:
2672 4645 2848 4704 pater,
2889 4633 3139 4689 videlicet
3166 4633 3494 4700 Willelmus,
3529 4632 3811 4703 qnemjam

2231 4743 2391 4799 supra
2419 4726 2989 4792 commemoravimus,
3019 4724 3222 4794 reiecto
3247 4725 3454 4796 pudore
3497 4735 3813 4796 sumptaque

2232 4818 2458 4888 spiritali
2505 4817 2830 4882 invectione,
2866 4832 3046 4888 regem
3075 4817 3282 4887 pariter
3325 4830 3396 4871 ac
3422 4816 3694 4886 reginam,
3725 4832 3815 4866 cur

2236 4907 2363 4964 talia
2388 4907 2441 4962 in
2469 4921 2568 4962 suo
2595 4921 2760 4976 regno
2785 4907 3162 4976 permitterent
3192 4905 3330 4972 ﬁeri,
3354 4907 3624 4960 acerrime
3647 4905 3813 4958 incre-

2233 5000 2413 5068 pavit,
2455 4999 2652 5067 quippe
2682 4996 2826 5066 quml
2863 5003 3183 5051 cancrorum
3227 4995 3674 5050 honestissimum
3721 4995 3813 5048 ho-
