3992 5338
172 236 265 291 σεο
1006 221 1485 281 ιιιδτοιιιειιιυιι
1523 218 1700 274 Ltant
1740 217 2068 286 onusque.
2097 251 2163 261 —
2206 221 2334 277 LIB.
2372 223 2459 279 tv.
3307 225 3373 280 (ετ

173 355 266 405 hoc
303 344 496 402 sccculo
532 343 842 412 migrasset,
875 337 1161 395 dimculter
1203 353 1234 392 a
1278 336 1475 392 diaboli
1505 332 1735 388 vinculis
1760 338 1808 396 Α
1837 331 1967 398 Quae
1989 332 2165 401 jnstos
2192 348 2382 390 rexere
2412 334 2576 396 viros,
2618 335 2840 392 honesta
2873 337 3128 393 refutant.

172 453 314 509 posse
358 435 514 505 eripi.
566 433 624 486 In
671 431 914 501 pluribus
948 439 1128 484 tamen
1172 443 1402 498 nequam
1434 442 1562 481 usus
1601 441 1730 480 con-

172 530 347 589 valuit,
377 527 528 595 cuius
549 525 714 580 etiam
743 523 1020 579 detestans
1038 521 1268 591 elogium
1291 520 1477 591 paucis
1498 518 1730 575 heroicis

172 617 435 688 pernotavi
460 633 472 668 :

173 795 324 848 Anno
345 800 463 864 post
487 791 774 846 Dominum
806 789 968 844 terris
988 788 1055 843 de
1075 787 1295 857 Virgine
1323 793 1509 840 natmu

175 885 395 947 Milleao,
423 882 680 952 gravibus
708 881 954 935 homines
979 878 1255 934 erroribus
1282 877 1420 940 acti,

175 974 305 1028 Dum
331 972 569 1042 cupimus
596 986 778 1026 rerum
804 971 1014 1041 species
1038 969 1319 1023 intendere
1341 967 1520 1036 plures
1538 1004 1556 1029 ,

172 1066 561 1136 Prateritisque
585 1067 762 1138 placet
787 1065 978 1121 studiis
1005 1077 1331 1135 componere
1364 1077 1564 1127 mores,

173 1157 408 1226 Objectat
435 1173 555 1214 sese
586 1161 802 1215 novitas
831 1159 1042 1213 incauta
1071 1157 1308 1228 periclis.

175 1245 307 1302 Ecce
334 1249 504 1317 priora
536 1249 638 1302 sibi
667 1249 861 1311 rident,
891 1258 946 1302 et
976 1255 1217 1317 tempora
1253 1245 1424 1300 nostri

177 1338 422 1404 Ludicra,
467 1354 696 1410 quaeque
740 1338 951 1408 probris
997 1341 1235 1403 sociant,
1287 1347 1506 1406 tumque
1548 1336 1738 1392 usibus

1445 1426 1666 1500 [aptant

176 1520 364 1593 Turpia
391 1539 487 1578 nec
516 1524 760 1588 horrent,
788 1523 984 1579 animis
1005 1533 1061 1578 et
1089 1523 1229 1578 seria
1260 1521 1493 1578 caleant.

1835 425 2074 491 Corpore
2104 438 2359 492 perverso
2381 435 2531 480 creat
2563 427 2678 481 bzec
2709 444 2850 482 nunc
2876 430 2981 484 vita
3015 438 3301 500 tyrannos,

1838 514 2052 570 Trunca
2082 525 2230 571 veste
2259 517 2422 581 viros,
2453 520 2570 574 sine
2599 519 2804 575 fmderc
2829 523 2975 591 pacis
3001 523 3237 593 ineptos.

1837 606 2075 661 Consilio
2109 608 2370 665 muliebre
2397 610 2562 680 gemit
2588 613 2887 681 respublica
2919 613 3058 668 laxa.

1839 700 2041 764 Fraus,
2090 711 2306 771 raptus,
2351 703 2710 772 quodcunque
2757 704 2910 760 nefas
2962 705 3308 761 dominantur
3359 706 3414 762 in

3191 798 3342 852 orbe.

3191 798 3318 852 orbe

1840 881 2032 938 Nullus
2059 884 2231 938 honor
2263 885 2488 948 sanctis,
2516 884 2660 939 nulla
2686 893 2770 940 est
2800 886 3102 941 reverentia
3126 795 3318 943 sineris.

1838 971 1974 1028 Hinc
2005 973 2234 1044 gladius,
2270 974 2566 1043 pestisque,
2597 971 2790 1039 fames,
2816 975 3138 1045 populantur
3159 975 3378 1044 ubique.

1837 1061 1947 1118 Nec
1979 1075 2156 1118 tamen
2190 1063 2440 1132 impietas
2475 1063 2751 1118 hominum
2781 1074 3022 1118 correcta
3051 1066 3309 1134 pepercit.

1838 1155 1918 1210 Ac
1940 1155 2042 1210 nisi
2073 1170 2263 1225 magna
2295 1154 2387 1210 Dei
2419 1156 2591 1225 pietas
2620 1155 2964 1225 protenderet
2989 1158 3146 1223 iram,

1841 1244 2086 1300 lnfernus
2110 1246 2208 1301 hos
2235 1247 2531 1316 terricrepo
2555 1255 2898 1302 consumeret
2919 1262 3034 1303 ore.

1841 1335 1956 1392 lloc
1981 1337 2144 1392 habet
2175 1337 2357 1392 infelix
2385 1338 2643 1407 peccandi
2673 1338 3033 1402 consuetudo,

1841 1430 1995 1497 Quod
2028 1431 2148 1498 plus
2173 1431 2296 1500 quis
2325 1439 2515 1499 peccat
2544 1430 2722 1484 minus
2753 1431 2840 1485 hic
2871 1445 3098 1500 peccare
3127 1440 3416 1500 pavescat,

1841 1521 2078 1592 Quisque
2104 1523 2282 1576 minus
2309 1530 2520 1592 peccat,
2550 1523 2717 1591 magis
2746 1522 2832 1576 hic
2865 1536 3090 1591 peccare
3115 1521 3384 1577 titneseat.

173 1691 3384 1720 —_—_——_—_——_—————————__——_—————-——I‘

1275 1845 1634 1934 LIBER
1707 1843 2298 1950 QUARTUS.

1352 2031 1691 2089 CAPITULA
1729 2030 1907 2087 LIBRI
1948 2031 2228 2097 QUARTI.

239 2150 284 2210 Ι.
407 2152 488 2207 De
516 2153 902 2209 unieersolitate
935 2150 1180 2204 Ecclesia:
1205 2167 1236 2202 a
1264 2146 1854 2216 Constantinopolitanis
1883 2146 2077 2216 injuste
2113 2147 2383 2217 requisita.

247 2223 305 2278 ιι.
419 2223 497 2277 De
523 2226 707 2278 Iurresi
737 2225 788 2277 in
823 2222 981 2276 Italia
1020 2223 1245 2273 inventa.

242 2293 319 2350 ill.
416 2292 569 2358 Quod
610 2295 834 2364 peccatis
880 2292 1148 2346 hominum
1195 2287 1545 2358 exigentibus,
1600 2285 1825 2340 Domino
1873 2293 2235 2356 permittente,
2294 2287 2347 2339 α’
2376 2302 2595 2357 nequam
2646 2287 2914 2358 spiritibus
2960 2287 3244 2360 aliquando
3286 2289 3420 2356 fiant

485 2364 762 2416 miracula.

240 2430 322 2502 IV.
412 2432 491 2486 De
521 2433 660 2502 {ante
689 2431 1168 2502 validissima,qure
1191 2429 1403 2502 contigit
1432 2429 1489 2502 in
1513 2428 1634 2483 orbe
1659 2437 1939 2502 terrarum.

243 2501 300 2554 γ.
419 2503 498 2556 De
521 2496 650 2572 pace
683 2513 732 2556 et
759 2496 1081 2572 abundantia
1111 2500 1236 2553 anni
1261 2499 1522 2572 millesimi
1550 2516 1581 2552 α
1615 2499 1856 2572 passione
1885 2496 2114 2572 Domilri.

246 2572 319 2624 VI.
412 2572 492 2626 De
520 2565 832 2641 conﬂuentis:
860 2569 1041 2640 populi
1067 2570 1414 2641 totiusorbfs,
1444 2565 1654 2641 quieuit
1693 2566 1986 2641 sepulcrum
2006 2565 2637 2641 ‘DominiHierosolymis
2670 2567 2812 2637 facta
2850 2582 2943 2624 est.

245 2642 342 2712 )‘fll.
410 2644 487 2696 De
507 2637 702 2712 ιιι-(εὔει
737 2637 1151 2712 Sarracenorum
1179 2639 1426 2712 adversus
1455 2637 1782 2712 Christianos
1809 2637 1862 2689 in
1898 2637 2093 2712 Africa;
2120 2638 2378 2712 partibus.

245 2709 366 2766 νιιι.
407 2714 487 2766 De
507 2706 848 2768 'Leuticorum
872 2711 1056 2780 prwlio
1082 2710 1329 2780 adversus
1357 2709 1685 2766 Christianos
1713 2708 1768 2760 in
1790 2706 2027 2777 partibus
2053 2706 2348 2776 Aquilonis.
3315 2735 3346 2766 et

241 2781 325 2836 IX.
411 2785 488 2838 De
515 2786 663 2854 signa
689 2783 827 2854 quod
853 2779 908 2835 in
933 2780 1041 2835 sole
1067 2779 1332 2849 apparuit.

751 3035 1142 3094 PRAEFATIO.

240 3131 359 3186 Post
385 3129 699 3200 multiplicia
728 3128 1089 3198 prodigiorum
1114 3126 1290 3195 signa,
1329 3141 1448 3195 ane
1477 3139 1583 3178 tam
1618 3133 1744 3178 ante

183 3237 323 3289 quam
351 3231 499 3290 post,
531 3221 676 3276 circa
707 3227 882 3272 tamen
927 3230 1126 3269 annum
1158 3214 1354 3270 Christi
1386 3215 1592 3270 Domini
1619 3213 1741 3267 mil-

184 3311 404 3365 lesimum
436 3312 488 3364 in
519 3311 651 3364 orbe
688 3319 954 3364 terrarum
999 3307 1306 3376 contigere,
1355 3307 1536 3376 plures
1577 3306 1745 3360 fuisse

183 3412 372 3458 constat
405 3402 588 3472 sagaci
617 3409 799 3456 mente
826 3399 971 3453 viros
1007 3397 1334 3461 industrios,
1365 3398 1456 3467 qui
1507 3413 1612 3450 non
1659 3396 1744 3451 his

187 3497 372 3550 minora
411 3495 812 3564 propinquante
853 3490 1095 3558 ejusdem
1140 3489 1434 3543 Dominica:
1475 3488 1745 3558 passionis

184 3599 307 3638 anno
336 3585 620 3638 millesimo
645 3580 760 3635 fore
791 3579 1120 3649 prtedixere;
1146 3577 1286 3648 quod
1315 3578 1501 3648 utique
1528 3577 1746 3632 eviden-

188 3675 368 3729 tissirne
411 3672 657 3744 contigit.
702 3671 911 3725 Mortuo
956 3685 1202 3740 quoque,
1233 3677 1290 3722 nt
1324 3669 1434 3739 jam
1477 3669 1743 3734 diximus,

187 3763 393 3821 llenrico
419 3766 662 3835 piissimo
686 3766 1028 3833 imperatore,
1061 3762 1146 3816 oui
1173 3762 1378 3816 scilicet
1400 3761 1542 3815 nulla
1567 3761 1746 3832 proles

186 3860 388 3922 exstitit,
422 3859 512 3927 qui
552 3859 604 3911 in
638 3871 861 3927 regnum
895 3865 1015 3924 post
1048 3855 1195 3908 illum
1239 3855 1580 3916 succederet,
1612 3869 1748 3908 non-

187 3949 293 4002 nulli
323 3967 441 4004 sese
470 3950 673 4002 inferre
703 3956 972 4002 tentantes
993 3947 1059 4001 de
1084 3945 1424 4016 primatibus,
1448 3944 1537 4013 qui
1567 3953 1746 3998 tamen

189 4041 338 4107 potius
367 4050 425 4094 ut
465 4039 613 4110 regni
664 4053 862 4092 corona
903 4036 1199 4106 fulgerent,
1241 4052 1401 4106 quam
1447 4033 1744 4105 profectum

189 4132 466 4199 reipublicae
499 4131 958 4199 moderamenqne
993 4127 1216 4198 iustitia:
1249 4135 1596 4181 exercerent:
1638 4138 1748 4193 prze

189 4227 367 4280 cunctis
417 4241 548 4295 ergo
595 4223 812 4292 quidam
843 4220 1233 4284 Chnonradus,
1284 4234 1443 4289 quem
1494 4217 1744 4285 superius

191 4322 481 4386 taxavimus,
519 4319 694 4372 audax
727 4316 907 4369 animo
933 4324 984 4368 et
1014 4313 1216 4368 viribus
1247 4313 1460 4382 ingens,
1503 4311 1595 4365 sed
1643 4310 1748 4363 ﬁde

1773 3039 1820 3100 Β
1852 3035 2174 3100 Romanum,
2207 3046 2264 3092 ut
2290 3038 2369 3092 eis
2397 3039 2449 3094 in
2478 3039 2580 3095 boc
2606 3048 2747 3111 quod
2774 3041 3125 3098 decreverant
3152 3047 3422 3104 consenti-

1848 3136 1948 3180 ret.
1981 3127 2081 3194 Qui
2115 3129 2296 3180 statim
2330 3127 2684 3184 libentissime
2712 3132 2932 3197 annuit,
2973 3135 3232 3190 mandans
3272 3137 3422 3193 insu-

1845 3231 1941 3286 per
1968 3227 2026 3270 ut
2049 3218 2386 3286 quantocius,
2434 3231 2686 3290 suscepto
2721 3220 3022 3276 Germaniae
3055 3237 3291 3296 sceptro,
3315 3227 3427 3283 Ro-

1847 3324 1990 3362 mam
2040 3319 2291 3380 pergeret
2349 3322 2698 3380 suscepturus
2742 3315 2904 3368 totins
2934 3313 3096 3369 Italia:
3142 3332 3422 3376 coronam.

1845 3399 2054 3455 Interea
2110 3403 2361 3472 indeptus
2399 3403 2551 3472 regni
2601 3403 2763 3458 infula
2815 3404 3168 3463 Cbuonradus
3215 3409 3422 3464 Italiam

1846 3491 2107 3561 perrexit,
2134 3507 2422 3561 secumque
2451 3491 2652 3548 ducens
2683 3509 2925 3559 uxorem,
2955 3512 3112 3566 quam
3132 3539 3146 3562 ,
3195 3507 3250 3550 ut
3285 3499 3426 3552 dixi-

1847 3599 1985 3648 mus,
2036 3583 2222 3638 illieito
2260 3594 2479 3654 ceperat
2523 3585 2885 3640 matrimonio.
2930 3585 3027 3639 Cui
3075 3589 3319 3658 protinus
3369 3589 3424 3644 ia

1846 3678 2108 3732 descensu
2139 3677 2372 3746 Alpium,
2399 3693 2558 3747 quem
2591 3677 2807 3733 Curiam
2843 3678 3120 3733 Gallorum
3155 3680 3277 3734 licet
3304 3696 3426 3734 cor-

1845 3777 2000 3838 rupte
2022 3779 2237 3832 vocant,
2267 3767 2318 3822 in
2345 3767 2540 3838 oppido
2564 3768 2746 3824 Cumis
2776 3770 3013 3824 occurrit
3052 3787 3171 3824 cum
3215 3786 3427 3825 summo

1847 3869 2105 3930 apparatu
2135 3876 2267 3930 papa
2294 3858 2590 3923 Romanus,
2612 3869 2670 3914 ut
2698 3870 2819 3914 ante
2850 3861 3232 3930 spoponderat.
3254 3862 3427 3916 Fuere

1850 3963 1976 4008 tunc
2009 3953 2228 4022 quidam
2273 3953 2339 4007 de
2385 3953 2788 4006 marchionibns
2825 3951 3000 4011 Italiaz.
3035 3953 3124 4020 qui
3170 3953 3349 4006 minus
3376 3953 3426 4007 ei

1846 4059 2124 4098 assensum
2159 4043 2520 4112 praebuerunt.
2551 4041 2642 4097 Sic
2670 4043 2812 4096 enim
2839 4041 2944 4096 illis
2972 4041 3150 4097 facere
3176 4059 3291 4097 mos
3320 4053 3426 4109 est,

1847 4133 2038 4204 utjam
2069 4149 2229 4205 supra
2264 4133 2584 4199 taxavimus,
2607 4132 2658 4186 in
2708 4131 2971 4187 mortibus
3016 4132 3423 4204 imperatorum.

1849 4226 1982 4280 Nam
2014 4234 2068 4281 et
2112 4225 2424 4294 Papienses,
2469 4233 2788 4298 cancrorum
2835 4223 3238 4294 superbissimi,
3283 4223 3466 4293 pala-~

1851 4320 1984 4374 tium
2026 4319 2169 4389 regis
2204 4318 2256 4370 in
2285 4333 2379 4371 sua
2409 4317 2629 4372 civitate
2660 4307 2888 4385 operoso
2918 4325 3137 4386 sumptu
3179 4327 3431 4370 constru—

192 4425 273 4464 non
301 4412 520 4464 multum
561 4410 768 4462 ﬁrmus.
809 4406 942 4460 Cum
979 4405 1122 4460 enim
1169 4403 1256 4458 diu
1305 4403 1640 4472 multumque
1678 4399 1744 4454 de

1850 4417 1995 4466 ctum
2027 4411 2409 4465 destruxerant
2431 4423 2600 4478 usque
2623 4407 2688 4461 ad
2712 4406 2907 4461 solum.
2934 4407 3026 4462 Ille
3051 4422 3180 4460 vero
3207 4415 3264 4460 ut
3285 4422 3433 4461 coni-

190 4505 535 4558 coastitucndo
566 4503 716 4572 regni
751 4500 1014 4570 principe,
1049 4513 1112 4553 ac
1141 4497 1410 4566 prcecipue
1449 4495 1589 4548 inter
1616 4510 1750 4564 ρι’ωυ

191 4599 325 4662 sules,
352 4609 640 4652 tractatum
674 4595 888 4658 fuisset,
919 4593 1092 4647 visum
1117 4599 1201 4645 est
1227 4590 1304 4658 eis
1330 4589 1503 4658 ipsum
1532 4587 1748 4641 Cluton-

191 4689 344 4742 radnm
383 4689 582 4744 debere
610 4672 846 4755 eligere,
896 4682 1001 4736 nisi
1049 4681 1192 4751 quod
1241 4693 1406 4732 unum
1456 4678 1747 4741 intererat,

189 4788 373 4843 propter
398 4775 564 4852 ,ψαιιί
613 4774 885 4830 Henricus
925 4772 1089 4826 etiam
1135 4769 1283 4824 illum
1324 4767 1479 4821 valde
1524 4781 1748 4821 exosum

191 4864 438 4922 habuerat.
473 4866 720 4922 Habebat.
744 4865 888 4919 enim
916 4862 1224 4935 conjugem,
1247 4875 1367 4928 qua:
1399 4859 1469 4912 illi
1494 4866 1608 4913 erat
1635 4855 1748 4910 alli-

194 4956 286 5021 nis,
316 4975 474 5028 quam
514 4959 675 5011 etiam
720 4953 978 5027 primitus
1021 4953 1241 5022 quidam
1287 4961 1547 5019 cognatus
1579 4950 1746 5019 ipsats

191 5043 408 5103 duxerat.
448 5049 721 5103 Prmterea
765 5045 1111 5098 innotuerunt
1153 5041 1204 5095 ei
1252 5041 1562 5108 pontiﬁces,
1614 5037 1742 5107 quid

193 5137 495 5199 potissit-mm
523 5140 707 5202 vellet,
742 5144 837 5189 aut
869 5133 972 5188 tale
1014 5130 1358 5202 coniugium,
1394 5131 1538 5201 quod
1571 5128 1743 5184 mani-

193 5223 442 5283 festissime
468 5246 632 5284 sacra:
665 5223 984 5282 auctoritati
1009 5224 1240 5279 nimium
1273 5223 1629 5293 repugnabat,
1661 5229 1744 5271 te-

1728 5309 1740 5320 α

1447 5327 1593 5338 nun-an
1640 5309 1740 5338 nn-

191 5327 318 5338 n..-._-
354 5335 368 5338 -
391 5335 441 5338 ___
505 5335 508 5338 .
539 5335 548 5338 -
602 5321 630 5338 1⁸
700 5320 806 5338 9,--
862 5329 1104 5338 ΑΑ-Α-.-...-
1138 5315 1351 5338 ξηιηΛ-ἶῖ
1380 5329 1437 5338 ει.-

1846 4504 2012 4574 perit,
2043 4499 2298 4556 ferociter
2328 4499 2521 4564 irruit,
2552 4499 2814 4569 Iporeiam
2861 4498 3112 4570 primitus
3157 4497 3432 4552 civitatem

1847 4596 2090 4664 capiens,
2119 4591 2314 4648 deinde
2355 4601 2582 4646 czcteras
2619 4606 2742 4645 cum
2788 4591 2985 4646 castris
3013 4590 3278 4643 universis
3312 4604 3436 4658 pro-

1847 4689 1978 4760 priae
2005 4686 2298 4756 sulsjiciens
2336 4684 2548 4739 ditioni.
2598 4681 2798 4753 Sicque
2841 4681 3068 4736 Romam
3113 4678 3432 4734 deveniens.

1849 4793 2105 4835 coronam
2134 4792 2198 4830 ex
2231 4789 2382 4829 more
2411 4771 2638 4844 sumpsit
2665 4769 2899 4840 imperii.
2927 4770 3024 4825 Cui
3047 4767 3172 4820 dum
3199 4765 3440 4833 episcopi

1853 4876 2225 4944 suggererent,
2261 4876 2320 4921 ut
2352 4862 2679 4922 auctoritate
2715 4860 2951 4914 Romani
2982 4853 3274 4928 pontiﬁcis,
3305 4868 3444 4920 qna-

1855 4964 1974 5020 liter
2003 4961 2110 5016 illis
2139 4958 2498 5030 promiserat,
2528 4953 2808 5024 repudium
2857 4949 3036 5004 illiciti
3083 4943 3291 4995 faceret
3319 4959 3452 4996 con-

1846 5056 2012 5128 iugii,
2071 5049 2310 5120 graviter
2355 5047 2658 5116 accipiens,
2707 5039 2881 5095 dixit:
2946 5040 3016 5094 Se
3066 5033 3454 5132 imperatorem

1853 5155 2096 5204 creatum
2137 5138 2284 5192 nullo
2316 5140 2474 5194 modo
2505 5134 2702 5190 debere
2728 5143 2894 5184 uxore
2924 5128 3136 5184 viduari
3155 5159 3170 5184 ,
3200 5135 3288 5185 ac,
3317 5128 3460 5176 sicut

1855 5241 2037 5310 inepte
2063 5240 2306 5302 ceperat,
2338 5232 2533 5285 tenuit.

2373 5323 2408 5338 ιη
2430 5323 2445 5338 ι
2465 5316 2601 5338 nil'l‘
2637 5310 2908 5338 nnnlllll
