3992 5338
582 315 679 370 (L7!

1511 295 1812 372 RODULFI
1855 315 2111 371 GLABRI
2154 315 2461 372 MONACIII
2498 317 2815 373 CLUNIAC.
3733 321 3817 374 (ὶῖὶ

585 437 863 497 quartum,
894 427 1528 498 Constantinopolitanns
1548 430 1745 499 praesul
1773 446 1894 485 cum
1918 446 2016 485 suo
2038 431 2180 501 prin-
2212 437 2255 493 Α
2285 430 2520 486 Joannes
2574 428 2930 502 [Gregorius]
2991 431 3114 497 iste,
3147 417 3504 502 cognomento
3554 415 3814 490 Romanus.

581 521 701 588 cipe
731 517 962 582 Basilio,
999 517 1198 588 aliique
1241 518 1487 574 nonnulli
1521 518 1835 574 Grzecorum
1889 520 2169 575 consilium

581 610 772 673 iniere,
823 616 1090 675 quatenus
1140 624 1264 663 cum
1312 624 1576 665 consensu
1627 611 1854 665 Romani
1902 611 2172 681 pontiﬁcis

581 701 770 754 liceret
806 699 1104 756 Ecclesiam
1131 702 1784 772 Constantinopolitanam
1818 703 1871 757 in
1895 718 1996 758 suo
2016 705 2168 768 orbe,

577 792 738 846 siculi
771 791 1014 848 Romana
1033 795 1086 848 in
1103 794 1758 861 universo,universalem
1775 797 2166 858 diciet-ltaberi.

577 886 680 952 Qui
713 887 897 942 statim
929 889 1199 944 miserunt
1227 891 1320 960 qui
1350 892 1626 947 deferrent
1655 892 1824 947 multa
1859 908 1924 948 ac
1956 893 2167 948 diversa

577 975 844 1033 donorum
871 979 1032 1034 xenia
1063 979 1292 1036 Romam
1330 991 1438 1037 tam
1470 982 1712 1052 pontiﬁci
1763 998 1924 1054 quam
1956 985 2167 1041 cteteris

577 1083 714 1137 quos
742 1084 855 1125 suae
883 1072 1025 1141 parti
1061 1071 1243 1128 favere
1278 1075 1676 1146 conspicerent.
1712 1075 1811 1131 Ubi
1843 1077 2167 1132 convenieno

580 1169 694 1223 tes,
725 1171 1097 1232 exposuerunt
1126 1165 1265 1234 apud
1307 1165 1615 1235 pontiﬁcem
1661 1182 1773 1221 sua:
1817 1166 2168 1236 profectionis

575 1248 875 1317 querelam.
909 1250 1015 1307 Sed
1043 1253 1170 1322 quid
1200 1269 1306 1308 non
1338 1262 1611 1325 pertentat
1653 1271 1827 1312 caecus
1875 1271 2028 1312 amor
2070 1258 2165 1312 ba-

578 1339 786 1394 bcudi?
830 1350 1025 1412 estque
1069 1345 1441 1413 proverbium,
1489 1361 1656 1402 aureo
1703 1348 1902 1418 pugillo
1948 1363 2162 1404 murum

577 1429 832 1501 frangere
878 1431 1135 1488 ferreum.
1175 1435 1254 1490 Ac
1283 1434 1408 1490 licet
1438 1451 1535 1509 pro
1563 1445 1806 1508 tempore
1835 1437 2162 1509 philargyria

577 1523 760 1577 mundi
793 1525 976 1595 regina
1004 1537 1169 1596 queat
1197 1527 1475 1597 appellari,
1501 1529 1554 1585 in
1586 1529 1844 1586 Romanis
1874 1539 2051 1586 tamen
2082 1535 2164 1587 in-

575 1615 841 1684 explebile
871 1617 1045 1674 cubile
1073 1619 1290 1675 locavit.
1320 1620 1442 1675 Mox
1467 1637 1700 1693 namque
1725 1632 1782 1678 ut
1806 1624 1989 1680 videre
2013 1623 2164 1680 Grae-

576 1727 763 1766 corum
802 1713 903 1768 sibi
950 1713 1162 1771 deferre
1209 1715 1442 1784 fulgidas
1478 1731 1636 1788 opes,
1669 1733 1886 1772 versum
1935 1727 2019 1775 est
2067 1735 2164 1775 cor

2274 522 2444 576 frater
2467 522 2608 577 illius
2629 522 2904 577 Benedicti
2927 521 3184 594 [Joannis
3208 523 3243 595 j.
3267 524 3352 578 cui
3386 523 3442 585 in
3488 523 3821 593 episcopatum

2273 621 2609 667 successerat
2661 613 2950 683 largitione
3001 613 3260 682 pecunize,
3308 623 3531 682 repente
3571 629 3633 669 ex
3671 615 3818 671 laicali

2272 701 2460 756 ordine
2505 703 2808 774 neophytus
2876 702 3203 756 constitutus
3277 701 3491 771 prtesul.
3557 702 3658 757 Sed
3700 703 3819 757 iaso-

2271 791 2436 848 lentia
2468 793 2834 848 Romanorum
2870 792 3471 861 hujusmodiadinvenit
3499 793 3721 864 palliata:
3743 798 3823 849 sub

2270 884 2571 940 dolositatis
2593 883 2895 949 ridiculum,
2922 884 3132 940 scilicet
3153 893 3211 940 ut
3232 900 3609 955 quemcunque
3634 903 3724 956 pro
3744 903 3823 941 suo

2268 977 2423 1032 libita
2447 977 2500 1032 in
2522 976 2932 1047 praesentiarum
2962 977 3029 1030 ad
3065 976 3415 1046 pontiﬁcatus
3440 975 3673 1032 oﬂieium
3703 978 3821 1032 dele-

2266 1068 2467 1138 gerint,
2492 1078 2699 1125 mutato
2730 1071 2964 1133 nomine,
2990 1069 3134 1139 quod
3158 1068 3234 1124 illi
3277 1069 3428 1138 prius
3447 1068 3645 1135 fuerat,
3669 1070 3821 1140 aliquo

2266 1173 2582 1230 magnorum
2614 1161 2928 1230 pontiﬁcum
2956 1161 3179 1216 nomine
3207 1160 3361 1215 illum
3392 1159 3648 1230 appellari
3663 1159 3822 1214 decer-

2267 1258 2420 1302 nunt.
2448 1249 2524 1304 Ite
2551 1266 2677 1305 vera
2698 1265 2858 1320 quem
2876 1251 2918 1305 si
2933 1266 3038 1306 non
3059 1251 3308 1305 meritum
3327 1250 3628 1315 rei,saltem
3656 1264 3819 1304 nomen

2264 1339 2505 1394 extollat.
2531 1339 2796 1396 Praeterea
2826 1339 3402 1410 ConstantinOpolitani
3448 1339 3515 1394 ad
3530 1339 3730 1408 propria
3749 1352 3818 1391 re-

2264 1441 2529 1496 meantes,
2551 1431 2824 1487 confutata
2851 1431 3065 1488 illorum
3091 1433 3328 1502 undique
3359 1430 3567 1486 tumida
3595 1444 3827 1500 przesutw

2264 1523 2378 1593 ptio
2398 1524 2732 1592 conquievit.

2893 1616 3121 1674 CAPUT
3155 1615 3218 1672 ll.

2643 1708 2722 1764 De
2748 1709 2933 1764 ha’resi
2960 1710 3013 1763 in
3035 1708 3198 1764 Italia
3229 1710 3456 1764 inventa.

575 1803 791 1857 illorum
823 1806 889 1858 ad
930 1804 1304 1862 fraudulentize
1329 1785 1670 1876 diverticula,
1696 1820 2065 1880 pertentantes
2093 1829 2158 1866 an

2333 1799 2584 1858 Castrum
2622 1801 2786 1871 igitur
2810 1811 2930 1857 erat
2980 1816 3076 1872 per
3135 1801 3274 1854 idem
3327 1810 3547 1870 tempus
3596 1798 3647 1855 in
3685 1811 3831 1870 gente.

574 1897 714 1951 forle
743 1895 990 1952 clanculo
1033 1898 1333 1955 concedere
1371 1901 1662 1970 quivcrant
1686 1902 1829 1970 quod
1858 1901 2158 1972 petebatur.

574 1986 681 2042 Sed
717 2003 1079 2058 nequaquam.
1113 1989 1229 2045 Non
1259 1991 1404 2046 enim
1449 2001 1629 2062 potest
1660 1993 1771 2048 falli
1807 2009 2016 2049 summa
2053 1995 2159 2050 Ve-

574 2080 728 2144 ritas,
756 2095 874 2149 quze
900 2081 1228 2150 spopondit:
1267 2080 1447 2136 Porta:
1475 2083 1634 2152 inferi
1669 2101 1772 2138 non
1809 2083 2160 2154 prwvalebrmt

571 2171 820 2225 adversus
848 2189 981 2226 eam.
1016 2173 1151 2226 Dum
1191 2187 1322 2245 ergo
1354 2175 1532 2230 adhuc
1586 2175 1691 2231 leni
1731 2175 1831 2231 sub
1884 2191 2162 2231 murmure

573 2262 800 2332 hujusce
825 2262 1223 2320 machinatores
1245 2265 1566 2323 in.conelavi
1594 2283 1714 2324 sese
1746 2276 2004 2340 putarent
2031 2269 2157 2323 talia

572 2353 906 2429 tractavisse,
945 2353 1102 2409 velox
1127 2353 1272 2410 fama
1327 2356 1393 2412 de
1421 2357 1554 2428 ipsis
1585 2374 1683 2429 per
1719 2359 2028 2415 universam
2057 2358 2162 2414 lla-

571 2442 696 2498 liam
723 2445 980 2499 decurrit.
1021 2444 1125 2500 Sed
1139 2446 1316 2516 qualis
1347 2456 1474 2503 tunc
1503 2449 1784 2514 tumultus,
1809 2465 1970 2520 quam
1991 2451 2154 2506 velte-

574 2551 727 2591 mens
752 2537 1046 2592 commotio
1066 2552 1162 2608 per
1189 2548 1416 2595 cunctos
1445 2540 1676 2606 exstitit,
1718 2540 1811 2610 qui
1849 2541 2159 2606 audierunt,

571 2627 678 2681 dici
708 2643 814 2681 non
853 2626 1017 2682 valet.
1049 2627 1324 2698 Praecipue
1357 2637 1536 2684 tamen
1565 2630 1649 2684 vir
1679 2630 2156 2702 prudentissimus,

570 2717 734 2773 Pater
764 2719 1012 2775 videlicet
1040 2719 1366 2786 Willelmus,
1411 2722 1477 2777 de
1506 2738 1614 2792 quo
1635 2723 1751 2793 jam
1800 2723 2070 2789 diximus,
2091 2725 2160 2778 ad

571 2807 874 2862 Romanum
901 2809 1210 2878 pontiﬁcem
1233 2811 1300 2866 de
1324 2813 1423 2866 hac
1455 2829 1515 2867 re
1537 2813 1686 2868 misit
1719 2813 2003 2884 epistolam
2036 2828 2160 2870 cor-‘

571 2911 703 2964 pore
747 2897 988 2964 brevem,
1039 2899 1133 2954 sed
1188 2901 1414 2954 materia
1466 2902 1759 2972 ingentem,
1818 2919 1882 2958 ac
1911 2917 2161 2959 sermone

570 2996 916 3057 pungentem,
948 2989 1072 3044 talia
1110 2991 1507 3047 continentem:
1535 3011 1553 3044 ι
1584 2991 1771 3049 Gratia
1800 2995 1892 3048 Dei
1917 3005 1973 3051 et
2002 3011 2157 3050 reve-

571 3078 745 3131 rentia
777 3077 920 3132 beati
953 3087 1319 3150 apostolorum
1347 3082 1609 3153 principis
1665 3083 1808 3138 Petri
1846 3086 2050 3140 sodium
2103 3085 2155 3141 in

569 3169 700 3223 orbe
730 3177 993 3224 terrarum
1030 3170 1502 3237 excellentissimo,
1526 3174 1743 3242 indepta
1772 3190 1924 3244 papae
1965 3174 2156 3230 Joanni

571 3258 676 3333 [ιιΙ.
688 3302 702 3325 ,
716 3260 1336 3334 Gregorio],Wille_lmus
1348 3265 1523 3319 crucis
1537 3264 1733 3320 Christi
1750 3280 1959 3330 servus,
1975 3266 2152 3321 sedet

566 3349 754 3421 iudicii
805 3367 926 3407 cum
976 3353 1258 3423 apostolis,
1305 3362 1362 3410 et
1411 3355 1561 3425 regni
1594 3370 1875 3411 coronam.
1909 3355 2154 3429 Magistri

569 3446 807 3517 gentium
854 3446 1012 3503 dictis
1053 3447 1396 3517 instruimur,
1429 3451 1700 3506 seniorem
1727 3466 1833 3506 non
1867 3451 2156 3522 increpan-

570 3536 716 3591 dunt.
747 3534 892 3591 Idem
921 3545 1098 3592 tamen
1119 3539 1253 3594 alias
1279 3539 1408 3594 dicit
1435 3558 1446 3593 :
1476 3537 1676 3595 Factus
1719 3558 1835 3595 sum
1883 3541 2150 3610 insipiens,

568 3642 655 3682 vos
703 3626 786 3681 me
815 3626 1078 3698 coegistis.
1110 3628 1320 3686 Idcirco
1355 3631 1518 3702 igitur
1559 3632 1836 3688 ﬁliationis
1878 3632 2151 3703 diligentia

570 3718 851 3773 hortamur
863 3733 1202 3776 communem
1227 3731 1464 3778 vestram
1487 3725 1893 3794 paternitatem,
1919 3724 2156 3794 qualiter

568 3805 624 3864 in
648 3824 755 3864 uno
778 3810 1064 3879 imitemini
1081 3813 1438 3883 cogitationes
1451 3815 1752 3883 hominum,
1781 3817 2153 3887 providentem

572 3895 858 3952 Dominum
889 3897 1249 3967 Salvatorem,
1282 3911 1340 3956 ut
1367 3903 1562 3959 dicatis
1609 3905 1677 3960 ad
1721 3905 1958 3975 aliquem
1999 3906 2154 3961 vobis

573 3991 908 4056 unanimem,
945 3994 1395 4062 quemadmodum
1429 3997 1541 4067 ipse
1569 3996 1763 4053 Petro:
1798 3998 1938 4064 Quid
1965 3999 2147 4052 dicunt

569 4081 797 4135 homines
828 4083 892 4136 de
921 4083 1039 4138 me?
1067 4083 1127 4140 Si
1174 4099 1300 4141 vero
1332 4102 1648 4156 responsum
1712 4089 1856 4144 illius
1918 4106 1986 4143 ex
2048 4089 2152 4143 ﬁde

570 4157 752 4235 fuerit,
785 4174 1204 4230 animadvertite
1253 4177 1486 4246 qualiter
1534 4181 1798 4234 sonuerit.
1847 4179 1904 4233 Si
1965 4191 2149 4233 autem

569 4264 738 4324 clare,
773 4265 1041 4321 custodite
1069 4281 1135 4322 ne
1168 4267 1501 4324 obfuscetur.
1533 4269 1589 4325 Si
1615 4286 1743 4325 vero
1774 4270 2026 4336 obscure,
2061 4271 2152 4326 lux

573 4355 755 4408 mundi
785 4355 988 4409 oranda
1021 4367 1122 4422 est,
1153 4358 1387 4427 qualiter
1414 4361 1484 4413 ita
1507 4359 1861 4432 fulgeatis,ut
1890 4362 2155 4418 universis

2261 1892 2757 1965 Longobardorum,
2782 1895 2924 1964 quod
2954 1903 3012 1948 ut
3037 1902 3157 1948 erat
3181 1892 3502 1957 vocabatur,
3531 1892 3680 1948 Mons
3701 1893 3819 1945 vide-

2257 1983 2388 2040 licet
2422 1983 2598 2049 fortis.
2632 1985 2851 2056 plenum
2883 1987 3046 2042 etiam
3077 1999 3146 2040 ex
3207 1985 3567 2041 nobilioribus
3611 1985 3821 2053 ejusdem

2260 2079 2456 2150 gentis.
2477 2077 2587 2133 llos
2611 2093 2804 2148 nempe
2835 2087 3062 2134 cunctos
3087 2078 3160 2131 ita
3191 2076 3561 2132 maculaverat
3600 2076 3818 2131 haeretica

2258 2170 2523 2240 pravitas,
2558 2179 2619 2225 ut
2671 2179 2796 2224 ante
2850 2179 2969 2226 erat
3023 2168 3127 2224 illis
3184 2169 3388 2224 crudeli
3446 2178 3626 2223 morte
3672 2167 3816 2227 ﬁniri,

2259 2275 2421 2328 quam
2450 2260 2518 2314 ab
2543 2259 2630 2315 illa
2653 2261 3033 2330 quoquomodo
3062 2269 3284 2331 possent
3319 2261 3385 2314 ad
3430 2260 3815 2315 saluberrimam

2259 2349 2465 2412 Christi
2495 2351 2706 2406 Domini
2733 2351 2891 2406 ﬁdem
2933 2351 3196 2406 revocari.
3245 2349 3510 2408 Colebant
3536 2350 3677 2405 enim
3705 2349 3829 2404 idola

2259 2457 2411 2498 more
2433 2458 2788 2514 paganorum,
2823 2458 2887 2498 ac
2936 2459 3060 2498 cum
3109 2442 3311 2499 Iudaeis
3359 2445 3540 2513 inepta
3586 2441 3824 2498 sacriﬁcia

2259 2533 2415 2588 litare
2436 2534 2764 2588 nitebantur.
2796 2534 3107 2604 Saepissime
3134 2534 3363 2603 denique
3387 2543 3498 2589 tam
3521 2533 3847 2588 Maiufredus.

2264 2626 2640 2680 marchionum
2665 2623 3141 2695 prudentissimus,
3165 2640 3326 2696 quam
3358 2624 3531 2680 frater
3553 2626 3670 2696 ejus
3704 2625 3826 2679 Alri-

2261 2731 2358 2771 cus
2381 2716 2628 2771 Astensis
2660 2715 2809 2771 urbis
2832 2716 3048 2786 prmsul,
3099 2717 3154 2772 in
3181 2718 3335 2788 cujus
3359 2716 3575 2772 scilicet
3625 2716 3824 2790 dieeesi

2264 2805 2504 2861 locatum
2537 2807 2838 2862 habebatur
2884 2810 3201 2878 praedictum
3239 2818 3503 2874 castrum,
3553 2809 3826 2876 eazteriqne

2262 2899 2607 2954 marchiones
2650 2915 2726 2959 ac,
2767 2900 3024 2969 praesules
3071 2900 3426 2955 circumcirca
3486 2901 3848 2955 creberrimos

2262 2991 2368 3046 illis
2389 2990 2625 3046 assultus
2649 2991 2970 3055 intulerunt,
3025 2991 3315 3061 capientes.
3335 3006 3400 3046 ex
3429 2992 3512 3046 eis
3537 2989 3830 3051 nonnullos,

2262 3099 2399 3154 quos
2441 3084 2566 3137 dum
2612 3098 2720 3136 non
2760 3083 3062 3152 quivissent
3087 3097 3341 3137 revocare
3363 3083 3432 3136 ab
3457 3082 3690 3146 insania,
3724 3081 3830 3150 igne

2260 3189 2591 3232 cremavere.
2615 3173 2857 3246 Contigit
2883 3189 3013 3245 ergo
3042 3175 3094 3226 in
3127 3173 3302 3227 vicino
3355 3173 3542 3226 haberi
3585 3172 3724 3226 aliud
3751 3187 3830 3223 ca-

2257 3275 2430 3320 strum
2460 3277 2660 3320 nostra:
2691 3264 2966 3335 religionis
2989 3273 3042 3318 et
3076 3263 3221 3329 lidei,
3248 3262 3300 3317 iu
3323 3275 3434 3332 quo
3456 3262 3675 3330 quidam
3695 3261 3830 3313 miles

2259 3354 2551 3425 aliquando
2611 3363 2883 3426 argrotans
2910 3354 2977 3407 ad
3001 3361 3304 3409 extremum
3338 3367 3475 3422 pene
3527 3350 3823 3406 devenerat.

2257 3445 2339 3500 Ad
2366 3458 2528 3515 quem
2561 3445 2746 3515 utique
2773 3444 3098 3500 visitandum
3128 3460 3193 3499 ex
3226 3443 3609 3498 ltmreticorum
3632 3443 3829 3498 castello

2258 3537 2468 3592 illorum
2501 3537 2792 3606 pragcipua,
2813 3536 2966 3606 juxta
2999 3551 3224 3600 tnorem,
3258 3537 3484 3590 veniens
3516 3536 3728 3602 mulier,
3763 3549 3827 3592 re.

2255 3641 2384 3680 vera
2422 3625 2604 3695 potius
2649 3635 2708 3680 ut
2740 3626 3043 3682 evidentior
3087 3627 3242 3680 lieret
3301 3635 3446 3681 secta
3479 3625 3720 3694 ejusdem
3749 3640 3826 3679 ne.

2255 3717 2460 3787 quitize,
2494 3717 2740 3787 protinus
2771 3727 2828 3772 ut
2874 3718 3158 3787 egrediens
3188 3719 3406 3773 domum
3459 3718 3515 3772 in
3577 3733 3682 3787 qua
3705 3732 3829 3787 aeger

2257 3806 2583 3869 'dccubabat,
2618 3806 2868 3873 intraret,
2906 3819 3129 3876 repente
3157 3807 3497 3877 prospiciens
3530 3807 3577 3862 is
3604 3807 3691 3876 qui
3727 3805 3825 3857 lan-

2255 3899 2478 3970 guebat,
2508 3898 2644 3953 vidit
2665 3899 2870 3953 intrare
2894 3913 3015 3954 cum
3053 3900 3239 3953 eadem
3265 3897 3492 3953 muliere
3518 3900 3586 3954 ad
3609 3913 3668 3953 se
3694 3899 3829 3953 innu-

2257 3989 2568 4044 tncrabilem
2593 3991 2895 4046 exercitum
2931 3991 2984 4045 in
3027 3991 3335 4063 nigerrimis
3389 3991 3636 4047 vestibus
3675 3991 3821 4046 facie-

2254 4085 2463 4155 busque
2484 4087 2794 4141 teterrimis.
2827 4088 2948 4154 Qua.
2967 4102 3097 4141 vero
3124 4087 3390 4155 ingressa,
3418 4095 3707 4156 postquam
3729 4086 3828 4139 latt-

2255 4178 2468 4248 glentis
2494 4177 2750 4242 frontem,
2782 4194 2845 4235 ac
2889 4177 3103 4250 pulsum
3153 4177 3410 4248 pectoris,
3445 4187 3501 4234 et
3531 4188 3746 4242 caetera,
3783 4185 3833 4228 ut

2257 4283 2388 4322 usus
2428 4268 2609 4333 habet,
2655 4284 2815 4323 manu
2865 4269 3322 4338 perlustravisset,
3357 4270 3833 4338 pronuntiaretqiie

2257 4357 2406 4412 illum
2432 4358 2828 4412 convaliturum
2856 4360 2910 4412 in
2937 4359 3265 4429 proximum,
3300 4359 3463 4416 domo
3495 4374 3719 4431 egressa
3739 4367 3832 4420 est,

573 4444 625 4497 in
649 4445 854 4516 gremio
885 4447 1138 4519 Ecclesia:
1172 4451 1480 4506 constitutis
1503 4453 1571 4506 ad
1609 4453 1744 4507 viam
1776 4453 2150 4508 mandatorum
2184 4492 2232 4551 Β
2263 4458 2483 4518 totaque
2507 4449 2668 4502 simul
2692 4447 2892 4502 familia
2919 4465 3041 4504 cum
3070 4450 3158 4503 illa
3191 4450 3362 4504 solum
3391 4451 3665 4520 reliquere
3695 4450 3833 4503 inﬁr-

575 4535 668 4588 Dei
700 4535 1048 4606 gradiendam
1098 4539 1278 4594 lumen
1306 4541 1608 4610 prtebeatis.
1642 4542 1746 4597 Sed
1779 4551 1862 4599 est
1886 4542 2024 4597 fama
2057 4543 2151 4605 rei,

574 4643 695 4697 qua:
719 4643 892 4698 nuper
921 4619 1048 4699 erga
1080 4645 1176 4685 nos
1230 4632 1446 4700 accidit,
1482 4634 1548 4689 de
1599 4649 1702 4702 qua
1751 4634 1874 4704 quis
1929 4633 2157 4689 audiens

574 4736 678 4772 tum
704 4720 1121 4790 scandalizatur,
1147 4723 1356 4778 noverit
1383 4739 1439 4778 se
1461 4725 1613 4796 longe
1639 4727 1706 4781 ab
1722 4741 1904 4782 amore
1927 4742 2157 4781 sunerno

573 4810 857 4878 disparari.
895 4809 1160 4879 Quoniam
1186 4813 1332 4880 licet,
1364 4826 1603 4885 potestas
1648 4815 1877 4870 Romani
1922 4809 2158 4886 imperii,

573 4919 690 4971 qua:
715 4903 842 4958 olim
866 4904 918 4958 in
943 4904 1076 4973 orbe
1107 4899 1372 4974 terrarum
1419 4897 1744 4962 monarches
1790 4900 1982 4978 viguit,
2014 4925 2156 4964 nunc

575 5008 670 5063 per
697 4995 912 5050 diversa
945 4986 1214 5082 terrarum
1235 4991 1538 5054 innumeris
1573 5011 1792 5068 regatur
1815 5001 2065 5070 sceptris,
2088 5000 2167 5068 li-_

575 5087 732 5132 nandi
769 5085 1118 5132 enlvnmlimtb
1230 5102 1370 5132 ἕρεις-τι
1399 5100 1447 5132 οι
1478 5091 1528 5132 in
1552 5090 1689 5132 nmln
1712 5099 1948 5132 nnlnelnc
2013 5093 2156 5132 rlnnn

2263 4557 2427 4595 mum.
2459 4540 2654 4595 Statim
2680 4557 2894 4611 quoque
2921 4541 3093 4597 adfuit
3121 4543 3196 4596 illi
3223 4545 3527 4613 nigrorum,
3557 4560 3716 4616 quem
3761 4545 3832 4597 vi-

2259 4633 2430 4695 derat,
2447 4632 2654 4701 globus,
2684 4632 2771 4686 cui
2797 4634 2886 4698 ita,
2922 4633 3012 4702 qui
3037 4633 3318 4688 videbatur
3339 4634 3833 4708 illorumprinceps.

2262 4721 2408 4774 inﬁt:
2439 4739 2456 4772 ι
2502 4720 2767 4790 Agnoscis
2814 4736 2924 4786 me,
2969 4721 3240 4795 inquiens,
3287 4723 3477 4794 litigo?
3554 4724 3670 4782 Hoc
3703 4729 3834 4781 enim

2259 4821 2376 4866 erat
2405 4812 2549 4867 illius
2575 4814 2703 4885 ωετί
2727 4814 3071 4869 vocabulum.
3098 4813 3340 4884 Cumque
3363 4817 3452 4872 ille
3500 4822 3830 4888 responlens

2261 4906 2464 4960 diceret
2489 4923 2503 4960 :
2532 4903 2610 4961 Tu
2642 4907 2764 4976 quis
2793 4908 2883 4962 es?
2908 4907 3043 4961 dixit
3073 4907 3155 4961 ei:
3186 4907 3610 4967 Potentissimus
3658 4923 3838 4984 poten-

2261 5003 2398 5059 tum,
2441 5010 2505 5049 ac
2528 4995 2826 5049 ditissimus
2853 4996 3077 5049 divitum
3099 5011 3198 5065 ego
3227 4997 3317 5066 qui
3348 5013 3580 5054 occurro
3615 5001 3732 5054 tibi.
3779 5001 3832 5055 Si

2261 5099 2345 5132 me
2372 5093 2582 5132 tantum
2631 5085 2931 5132 credideris
2979 5087 3158 5132 facere
3187 5102 3365 5132 nnssn-
3415 5097 3472 5132 nt
3500 5098 3552 5132 In
3575 5105 3605 5132 ει
3646 5102 3815 5132 mni-In
