3992 5338
70 2455 160 2500 k/

193 329 300 384 673

1085 334 1556 389 IIISTURIARLTM
1598 333 1773 388 ιεΒιιι
1811 333 2134 400 QUINQUE.
2172 369 2234 376 —
2258 339 2382 393 LIB.
2418 338 2504 393 IV.

3335 343 3436 400 674

191 459 318 496 cum
343 443 559 498 caeteris
587 443 705 498 fuit.
739 444 936 498 Deinde
962 459 1090 499 vero
1118 446 1302 513 prima:
1331 446 1535 499 fraudis
1583 455 1774 500 auctor
1803 455 1846 508 Α
1876 447 2209 506 cedentibus.
2244 451 2386 516 quod
2440 458 2565 504 tunc
2605 450 2787 519 procul
2835 451 2993 506 dubio
3033 453 3437 513 evidentissima

188 533 419 601 adjecit:
457 554 475 586 ι
511 534 696 590 Nonne
714 535 873 588 ctiam
910 536 959 588 in
993 537 1367 591 transmarinis
1409 535 1652 604 partibus
1682 549 1764 588 re-

183 638 354 691 gnum
403 623 712 679 Graecorum
747 635 865 692 post
892 623 1146 678 Basiliam
1179 626 1424 680 Michaeli
1465 625 1594 678 mihi
1634 625 1764 681 obe-

188 713 356 766 dienti
387 713 623 768 tradidi?
652 713 859 768 Idcirco
914 717 1074 769 crede
1117 716 1270 780 mihi,
1319 724 1374 768 et
1423 715 1617 769 faciam
1665 714 1760 769 tibi

183 803 357 856 multo
379 804 587 873 majora
624 819 782 873 quam
815 821 1032 874 sperare
1053 822 1241 876 queas,
1273 816 1429 876 teque
1459 808 1632 876 ipsum
1673 823 1762 862 sa-

187 893 349 946 nitati
381 888 692 947 restituam.
727 914 744 946 ι
780 895 905 948 Erat
931 897 1126 966 quippe
1154 895 1294 950 fama
1333 906 1460 950 tunc
1502 898 1760 966 temporis

181 982 329 1050 quod
364 981 502 1036 idem
530 981 755 1036 Michael
782 984 1139 1039 cubicularius
1155 984 1341 1040 fuisset
1368 986 1758 1050 Basilii,clam-

181 1085 289 1138 que
316 1070 394 1124 ili
420 1087 682 1126 venenum
711 1073 763 1126 in
794 1084 919 1144 potu
972 1077 1038 1128 ad
1081 1090 1269 1130 necem
1302 1076 1558 1131 dedisset.
1592 1075 1758 1144 Cujus

171 1162 372 1231 procul
394 1163 555 1217 dubio
573 1163 778 1234 imperii
809 1174 928 1234 post
953 1175 1175 1220 mortem
1205 1168 1320 1236 ejus
1341 1169 1567 1236 sumpsit
1595 1183 1753 1222 coro-

175 1271 328 1310 nam.
354 1256 517 1324 Cujus
546 1239 729 1322 etiam,
759 1267 816 1312 ut
849 1275 945 1330 par
964 1269 1098 1323 erat,
1126 1261 1364 1329 regiment
1411 1261 1619 1330 imperii
1647 1274 1754 1315 non

174 1349 317 1402 satis
347 1350 477 1404 utile
516 1349 636 1403 fuit.
660 1350 869 1406 Interea
909 1362 1235 1406 memoratus
1258 1352 1408 1424 llugo
1433 1354 1488 1408 in
1527 1368 1646 1408 sese
1670 1368 1752 1408 re-

173 1454 389 1500 versus.
414 1439 601 1494 dextra
629 1441 837 1510 signum
889 1442 1211 1496 venerabilis
1237 1446 1414 1498 crucis
1451 1444 1754 1513 exprimere

171 1536 417 1591 tentans,
447 1529 618 1582 dixit:
649 1548 667 1580 ι
699 1530 810 1598 Ego
837 1545 963 1583 vero
992 1528 1176 1584 .Iesum
1211 1532 1302 1585 Dei
1329 1532 1521 1586 Filium
1563 1542 1750 1598 testor,

167 1632 335 1686 quem
359 1619 545 1681 adoro,
569 1619 729 1674 credo
751 1628 803 1673 et
831 1619 1112 1684 confiteor,
1135 1636 1239 1673 non
1262 1621 1424 1674 alium
1455 1632 1505 1676 te
1531 1623 1750 1678 omnino

163 1705 477 1780 credidero,
505 1706 605 1759 nisi
636 1715 691 1759 ut
713 1706 857 1760 fuisti
887 1719 942 1761 et
981 1723 1059 1772 es,
1109 1708 1348 1764 fallacem
1399 1709 1689 1765 diabolum.
1723 1729 1743 1763 ι

1869 537 2082 591 claruit.
2116 537 2425 594 Multimode
2441 540 2637 610 quippe
2649 541 3009 598 membrorum
3026 544 3434 608 reformationcs

1866 628 2062 682 ibidem
2089 629 2219 683 visa:
2243 641 2366 684 sunt
2395 633 2684 695 exstitisse,
2710 646 2773 687 ac
2803 634 3028 704 insignia
3074 640 3303 706 pendere
3346 655 3436 695 os-

1865 720 2112 775 cillormn
2156 721 2526 787 multiformia,
2585 740 2683 780 nec
2737 734 2916 781 tamen
2970 729 3279 795 Moriauum,
3350 735 3432 788 vcl

1867 807 2142 872 Utzeticaa,
2193 825 2286 866 seu
2337 812 2646 868 Gratiuouie
2672 816 2881 871 urbium
2912 820 3186 888 prmsules,
3217 820 3271 875 in
3303 840 3434 892 quc-

1864 914 1982 954 rum
1999 900 2320 955 dioecesibus
2337 901 2455 954 talia
2473 901 2910 970 profanabantur,
2929 907 3256 977 t'iiigentiam
3275 911 3434 979 hujus

1863 989 2199 1058 inquirendae
2230 992 2307 1045 rei
2342 991 2657 1046 adhibuere.
2689 993 2828 1060 Quin
2861 996 3038 1064 potius
3077 999 3430 1054 conciliabula

1859 1085 2180 1143 statuentes,
2211 1079 2263 1132 in
2288 1080 2557 1148 aliquibus
2578 1081 2711 1136 nihil
2753 1082 2897 1138 aliud
2947 1085 3048 1139 nisi
3081 1085 3242 1156 inepti
3296 1088 3431 1143 lucri

1860 1171 2142 1238 qmesitum
2175 1186 2204 1224 a
2230 1170 2403 1239 plebe,
2435 1172 2669 1228 simulet
2709 1172 2946 1229 favorem
2999 1176 3223 1233 fallat-ire
3250 1181 3432 1248 exige-

1860 1259 2010 1313 bant.
2072 1260 2277 1315 Interea
2313 1261 2659 1328 Mainfredus,
2720 1266 3088 1319 marchionum
3114 1269 3430 1330 ditiSslmtts,

1860 1349 2160 1418 hujusmodi
2189 1352 2385 1406 famam
2436 1357 2798 1424 comperiens,
2849 1357 3206 1423 misitesuis,
3252 1360 3340 1428 qui
3378 1361 3426 1412 vi

1858 1441 2129 1509 rapientes
2154 1442 2281 1496 illud
2312 1445 2453 1512 quod
2485 1445 2765 1500 colebatur
2800 1447 3147 1502 simulacrum
3204 1451 3304 1504 sibi
3334 1451 3431 1505 dc-

1856 1528 2081 1594 ferrent,
2104 1547 2262 1602 quem
2308 1534 2650 1590 aestimabant
2695 1549 2988 1609 martyrem
3039 1541 3428 1596 venerandum.

1855 1619 2085 1688 Imperat
2134 1621 2274 1676 idem
2301 1623 2544 1677 marcbio
2588 1626 2917 1682 constituere
2955 1628 3342 1684 monasterium
3374 1629 3428 1683 in

1855 1708 2052 1766 Seutiae
2082 1719 2286 1778 castro,
2311 1713 2451 1780 quod
2481 1725 2564 1768 est
2589 1716 3024 1784 antiquissimum
3069 1719 3210 1773 inter
3242 1720 3426 1788 Alpes,

165 1793 329 1847 Tunc
349 1795 557 1848 dzntnon
588 1796 845 1849 continuo
873 1798 1012 1851 hanc
1038 1811 1222 1852 vocem
1269 1798 1476 1852 edidit:
1505 1818 1523 1851 ι
1557 1799 1748 1868 thso
1779 1789 1821 1848 Β
1851 1797 1904 1853 in
1933 1801 2135 1854 honore
2158 1801 2252 1855 Dei
2288 1803 2698 1872 omnipotentis,
2752 1805 3101 1877 ejusdemque
3144 1809 3426 1879 genitricis

167 1900 240 1937 ne
263 1885 542 1939 hrachmm
594 1895 781 1939 contra
827 1901 910 1939 me
939 1886 1137 1957 erigas.
1175 1904 1192 1938 ι
1241 1888 1437 1957 Sicque
1489 1890 1748 1944 continuo

155 1976 348 2028 omnis
379 1975 465 2030 ille
492 1976 682 2045 globus
695 1987 752 2030 ut
781 1975 959 2032 fumus
976 1979 1296 2033 evanuit.At
1322 1978 1408 2034 ille
1439 1980 1748 2036 exclamans

159 2080 305 2118 voce
339 2081 442 2135 qua
472 2066 665 2134 potuit,
689 2078 982 2124 occurrunt
1014 2069 1210 2139 quippe
1237 2069 1542 2135 domestici,
1563 2080 1749 2126 narrat

161 2155 278 2208 iilis
311 2169 375 2208 ex
405 2155 593 2208 ordine
624 2171 743 2224 qua:
767 2158 916 2223 vidit,
942 2173 1060 2226 quae
1083 2158 1306 2213 audivit.
1334 2158 1540 2225 Quibus
1568 2161 1746 2229 dictis,

162 2246 288 2311 ipso
313 2244 399 2298 die
420 2256 547 2299 ante
571 2247 702 2302 solis
737 2263 986 2304 occasum
1013 2249 1164 2302 obiit.
1194 2248 1332 2304 Nulli
1367 2251 1599 2323 denique
1643 2253 1745 2308 du-

164 2336 316 2390 bium
344 2337 604 2406 quoniam
629 2338 730 2393 ista
752 2349 807 2394 et
835 2339 934 2394 sibi
966 2349 1019 2394 et
1047 2342 1199 2398 nobis
1233 2344 1388 2399 vidit.

735 2436 740 2442 '
769 2429 998 2485 CAPUT
1033 2430 1118 2484 Ill.

159 2518 324 2582 Quod
349 2521 575 2589 peccatis
605 2522 872 2598 [norninant
896 2524 1236 2598 exigentibus,
1269 2524 1493 2598 Domino
1534 2530 1748 2598 permit-

237 2601 396 2710 thte,
435 2608 467 2643 a
513 2607 731 2660 nequam
785 2594 1049 2662 spiritibus
1089 2595 1370 2665 aliquando
1407 2594 1544 2664 [iant
1582 2600 1746 2653 mira-

237 2677 298 2710 συ
325 2678 378 2710 α.
1003 2706 1005 2708 .

233 2677 378 2713 cum.

231 2751 428 2807 Divina
457 2752 624 2821 igitur
643 2756 933 2813 auctoritas
943 2771 1042 2828 per
1063 2756 1279 2830 Moysen
1304 2758 1502 2818 iudicis
1532 2761 1746 2832 prolata

161 2845 350 2898 taliter
376 2845 498 2900 illos
546 2849 772 2913 monuit,
803 2849 1020 2905 dicens:
1047 2851 1107 2907 Si
1147 2853 1325 2920 fuerit,
1377 2855 1581 2925 inquit,
1625 2873 1744 2926 prc-

163 2938 316 3002 pheta
344 2938 484 2991 inter
505 2955 612 3001 vos,
646 2939 860 3009 loquens
915 2941 970 2994 in
1001 2943 1205 2996 nomine
1253 2942 1481 3014 alicujus
1531 2947 1745 3000 deorum

157 3028 418 3094 gentium,
446 3030 536 3098 qui
555 3032 857 3097 pradixsrit
885 3034 1154 3103 quidpiam
1173 3036 1430 3104 futurum,
1457 3047 1506 3090 et
1523 3038 1744 3106 fortuitu

165 3120 409 3180 averterit,
435 3135 539 3173 non
565 3122 790 3176 credatis
813 3124 885 3187 ei,
908 3125 1154 3193 quoniam
1185 3137 1346 3181 teutat
1373 3145 1458 3182 vos
1485 3129 1742 3183 Dominus
1769 3151 1814 3214 ο
1845 3120 2113 3221 noset-"et,
2155 3120 2335 3214 πίηηυε

165 3205 306 3260 Deus
343 3221 533 3272 vester,
567 3219 624 3262 ut
647 3213 776 3265 sciat
807 3213 855 3266 si
879 3214 1110 3284 diligatis
1137 3233 1274 3282 cum,
1313 3234 1382 3270 an
1414 3235 1536 3273 non.
1570 3219 1740 3275 Habe-

166 3312 284 3352 mus
308 3312 443 3367 ergo
465 3298 519 3352 in
545 3303 954 3368 prtesentiarum
978 3306 1030 3359 in
1068 3323 1128 3360 re
1155 3308 1400 3364 dissimili
1426 3325 1532 3365 non
1555 3312 1740 3380 dispar

163 3392 490 3460 exemplum.
523 3391 644 3447 Fuit
669 3395 812 3450 enim
842 3397 895 3451 in
941 3401 1255 3471 praescripto
1311 3411 1551 3474 tempore
1580 3406 1740 3460 homo

159 3482 406 3548 plebeius
429 3499 754 3554 mangonum
781 3486 1184 3555 callidissimus,
1235 3493 1404 3562 ignoti
1431 3502 1611 3550 tamen
1642 3511 1740 3550 no-

161 3573 327 3626 minis
352 3582 404 3626 et
426 3576 632 3642 patriae,
655 3577 911 3645 quoniam
933 3593 1031 3648 pro
1053 3579 1458 3636 diversitatibns
1499 3583 1738 3640 locorum

157 3674 413 3727 quaerens
440 3661 701 3719 latebram
721 3681 790 3720 ne
811 3677 1214 3736 agnosceretur,
1247 3669 1614 3728 fraudulenter
1641 3675 1740 3729 im-

162 3754 398 3818 ponebat
429 3755 532 3808 sibi
559 3756 835 3823 vocabula,
871 3757 955 3814 vel
1003 3757 1072 3814 de
1113 3775 1218 3830 qua
1263 3760 1400 3817 foret
1439 3765 1736 3832 provincia.

165 3843 470 3900 l-lﬂ'odiebat
499 3863 715 3917 quoque
735 3864 768 3904 e
795 3849 1013 3905 tumulis
1038 3849 1280 3906 clancule
1305 3867 1426 3908 ossa
1447 3855 1684 3911 eveliens
1708 3871 1738 3911 a

163 3940 438 3994 cineribus
467 3942 774 4011 nuperrime
813 3941 1192 3999 defunctorum
1223 3945 1522 4012 hominum,
1552 3946 1738 4016 sicque

165 4030 411 4098 imposita
455 4031 508 4084 in
551 4031 782 4086 diversis
825 4019 1166 4102 apophoretis
1235 4036 1547 4091 venditabat
1597 4038 1737 4108 apud

163 4119 420 4186 plurimos
442 4135 539 4188 pro
567 4130 877 4176 sanctorum
905 4131 1200 4194 martyrum
1229 4139 1323 4180 seu
1369 4125 1737 4182 confessorum

165 4209 422 4278 reliquiis.
454 4209 552 4264 llic
580 4225 727 4276 vero,
756 4221 876 4280 post
897 4212 1207 4269 innumeras
1223 4214 1442 4284 hujusce
1465 4215 1738 4272 illusiones

164 4297 213 4351 in
249 4298 446 4354 Galliis
487 4309 748 4368 patratas,
781 4301 1004 4374 perfuga
1057 4305 1204 4359 venit
1239 4305 1310 4358 ad
1349 4304 1464 4360 loca
1499 4306 1733 4374 Alpium,

1859 1888 2040 1944 Maria:
2063 1905 2278 1960 semper
2306 1891 2562 1962 Virginis.
2587 1894 2642 1947 In
2673 1910 2780 1964 quo
2805 1896 2967 1949 etiam
3000 1905 3124 1966 post
3171 1899 3430 1968 epri-tio-

1848 1991 1968 2031 nem
1992 1979 2169 2048 operis
2191 1978 2338 2033 illum
2371 1996 2491 2035 cum
2532 1982 2652 2038 aliis
2679 1985 3087 2054 quamplurimis
3117 1998 3424 2045 sanctorum

1849 2068 2162 2138 pignoribus
2221 2070 2400 2126 locare
2445 2075 2780 2130 decreverat.
2831 2077 2959 2132 Post
2981 2080 3252 2148 paululum
3292 2097 3426 2151 quo-

1849 2178 1955 2232 que
2029 2165 2296 2235 completo
2367 2168 2611 2224 ecclesia:
2657 2185 2838 2240 opere,
2896 2181 3206 2243 statutaque
3274 2175 3426 2230 dedi-

1846 2251 2074 2307 cationis
2142 2253 2252 2320 die,
2329 2257 2611 2313 accersitis
2685 2261 2954 2331 episcOpis
3020 2263 3072 2316 iu
3141 2263 3258 2330 giro
3331 2265 3422 2319 de-

1849 2341 2126 2411 gentibus,
2191 2357 2313 2396 cum
2395 2347 2590 2413 quibus
2651 2348 2815 2402 etiam
2880 2364 3023 2420 srcpe
3113 2353 3424 2408 nominatus

1854 2429 2021 2483 abbas
2094 2427 2432 2500 Willclmus,
2497 2436 2844 2506 nonnullique
2930 2439 3152 2494 abhates
3235 2440 3421 2496 adfue-

1850 2529 1996 2574 runt.
2053 2521 2180 2575 Erat
2233 2533 2410 2578 autem
2464 2534 2588 2580 tunc
2631 2527 2922 2597 praedictus
2971 2529 3039 2583 ibi
3092 2545 3284 2602 mango
3306 2530 3419 2600 jam

1847 2608 1992 2662 dicto
2049 2611 2350 2666 marchioni
2391 2614 2840 2694 percharissimus
2898 2616 3119 2672 effectus
3151 2658 3166 2684 ,
3221 2619 3420 2691 quippe

1847 2699 2100 2766 quoniam
2133 2701 2425 2770 spondebat
2448 2718 2508 2758 se
2537 2704 2706 2759 multo
2750 2706 3068 2776 pretiosiora
3105 2719 3426 2765 sanctorum

1848 2790 2073 2863 pignora
2113 2789 2176 2855 in
2223 2793 2472 2864 proximo
2517 2795 2903 2862 revelatnrum,
2950 2813 3176 2868 quorum
3213 2802 3420 2856 scilicet

1847 2893 1994 2953 gesta
2019 2890 2073 2936 et
2116 2884 2356 2949 nomina,
2411 2893 2573 2955 atque
2609 2887 2924 2957 passionum
2971 2891 3266 2945 certamina
3292 2931 3307 2956 ,
3361 2903 3421 2946 ut

1850 2981 2064 3037 caetera,
2113 2971 2379 3029 fallaciter
2403 2975 2764 3047 contingebat.
2799 2977 2900 3045 Qui
2943 2993 3062 3034 cum
3097 2996 3127 3034 a
3165 2981 3420 3037 doctiori-

1845 3061 1947 3117 bus
1968 3062 2272 3134 quibusque
2318 3066 2775 3137 interrogaretur,
2839 3070 3072 3139 qualiter
3118 3073 3244 3127 talia
3295 3090 3419 3144 per-

2383 3159 2699 3216 verisimilia
2743 3162 3020 3220 blateratis
3069 3169 3414 3234 personabat.

1839 3243 1974 3299 Nam
2001 3255 2057 3301 et
2083 3258 2294 3318 egomet
2344 3263 2466 3303 cum
2520 3253 2714 3320 stepius
2742 3254 3018 3310 nominato
3070 3256 3420 3311 abhateilluc

1839 3334 2126 3392 deveniens
2176 3337 2489 3394 intereram.
2535 3341 2729 3397 Aiebat
2773 3361 3035 3416 namque:
3095 3367 3113 3399 α
3151 3349 3412 3420 Apparet,

1843 3424 2116 3494 inquiens,
2149 3428 2279 3482 mihi
2311 3438 2470 3484 noctu
2505 3432 2744 3500 angelus,
2790 3445 3084 3507 narratque
3133 3455 3198 3494 ac
3253 3440 3414 3495 docet

1838 3528 2169 3586 quaecunque
2218 3533 2305 3573 me
2345 3519 2481 3574 velle
2527 3522 2668 3577 scire
2692 3527 2917 3588 noverit,
2955 3535 3008 3580 et
3060 3529 3238 3582 tandiu
3270 3517 3434 3599 apud.

1840 3619 1925 3658 me
1966 3614 2163 3670 manet,
2212 3622 2384 3676 usque
2440 3609 2567 3664 dum
2619 3625 2719 3681 ego
2772 3613 3026 3668 recedere
3073 3617 3354 3685 compello.
3388 3637 3408 3670 ι

1835 3693 1970 3748 Cum
2005 3711 2135 3750 vero
2181 3697 2248 3752 ad
2299 3699 2416 3754 hmo
2462 3701 2846 3770 respondentes
2891 3704 3313 3770 sciscitaremus,
3342 3724 3410 3761 an

1837 3787 1964 3857 vigil
1995 3801 2088 3842 seu
2119 3789 2383 3844 insomnis
2433 3790 2536 3846 hoc
2582 3802 2847 3858 cerneret,
2885 3794 3202 3865 subiunxit:
3241 3815 3260 3848 ι
3304 3797 3412 3852 Per

1837 3876 2076 3948 singulas
2125 3894 2261 3948 pene
2315 3887 2502 3936 noctes
2545 3880 2705 3950 eripit
2754 3897 2840 3937 me
2881 3885 3156 3954 angeluse
3193 3885 3409 3950 lectulo,

1839 3981 2005 4019 uxore
2030 3982 2148 4022 mea
2186 3969 2487 4039 ignorante,
2513 3972 2604 4040 qui
2629 3981 2749 4040 post
2779 3974 2943 4029 multa
2971 3975 3236 4045 colloquia
3267 3977 3410 4030 salu-

1837 4065 1958 4112 tans
2003 4073 2089 4113 me
2139 4071 2301 4129 atque
2360 4062 2674 4117 deosculaus
2721 4066 2940 4119 recedit.
2978 4085 2997 4118 ι
3041 4065 3150 4121 Nos
3197 4082 3410 4136 quoque

1836 4147 2195 4215 exspoliatum
2224 4148 2614 4205 calliditatibus
2641 4153 3002 4224 intelligentes
3033 4156 3370 4211 mendacium
3389 4199 3405 4221 ,

1835 4238 2184 4306 cognovimus
2205 4239 2380 4292 virum
2397 4255 2500 4294 non
2528 4242 2853 4311 angelicum,
2887 4244 3014 4312 quin
3045 4246 3225 4314 potius
3261 4245 3408 4299 fran-

1835 4329 1917 4383 dis
1953 4342 2017 4382 ac
2039 4328 2390 4400 malignitatis
2419 4330 2747 4386 ministrum.
2799 4333 3069 4390 Praeterea
3119 4337 3408 4406 pontifices

164 4390 244 4444 ubi
271 4405 520 4460 persrcpe
569 4391 741 4447 bruta:
784 4400 974 4462 gentes
1021 4394 1324 4450 inhabitant
1379 4396 1638 4452 habentes
1681 4398 1734 4452 in

1847 4419 1938 4471 rite
1957 4427 2297 4489 peragentes,
2339 4419 2408 4474 ob
2442 4436 2603 4492 quam
2633 4433 2916 4488 venerant,
2947 4426 3200 4482 Ecclesiae
3226 4444 3409 4483 conse-

161 4482 338 4535 anteis
367 4481 603 4550 plurima
634 4483 926 4538 domicilia.
954 4483 1032 4539 Ibi
1075 4500 1266 4555 nempe
1293 4502 1352 4543 se
1400 4485 1732 4556 Stephanum

1847 4507 2152 4572 arationem,
2201 4510 2615 4567 intromiserunt
2643 4529 2766 4567 cum
2797 4517 3006 4572 caeteris
3047 4517 3397 4588 reliquiarum

163 4575 507 4644 nuncupavit,
541 4575 631 4643 qui
689 4575 828 4630 alias
870 4575 1086 4642 Petrus,
1115 4578 1250 4633 alias
1277 4578 1512 4636 Joannes
1560 4581 1736 4636 dictus

165 4663 354 4718 fuerat.
385 4664 504 4720 Illic
530 4680 659 4736 ergo
681 4682 835 4721 more
860 4667 1021 4722 solito
1068 4678 1228 4725 noctu
1269 4671 1530 4740 colligens
1555 4686 1585 4725 a
1616 4671 1733 4726 loco

162 4752 523 4820 ahjectissimo
547 4753 712 4824 ignoti
735 4771 857 4810 ossa
879 4756 1136 4822 hominis,
1163 4774 1282 4827 qua:
1326 4760 1506 4828 posuit
1529 4760 1584 4814 in
1611 4775 1731 4816 cas-

164 4843 282 4896 sella
309 4852 366 4899 et
389 4843 613 4911 feretro,
645 4845 862 4902 dicebat
886 4847 990 4902 sibi
1037 4849 1276 4917 angelica
1307 4851 1616 4906 ostensione
1645 4866 1730 4907 re-

165 4936 388 4992 velatum
415 4936 587 4992 fuisse
635 4924 796 5009 quem
830 4938 1062 5010 tingebat
1088 4955 1210 4996 esse
1260 4951 1505 4997 sanctum
1527 4953 1731 5015 marty-

166 5043 269 5083 rem
315 5030 539 5084 nomine
575 5029 810 5086 Iustum.
842 5031 962 5086 Mox
989 5047 1201 5101 quoque
1225 5033 1437 5104 vulgus,
1471 5044 1541 5110 ut.
1580 5051 1638 5090 se
1674 5037 1728 5090 in

165 5119 352 5170 talibus
385 5121 587 5170 habere
637 5123 798 5170 solet-
839 5123 1082 5170 ignavum
1132 5122 1392 5170 uuidouiil
1444 5127 1729 5170 "mir-ama

1835 4596 2148 4666 pignoribus
2190 4611 2310 4652 ossa
2357 4598 2499 4655 illius
2539 4603 2751 4670 profani
2801 4614 2920 4658 astu
2951 4606 3268 4671 adinveuta;
3298 4625 3408 4664 non

1835 4695 2015 4742 tamen
2075 4689 2193 4744 sine
2241 4705 2436 4760 magna
2487 4694 2768 4766 utriusque
2802 4696 2976 4764 plebis
3024 4699 3404 4765 exsultatione.

1833 4792 1953 4846 quae
1986 4778 2394 4836 innumerabilis
2437 4781 2581 4837 illico
2610 4796 2963 4840 convenerat.
3006 4786 3243 4856 Contigit
3278 4805 3411 4860 ergo

1831 4867 1934 4923 ista
1961 4867 2075 4922 fieri
2113 4870 2200 4924 die
2231 4881 2323 4924 xvt
2375 4871 2734 4928 Kalendarum
2765 4866 3174 4931 Novembrium.
3206 4877 3414 4933 Idcirco

1832 4973 2046 5029 nempe,
2096 4961 2352 5028 quoniam
2395 4962 2637 5021 fautores
2673 4966 2835 5034 hujus
2865 4967 3069 5022 erroris
3097 4967 3420 5024 asserebant

1830 5064 1950 5105 esse
1981 5049 2170 5104 eadem
2190 5048 2327 5106 Justi
2348 5055 2607 5126 martyris
2634 5070 2775 5118 ossa,
2803 5057 2900 5123 qui
2926 5071 2991 5111 eo
3015 5053 3101 5106 die
3130 5052 3424 5113 Bellovaco

1830 5139 2326 5170 ρηΙΙῖη-ηωηηοοηει
2343 5144 2504 5170 ιιι-ιι...
2542 5145 2689 5170 οηζηι.
2717 5143 2880 5170 ’.οἴη-..ει
2908 5149 3058 5170 -.ιαμ-Ι
3085 5141 3196 5170 Aul:

2074 5155 2326 5170 nonnon-Ia
2343 5144 2504 5170 ιιι-ιι...
2542 5145 2689 5170 οηζηι.
2717 5143 2880 5170 ’.οἴη-..ει
2908 5149 3058 5170 -.ιαμ-Ι
3085 5141 3358 5170 Ᾱιιιῖοσιῖλ.³
3382 5165 3392 5170 -
