3992 5338
572 342 693 401 673

1509 340 1828 399 'RODL'LFI
1869 339 2125 398 CLABlil
2159 338 2462 396 MONACHI
2504 341 2821 401 (ILUNMC.

3190 284 3201 297 θ
3219 284 3243 310 t1
3262 283 3335 307 I-r,

3719 345 3805 403 6ἷῦ

572 455 802 511 aliorum
840 454 1216 526 religiosorum
1242 463 1583 510 monstruosa
1611 456 1666 510 in
1696 455 1886 510 eadem
1926 453 2156 509 ecclesia
2186 458 2230 516 Λ
2261 452 2404 507 cnim
2431 454 2682 525 primitus
2735 456 2850 511 luce
2895 455 3154 511 sterilitas
3211 456 3432 512 ultionis
3483 456 3536 512 in
3594 459 3810 528 partibus

568 547 973 615 phantasmata,
1005 553 1168 615 atque
1204 560 1235 599 a
1274 544 1486 611 locello,
1512 561 1621 615 quo
1645 544 1849 600 inclusa
1881 545 2155 599 habeban-

566 635 661 692 tur
695 651 841 701 ossa,
877 633 1086 692 formas
1116 635 1398 708 nigrorum
1435 635 1755 708 Ethiopum
1802 637 2002 703 exisse,
2054 649 2155 691 nec

566 741 674 783 non
729 728 801 784 ab
846 726 1077 783 ecclesia
1124 715 1440 783 recessisse.
1493 728 1559 783 Et
1597 728 1723 783 licet
1774 728 1959 799 plures
2008 743 2154 784 sanie

563 821 763 877 mentis
794 820 1113 877 detestabile
1144 820 1457 892 ﬁgmentum
1498 819 1917 876 abominandum
1948 820 2154 875 clama-

565 922 709 981 rent,
735 913 926 985 vulgus
947 922 1155 968 tantum
1183 913 1471 969 rusticana:
1489 912 1661 984 plebis
1683 927 2008 983 mangonem
2037 926 2152 967 cor-

562 1013 781 1075 ruptum
830 1004 1013 1072 injusti
1059 1017 1255 1059 nomen
1285 1016 1385 1073 pro
1410 1001 1567 1057 Iusto
1602 1016 1891 1064 venerans,
1934 1000 2061 1057 olim
2094 1001 2148 1055 in

560 1110 661 1149 suo
695 1095 995 1164 permansit
1020 1108 1227 1149 errore.
1257 1091 1367 1149 Nos
1403 1101 1583 1149 autem
1608 1092 1811 1148 idcirco
1837 1093 1941 1148 ista
1965 1092 2152 1147 retuli-

559 1197 702 1248 mus,
728 1189 839 1237 uta
864 1180 1212 1237 multiformis
1239 1181 1545 1237 daemonum
1562 1195 1657 1236 seu
1678 1180 2038 1236 humanorum
2064 1195 2152 1235 er-

560 1274 769 1340 rorum,
782 1276 874 1346 qui
898 1275 951 1331 in
968 1276 1101 1331 orbe
1115 1274 1313 1347 passim
1329 1273 1623 1339 abundant,
1637 1275 1904 1345 praecipue
1917 1273 1971 1329 in
1987 1273 2152 1328 fonti-

559 1366 663 1441 bus
679 1384 774 1426 seu
787 1368 1074 1425 arboribus
1086 1368 1154 1425 ab
1165 1368 1323 1439 aegris
1336 1368 1548 1424 incaute
1560 1366 1856 1434 veneratis,
1869 1377 2147 1422 caveatur.

1163 1483 1394 1542 CAPUT
1437 1483 1529 1540 IV.

574 1634 579 1639 ,
629 1573 709 1630 De
780 1575 922 1647 fame
986 1576 1309 1639 validissima
1377 1592 1496 1647 quia
1572 1574 1786 1646 contigit
1847 1575 1906 1630 in
1953 1576 2077 1630 orbe

1219 1657 1504 1701 terrarum.

573 1729 579 1735 ’
626 1736 946 1794 lmmiuente
974 1737 1138 1808 igitur
1157 1752 1301 1793 anno
1324 1737 1594 1794 iucarnati
1624 1736 1827 1794 Christi
1853 1735 2146 1793 millesimo

558 1828 843 1899 tricesimo
874 1829 1055 1894 tertio,
1076 1829 1167 1900 qui
1191 1837 1275 1884 est
1301 1844 1332 1883 a
1359 1829 1611 1898 passione
1634 1829 1876 1901 ejusdem
1901 1829 2148 1884 Salvato-

557 2009 706 2074 simi,
739 2025 1018 2081 sacraeque
1064 2009 1341 2080 religionis
1379 2008 1643 2081 signiferi,
1675 2010 2002 2067 Benedictus
2032 2010 2145 2082 (25)

554 2098 808 2155 videlicet
855 2116 995 2172 papa
1052 2101 1392 2166 universalis,
1440 2116 1506 2156 ac
1557 2116 1653 2157 rex
1696 2102 2056 2164 Francorum,
2088 2112 2148 2157 ut

551 2187 938 2258 jamdixitnus,
971 2189 1257 2246 Robcrtus.
1302 2191 1589 2248 Fulhertus
1643 2208 1862 2264 quoque
1918 2190 2145 2249 Caruoti

554 2279 845 2349 praesulem
883 2280 1349 2352 incomparabilis,
1412 2284 1497 2338 vir
1550 2284 2012 2355 sapientissimus,
2046 2301 2146 2340 nec

553 2387 662 2427 non
693 2375 1115 2444 praenomiuatus
1143 2388 1299 2446 pater
1322 2360 1737 2443 monachorum,
1768 2376 2144 2448 fundatorqne

550 2466 951 2527 emnobiorum,
972 2466 1206 2523 eximius
1231 2455 1565 2535 Willelmus,
1610 2468 1678 2524 de
1700 2484 1807 2541 quo
1835 2467 1999 2525 etiam
2024 2483 2147 2536 per-

550 2557 706 2628 plura
754 2556 936 2612 forent
972 2557 1200 2616 dicenda
1251 2558 1425 2624 utilia,
1490 2560 1593 2616 nisi
1640 2560 1784 2630 quod
1831 2559 1885 2614 in
1942 2557 2142 2625 libello,

550 2666 714 2721 quem
742 2651 809 2707 de
844 2652 952 2706 vita
982 2661 1037 2706 ct
1074 2651 1366 2707 virtutibus
1406 2652 1549 2707 illius
1584 2651 1880 2717 edidimus,
1932 2651 2141 2723 prolata

551 2743 756 2798 dudum
787 2742 955 2800 fuisse
978 2754 1302 2821 noscuntur.
1333 2743 1513 2800 Unum
1544 2754 1714 2801 restat
1753 2754 1935 2800 tamen
1959 2785 1974 2809 ,
1998 2745 2143 2814 quod

553 2835 680 2890 novi
710 2834 906 2889 ibidem
945 2835 1166 2905 minimc
1193 2835 1482 2890 contineri.
1537 2834 1784 2909 Migravit
1821 2837 1965 2891 enim
1999 2851 2141 2906 prae-

552 2924 738 2981 dictus
764 2924 928 2979 Pater
954 2939 985 2979 a
1008 2925 1209 2981 smculo
1231 2925 1299 2979 ad
1327 2910 1617 2980 beatorum.
1642 2926 1884 2996 requiem
1912 2927 1963 2979 in
1994 2924 2139 2980 Neu-

450 3026 453 3029 '
552 3014 703 3079 strim
733 3014 1004 3084 partibus,
1029 3016 1081 3070 in
1114 3014 1500 3089 Fiseamneuse
1533 3014 1780 3069 videlicet
1805 3014 2141 3071 monasterio

549 3120 714 3178 supra
740 3120 889 3161 mare
908 3106 1179 3161 Oceanum
1205 3106 1519 3167 constituto.
1562 3107 1704 3176 quod
1765 3122 1797 3163 a
1838 3107 2141 3165 Rothoma-

552 3212 717 3269 gense
742 3200 877 3253 urbe
912 3197 1274 3270 quadraginta
1303 3196 1415 3252 fere
1462 3198 1783 3254 milliaribus
1812 3199 1998 3264 distat,
2055 3216 2145 3257 se-

552 3289 847 3359 pultusque
872 3299 978 3354 est,
1004 3291 1079 3347 uti
1113 3300 1321 3346 tantum
1347 3289 1683 3347 condeccbat
1706 3291 1907 3357 virum,
1945 3290 1998 3345 in
2023 3290 2143 3349 loco

552 3379 762 3447 Optimo
802 3378 1052 3449 ejusdem
1102 3381 1368 3436 ecclesiae.
1434 3380 1564 3436 l’ost
1614 3380 1822 3451 aliquot
1872 3396 2002 3437 vero
2029 3383 2144 3439 dies

553 3469 784 3547 contigit
807 3480 867 3526 ut
890 3471 1147 3541 puerulus
1175 3472 1343 3527 ferme
1364 3471 1623 3527 decennis
1646 3472 1825 3545 valida
1864 3473 2144 3531 confectus

553 3563 974 3634 mgritudiuead
1005 3564 1314 3634 sepulcrum
1363 3564 1510 3620 illius
1537 3565 1717 3636 gratia
1760 3564 2144 3636 recuperandae

551 3654 803 3710 sanitatis
858 3655 1169 3721 duceretur,
1226 3655 1409 3726 ibique
1454 3670 1487 3710 a
1530 3656 1849 3727 parentibus
1885 3655 2145 3729 dimissus

553 3744 855 3800 decubabat
903 3746 1069 3802 solus.
1116 3746 1218 3815 Qui
1269 3747 1452 3804 subito
1474 3748 1793 3817 respiciens,
1818 3746 1952 3804 vidit
1979 3761 2145 3819 super

552 3838 697 3899 idem
729 3840 1034 3911 sepulcrum
1084 3842 1405 3901 insidentem
1453 3843 1720 3907 aviculam
1761 3843 1992 3911 formam
2047 3859 2142 3904 c0-

550 3928 750 3987 lmubce
792 3931 1200 4002 praeferentem.
1246 3948 1409 4003 quam
1437 3934 1527 3990 diu
1549 3934 1766 3992 intuens
1795 3936 2142 3995 obdormivit.

555 4021 763 4080 Dehinc
801 4023 907 4083 leui
934 4024 1183 4095 expletus
1199 4041 1413 4091 somnio,
1451 4027 1718 4099 evigilaus
1751 4030 1824 4086 ita
1852 4044 1913 4086 se
1944 4030 2145 4102 reperit

552 4110 904 4180 innatantem,
963 4129 1027 4170 ac
1080 4114 1128 4171 si
1180 4115 1316 4171 nihil
1369 4118 1710 4188 aegritudinis
1764 4121 2139 4191 persensisset.

552 4202 871 4272 Suscipiunt
908 4204 1092 4275 itaque
1122 4205 1252 4267 ,lseti
1288 4217 1543 4278 parentes
1561 4224 1761 4277 suum,
1792 4210 1854 4265 lit
1890 4211 2143 4266 omnibus

551 4308 844 4350 commune
867 4296 1143 4366 gaudium.
1177 4296 1436 4375 Sequenti
1479 4300 1664 4370 itaque
1694 4308 1938 4370 tempore
1973 4303 2142 4372 erepit

554 4383 888 4441 inunivcrso
939 4386 1070 4444 orbe
1121 4396 1388 4448 terrarum
1429 4390 1602 4448 fames
1639 4391 2037 4458 convalescere,
2078 4408 2143 4448 ac

2258 543 2527 611 Orientis;
2561 546 2937 617 depopulando
2957 546 3246 612 Crteciam,
3279 549 3499 604 devenit
3526 549 3580 603 in
3604 550 3804 609 Italiam.

2255 633 2461 690 Dehinc
2492 635 2666 691 infusa
2695 651 2794 707 per
2817 635 3041 703 Gallias,
3074 638 3290 693 transiit
3318 639 3386 693 ad
3417 638 3693 693 universos
3718 642 3809 695 An-

2255 726 2465 798 glorum
2497 728 2744 799 populos.
2777 729 2930 785 Tunc
2975 745 3103 786 vero
3150 726 3440 787 constricta
3475 735 3583 785 tota
3605 732 3809 800 gensin-

2248 817 2492 889 'digentia
2522 819 2720 886 victus,
2750 820 2984 892 majores
3030 834 3096 877 ac
3139 821 3441 878 mediocres
3489 820 3630 876 fame
3670 823 3808 891 palle.

2250 907 2385 964 bant
2406 925 2530 965 cum
2571 912 2914 981 pauperibus.
2940 911 3115 968 Cessit
3141 913 3285 968 enim
3324 919 3515 981 raptus
3556 922 3807 981 potentum

2252 1000 2547 1057 universali
2600 1001 2813 1072 inopiae.
2870 1002 2929 1058 Si
2977 1004 3107 1074 quid
3139 1018 3269 1074 ergo
3298 1002 3474 1057 vietus
3502 1001 3810 1059 venundatus

2252 1092 2646 1162 reperiebatur,
2674 1092 2903 1149 arbitrio
2922 1095 3206 1149 vendentis
3228 1109 3327 1164 pro
3352 1093 3507 1148 libitu
3537 1103 3653 1147 crat
3672 1107 3810 1147 erce-

2253 1184 2402 1248 dere,
2440 1200 2535 1239 seu
2561 1185 2823 1254 'accipere
2849 1186 3106 1254 pretium.
3147 1184 3283 1240 Nam
3311 1185 3663 1256 inplerisque
3696 1183 3806 1239 locis

2251 1272 2357 1327 fuit
2378 1271 2542 1328 modii
2579 1274 2817 1343 pretium
2852 1275 3136 1345 sexaginta
3189 1274 3508 1340 solidorum,
3540 1274 3675 1330 alias
3695 1288 3807 1347 quo—

2251 1380 2357 1435 que
2400 1366 2673 1421 sextarius
2716 1365 3012 1422 solidorum
3066 1367 3397 1438 quindecim.
3452 1367 3663 1425 interea
3704 1375 3805 1438 post

2250 1469 2404 1510 esum
2454 1454 2754 1511 bemiarum
2793 1464 2849 1511 et
2873 1455 3176 1524 volucrum,
3198 1467 3425 1530 urgente
3455 1458 3602 1518 fame
3627 1457 3802 1513 acerri-

2250 1561 2360 1612 ma,
2392 1560 2609 1618 empere
2635 1547 2885 1604 homines
2907 1548 3201 1619 praeripere
3247 1550 3299 1603 in
3339 1548 3522 1604 cibum
3549 1547 3801 1603 morticina

2249 1651 2479 1707 qumque
2525 1652 2591 1694 ac
2651 1638 2797 1694 dictu
2851 1639 3144 1694 horrenda.
3197 1638 3427 1707 Quidam
3475 1655 3607 1695 vero
3656 1639 3801 1695 fratre

2251 1725 2563 1798 confugium
2609 1728 2902 1785 evadendas
2948 1730 3138 1785 mortis
3187 1731 3256 1785 ad
3310 1731 3524 1787 radices
3582 1730 3803 1801 silvatqu

2177 1796 2222 1857 Β
2251 1796 2558 1891 herbasque
2605 1820 2933 1888 fluviorum,
2981 1823 3076 1878 sed
3124 1823 3495 1893 nequidquam
3526 1840 3542 1878 :
3571 1838 3673 1878 non
3698 1800 3802 1892 ergo

556 1919 633 1973 ris
661 1918 999 1986 millesimus,
1021 1920 1205 1976 obiere
1239 1919 1339 1974 viri
1382 1918 1437 1974 in
1464 1920 1596 1975 orbe
1623 1919 1872 1977 Romano
1894 1920 2143 1976 famosis-

2249 1910 2528 1983 anfugium
2591 1912 2687 1969 ira:
2742 1913 2966 1969 ultionis
3022 1912 3139 1981 Dei,
3194 1915 3299 1970 nisi
3355 1915 3423 1969 ad
3462 1915 3825 1983 semetipsum.

2168 3159 2214 3221 C

2246 2000 2448 2058 Horret
2487 2003 2721 2076 denique
2769 2003 2978 2061 referre
3034 2021 3155 2076 qua:
3194 2014 3322 2061 tunc
3365 2007 3552 2077 generi
3600 2007 3804 2060 humano

2245 2095 2628 2165 corruptiones
2676 2097 3016 2154 acciderunt.
3058 2097 3204 2153 tlcu!
3266 2098 3403 2166 proh
3453 2097 3637 2153 dolor!
3686 2097 3803 2174 quod

2245 2190 2373 2245 olim
2400 2206 2526 2247 raro
2545 2192 2719 2248 audiri
2750 2192 3059 2262 contigerit,
3085 2202 3216 2249 tunc
3238 2194 3424 2249 rabida
3458 2193 3665 2249 incdies
3683 2209 3806 2249 com-

2245 2281 2380 2351 pulit
2413 2282 2591 2338 vorari
2633 2283 2704 2339 ab
2745 2284 3058 2340 hominibus
3092 2285 3360 2340 humanas
3405 2300 3623 2340 carnes.
3676 2284 3808 2338 Arri-

2246 2371 2534 2442 piebantur
2560 2383 2741 2431 autem
2778 2375 2994 2432 viantes
3026 2391 3057 2430 a
3086 2391 3146 2433 se
3180 2375 3636 2446 prtevalentibus,
3669 2392 3812 2433 mem-

2245 2464 2553 2535 bratimque
2574 2466 2952 2522 dividebantur
2982 2468 3212 2539 igneque
3244 2468 3453 2524 decocti
3482 2449 3811 2525 vorabantur.

2245 2550 2395 2608 Multi
2420 2569 2636 2624 quoque
2665 2556 2731 2610 tle
2752 2557 2871 2611 loco
2898 2556 2966 2611 ad
2990 2556 3165 2612 locum
3192 2556 3393 2613 famem
3439 2556 3691 2629 fugiendo
3709 2574 3815 2630 per-

2243 2652 2433 2714 gentes
2472 2645 2721 2716 hospitiis
2762 2647 2987 2718 reccpti,
3040 2657 3311 2719 noctuque
3359 2648 3613 2718 jugulati,
3642 2650 3818 2721 quibus

2242 2738 2480 2808 suscepti
2507 2748 2653 2805 sunt,
2686 2740 2738 2795 in
2761 2741 2943 2797 eibttm
2972 2739 3212 2797 fuerunt.
3238 2741 3495 2813 Plerique
3522 2760 3655 2801 vero
3674 2759 3815 2815 pomo

2243 2836 2468 2885 ostenso
2491 2830 2578 2885 vel
2598 2846 2701 2887 ovo
2728 2833 2932 2902 pueris,
2956 2834 3023 2887 ad
3054 2843 3260 2889 remota
3285 2837 3695 2893 circumventos
3721 2846 3818 2891 tru-

2242 2919 2564 2990 cidatosque
2612 2923 3033 2979 devoraverunt.
3074 2924 3315 2996 Corpora
3359 2926 3736 2984 defunctorum
3772 2930 3817 2985 in

2242 3005 2376 3065 locis
2411 3008 2659 3079 plurimis
2703 3012 2773 3067 ab
2824 3013 2991 3069 humo
3035 3014 3241 3079 evulsa,
3297 3016 3656 3075 nihilominus
3703 3018 3818 3077 fanti

2243 3100 2632 3157 subvenerunt.
2660 3103 2792 3171 Quae
2814 3104 3046 3175 denique
3066 3106 3235 3162 rabiei
3267 3106 3509 3166 iusanies
3537 3112 3591 3166 in
3621 3121 3816 3170 tantum

2244 3194 2512 3263 excrevit,
2563 3205 2625 3252 ut
2674 3199 2842 3253 tutius
2884 3207 3194 3255 moraretur
3248 3201 3574 3263 solidariunt
3631 3210 3820 3280 absque

2244 3295 2475 3358 raptore
2489 3301 2662 3358 genus
2686 3288 2951 3358 pecudum
2971 3305 3136 3361 quam
3164 3292 3471 3354 hominum.
3488 3295 3635 3355 Nam
3664 3301 3811 3356 veluti

2239 3372 2352 3445 jam
2389 3375 2443 3431 in
2467 3391 2624 3432 usum
2660 3377 2919 3435 devenire
2966 3379 3189 3441 deberet
3233 3401 3430 3444 carnes
3450 3389 3720 3447 humanas
3742 3406 3821 3447 eo-

2247 3465 2413 3531 medi,
2457 3466 2678 3537 quidam
2732 3469 2987 3530 decoctas
3010 3472 3625 3534 detnlitvenundandas
3663 3480 3718 3535 in
3746 3479 3819 3535 fo-

2245 3572 2367 3614 rum
2395 3556 2738 3630 Trenorchii,
2785 3581 2849 3622 ac
2881 3567 2925 3623 si
2951 3566 3180 3626 fuissent
3212 3569 3441 3640 alicujus
3463 3574 3706 3644 pecudis.
3729 3573 3818 3641 Qui

2244 3649 2636 3723 deprehensus,
2692 3657 2898 3717 crimen
2954 3658 3144 3730 ﬂagitii
3200 3677 3308 3718 non
3356 3666 3619 3735 negavit;
3648 3666 3823 3722 deinde

2243 3752 2485 3803 aretatus
2524 3747 2684 3815 loris,
2730 3748 2856 3820 igne
2899 3761 3173 3808 crematus
3218 3761 3324 3809 est.
3367 3754 3609 3812 Carnem
3655 3765 3821 3819 autem

2240 3833 2392 3891 illam
2423 3836 2588 3892 humo
2609 3838 2933 3895 absconsam
2966 3840 3107 3896 alter
3131 3840 3410 3909 effodiens,
3458 3855 3631 3905 nectit
3658 3859 3822 3902 come-

2242 3928 2343 3985 dit.
2374 3927 2500 3985 Pari
2527 3932 2689 3987 modo
2714 3939 2769 3988 et
2790 3932 2880 3988 ille
2903 3933 3027 4005 igne
3046 3935 3361 3992 combustus
3380 3946 3485 3993 est.
3515 3938 3613 3995 Est
3640 3955 3823 4009 nempe

2242 4020 2476 4076 ecclesia
2499 4036 2537 4076 a
2560 4022 2782 4079 civitate
2811 4023 3214 4082 Matisconense
3230 4026 3407 4082 tribus
3443 4028 3561 4083 fere
3589 4029 3816 4085 millibus

2245 4113 2475 4181 distans,
2505 4114 2560 4169 in
2582 4115 2717 4171 silva
2748 4114 3037 4173 Castanedi
3084 4119 3209 4185 sita,
3233 4118 3355 4174 sine
3385 4119 3546 4190 plebe
3569 4121 3821 4187 solitaria,

2244 4213 2437 4262 sancto
2458 4204 2655 4265 Joanni
2683 4207 2884 4263 dicata.
2909 4207 3072 4264 Juxta
3100 4224 3264 4280 quam
3291 4198 3575 4267 locaverat
3609 4213 3818 4282 quidam

2246 4296 2431 4354 feralis
2459 4300 2624 4355 homo
2678 4300 2976 4371 tugurium,
3034 4304 3126 4373 qui
3178 4304 3379 4360 ibidem
3433 4306 3823 4363 multitudinem

2239 4392 2643 4447 transeuntitlm
2670 4392 2754 4448 vel
2783 4394 2850 4448 ad
2892 4408 2952 4449 se
2995 4394 3380 4451 divertentium
3429 4399 3734 4462 trucidatis.
3777 4400 3823 4452 ia

554 4469 813 4530 interitus
839 4489 974 4544 pene
1024 4478 1262 4534 universi
1309 4480 1531 4539 humani
1585 4482 2136 4552 generisimminere.
2168 4518 2217 4578 Β
2245 4480 2696 4539 nefandissimum
2727 4485 2959 4556 sumpsit
2986 4485 3248 4541 edulium.
3295 4486 3543 4559 Contigit
3572 4490 3823 4560 siquidem

556 4568 695 4625 Nam
738 4573 1027 4643 temperies
1050 4575 1194 4630 aeris
1216 4575 1295 4631 sic
1316 4576 1698 4646 intempestiva
1721 4586 1806 4633 est
1833 4576 2050 4642 effecta,
2078 4586 2137 4633 ut

556 4662 756 4726 nullius
808 4663 1034 4720 sationis
1090 4665 1401 4735 proveniret
1439 4677 1656 4738 tempus
1681 4682 2006 4739 congruum,
2036 4681 2137 4720 nec

554 4755 814 4811 ntessioni
850 4756 1122 4826 praecipue
1147 4757 1218 4811 ob
1264 4756 1637 4813 inundantiam
1681 4773 1946 4828 aquarum
2001 4757 2141 4813 foret

552 4854 937 4917 opportunum.
962 4845 1298 4902 Videbantur
1320 4847 1466 4904 enim
1497 4848 1639 4903 inter
1664 4848 1839 4916 seipse
1870 4847 2139 4903 elementa

551 4950 817 5008 pugnam.
846 4938 1133 4994 discordia
1178 4953 1360 5010 agere,
1422 4954 1546 4994 cum
1590 4937 1776 5009 procul
1823 4939 1988 4995 dubio
2016 4939 2140 4993 vin-

554 5027 758 5083 dictam
829 5040 1155 5091 exercerent
1207 5031 1459 5086 humanae
1506 5030 1830 5086 insolentiae.
1890 5032 2140 5088 Assiduis

2236 4585 2354 4626 una
2392 4572 2621 4640 dierum,
2646 4576 2705 4628 ut
2732 4574 2818 4629 vir
2839 4574 3057 4645 quidam
3086 4590 3211 4631 cum
3233 4576 3465 4633 muliere
3493 4578 3628 4635 illuc
3652 4579 3827 4635 divcr-u

2247 4669 2367 4717 tens
2412 4662 2481 4716 ad
2534 4661 2850 4732 hoSpitium,
2902 4665 3180 4736 paululum
3222 4668 3563 4738 conquievit.
3636 4670 3827 4725 Dehine

2240 4766 2366 4807 cum
2397 4753 2618 4809 duceret
2636 4753 2825 4811 oculos
2869 4770 2970 4826 per
3023 4757 3249 4829 angulos
3284 4760 3511 4826 tugurii,
3560 4761 3828 4833 prospesit

2244 4843 2563 4898 detruncata
2597 4845 2775 4915 capita
2819 4847 3107 4911 virorum:
3131 4855 3298 4918 atque
3320 4847 3642 4914 muliermn,
3672 4859 3726 4906 et
3752 4851 3824 4904 in-

2233 4933 2499 4989 fantium.
2552 4936 2653 5002 Qui
2710 4937 2958 5006 protinus
2991 4936 3201 5006 palluit,
3243 4939 3429 5009 egredi
3468 4942 3714 5011 cupiens,
3744 4946 3827 4996 sed

2243 5026 2469 5094 pestifer
2499 5026 2586 5081 ille
2622 5041 2905 5096 possessor
2948 5029 3149 5098 tugurii
3200 5030 3479 5094 renitens,
3536 5033 3590 5085 vi
3621 5045 3827 5085 manere

554 5119 699 5175 enim
730 5119 998 5177 imbribus
1020 5123 1094 5178 ita
1129 5124 1403 5192 oompluta
1440 5131 1559 5178 erat
1584 5123 1839 5177 universa
1870 5124 2050 5187 tellus,
2083 5133 2143 5177 ut
2243 5114 2619 5184 ontnpellebal.
2666 5115 2773 5170 Sed
2808 5117 2896 5172 ille
2932 5117 3327 5186 pertimescens
3376 5121 3579 5175 mortis
3622 5121 3826 5189 decipu-

3838 958 3873 981 κο

3844 2593 3883 2615 J
