3992 5338
84 2822 120 2853 ί.

197 285 266 335 Π
1091 276 1569 335 ιιιετοιιιΑῐιυΜ
1609 273 1762 330 LIB“

1865 269 2152 338 gL'lNQUE.
2195 305 2259 311 —-
2281 272 2406 329 ΗΒ.
2439 273 2525 328 IV.

3326 274 3430 332 678

159 372 438 464 capitibus
460 392 868 451 trucidatorum.
895 405 1127 460 quorum
1161 405 1356 444 carnes
1377 404 1472 442 ore
1501 387 1740 442 belluiuo
1771 389 1818 448 Α
1847 382 1976 436 Erat
2003 380 2146 434 enim
2188 380 2240 434 in
2274 381 2583 435 ltotninibus
2611 379 2854 449 quaedam
2883 373 3078 434 duritia
3106 382 3284 436 cordis
3313 399 3437 441 cum

163 492 476 538 vorat-erat.
501 482 670 548 Quem
703 482 1026 535 deducentes
1063 483 1128 534 ad
1153 481 1451 542 civitatem,
1507 478 1560 532 in
1616 491 1747 547 quo-

164 572 290 626 dam
335 573 534 626 horreo
579 571 859 642 religatum
888 571 954 625 ad
977 571 1235 640 stipitem,
1272 581 1330 624 ut
1357 571 1455 640 ipsi
1509 579 1748 638 postmo-

165 664 294 717 dum
318 661 734 730 conspeximus,
789 660 910 727 igne
936 661 1366 714 combusserunt.
1405 659 1556 713 Tunc
1583 658 1748 712 etiam

165 760 537 820 pcrtcntatum
563 759 651 805 est
688 751 743 805 in
767 751 968 806 eisdem
1009 751 1275 820 partibus.
1305 749 1448 820 quod
1477 762 1744 817 nusquam

167 843 538 912 comperimus
577 841 893 912 quempiam
939 840 1156 895 fecisse.
1213 837 1546 894 lillodiebant
1601 837 1745 892 enim

168 931 419 1002 plerique
449 932 626 987 albam
649 931 872 986 bumum
905 931 1105 1002 argilla:
1131 931 1385 997 similem,
1414 929 1749 1000 permiscen-

171 1032 252 1077 tes
284 1032 549 1092 quantum
574 1031 693 1077 erat
717 1020 926 1085 farinte,
975 1021 1059 1076 vel
1097 1022 1386 1086 cantabra;
1428 1020 1622 1075 exinde
1661 1034 1750 1088 pa-

171 1128 268 1166 ncs
292 1111 677 1176 conﬁciebant,
718 1121 777 1165 ut
799 1110 882 1165 vel
906 1111 985 1166 sic
1029 1111 1218 1166 inedize
1246 1111 1432 1164 mortis
1466 1124 1751 1164 succurre-

173 1214 311 1259 rent.
346 1203 404 1258 In
433 1204 537 1258 hoc
557 1203 895 1258 conﬁciendo
921 1218 1045 1272 spes
1078 1211 1283 1258 tantum
1314 1211 1432 1257 erat
1461 1201 1746 1266 evadendi,

172 1297 264 1350 sed
296 1295 577 1365 prolectus
612 1295 812 1351 inanis.
843 1294 1084 1350 Tenebat
1109 1311 1237 1362 ergo
1262 1293 1435 1364 pallor
1488 1302 1543 1347 et
1586 1293 1749 1347 maci-

173 1386 336 1439 lentia
367 1401 464 1440 ora
488 1396 828 1450 cunctorum,
859 1385 1108 1455 cntisque
1133 1385 1369 1439 distensa
1399 1382 1673 1437 inﬂatione
1699 1382 1751 1435 in

174 1474 507 1543 plurioribus
553 1474 869 1544 apparebat,
894 1474 1126 1543 ipsreque
1163 1489 1323 1528 voces
1358 1476 1603 1528 humanae
1630 1488 1753 1541 per-

171 1564 344 1619 esiles
386 1563 608 1627 ell‘ectte,
655 1565 890 1634 garritus
941 1565 1283 1620 morientimn
1345 1566 1522 1620 avium
1573 1564 1753 1618 imita-

173 1657 390 1709 hanlttr.
427 1655 580 1710 Tunc
600 1655 950 1711 nihilominus
974 1671 1004 1710 e
1032 1655 1387 1711 cadaveribus
1416 1645 1763 1710 mortuorum

1849 471 2173 526 hebetudine
2201 471 2418 534 mentis,
2451 481 2507 524 et
2528 470 2898 540 quoniam-ille
2922 487 3165 524 summus
3185 469 3350 526 Jutlex
3384 481 3442 530 et

1847 572 2042 616 auctor
2076 562 2241 615 totius
2269 561 2527 615 bonitatis
2556 563 2644 615 dat
2679 561 2812 616 velle
2837 573 3027 631 rogare
3054 577 3136 628 se,
3167 562 3259 632 qui
3287 565 3439 620 navit

1851 650 2065 720 quando
2097 649 2290 705 debeat
2316 650 2582 705 misereri.

2468 764 2693 821 CAPUT
2732 766 2794 822 γ.

1848 856 1926 913 De
1981 873 2108 927 pace
2157 865 2205 912 et
2251 855 2578 930 abundantia
2628 857 2752 930 anui
2804 857 3067 911 millesimi
3111 875 3144 912 α
3189 859 3436 930 passione

2515 925 2747 980 Domini.

1919 1020 2078 1074 Anno
2101 1034 2131 1072 a
2160 1019 2418 1087 passione
2439 1017 2651 1072 Domini
2685 1017 2970 1086 millesimo
2997 1028 3307 1074 memorata:
3329 1019 3446 1076 ela-

1851 1110 1933 1166 dis
1981 1111 2234 1181 peuurias
2284 1111 2666 1178 subsequente,
2725 1109 2926 1164 sedatis
2979 1111 3282 1164 nimborum
3343 1112 3444 1163 int-

1851 1204 2040 1259 bribus
2088 1211 2336 1272 respectu
2367 1202 2563 1258 divinae
2614 1201 2873 1256 bonitatis
2917 1209 2972 1256 et
3022 1202 3442 1264 miserit-ordiar,

1854 1297 2018 1367 erepit
2082 1295 2208 1351 laeta
2261 1295 2427 1351 facies
2488 1293 2610 1350 (εωιί
2672 1293 3011 1359 clarescere,
3078 1297 3444 1364 congruisth

1851 1389 2101 1444 a-thereis
2119 1387 2247 1442 ﬂare
2275 1387 2595 1457 placidaque
2636 1386 2929 1440 serenitate
2950 1387 3444 1452 magnanimitatem

1851 1477 2163 1532 Conditoris
2211 1477 2529 1542 ostendere;
2585 1476 2791 1531 telluris
2835 1489 3050 1544 quoque
3103 1484 3214 1530 tota
3263 1490 3482 1544 super-_

1855 1571 2004 1627 ﬁcies
2032 1569 2393 1625 amicabiliter
2436 1569 2618 1624 virens
2661 1568 2874 1638 frugum
2909 1567 3294 1622 abundantiam
3326 1568 3448 1620 l'uu-

1857 1661 2001 1714 ditus
2056 1661 2291 1729 inopiam
2341 1657 2658 1728 expellendo
2713 1656 3058 1728 portendere.
3116 1656 3266 1713 'l'unc
3317 1673 3447 1728 ergo

174 1746 378 1814 passim
414 1761 524 1816 pra:
557 1743 896 1801 multitudine
942 1747 1216 1816 sepultura
1283 1747 1595 1801 carentibus
1645 1746 1751 1816 lupi
1787 1745 1829 1802 Β
1859 1751 2107 1820 primitus
2134 1764 2348 1820 ccepere
2376 1750 2429 1803 itt
2457 1748 2758 1818 Aquitania:
2802 1749 3048 1817 partibus
3077 1749 3144 1802 ab
3175 1748 3449 1818 episcopis

173 1838 413 1891 a-Jescati
448 1847 571 1906 post
615 1837 828 1908 longum
881 1845 1096 1907 tempus
1146 1837 1381 1905 praedam
1445 1849 1638 1904 cepere
1688 1851 1753 1890 ex

164 1927 510 1980 .hominibus.
548 1925 613 1979 Et
639 1926 916 1995 quoniam,
955 1935 1012 1980 ut
1053 1926 1310 1990 diximus,
1338 1925 1552 1995 sepeliri
1575 1924 1758 1994 singu-

175 2015 326 2069 latim
379 2016 449 2070 ob
493 2015 890 2069 multitudinem
923 2029 1039 2069 non
1091 2015 1336 2083 quibant,
1365 2022 1674 2068 constructa
1704 2013 1756 2068 in

165 2109 498 2179 quihusdam
538 2107 671 2161 locis
694 2123 721 2161 a
753 2107 917 2161 Deum
950 2107 1289 2168 timentibus,
1327 2121 1446 2175 qua:
1494 2105 1654 2174 vulgo
1679 2104 1759 2158 di-

177 2211 377 2255 cuntur
403 2201 676 2264 carnaria,
701 2201 753 2253 in
777 2200 974 2269 quibus
1003 2198 1302 2268 quingenti,
1327 2207 1380 2252 et
1412 2213 1478 2252 eo
1503 2197 1757 2265 amplius,

168 2309 269 2349 seu
307 2304 572 2363 quantum
611 2307 803 2363 capere
863 2299 1132 2362 poterant,
1194 2290 1498 2361 permistim
1555 2292 1780 2358 absque'

171 2385 368 2440 ordine
398 2385 640 2454 proiecta
695 2391 820 2438 sunt
873 2381 1174 2445 scminuda,
1206 2381 1286 2435 vel
1319 2379 1522 2450 absque
1568 2378 1760 2449 tegmi«

169 2475 378 2537 nibus,
434 2473 814 2527 defunctorum
874 2487 1118 2541 corpora.
1197 2470 1375 2524 Trivia
1437 2483 1652 2539 quoque
1707 2476 1761 2520 et

167 2580 435 2634 agrorum
487 2562 753 2617 sui-cisiva
802 2577 898 2632 pro
937 2561 1265 2616 cmmeteriis
1319 2556 1761 2613 habebantut.Si

184 2659 275 2725 qui
355 2670 486 2709 vero
542 2655 726 2710 auditu
782 2662 1157 2723 compererant
1213 2652 1354 2722 quod
1423 2649 1614 2705 melius
1669 2649 1765 2703 ha-

169 2751 407 2810 terent,
469 2746 514 2800 si
573 2747 640 2800 ad
706 2745 808 2799 alia
892 2744 1184 2798 transirent
1258 2757 1426 2800 arva.
1486 2741 1765 2812 perplures

173 2839 236 2891 in
277 2839 474 2892 itinere
526 2837 839 2891 deﬁcientes
897 2835 1284 2889 moriebantur.
1338 2832 1764 2895 Descevitenim

179 2930 254 2990 in,
313 2930 449 2985 urbe
507 2938 811 2992 terrarum,
876 2927 1111 2996 peccatis
1189 2926 1466 2980 hominum
1539 2926 1766 2995 exigen-

179 3023 348 3085 libus,
383 3019 655 3089 praedictae
693 3017 1014 3088 pestilentiae
1053 3016 1232 3071 clades
1261 3016 1311 3069 in
1343 3016 1576 3086 spatium
1605 3018 1764 3071 trium

178 3126 471 3164 annorum.
533 3107 684 3162 Tunc
742 3107 795 3161 in
853 3105 1106 3176 expensis
1161 3119 1452 3176 egenorum
1507 3085 1838 3159 distractaC

187 3209 307 3253 sunt
333 3197 688 3252 ecclesiarum
721 3203 1062 3258 ornamenta,
1095 3194 1471 3264 dispertitique
1501 3193 1766 3261 thesauri,

181 3293 273 3361 qui
321 3292 392 3346 ob
439 3292 540 3345 hoc
586 3289 640 3343 in
670 3288 902 3343 decretis
940 3287 1163 3342 Patrum
1196 3287 1542 3341 inveniuntur
1569 3286 1768 3342 ibidem

185 3383 436 3452 primitus
489 3379 656 3435 fuisse
715 3378 956 3448 repositi.
1023 3376 1128 3432 Sed
1175 3387 1434 3448 quantum
1489 3387 1769 3448 supererat

189 3476 438 3529 vindicta:
459 3472 623 3541 justas
651 3471 896 3535 ultionis,
938 3472 1169 3526 excessit
1203 3471 1452 3524 nimietas
1476 3485 1768 3541 egenorum

188 3569 238 3621 in
291 3567 569 3637 plerisque
620 3565 754 3619 locis
805 3563 1088 3617 thesauros
1113 3561 1489 3617 ecclesiarum.
1546 3561 1680 3617 Nam
1715 3571 1771 3617 et

188 3662 282 3731 ipsi
323 3657 560 3716 famelici
593 3655 754 3713 eimia
785 3654 960 3709 allecti
1005 3654 1205 3719 inedia,
1255 3655 1300 3708 si
1330 3654 1643 3724 contigisset
1677 3668 1772 3709 eos

190 3757 379 3826 repleri
429 3755 574 3816 cibo,
601 3747 828 3807 distenti
869 3746 1146 3804 inﬂatione
1183 3747 1427 3817 protinus
1469 3747 1772 3800 morieban-

189 3863 292 3905 tur.
349 3850 455 3904 ᾹΙιί
507 3857 687 3902 autem
732 3845 890 3900 cibos
938 3843 1187 3898 manibus
1233 3847 1652 3902 euntrectantes,
1687 3838 1770 3892 ori

191 3951 458 3995 tentantes
491 3939 789 4006 imponere,
819 3934 1404 4003 sedcouquiniscendo
1429 3931 1770 3998 deficiebant,

188 4052 286 4089 non
315 4031 562 4086 valentes
591 4028 809 4098 explere
841 4027 984 4097 quod
1015 4026 1323 4095 cupiebant.
1357 4026 1599 4092 Quantus
1625 4025 1769 4078 enim

187 4128 335 4182 dolor
388 4134 542 4188 tunc,
598 4129 801 4190 quanta
854 4117 1146 4181 tttmstitia,
1196 4117 1288 4188 qui
1341 4115 1626 4187 singultus,
1680 4114 1771 4184 qui

188 4221 456 4288 planctus,
512 4230 634 4285 qua:
685 4213 936 4284 laerymte
989 4227 1019 4265 a
1074 4210 1200 4264 talia
1256 4210 1602 4264 cernentibus
1636 4207 1774 4260 data:

190 4317 346 4373 Sunt;
403 4307 674 4377 pratcipue
724 4319 756 4357 a
811 4301 943 4356 viris
1008 4301 1392 4356 ecclesiastica:
1461 4297 1772 4367 religionis,

192 4399 461 4469 episcopis
510 4395 764 4450 videlicet
810 4403 973 4462 atque
1026 4390 1345 4456 abbatibus,
1393 4389 1671 4443 monachis
1719 4398 1772 4442 et

193 4486 711 4552 sanctimonialibus,
774 4485 1041 4553 simulque
1093 4482 1344 4538 omnibus
1389 4482 1442 4535 in
1489 4496 1773 4537 commune

195 4582 468 4648 utriusque
501 4591 666 4631 sexus
698 4583 752 4630 et
781 4575 988 4630 ordinis
1015 4573 1182 4627 Deum
1232 4571 1612 4634 metuentibus,
1666 4587 1772 4625 non

195 4669 332 4722 valet
406 4665 580 4738 stylus
654 4664 924 4734 quispiam
1001 4661 1271 4730 explicare
1350 4662 1771 4716 characterilms.

195 4759 584 4815 rEstimabatur
622 4757 770 4811 enim
817 4754 949 4810 ordo
980 4765 1280 4824 temporum
1308 4764 1361 4807 et
1387 4753 1772 4807 elementorum

198 4852 462 4920 pneterita
495 4850 565 4904 ab
597 4847 756 4902 initio
799 4846 1084 4900 moderans
1116 4844 1310 4899 secula
1353 4844 1406 4898 En
1438 4846 1602 4900 chaos
1633 4845 1778 4898 deci-

197 4948 334 4999 disse
361 4953 701 5014 perpetuum,
751 4947 914 5008 atque
958 4937 1176 4994 humani
1232 4938 1445 5006 generis
1477 4937 1772 4991 interitum.

199 5037 318 5078 Ιιὶηει
375 5044 632 5078 nmini-lia
703 5042 930 5078 stnnnre
994 5031 1162 5078 nimio
1233 5030 1771 5078 nermirahillitmtm.

1801 4437 1849 4496 Ι)

1858 1852 1910 1895 et
1938 1841 2238 1896 abbatibus.
2268 1839 2585 1908 exterisque
2623 1838 2756 1892 viris
2785 1853 2952 1892 sacra:
2981 1837 3262 1906 religionis
3286 1839 3444 1893 devo-

1859 1933 1929 1988 tis
1957 1947 2026 1987 οι
2068 1931 2321 1986 universa
2370 1929 2545 2000 plebe,
2590 1929 2879 1984 eoadunari
2929 1928 3276 1984 conciliorum
3325 1944 3452 1984 con-

1858 2032 2074 2077 ventus.
2126 2022 2206 2076 Ad
2249 2037 2386 2091 quos
2435 2021 2598 2076 etiam
2642 2021 2810 2076 multa
2840 2019 3017 2077 delata
3061 2031 3186 2075 sunt
3217 2037 3446 2090 corpora

1859 2123 2172 2170 sanctorum
2199 2125 2362 2184 atque
2389 2113 2810 2168 innumerabiles
2857 2122 3168 2168 sanctarum
3216 2116 3454 2183 apopho-

1860 2214 2002 2260 reta;
2035 2204 2404 2276 reliquiarum.
2449 2205 2649 2259 Dehinc
2693 2219 2788 2273 per
2814 2203 3186 2260 Arelatensem
3229 2207 3450 2274 provin-

1859 2295 2020 2357 ciam,
2071 2302 2234 2362 atque
2279 2292 2715 2362 Lugdunensem,
2767 2292 2951 2361 sicque
2996 2308 3093 2360 per
3139 2293 3449 2347 universam

1859 2385 2271 2457 Burgundiam,
2336 2399 2505 2454 usque
2561 2384 2614 2437 in
2677 2383 2892 2437 ultimas
2945 2383 3187 2440 Francia:
3246 2396 3451 2455 partes,

1860 2490 1958 2545 per
2011 2476 2297 2530 universos
2344 2475 2688 2544 episcopttus
2739 2473 3017 2550 indictum,
3057 2481 3164 2538 est,
3218 2474 3453 2544 qualiter

1861 2569 2025 2623 certis
2040 2569 2091 2621 iu
2107 2568 2276 2622 locisa
2289 2566 2606 2637 prresulibus
2618 2566 3064 2636 magnatibusque
3088 2564 3251 2620 totius
3267 2565 3454 2636 patrizn

1863 2657 1929 2712 de
1957 2657 2301 2711 reformanda
2325 2670 2465 2725 pace
2493 2666 2548 2710 et
2574 2672 2742 2710 sacra:
2771 2654 2912 2708 lidei'
2939 2655 3277 2710 institutione
3305 2655 3450 2710 cele-

1863 2749 2155 2803 brarentur
2179 2747 2430 2802 concilia.
2482 2745 2634 2814 Quod
2661 2747 2822 2800 etiam
2851 2755 2961 2800 tota
3004 2743 3290 2800 multitudo
3328 2747 3453 2802 uni-

1862 2853 2031 2894 versa:
2077 2837 2249 2916 plebis
2303 2838 2568 2904 audiens,
2635 2837 2887 2891 lmtanter
2953 2837 3136 2890 adiere
3189 2836 3452 2907 maximi,

1864 2931 2165 2986 mediocres
2195 2944 2259 2983 ac
2290 2929 2500 2983 minimi
2543 2946 2556 2982 :
2605 2929 2778 2999 parati
2818 2926 2998 2982 cuncti
3041 2927 3262 2982 obedire
3299 2927 3457 2996 quid-

1869 3024 1996 3094 quid
2025 3033 2352 3094 prteceptum
2381 3020 2573 3076 fuisset
2605 3036 2633 3074 a
2661 3020 2966 3090 pastoribus
3017 3018 3296 3082 Ecclesiae,
3346 3035 3452 3072 non

1871 3117 2052 3174 minus
2080 3115 2350 3178 videlicet,
2383 3129 2546 3183 quam
2581 3114 2626 3168 si
2659 3129 2759 3168 vox
2790 3113 2987 3167 emissa
3015 3111 3082 3166 de
3117 3111 3256 3167 caelo
3285 3111 3455 3164 homi-

1871 3208 2030 3263 nibus
2061 3208 2115 3260 in
2149 3218 2292 3261 terra
2327 3207 2660 3275 loqueretur.
2701 3203 2962 3259 Terrebat
2991 3205 3135 3258 enim
3176 3203 3459 3258 universas

1869 3297 2049 3353 clades
2097 3296 2352 3365 prmteriti
2401 3296 2700 3366 temporis,
2756 3295 3099 3364 instabatque
3147 3303 3323 3349 metus
3387 3309 3457 3348 ne

1870 3389 2302 3459 adipiscerentur
2350 3386 2678 3456 opulentiam
2734 3385 2931 3439 futura:
2987 3385 3275 3439 ubertatis.
3330 3385 3461 3438 Erat

1868 3482 2064 3550 quippe
2108 3478 2400 3547 descriptio
2454 3477 2730 3547 capitatim
2779 3477 3007 3547 digesta,
3060 3491 3165 3544 qua
3211 3475 3456 3530 contine-

1869 3570 2066 3625 bantur
2106 3579 2214 3623 tam
2247 3569 2336 3623 illa
2377 3583 2497 3638 qurc
2537 3566 2651 3622 lieri
2682 3567 3132 3636 prohibebantur,
3178 3579 3339 3634 quam
3392 3580 3455 3618 ea

1869 3677 1986 3732 quae
2011 3662 2204 3717 devota
2251 3660 2542 3730 Sponsione
2587 3657 2938 3728 omnipotenti
2987 3657 3214 3710 Domino
3265 3651 3460 3709 oder-re

1868 3755 2241 3811 decreverant.
2288 3753 2344 3807 l'n
2389 3753 2587 3823 quibus
2630 3750 2970 3820 poti:simum
3022 3756 3142 3802 erat
3171 3748 3236 3802 de
3281 3744 3456 3800 invio-

1871 3849 2014 3905 labili
2056 3863 2189 3917 pace
2241 3846 2633 3910 conservanda,
2679 3853 2736 3898 ut
2776 3843 2985 3898 scilicet
3031 3843 3131 3895 viri
3179 3840 3459 3908 utriusque

1871 3937 2222 4001 conditionis,
2249 3935 2620 4004 cujuscunque
2656 3942 2812 3987 antea
2845 3932 3073 3986 fuissent
3103 3931 3178 3986 rei
3217 3929 3460 3992 obnoxii,

1870 4031 2072 4100 absque
2114 4026 2404 4083 formidine
2451 4027 2807 4096 procederent
2850 4023 3015 4076 armis
3051 4021 3224 4075 vacui.
3271 4018 3463 4073 Praedo

1871 4137 2102 4191 namque
2152 4128 2245 4174 aut
2295 4119 2513 4172 invasor
2561 4115 2787 4168 alterius
2839 4110 3109 4167 facultatis
3147 4109 3462 4180 logumdis-

1872 4213 2124 4266 trictione
2151 4218 2416 4273 aretatus,
2455 4207 2538 4262 vel
2582 4205 2740 4260 donis
2779 4204 3118 4266 facultatum,
3149 4218 3239 4256 seu
3287 4201 3462 4271 pomis

1871 4300 2112 4370 corporis
2156 4300 2418 4354 acerrime
2485 4295 2824 4350 inuitaretur.
2889 4292 3046 4347 Loeis
3112 4290 3464 4346 nihilominus

1875 4396 2047 4451 sacris
2101 4394 2340 4448 oumium
2409 4390 2764 4446 ecclesiarum
2833 4389 3009 4442 honor
3056 4395 3111 4440 et
3161 4384 3465 4439 reverentia

1880 4487 2000 4540 talis
2027 4485 2393 4547 exhiberetur,
2424 4480 2544 4534 utsi
2569 4479 2691 4548 quis
2721 4477 2788 4533 ad
2811 4491 2873 4530 ea
2902 4475 3268 4544 cujuscunque
3297 4473 3470 4543 culpa:

1875 4575 2141 4630 obnoxius
2169 4573 2476 4644 coniugium
2539 4570 2763 4635 iaceret,
2813 4567 3012 4623 illzesus
3051 4567 3325 4630 evaderet,
3366 4565 3470 4619 nisi

1878 4665 2216 4720 solummodo
2286 4661 2374 4716 ille
2425 4662 2514 4731 qui
2562 4647 2777 4729 pactum
2830 4657 3102 4728 prtedicta:
3152 4657 3302 4724 pacis
3353 4656 3471 4708 vioo

1879 4758 2067 4825 lasset;
2105 4757 2192 4811 hic
2222 4766 2400 4810 tamen
2431 4765 2623 4824 captus
2653 4754 2720 4806 ab
2753 4750 2925 4806 altare
2948 4758 3316 4820 praestatutam
3352 4746 3473 4800 viu—

1880 4851 2080 4906 dictam
2119 4849 2308 4902 lueret.
2343 4847 2571 4902 Clerit-is
2599 4845 2850 4900 similiter
2880 4841 3154 4902 omnibus,
3189 4841 3480 4892 monachis

1877 4950 1932 4996 et
1961 4937 2480 5000 sanctimonialibus,
2511 4945 2570 4990 ut
2597 4937 2642 4990 si
2671 4934 2793 5002 quis
2821 4947 2944 4987 cum
2973 4931 3052 4984 eis
3071 4943 3164 4997 per
3193 4925 3484 4992 regionem

1879 5040 2148 5078 narrent.
2187 5027 2388 5078 nullam
2420 5027 2529 5078 vim
2566 5027 2634 5078 ab
2673 5023 2854 5078 aliquo
2908 5026 3198 5078 pateretur.
3227 5013 3491 5071 Plurima
