3992 5338
535 357 639 411 679

532 465 908 529 intercederet,
954 472 1012 519 ut
1056 462 1145 517 hic
1174 472 1326 517 tenor
1356 461 1628 532 paululum
1668 461 1971 523 laxaretur;
2009 466 2125 535 tres,
2149 460 2195 518 Α

532 557 727 628 proiud
814 570 1078 625 pauperes
1107 556 1250 609 victu
1284 562 1739 609 sustentarentur.
1770 550 1924 605 Tune
1960 549 2118 603 innu-

530 664 694 703 mera:
726 647 987 701 sanitates
1012 654 1237 714 patrata}
1260 654 1386 699 sunt
1413 642 1806 698 inﬁrmantium
1834 640 1886 695 in
1913 638 2123 711 eisdem,

527 739 887 797 conventibus
949 750 1284 795 sanctorum.
1344 736 1452 793 Sed
1503 746 1560 792 et
1613 751 1683 791 ne
1728 735 1813 791 cui
1866 732 2118 788 frivolum

527 832 804 886 videretur
848 829 901 884 in
932 830 1116 886 multis
1147 830 1387 900 disrupta
1417 827 1577 893 cutis,
1624 825 1961 895 discissaque
1992 837 2120 881 caro

528 922 772 977 crurium
807 929 863 975 et
897 921 1243 976 brachiorum
1290 933 1463 989 nuper
1510 932 1823 982 curvorum,
1862 912 2120 986 erigenda

527 1014 581 1068 in
608 1022 807 1069 statum
836 1012 1125 1083 pristinum
1150 1011 1415 1081 plurimus
1458 1009 1680 1082 sanguis
1723 1005 2117 1065 eﬁ'undebatur.

528 1105 682 1173 Quod
733 1105 921 1173 utique
973 1104 1029 1158 in
1079 1103 1311 1168 caeteris,
1365 1117 1487 1173 quae
1547 1102 1795 1158 dubitare
1847 1106 2131 1169 poterant,

529 1197 686 1251 ﬁdem
745 1195 1055 1266 przestabat.
1108 1194 1314 1263 Quibus
1352 1195 1591 1250 universi
1625 1202 1779 1248 tanto
1806 1192 2000 1247 ardore
2030 1204 2123 1245 ac-

524 1286 694 1352 censi,
726 1296 782 1341 ut
804 1302 901 1359 per
930 1302 1122 1344 manus
1146 1287 1522 1358 episcoporum
1552 1286 1803 1343 baculum
1832 1285 1898 1341 ad
1924 1283 2121 1339 cmlum

526 1378 822 1444 elevarent,
874 1377 1085 1449 ipsique
1112 1377 1304 1449 palmis
1333 1377 1577 1433 extensis
1621 1377 1689 1433 ad
1743 1377 1934 1441 Deum,
1987 1374 2131 1441 Pax,

526 1483 665 1537 pax,
692 1483 820 1537 pax,
853 1467 1182 1524 unanimiter
1211 1468 1529 1533 clamarent,
1573 1475 1634 1521 ut
1681 1473 1829 1522 esset
1873 1464 2125 1519 videlicet

525 1560 739 1630 signum
758 1559 1004 1629 perpetui
1024 1559 1168 1628 pacti
1190 1559 1257 1614 de
1271 1560 1373 1639 hoc
1387 1558 1530 1630 quod
1550 1556 1951 1628 spoponderant
1983 1555 2126 1610 inter

523 1668 584 1705 se
613 1660 668 1706 et
694 1652 861 1707 Deum
894 1669 908 1705 :
941 1651 999 1706 in
1033 1654 1133 1707 hac
1162 1660 1344 1707 tamen
1381 1650 1610 1712 ratione,
1643 1648 1932 1704 utevoluto
1962 1648 2125 1718 quino.

530 1745 772 1815 qutmnio
809 1743 1195 1799 conﬁrmandae
1233 1743 1384 1815 pacis
1410 1741 1582 1814 gratia
1623 1741 1856 1812 idipsum
1908 1738 1979 1794 ab
2006 1738 2127 1792 uni-

1502 349 1798 407 l'iODi'l.Fl
1840 345 2093 404 GLABRI
2141 342 2443 400 MONACHI
2484 342 2802 399 CLUNIAC.

3698 346 3783 401 680

2828 453 3055 510 CAPUT
3096 453 3184 509 Vl.

2224 545 2299 601 De
2328 548 2649 617 conﬂuentia
2677 544 2861 617 populi
2878 545 3246 617 rlotiusorbis,
3266 561 3385 616 qum
3411 545 3485 599 ad
3521 546 3786 617 sepulcrum

2561 614 2771 670 Domini
2812 614 3193 686 Hierosolymis
3218 614 3361 685 facta
3386 624 3485 670 est.

2293 729 2399 786 Per
2445 731 2586 787 idem
2620 740 2830 801 tempus
2860 746 2929 786 ex
2958 731 3211 787 universo
3244 729 3379 788 orbe
3408 742 3520 786 tam
3569 732 3789 789 innume-

2224 823 2413 880 rabilis
2480 824 2767 881 multitudo
2839 823 3006 894 coepit
3069 822 3343 881 conﬂuere
3395 825 3463 878 ad
3515 825 3791 894 sepulcrum

2226 914 2526 972 Salvatoris
2573 914 2975 986 Hierosolymis,
3010 924 3269 985 quantam
3311 914 3494 971 nullus
3542 915 3793 969 hominum

2235 1006 2388 1077 prius
2415 1021 2636 1077 sperare
2666 1014 2878 1077 poterat
2908 1023 2921 1059 :
2950 1005 3205 1076 primitus
3226 1004 3373 1060 enim
3403 1005 3543 1061 ordo
3555 1003 3797 1059 inferioris

2224 1095 2425 1165 plebis;
2462 1095 2657 1152 deinde
2687 1110 2816 1151 vero
2858 1095 3192 1160 medioeres;
3225 1095 3470 1165 posthaec
3502 1094 3795 1164 permaximi

2224 1188 2424 1259 quique
2467 1203 2644 1257 reges,
2675 1196 2731 1242 et
2756 1187 2985 1244 comites
3025 1202 3090 1241 ac
3129 1186 3407 1258 praesules.
3447 1185 3535 1240 Ad
3575 1183 3797 1240 ultimam

2226 1295 2374 1343 vero,
2426 1280 2570 1352 quod
2616 1296 2890 1351 nunquam
2945 1280 3274 1351 contigerat,
3330 1277 3591 1332 mulieres
3640 1275 3797 1331 multa:

2226 1372 2432 1428 nobiles
2459 1389 2583 1429 cum
2615 1372 3030 1445 pauperioribus
3056 1372 3181 1431 illuc
3204 1385 3518 1441 perrexere.
3572 1369 3799 1424 Pluribus

2225 1462 2369 1517 enim
2414 1472 2534 1517 erat
2578 1463 2774 1518 mentis
2818 1461 3147 1519 desiderium
3187 1461 3351 1527 mori,
3385 1462 3700 1533 priusquam
3742 1461 3799 1513 ad

2225 1553 2443 1623 propria
2500 1563 2924 1609 reverterentur.
2984 1553 3229 1625 Contigit
3302 1553 3451 1608 enim
3501 1562 3562 1607 ut
3607 1551 3801 1622 quidam

2229 1659 2258 1696 a
2296 1642 2622 1714 Burgundim
2659 1644 2904 1714 partibus
2932 1659 2997 1700 ex
3028 1643 3509 1715 Augustidunense
3551 1642 3802 1697 territorio

2230 1732 2557 1792 Lethbaldus
2602 1736 2820 1791 nomine
2845 1750 2968 1791 cum
3001 1736 3214 1791 caeteris
3246 1734 3374 1790 illuc
3402 1747 3638 1804 pergens
3660 1732 3804 1787 devc-

526 1838 703 1892 vcrsis
728 1836 780 1891 in
817 1837 952 1892 orbe
978 1835 1135 1891 ﬁeret
1161 1836 1359 1891 mirum
1381 1836 1435 1891 in
1465 1835 1703 1890 modum.
1747 1834 1947 1888 Eodem
1976 1832 2130 1888 deni-
2163 1837 2205 1896 Β
2234 1828 2394 1883 niret.
2425 1827 2525 1896 Qui
2552 1828 2853 1899 prospectis
2881 1827 3014 1883 locis
3042 1827 3289 1883 omnium
3331 1825 3672 1887 sacerrimis.
3699 1839 3804 1878 cum

524 1942 630 1996 true
658 1942 804 1981 anno
829 1937 975 1982 tanta
1005 1926 1158 1997 copia
1198 1926 1547 1982 abundantia:
1595 1925 1853 1981 frumenti
1880 1934 1938 1980 et
1983 1925 2118 1991 vini,

524 2029 955 2091 ceterarumque
1004 2019 1221 2091 frugum
1269 2018 1502 2085 exstitit,
1552 2026 1753 2089 quanta
1817 2018 1870 2073 in
1926 2016 2127 2074 subse-.

525 2119 726 2180 quente
772 2109 1142 2180 quinquennio
1196 2110 1489 2180 contigisse
1525 2108 1734 2180 sperari
1766 2123 1871 2163 non
1919 2108 2116 2178 potuit.

526 2202 739 2273 Aliquis
794 2202 945 2258 enim
992 2203 1169 2258 victus
1215 2203 1505 2269 humanus,
1555 2211 1751 2273 prmter
1796 2215 1991 2257 carnes
2024 2215 2121 2256 seu

524 2292 781 2349 deliciusa
843 2292 1244 2363 pulmentaria,
1313 2291 1513 2348 nullius
1557 2300 1676 2349 erat
1730 2290 1919 2361 pretii.
1990 2290 2121 2345 Erat

525 2392 705 2437 autem
753 2381 925 2437 instar
956 2380 1099 2438 illius
1129 2382 1336 2453 antiqui
1390 2380 1610 2437 Mosaici
1657 2380 1840 2451 magni
1889 2378 2120 2436 Jubiltei.

526 2470 789 2541 Sequenti
836 2486 965 2526 vero
1020 2487 1166 2526 anno
1228 2470 1388 2526 tertio
1439 2478 1495 2525 et
1533 2479 1728 2541 quarto
1779 2484 1889 2524 non
1940 2469 2122 2525 minus

526 2562 797 2632 provenit.
838 2561 946 2617 Sed
978 2563 1137 2618 heu!
1191 2562 1329 2632 proh
1372 2560 1560 2617 dolor!
1601 2562 1837 2616 humana
1889 2559 2124 2630 denique

525 2652 690 2721 stirps
726 2653 1012 2709 immemor
1043 2652 1427 2707 beneﬁciorum
1462 2651 1580 2718 Dei,
1632 2651 1701 2706 ab
1748 2650 1904 2706 initio
1949 2665 2121 2720 prona

524 2744 593 2799 ad
625 2743 845 2808 malum,
884 2743 1049 2798 veluti
1076 2744 1228 2798 cauis
1256 2745 1324 2799 ad
1349 2744 1634 2807 vomitum,
1686 2742 1771 2798 vel
1807 2757 1902 2797 sus
1931 2741 2038 2797 lota
2069 2741 2124 2795 in

526 2835 671 2890 caeni
701 2833 1060 2898 volutabrum,
1106 2834 1318 2889 irritqu
1366 2833 1418 2887 in
1453 2832 1639 2889 multis
1683 2831 1861 2891 fecere
1890 2833 2131 2904 propria:

526 2925 833 2992 sponsionis
867 2933 1106 2996 pactum.
1146 2924 1213 2979 Et
1251 2925 1394 2979 sicut
1446 2925 1710 2995 scriptum
1760 2935 1882 2980 est:
1926 2923 2126 2994 Impin-

523 3026 717 3085 guatus
756 3026 802 3072 et
829 3016 1081 3070 dilatam;
1118 3015 1484 3070 recalcitravil.
1529 3015 1666 3069 Nam
1709 3016 1810 3085 ipsi
1861 3016 2126 3085 primates

527 3108 812 3178 utriusque
891 3106 1097 3160 ordinis
1157 3107 1212 3160 in
1279 3106 1565 3160 avaritiam
1630 3106 1770 3161 versi
1843 3115 2125 3176 coeperunt

2222 1919 2289 1975 ad
2341 1919 2488 1975 illum
2533 1920 2710 1976 locum
2760 1920 2959 1974 montis
3003 1917 3197 1975 Oliveti
3242 1916 3529 1973 devenisse
3577 1916 3808 1985 contigit,

2222 2026 2286 2066 ex
2316 2027 2425 2081 quo
2456 2009 2709 2065 Salvator
2745 2011 2812 2067 ad
2835 2010 3006 2066 caelos
3032 2008 3335 2065 ascendens
3364 2016 3445 2063 tot
3473 2008 3805 2065 cernentibus

2225 2102 2434 2158 idoneis
2486 2102 2747 2169 testibus,
2792 2112 3056 2157 venturus
3100 2101 3228 2156 inde
3265 2100 3522 2170 judicare
3570 2099 3717 2154 vivos
3762 2099 3810 2154 cI

2223 2202 2492 2261 mortuos,
2536 2203 2622 2250 est
2668 2193 3053 2264 repromissus,
3106 2189 3398 2262 projiciens
3443 2207 3507 2247 se
3550 2190 3608 2246 in
3648 2190 3810 2246 crucis

2214 2283 2483 2348 modum,
2553 2291 2670 2340 toto
2733 2292 3042 2355 prostratus
3102 2298 3333 2359 corpore
3387 2299 3515 2339 cum
3572 2284 3812 2354 iaci-mis

2226 2374 2594 2431 inenarrabile
2644 2377 2843 2433 mentis
2884 2374 3060 2446 jubilo
3106 2376 3399 2432 exsultavit
3455 2376 3513 2431 in
3570 2375 3806 2432 Domino.

2224 2466 2524 2540 Rcerigens
2550 2483 2609 2524 se
2640 2469 2957 2537 identidem,
2990 2469 3187 2540 palmis
3214 2470 3281 2525 ad
3325 2469 3525 2525 caelum
3566 2469 3811 2535 extensis,

2226 2559 2342 2615 nisu
2385 2576 2495 2631 quo
2537 2572 2753 2632 poterat
2793 2578 2990 2633 corpus
3038 2562 3269 2618 librabat
3312 2563 3366 2616 in
3418 2562 3617 2628 altum,
3656 2577 3718 2618 ac
3764 2562 3810 2615 in

2224 2664 2358 2707 voce
2435 2650 2748 2719 huiusmodi
2832 2653 3116 2721 aperiebat
3187 2653 3389 2709 mentis
3472 2653 3809 2709 desiderium.

2224 2739 2420 2797 Aiebat
2447 2756 2684 2810 namque
2714 2760 2728 2796 :
2779 2761 2798 2794 ι
2841 2743 3069 2799 Domine
3092 2742 3246 2808 Jesu,
3267 2744 3360 2814 qui
3389 2760 3614 2816 propter
3642 2762 3738 2801 nos
3757 2746 3815 2800 de

2226 2829 2355 2893 sede
2385 2829 2688 2900 maiestatis
2728 2842 2833 2889 tua:
2871 2835 2939 2890 ad
2987 2844 3160 2891 terras
3190 2835 3525 2892 descendere
3575 2838 3814 2909 dignatus

2226 2936 2307 2987 es,
2358 2933 2419 2977 ut
2468 2938 2641 2995 genus
2687 2925 2982 2982 humanum
3032 2927 3318 2994 salvares;
3356 2928 3565 3000 quique
3613 2946 3683 2985 ex
3726 2931 3819 2985 hoc

2227 3012 2366 3078 loco,
2397 3029 2559 3084 quem
2589 3016 2761 3072 oculis
2784 3017 3017 3085 intueor,
3041 3035 3208 3077 carne
3228 3024 3455 3077 vestitus
3480 3025 3735 3080 remeasﬁ
3751 3026 3818 3078 ad

2228 3102 2397 3159 αξιοι
2434 3104 2577 3161 unde
2604 3120 2864 3164 veneras:
2908 3109 3135 3166 obsecro
3175 3121 3323 3167 tuam
3364 3114 3727 3185 omnipotenti
3755 3116 3820 3169 si-

527 3213 784 3254 excrcerc
828 3196 1108 3267 plurimas,
1148 3205 1205 3250 ut
1251 3195 1380 3251 olim
1426 3196 1690 3261 teccrant,
1746 3194 1832 3251 vel
1861 3195 2026 3250 etiam
2055 3211 2125 3251 eo.
2149 3188 2194 3249 C
2230 3208 2372 3249 mam
2389 3191 2703 3259 bonitatem,
2730 3204 2789 3252 ut
2812 3198 2857 3253 si
2880 3197 2984 3254 hoc
3006 3215 3147 3255 anno
3174 3210 3261 3257 est
3282 3217 3403 3257 mea
3427 3205 3616 3258 anima
3638 3220 3704 3260 ex
3726 3206 3821 3259 hoc

529 3288 783 3360 ampiius,
835 3289 1053 3359 rapinas
1103 3287 1434 3357 cupiditatis.
1494 3287 1698 3343 Deinde
1727 3287 2028 3343 mediocres
2058 3302 2124 3343 ac

532 3383 773 3437 minores
800 3381 1052 3451 exemplo
1088 3379 1354 3448 majorum
1390 3379 1459 3435 ad
1486 3379 1742 3435 immania
1767 3389 1895 3436 sunt
1918 3379 2123 3451 ﬂagitia

528 3472 784 3526 devoluti.
819 3472 953 3538 Quis
980 3473 1127 3527 enim
1160 3486 1397 3540 unquam
1429 3480 1587 3527 antea
1639 3480 1818 3526 tantos
1860 3471 2125 3538 incestus,

531 3570 682 3617 tanta
743 3577 772 3616 a
812 3562 1005 3615 ulteria
1037 3601 1052 3626 ,
1120 3570 1299 3615 tantas
1351 3561 1839 3633 consanguinitatis
1905 3561 2123 3616 illicitas

526 3652 929 3723 perndstioues,
962 3660 1038 3705 tot
1064 3644 1490 3707 concubinarum
1527 3651 1783 3718 ludibria,
1832 3659 1912 3707 tot
1955 3652 2126 3708 malo-

529 3759 650 3798 rum
680 3742 1052 3799 aenndatioues
1097 3744 1419 3800 audiverat?
1462 3744 1711 3817 Insuper.
1736 3745 1804 3801 ad
1848 3745 2124 3801 cumulum

528 3834 667 3888 tanti
705 3834 851 3897 mali,
897 3851 1020 3890 cum
1054 3851 1159 3890 non
1203 3845 1384 3893 essent
1413 3837 1465 3891 in
1501 3837 1723 3915 pupula,
1755 3837 1841 3892 vel
1868 3839 1997 3901 rari,
2030 3838 2123 3910 qui

527 3937 757 3980 caeteros
809 3925 1148 3996 corrigentes
1206 3926 1334 3981 talia
1382 3927 1788 3998 redarguerem,
1843 3928 2124 3999 impletum

526 4026 611 4070 est
661 4016 940 4086 prophetae
1001 4017 1337 4083 vaticinium,
1389 4019 1534 4088 quod
1574 4020 1680 4073 ait:
1734 4018 1805 4073 Et
1849 4021 1945 4074 erit
1991 4021 2137 4085 sicut.

526 4109 774 4178 papirius,
792 4111 867 4162 sic
886 4112 1153 4166 sacerdos.
1176 4110 1487 4168 Praesertim
1508 4128 1629 4168 cum
1649 4121 1776 4169 tunc
1798 4112 1852 4169 in
1877 4113 2124 4170 smculari

530 4208 824 4269 potestate,
854 4213 967 4256 tum
991 4202 1155 4257 etiam
1184 4204 1239 4260 in
1261 4204 1631 4261 ecclesiastica
1655 4207 1937 4276 religione,
1962 4208 2128 4263 totius

530 4291 809 4363 regiminis
850 4307 1098 4364 persona:
1145 4298 1509 4354 constiterant
1567 4299 1622 4354 in
1675 4300 1869 4370 puerili
1904 4311 2123 4365 ,aetate.

529 4381 758 4454 Propter
806 4398 1026 4456 peccata
1088 4389 1232 4442 enim
1283 4390 1467 4460 populi
1516 4392 1747 4462 contigit
1807 4402 1935 4448 tunc
1994 4394 2124 4450 illud

533 4476 968 4543 Salontouicum,
1017 4480 1165 4550 quod
1211 4480 1315 4535 ait:
1371 4480 1461 4536 γω
1505 4482 1625 4547 tibi,
1663 4484 1851 4538 terra!
1899 4482 2034 4540 Nam
2071 4494 2127 4541 et

2225 3299 2455 3354 corpore
2482 3285 2803 3358 migratura,
2853 3304 2962 3344 non
2986 3291 3116 3346 hinc
3147 3294 3434 3358 recedam.
3471 3298 3570 3350 sed
3618 3296 3674 3351 in
3699 3311 3823 3352 cou-

2226 3385 2413 3446 spectu
2428 3376 2529 3434 loci
2548 3388 2653 3435 tua:
2674 3381 3016 3439 ascensionis
3038 3384 3154 3439 ﬁeri
3169 3386 3469 3458 contingat.
3488 3387 3673 3446 Credo
3683 3390 3817 3445 enim

2226 3466 2483 3536 quoniam
2514 3468 2656 3523 sicut
2690 3479 2745 3525 te
2787 3479 3005 3528 secutus
3035 3489 3153 3528 sitm
3204 3490 3457 3546 corpore,
3483 3480 3727 3549 qualiter
3749 3481 3813 3533 ad

2231 3557 2376 3613 hunc
2429 3559 2739 3616 devenirem
2778 3560 2992 3628 locum;
3026 3565 3108 3619 sic
3160 3566 3343 3621 anima
3391 3583 3515 3624 mea
3559 3570 3722 3626 illaesa
3766 3582 3821 3625 et

2228 3650 2471 3721 gaudens
2501 3661 2624 3722 post
2652 3662 2706 3708 te
2753 3654 2825 3710 sit
2849 3656 3161 3725 ingressura
3202 3661 3271 3714 ad
3309 3662 3651 3730 paradisum.
3688 3682 3707 3715 ι
3734 3662 3822 3717 [iis

2226 3743 2521 3811 peroratis,
2576 3760 2828 3803 reversus
2878 3757 2962 3804 est
3009 3764 3133 3806 cum
3180 3752 3345 3808 sociis
3392 3754 3463 3809 ad
3508 3755 3819 3827 hospitium.

2228 3833 2361 3889 Erat
2392 3844 2576 3892 autem
2596 3835 2710 3905 jam
2741 3839 2877 3894 liora
2906 3841 3142 3910 prandii.
3171 3842 3395 3900 ueteris
3428 3860 3565 3900 vero
3584 3846 3819 3902 discum-

2227 3923 2504 3993 bentibus,
2528 3942 2826 3985 conversus
2856 3930 2970 4000 ipse
3015 3931 3083 3986 ad
3115 3931 3371 3989 lectulum
3399 3935 3556 3990 vultu
3607 3937 3819 3999 alacris,

2227 4028 2292 4070 ac
2322 4016 2485 4072 veluti
2523 4019 2676 4089 gravi
2708 4034 2905 4089 sopore
2950 4010 3228 4092 paululum
3274 4028 3651 4096 reqttieturus,
3678 4028 3821 4083 illico

2227 4120 2462 4177 namque
2486 4109 2917 4177 obdormiscens,
2966 4112 3250 4184 ignoratur
3286 4118 3419 4186 quid
3452 4119 3675 4185 viderit,
3702 4134 3822 4189 pro—

2230 4200 2375 4254 tinus
2397 4201 2673 4257 dormiens
2703 4203 3057 4261 exclamavit:
3083 4204 3268 4262 Gloria
3297 4209 3420 4274 tibi,
3451 4211 3633 4274 Deus;
3656 4212 3819 4284 gloria

2230 4289 2534 4355 tibi,l)cus!
2573 4291 2720 4349 Socii
2748 4309 2965 4365 quoque
3017 4296 3134 4353 haec
3176 4298 3484 4364 audientes,
3534 4305 3822 4361 monebant

2228 4382 2378 4439 illum
2398 4390 3043 4454 utsurgenscomederet.
3059 4388 3163 4455 Qui
3193 4391 3391 4455 noluit.
3410 4393 3507 4449 sed
3536 4403 3822 4450 vertensse

2231 4472 2283 4526 in
2318 4471 2459 4527 latus
2479 4474 2647 4541 aliud,
2665 4475 2876 4533 dixitse
2900 4477 3012 4548 pati
3038 4478 3240 4549 aliquid
3268 4481 3620 4541 incommodi.
3652 4483 3821 4539 Rece-

528 4569 647 4638 ipse
690 4567 1013 4637 universalis
1041 4586 1181 4642 papa
1218 4571 1513 4637 Romanus,
1553 4589 1722 4644 nepos
1755 4576 1964 4631 scilicet
1993 4576 2129 4633 duo-
2163 4558 2209 4616 “
2237 4562 2479 4633 “alisque
2507 4580 2678 4636 "S‘i'le
2693 4565 2761 4621 ad
2795 4583 3103 4639 vesperum.
3131 4574 3446 4630 (δοιινοθειιίε
3480 4575 3567 4630 sui
3616 4576 3822 4635 iliuel’is

533 4674 653 4714 rum
703 4658 981 4713 Benedicti
1011 4669 1176 4729 atque
1213 4661 1460 4729 Joannis,
1510 4665 1603 4733 qui
1629 4666 1677 4719 ei
1711 4675 2122 4734 pra-cesserant,

529 4762 666 4819 puer
694 4747 867 4804 ferme
902 4748 1159 4804 decemiis
1202 4750 1573 4809 intercedente
1625 4754 2003 4811 thesaurorum
2034 4773 2125 4827 pe-

532 4842 692 4896 cunia
723 4841 928 4898 electus
957 4842 1165 4898 exstitit
1190 4858 1223 4897 a
1264 4843 1543 4900 Reluanis.
1589 4843 1637 4900 A
1682 4846 1882 4917 quibus
1929 4848 2126 4904 exinde

531 4935 847 5003 frequenter
908 4934 1116 5006 ejectus
1172 4951 1235 4991 ae
1307 4938 1595 4994 inhoneste
1665 4949 1919 5009 receptus
1983 4942 2126 4996 nulla

527 5034 799 5093 potestate
834 5025 1024 5098 viguit.
1067 5027 1153 5094 Et,
1178 5026 1364 5097 utjam
1394 5029 1646 5098 superius
1674 5031 1997 5101 taxavimus,
2025 5048 2129 5089 crc—

529 5126 672 5170 tet-os
722 5126 850 5171 tunc
908 5110 1168 5188 temporis
1217 5119 1588 5177 Eeciesiarum
1630 5122 1883 5190 praelatos
1934 5141 2128 5180 aurum

526 5206 703 5272 ωαξης
768 5207 853 5263 vel
911 5218 1195 5278 argentum
1273 5210 1550 5266 exaltabat
1607 5228 1773 5282 quant
1840 5217 2119 5271 meritum.

2233 4656 2400 4711 sociis
2419 4657 2644 4713 viviﬁcte
2654 4659 3000 4716 eucharistia:
3010 4662 3297 4732 requirens
3316 4667 3822 4735 accepitviaticum,

2232 4747 2445 4817 illisque
2462 4748 2691 4806 dulciter
2725 4750 2973 4808 salutatis
3002 4753 3186 4811 emisit
3208 4755 3482 4824 spiritum.
3509 4756 3620 4813 Iste
3640 4758 3827 4829 procul

2232 4839 2546 4895 dubioliber
2565 4842 2870 4908 avanitate,
2896 4843 2968 4899 ob
3011 4860 3176 4914 quam
3216 4846 3367 4901 multi
3382 4847 3824 4916 proﬁciscuntur,

2233 4939 2292 4984 ut
2305 4930 2643 4988 solummodo
2657 4934 2934 4995 mirabiles
2952 4935 3277 5007 habeantur,
3297 4938 3364 4993 de
3378 4938 3828 5012 Hierosolyma:-

2233 5040 2304 5078 no
2337 5025 2531 5079 itinere
2563 5025 2617 5079 in
2672 5028 2893 5083 nomine
2943 5028 3154 5086 Domini
3185 5029 3314 5087 Iesu
3357 5032 3605 5088 ﬁdeliter
3636 5036 3829 5105 petivit

2234 5124 2467 5184 patrem,
2497 5116 2642 5185 quod
2691 5125 2747 5170 et
2797 5118 3027 5189 accepit.
3065 5118 3235 5190 Cujus
3279 5121 3416 5177 socii
3462 5134 3828 5185 revertentes.

2234 5206 2389 5261 [nobis
2415 5220 2475 5260 ea
2513 5223 2632 5277 qua:
2660 5208 2903 5265 diximus
2928 5211 3233 5267 retulerunt
3282 5214 3481 5283 positis
3527 5224 3662 5272 tunc
3689 5218 3827 5285 apud
