3992 5338
141 129 237 187 881

1065 120 1538 181 HlSTORIAﬂUM
1584 120 1767 177 LIBRI
1803 119 2133 191 Ql'lNQUE.
2175 153 2243 163 --
2273 123 2402 182 LIB.’
2428 124 2514 180 IV.

3290 126 3393 180 (382

146 251 246 301 bat.
264 240 486 310 Jamque
506 239 624 294 dies
643 237 759 309 ipsa
782 237 836 293 in
857 252 1141 309 vesperum
1162 239 1456 304 transiens,
1472 248 1714 310 repente,
1744 241 1792 301 Α
1821 237 2075 303 tichristi,
2102 238 2192 308 qui
2219 238 2364 295 circa
2379 240 2734 299 ﬁnemszeeuli
2761 241 2934 302 istius,
2953 241 3133 297 divina
3159 251 3397 301 testante

147 348 298 407 penes
324 333 512 397 horam
557 345 663 401 qua
713 329 1038 400 sperabatur
1067 330 1205 399 ignis
1256 329 1544 394 aﬁuturus,
1574 346 1713 385 unus

147 428 576 488 Sarracenorum,
607 438 797 479 scurra
827 422 1352 494 impudentissimas,
1388 437 1457 479 ex
1484 423 1713 494 plurium

144 521 339 575 illorum
363 515 704 573 multitudine
733 528 854 585 qua:
899 516 1181 573 annuatim
1214 530 1429 586 semper
1456 531 1559 570 una
1589 531 1712 571 cum

144 608 450 665 Christianis
490 608 686 663 adesse
719 606 879 671 solet,
931 606 1276 672 exclamavit,
1308 617 1366 662 ut
1386 606 1715 663 Christianis

146 718 256 758 mos
282 710 375 766 est,
405 715 526 756 cum
554 700 788 771 primum
820 700 1033 754 videtur
1060 699 1279 770 :Agios,
1307 698 1479 770 Kyrie'
1498 699 1712 765 eleison,

141 792 444 847 cavillanter
483 789 812 847 cachinnum
877 789 1079 852 emisit,
1164 796 1504 858 extensaque
1552 805 1712 843 manu

141 882 361 952 arripuit
379 896 597 938 cereum
611 880 678 935 de
700 895 862 934 manu
891 877 1179 945 cujusdam
1202 877 1524 944 Christiani,
1553 878 1715 933 aufu-

141 986 270 1041 gere
294 979 515 1039 tentans.
545 969 670 1039 Qui,
704 969 846 1023 illico
870 978 1122 1039 arreptus
1153 983 1188 1024 a
1225 969 1511 1032 daemonio,
1542 968 1714 1038 turpi-

146 1073 219 1118 ter
245 1062 464 1117 nimium
509 1060 693 1117 vexari
717 1060 901 1130 coepit.
952 1059 1123 1127 Quem
1177 1074 1514 1130 prosequens
1557 1061 1719 1116 Chri-

147 1154 357 1219 stianus,
382 1167 602 1209 cereum
642 1152 884 1207 abstulit.
925 1150 1020 1206 ille
1062 1166 1193 1205 vero
1224 1160 1399 1207 tortus
1426 1152 1713 1214 acerrime.

144 1243 379 1314 protinus
398 1243 541 1299 inter
565 1242 994 1297 Sarracenorum
1016 1256 1209 1296 manus
1232 1241 1548 1311 exspiravit.
1564 1242 1716 1310 Quod

146 1336 335 1391 factum
381 1336 636 1391 omnibus
704 1337 758 1391 iu
816 1351 1104 1392 commune
1158 1344 1423 1391 terrorem
1471 1335 1715 1407 immisit,

148 1427 469 1485 Christicolis
496 1437 678 1483 tamen
729 1427 984 1500 gaudium
1025 1437 1077 1483 et
1120 1427 1536 1484 exsultationem
1580 1442 1720 1497 prae-

151 1520 276 1577 buit.
310 1520 507 1578 Statim
536 1537 690 1588 vero,
733 1531 790 1577 ut
826 1521 1050 1587 assolet,
1078 1522 1174 1579 Dei
1200 1523 1404 1579 virtute
1432 1537 1721 1593 erumpens

1792 327 2154 392 auctoritate,
2183 328 2527 396 prmstolatur
2555 330 2859 387 adfuturus.
2889 330 3040 387 Tunc
3064 342 3119 387 et
3146 336 3398 404 gentibus

1808 415 2083 471 universis
2140 416 2225 472 via
2279 418 2515 481 Orientis
2570 420 2762 492 plagae,
2816 425 2956 480 unde
2984 435 3240 482 venturus
3289 438 3400 495 est,

1812 505 2101 576 patefacta,
2128 510 2346 565 obviam
2394 512 2467 566 illi
2505 523 2714 568 cunctae
2734 514 2988 570 nationes
3014 516 3400 575 incunctanter

1812 598 1922 653 sint
1966 614 2323 670 processum.
2352 602 2562 660 Revera
2604 614 2663 660 ut
2686 605 2817 661 illud
2857 606 3195 663 Dominieutn
3224 611 3399 667 adim.

1812 690 2026 762 pleatur
2074 695 2435 766 praesagium:
2488 697 2750 764 Quoniam
2796 708 2921 755 tunc
2959 702 3022 756 in
3061 704 3401 765 (cierationem

1812 782 2059 843 incident,
2093 784 2139 836 si
2165 782 2284 851 ﬁeri
2310 794 2500 855 potest,
2539 787 2699 842 etiam
2722 788 2895 844 electi.
2937 774 3106 862 l'lnjus
3134 792 3223 848 hic
3253 803 3399 851 meta

1816 873 1989 927 verbi.
2041 874 2308 930 Caeterum
2365 893 2473 933 non
2529 894 2791 951 negamus
2845 883 3096 939 devotum
3154 886 3399 945 laborem

1817 963 2053 1018 ﬁdelium
2080 967 2278 1024 exinde
2328 970 2613 1041 praemium
2655 988 2751 1029 seu
2789 976 3092 1032 mercedem
3115 980 3404 1050 percipere

1815 1067 1846 1106 a
1866 1052 2014 1122 justo
2039 1054 2249 1113 iudice.

2422 1152 2649 1210 CAPUT
2690 1153 2804 1215 νη.

1855 1234 1932 1290 De
1960 1237 2159 1307 prailiis
2188 1237 2608 1299 Sarracenorum
2653 1248 2903 1303 adversus
2948 1248 3280 1308 Christianos
3305 1250 3372 1309 in

2366 1312 2564 1383 Africa:
2587 1317 2842 1385 partibus.

1892 1397 2006 1454 Sub
2030 1400 2220 1456 iisdem
2256 1418 2385 1459 vero
2420 1407 2757 1477 temporibus
2802 1424 3138 1483 consurgens
3167 1413 3406 1470 rediviva

1822 1487 2253 1548 Sarracenorum
2292 1496 2349 1549 in
2399 1497 2600 1553 Africa:
2640 1499 2894 1570 partibus
2942 1504 3208 1560 adversus
3246 1502 3410 1562 Chri-

144 1611 277 1680 ἰωῆς
302 1627 369 1668 α
400 1629 504 1667 una
533 1586 932 1683 lalup'a,.arum’
957 1628 1078 1682 qum
1109 1623 1319 1683 septem
1356 1614 1554 1670 ibidem
1582 1586 1719 1686 imm
1751 1596 1794 1657 B
1824 1586 2123 1686 stiauorum
2148 1588 2407 1659 populum
2444 1591 2689 1662 perﬁdia,
2731 1599 3107 1667 persequendo
3138 1612 3233 1654 eos
3263 1607 3408 1655 terra

151 1702 268 1757 dere
293 1715 613 1769 cernuntur,
644 1705 851 1760 cursim
879 1706 1218 1760 eructuaudo
1243 1715 1471 1762 caeteras
1504 1706 1719 1761 inflam-

147 1794 320 1849 mavit.
352 1793 525 1862 Quam
550 1796 717 1851 etiam
741 1812 866 1852 cum
889 1812 987 1853 suo
1012 1797 1131 1853 oleo
1156 1797 1418 1868 praefatus
1436 1799 1723 1871 episcopus

147 1901 326 1942 ernens
356 1887 475 1942 auri
503 1887 638 1943 libra
683 1904 717 1943 a
767 1886 1026 1955 Jordauo,
1072 1889 1164 1959 qui
1204 1899 1331 1946 tunc
1361 1901 1590 1961 praerat
1628 1907 1726 1962 pa-

154 1978 395 2046 triarcha,
419 1993 606 2049 secum
637 1980 851 2047 detulit,
888 1991 1054 2051 atque
1081 1982 1134 2036 in
1161 1982 1290 2036 sede
1317 1983 1534 2052 propria
1562 1997 1723 2051 repo-

150 2084 293 2136 nens,
335 2069 566 2140 plurima
621 2070 855 2127 inﬁrmis
900 2071 1128 2128 contulit
1180 2072 1463 2128 beneﬁcia.
1521 2073 1726 2128 Detulit

144 2159 298 2212 etiam
325 2158 564 2216 Roberto
588 2161 700 2232 regi
737 2170 944 2231 partem
985 2162 1359 2233 praegrandem
1402 2162 1725 2218 venerabilis

150 2250 315 2305 crucis
336 2250 551 2307 Domini
583 2250 902 2319 Salvatoris,
940 2253 1160 2309 missam
1182 2269 1212 2307 a
1235 2254 1594 2309 Constantino
1626 2255 1726 2310 im-

144 2348 388 2406 peratore
456 2337 775 2396 Graecorum
841 2358 966 2397 cum
1038 2341 1387 2397 multitudine
1434 2343 1726 2413 palliorutn

151 2428 548 2497 oloserieorum,
585 2433 671 2488 cui
704 2433 876 2490 isdem
919 2449 1012 2489 rex
1061 2434 1287 2490 miserat
1321 2451 1419 2507 per
1474 2437 1724 2492 eumdem

152 2520 449 2594 episcopum
472 2526 722 2594 spatham
745 2525 998 2596 capulum
1026 2526 1319 2582 habentem
1348 2539 1594 2594 aureum,
1612 2530 1729 2585 the-

149 2626 360 2683 camque
400 2629 626 2670 auream
661 2630 786 2671 cum
827 2616 1058 2687 gemmis
1105 2618 1536 2686 pretiosissimis.
1575 2617 1728 2676 Tunc

143 2706 298 2762 etiam
344 2709 492 2764 inter
532 2720 769 2767 czeteros
815 2710 1087 2769 Robertus
1132 2712 1567 2770 Normannorum
1617 2715 1725 2771 dux

152 2810 261 2851 cum
288 2799 490 2872 ingenti
533 2800 882 2858 multitudine
930 2818 1042 2859 suae
1066 2805 1246 2875 gentis
1296 2804 1726 2877 Hierosolymam

150 2889 510 2959 proﬁciscens,
538 2892 736 2947 detulit
771 2908 957 2950 secum
988 2894 1222 2965 plurima
1260 2895 1383 2951 auri
1432 2906 1487 2952 et
1517 2898 1724 2969 argenti

1826 1680 2073 1751 marique
2136 1697 2414 1753 quosquos
2488 1686 2729 1756 reperire
2788 1699 3059 1759 poterant,
3142 1694 3408 1763 quosdam

1822 1772 2180 1828 excoriabaut
2226 1780 2400 1839 vivos,
2444 1776 2581 1833 alios
2620 1781 2987 1837 trucidabant.
3033 1782 3105 1837 Et
3151 1786 3410 1856 cumjam

1824 1867 1915 1922 diu
1951 1867 2287 1940 multumque
2318 1869 2460 1925 inter
2481 1879 2739 1944 utrosque
2761 1874 3152 1931 debarchatum
3177 1877 3413 1948 plurima

1826 1961 1972 2016 caede
2019 1959 2231 2029 fuisset,
2272 1961 2565 2034 pluresque
2613 1974 2824 2038 strages
2871 1969 2940 2024 ah
2968 1972 3213 2043 utrisque
3232 1975 3410 2044 parti—

1825 2052 1927 2108 bus
1954 2053 2111 2121 daue,
2147 2054 2380 2126 contigit
2408 2068 2466 2111 ut
2486 2071 2554 2113 ex
2594 2059 2984 2117 deliberatione
3015 2066 3185 2134 partis
3215 2068 3416 2123 utrius-

1825 2159 1932 2213 que
1960 2144 2013 2198 in
2037 2146 2284 2201 cominus
2308 2148 2523 2203 illorum
2549 2151 2696 2207 acies
2723 2166 3044 2226 pugnatum:
3071 2160 3411 2217 devenit-ent.

1827 2233 1904 2288 illi
1972 2248 2364 2306 praesumentes
2416 2243 2765 2301 conﬁdebant
2831 2248 2887 2303 iu
2955 2250 3142 2307 rabida
3186 2253 3412 2310 feritate

1828 2325 2107 2383 immensa:
2132 2343 2247 2384 sua:
2295 2331 2685 2401 multitudinis,
2729 2337 2963 2395 victores
2989 2355 3111 2396 sese
3138 2342 3201 2397 (ο
3213 2359 3269 2399 re
3290 2337 3412 2400 exi-

1824 2417 2144 2473 stimabant.
2175 2418 2359 2476 Nostri
2391 2438 2539 2490 vero,
2564 2424 2692 2481 licet
2719 2426 3010 2487 admodum
3039 2434 3193 2503 pauci
3217 2452 3413 2492 nume-

1828 2524 1912 2574 ro,
1945 2509 2039 2565 Dei
2067 2513 2454 2583 omnipotentis
2498 2518 2757 2574 auxilium
2790 2521 3103 2580 invocantes
3128 2543 3226 2597 per
3245 2527 3420 2584 inter-

1827 2614 2050 2659 ventum
2079 2607 2359 2677 genitricis
2386 2609 2559 2679 ipsius
2608 2611 2793 2670 Maria:
2825 2618 3111 2688 sanctique
3137 2621 3416 2689 apostolo-

1828 2712 1949 2750 rum
1962 2697 2386 2770 principis'Petri
2404 2704 2757 2777 omniumque
2768 2717 3108 2779 sanctorum,
3123 2713 3419 2782 sperabant

1832 2788 1899 2842 de
1932 2789 2036 2844 illis
2076 2791 2405 2850 ﬁducialiter
2440 2794 2687 2853 obtinere
2737 2799 3089 2872 triumphum.
3139 2804 3421 2876 Praecipue

1830 2897 2046 2953 quoque
2077 2884 2131 2940 in
2176 2894 2323 2952 voto,
2357 2888 2501 2957 quod
2543 2889 2602 2945 in
2625 2890 2799 2962 ipsius
2839 2896 3123 2965 procinctu
3158 2895 3286 2954 belli
3321 2915 3417 2955 vo-

147 2978 380 3047 donaria,
428 2983 691 3054 erogandi
735 2984 929 3055 gratia.
982 2959 1084 3053 Qui
1139 2986 1264 3042 dum
1309 2988 1533 3055 rediret,
1580 2959 1727 3060 apud
1754 2959 1799 3023 C
1831 2982 2040 3040 ventes,
2073 2991 2193 3032 sese
2240 2959 2664 3053 Obstriuxerauti
2698 2993 2777 3052 ut,
2832 2986 2878 3040 Si
2931 2988 3181 3049 videlicet
3226 3008 3422 3047 manus

154 3068 368 3128 Nicaeam
400 3073 539 3129 obiit
588 3076 801 3143 urbem,
849 3077 1160 3149 ibidemque
1211 3081 1453 3151 sepultus
1500 3084 1723 3154 quievit.

152 3162 348 3234 Deque
376 3166 677 3222 maximum
724 3168 867 3239 apud
904 3185 1033 3226 suos
1087 3170 1295 3228 idcirco
1340 3174 1729 3245 exstititjusti-

150 3255 291 3319 tium,
323 3259 583 3329 quoniam
613 3275 719 3314 non
752 3260 934 3316 fuerat
955 3261 1006 3316 ei
1049 3261 1230 3332 proles
1258 3264 1603 3321 matrimonio
1633 3267 1729 3323 ε)Δὶ-

153 3360 247 3414 qua
277 3347 343 3403 ad
373 3348 618 3418 regimen
651 3350 1053 3420 suscipiendum
1093 3353 1406 3422 provinciae,
1430 3346 1732 3425 quamlibet

150 3450 381 3493 sororem
443 3438 746 3511 Anglorum
801 3442 944 3510 regis
1003 3442 1189 3499 Caune
1255 3446 1601 3504 manifestum
1646 3459 1735 3505 est

155 3528 356 3585 duxisse
407 3545 664 3600 uxorem,
714 3547 878 3603 quam
907 3533 1140 3590 odiendo
1189 3536 1479 3592 divortium
1503 3538 1728 3596 fecerat.

152 3618 224 3674 Ex
251 3623 552 3679 concubina
596 3630 779 3680 tamen
821 3624 988 3680 ﬁlium
1024 3636 1309 3697 genuerat,
1341 3627 1603 3686 Willehni
1633 3647 1733 3688 no-

152 3727 263 3769 men
288 3718 432 3771 atavi
465 3718 517 3772 ei
554 3717 862 3789 imponens.
893 3718 1018 3785 Cui,
1039 3728 1329 3791 antequam
1358 3710 1736 3792 proﬁciscere»

159 3811 253 3870 tur,
298 3807 584 3865 universos
627 3809 714 3864 sui
772 3810 1076 3865 ducamiuis
1104 3811 1377 3882 principes
1413 3813 1738 3872 militaribus

157 3899 391 3955 astrinxit
436 3901 821 3965 sacramentis,
864 3901 1098 3973 qualiter
1140 3902 1290 3957 illum
1352 3904 1405 3959 in
1436 3906 1736 3977 principem

150 3999 244 4055 pro
263 4004 342 4056 se,
370 3990 421 4045 si
455 4006 565 4047 non
590 3992 819 4056 rediret,
847 3992 1135 4064 eligerent.
1166 3992 1321 4060 Quod
1355 3996 1519 4050 etiam
1550 4000 1736 4054 statim

1830 3065 2041 3121 Domini
2076 3067 2254 3123 valida
2285 3079 2501 3140 gentem
2528 3072 2672 3128 illam
2694 3076 3120 3146 .perﬁdissimam
3150 3082 3202 3138 iu
3228 3099 3421 3139 manus

1831 3155 2044 3211 illorum
2071 3159 2442 3226 concluderet,
2474 3164 2647 3234 potito
2691 3168 2758 3223 de
2798 3168 2906 3225 illis
2935 3172 3231 3245 triumpho,
3262 3177 3420 3248 quid-

1831 3249 1961 3320 quid
2015 3250 2132 3305 auri
2179 3254 2501 3325 argentique
2556 3272 2649 3313 seu
2703 3270 2914 3318 caeterte
2952 3266 3304 3335 supellectilis
3352 3286 3423 3326 ex

1831 3342 2035 3397 eisdem
2063 3358 2261 3413 capere
2291 3348 2636 3418 contigisset.
2668 3360 2838 3408 totum
2882 3357 3107 3413 omnino
3141 3362 3209 3417 ad
3240 3359 3419 3417 locum

1831 3433 2100 3502 Cluniaci,
2154 3440 2519 3509 apostolorum
2558 3444 2788 3515 principi
2845 3445 3008 3506 Petro
3061 3449 3419 3508 destinarent.

1832 3519 1952 3577 lam
1979 3523 2108 3579 olim
2137 3540 2391 3607 namque,
2422 3536 2480 3582 ut
2505 3531 2754 3599 superius
2781 3534 3203 3603 pernotavimus,
3236 3536 3423 3607 plures

1835 3613 2005 3684 ipsius
2041 3600 2219 3686 gentis
2258 3618 2357 3672 viri
2401 3619 2636 3692 religiosi
2684 3622 2736 3677 in
2778 3625 2970 3683 eodem
3000 3629 3250 3685 centonio
3277 3631 3423 3686 sacri

1832 3705 2072 3763 instituti
2121 3709 2367 3766 habitum
2414 3714 2796 3785 suscipientes,
2846 3725 3013 3772 totam
3079 3730 3298 3791 gentem
3354 3724 3427 3777 ad

1836 3812 2078 3853 amorem
2103 3799 2346 3868 ejusdem
2378 3803 2481 3859 loci
2522 3806 2893 3863 conciverant.
2928 3808 3036 3866 Sed
3075 3809 3205 3881 quid
3227 3812 3422 3884 plura?

1831 3887 1970 3943 inito
1998 3905 2191 3961 pugna:
2212 3895 2531 3961 certamine,
2571 3898 2661 3952 diu
2706 3901 3041 3970 multumque
3070 3918 3422 3975 congressum

1836 3989 1939 4037 est.
1973 3983 2267 4040 Christiani
2300 3994 2481 4043 tamen
2537 3990 2761 4046 omnino
2807 3991 2956 4048 illaesi
2992 3994 3230 4053 victores
3257 4012 3421 4069 appa-

153 4093 213 4133 εχ
254 4096 523 4137 consensu
564 4083 710 4152 regis
758 4083 1094 4139 Francorum
1145 4084 1364 4140 uenrici
1411 4090 1741 4146 unanimiter
1836 4074 2052 4130 rebaut.
2092 4076 2174 4131 Ad
2204 4076 2451 4133 ultimum
2477 4094 2695 4152 quoque
2735 4088 2918 4139 tantus
2949 4084 3190 4143 horroris
3219 4097 3427 4144 tremor

151 4172 483 4238 postmodum
535 4173 914 4229 ﬁrmaverum.
968 4174 1272 4249 Eunoen}...
1307 4177 1446 4243 "sui,
1493 4195 1525 4234 ει
1564 4183 1740 4251 primo
1839 4164 2039 4220 invasit
2087 4165 2513 4225 Sarracenorum
2565 4174 2885 4241 exercitum,
2921 4186 2999 4242 ut,
3032 4177 3202 4234 veluti
3232 4196 3426 4252 pugna:

156 4260 373 4319 adventu
402 4264 572 4335 ipsius
603 4266 785 4337 genus
820 4266 871 4321 ίη
898 4266 1123 4332 Gallias.
1169 4278 1228 4323 υι
1267 4271 1516 4340 superius
1545 4289 1741 4344 ρει-ηρ,
1838 4256 2016 4322 ohliti,
2049 4258 2225 4330 fugam
2270 4261 2513 4330 arripere
2563 4271 2853 4329 tentantes,
2909 4269 3158 4337 quamvis
3195 4272 3427 4340 nequid-

158 4351 397 4420 tavimus,
429 4369 499 4410 ex
547 4355 859 4425 huiusmodi
890 4358 1319 4414 concubinarum
1344 4363 1727 4421 commixtione

1841 4364 2026 4419 quam,
2054 4350 2286 4418 propriis
2315 4350 2514 4407 irretiti
2537 4351 2758 4421 jaculis,
2788 4371 2900 4411 imo
2939 4356 3137 4429 virtute
3189 4360 3286 4417 Dei
3316 4370 3433 4418 stu-

156 4440 351 4499 illorum
400 4445 680 4516 principes
726 4448 1022 4503 exstitisse.
1081 4447 1189 4503 Sed
1230 4458 1287 4505 et
1325 4451 1430 4507 hoc
1470 4468 1536 4508 ne
1578 4471 1744 4525 supra

158 4534 358 4590 modum
398 4544 624 4607 putetur
668 4537 1056 4605 abominabile,
1109 4538 1243 4595 libet
1282 4544 1743 4612 comparationem

156 4624 214 4679 de
239 4626 360 4684 ﬁliis
403 4628 839 4685 concubinarum
881 4628 1050 4685 Jacob
1098 4632 1377 4700 inducere,
1424 4634 1515 4704 qui
1543 4638 1615 4692 ob
1639 4639 1744 4694 hoc

144 4732 249 4797 ‘nou
273 4733 504 4775 caruere
540 4731 767 4790 paterna
806 4722 1092 4793 dignitate,
1126 4724 1268 4779 inter
1295 4735 1522 4782 czeteros
1544 4726 1744 4785 fratres

156 4813 425 4868 constituti
462 4814 812 4883 patriarchae.
852 4814 919 4869 Et
966 4814 1127 4886 longo
1162 4826 1286 4888 post
1322 4818 1577 4877 inferiore
1603 4831 1743 4878 tem-

155 4914 274 4969 pore
318 4904 616 4975 singularis
649 4906 1007 4972 rnonambim,
1053 4924 1280 4979 magnus
1312 4909 1521 4981 imperii
1555 4923 1743 4981 protoo

132 4992 467 5078 iChristicola
492 4996 888 5054 Constantinus
916 5014 981 5055 ex
1005 5000 1521 5059 concubiuallelena
1545 5004 1742 5079 legitur

155 5088 360 5159 genitus
404 5088 593 5147 fuisse.
636 5092 907 5147 Praeterea
946 5092 1071 5150 dum
1098 5094 1322 5165 quidam
1365 5096 1431 5152 de
1459 5096 1741 5155 sollicitio-

154 5184 295 5240 ribns
319 5184 417 5255 qui
443 5200 509 5240 eo
540 5195 786 5257 tempore
822 5185 1181 5253 habebantur,
1230 5188 1460 5243 consulti
1506 5204 1537 5243 a
1569 5193 1741 5261 plut“-

153 5272 250 5330 bus
287 5275 522 5332 fuissent
566 5277 694 5338 quid
734 5285 923 5332 tantus
973 5278 1294 5338 ponnlorum
1345 5293 1645 5338 concursus
1670 5284 1740 5338 ad

1846 4452 2038 4513 pentes
2073 4441 2345 4499 haeserunt
2373 4461 2390 4512 ;
2424 4446 2857 4505 Christianorum
2894 4467 3027 4508 Vero
3054 4467 3294 4525 quantus
3318 4469 3441 4514 erat

1847 4547 2054 4589 cuneus
2100 4534 2286 4591 divino
2333 4536 2658 4595 fortiﬁcatus
2719 4542 2942 4606 auxilio.
2998 4554 3145 4600 tanta
3216 4549 3435 4604 eosdem

1842 4628 1996 4682 crede
2056 4631 2372 4698 prostravit,
2438 4640 2498 4685 nt
2542 4648 2606 4687 ex
2658 4633 3043 4691 iunumerabili
3095 4635 3443 4693 multitudine

1849 4718 2063 4774 illorum
2092 4721 2182 4776 vix
2214 4722 2372 4793 pauci
2398 4726 2711 4782 evaderent.
2745 4726 2950 4797 lliotget
2974 4741 3168 4794 nempe
3190 4726 3449 4799 princeps

1846 4810 2084 4879 illorum,
2113 4813 2204 4883 qui
2254 4817 2407 4884 quasi
2430 4815 2643 4890 Moyses
2690 4817 2763 4871 ita
2818 4817 3061 4874 confuse
3115 4816 3457 4879 nominatur.

1847 4903 1942 4958 illo
1964 4904 2147 4973 ιιι-ωηο
2176 4905 2375 4960 dicitur
2410 4906 2663 4963 defuisse.
2706 4905 3089 4979 Collectisque
3118 4902 3303 4970 spoliis
3328 4920 3464 4962 con-

1847 4991 2097 5050 fecerunt
2117 5010 2184 5048 ex
2211 4993 2416 5049 eisdem
2449 4995 2681 5064 plurima
2710 4994 2928 5065 argenti
2972 4998 3300 5051 talentorum
3325 5008 3468 5061 pon—

1848 5089 1997 5156 dera,
2043 5102 2314 5145 memores
2357 5088 2465 5144 voti
2509 5090 2653 5160 quod
2705 5089 2818 5144 Deo
2867 5085 3315 5162 spoponderant.
3378 5088 3479 5143 Est.

1848 5199 2084 5255 namque
2112 5197 2229 5238 mos
2263 5181 2693 5238 Sarracenorum
2746 5182 2814 5235 ad
2847 5183 3058 5248 praelia
3102 5176 3375 5243 euntium,
3420 5193 3481 5236 nt

1845 5289 1966 5333 sese
1991 5274 2230 5338 phaleris
2278 5272 2491 5338 argenti
2544 5273 2626 5330 vel
2654 5272 2771 5328 auri
2803 5269 3126 5338 plurimum
3152 5279 3481 5336 perorneut.
