3992 5338
581 259 703 317 ι·685

1567 258 1868 318 RODULFI
1905 261 2156 319 GLABRl
2190 265 2499 325 MONACHI
2539 268 2860 328 CLUNIAC.

3750 282 3836 340 684

584 374 677 427 Ex
711 373 920 443 quibus
968 373 1294 430 venerabilis
1347 373 1589 446 ejusdem
1644 376 1746 434 loci
1801 378 1970 435 abbas
2028 377 2183 436 Odilo
2209 383 2254 443 Α
2284 383 2628 440 colorisesse
2651 387 3035 441 cernebantur.
3071 386 3224 445 Tunc
3254 391 3416 447 corda
3449 392 3666 451 humani
3695 413 3837 470 gene-

595 466 858 522 ciborium
889 483 1052 538 super
1081 469 1252 524 altare
1273 470 1446 525 sancti
1478 471 1620 527 Petri
1642 471 2183 542 perhonesﬁssimum

595 558 715 612 ﬁeri
765 559 1041 628 prtecepit.
1093 559 1301 616 Castera
1345 577 1473 617 vero
1519 563 1725 618 liberali
1783 563 2184 634 diSpensatione

595 657 982 722 famosissime,
1004 664 1064 710 ut
1094 657 1339 722 decebat,
1367 658 1580 729 erogari
1614 658 1978 729 indigentibus
2009 673 2181 729 usque

595 750 662 805 ad
693 764 869 804 assem
903 749 1196 803 mandavit.
1245 749 1667 804 Sarracenormn
1716 751 2068 807 nihilominus
2097 763 2182 806 tu-

591 840 879 896 multuatio
906 841 971 895 ad
1002 855 1240 910 praesens
1263 849 1622 911 conquassata
1651 842 1876 911 quievit.

1187 955 1414 1012 CAPUT
1454 957 1586 1012 Vlll.

591 1048 670 1106 De
693 1048 1028 1104 Leuticorum
1068 1047 1250 1120 praelia
1282 1049 1532 1120 adversus
1562 1049 1889 1104 Christianos
1913 1051 1968 1104 in
2004 1051 2175 1116 parri-

1165 1119 1260 1174 bus
1290 1118 1587 1189 Aquilonis.

657 1213 947 1269 Germania
998 1213 1180 1282 igitur,
1225 1227 1346 1281 quae
1376 1226 1406 1265 a
1458 1211 1650 1267 Rheno
1675 1212 1912 1275 ﬂumine,
1956 1228 2174 1269 sursum

585 1322 775 1363 versus
800 1307 868 1362 ad
899 1305 1267 1376 aquilonarem
1298 1307 1447 1362 orbis
1483 1306 1697 1378 plagam
1735 1308 1980 1368 tendens.
2008 1308 2174 1364 sumit

585 1395 1875 1467 exordium,gentibusincoliturquamplnrimis,
1901 1398 2174 1454 ferocissi-

585 1489 689 1543 mis
717 1496 896 1541 tamen
928 1496 1090 1557 atque
1111 1488 1455 1556 promiscuis.
1482 1489 1630 1544 lnter
1663 1505 1798 1559 quas
1827 1506 1932 1544 una
1959 1490 2171 1545 caeteris

581 1577 871 1642 crudelior,
901 1593 1249 1633 commanens
1273 1579 1325 1632 in
1356 1575 1542 1636 ultima
1569 1589 1724 1650 parte
1749 1581 1997 1636 secundae
2011 1581 2172 1636 Rhae-

583 1671 689 1726 tiae.
723 1669 856 1725 Nam
881 1671 1055 1741 prima
1103 1671 1334 1738 Rhmtia,
1362 1672 1487 1728 licet
1519 1689 1548 1728 a
1596 1673 1791 1728 Rheno
1821 1683 2063 1744 utraeque
2087 1676 2172 1730 di-

2286 472 2362 528 ris
2402 482 2588 544 stupor
2609 490 2673 531 ac
2702 491 2871 546 pavor
2899 479 3071 532 tenuit
3101 479 3420 550 immensus,
3451 488 3699 554 quoniam
3728 490 3837 547 illud

2284 562 2560 620 intuentes
2610 565 2986 638 intelligebant
3042 572 3371 638 portendere
3423 575 3677 644 quiddam
3742 580 3839 636 fore

2281 665 2687 722 superventurze
2737 657 2908 712 cladis
2963 659 3204 716 humano
3247 665 3436 732 generi
3499 666 3673 722 triste.
3720 668 3834 725 Nam

2281 744 2469 798 eadem
2504 745 2612 811 die,
2655 747 2818 802 natali
2853 749 3104 805 videlicet
3132 754 3520 822 apostolorum,
3553 757 3606 810 in
3637 759 3837 815 ecclesia

2279 834 2424 890 beati
2478 835 2623 893 Petri
2682 840 2902 907 quidam
2954 842 3022 896 de
3080 844 3416 915 principibus
3473 846 3836 914 Romanorum,

2279 927 2657 996 conspirantes
2689 931 2740 984 in
2775 946 2967 1000 papam
3000 933 3300 989 Romanum
3327 977 3342 1000 ,
3390 939 3671 1008 cupientes
3711 942 3836 996 illum

2283 1018 2622 1087 interimere,
2645 1023 2738 1077 sed
2760 1024 2984 1080 minime
3007 1027 3271 1094 valentes,
3303 1045 3332 1084 a
3364 1033 3494 1085 sede
3523 1040 3700 1088 tamen
3728 1051 3836 1105 pro-

2189 1166 2195 1172 .
2277 1111 2394 1180 pria
2417 1112 2760 1181 expulerunt.
2796 1113 2901 1170 Sed
2928 1115 3120 1190 [eum],
3144 1123 3606 1190 utpmmisimus,
3635 1137 3736 1182 tam
3757 1146 3836 1200 pro

2277 1202 2379 1257 hac
2406 1218 2464 1258 re
2485 1220 2646 1274 quam
2677 1221 2776 1275 pro
2807 1207 2929 1262 aliis
2958 1210 3251 1266 insolenter
3287 1217 3540 1284 patratis,
3571 1218 3839 1287 imperatur

2276 1289 2404 1348 illuc
2429 1293 2786 1364 proﬁciscens
2812 1300 3046 1368 propriae
3095 1302 3209 1356 sedi
3241 1305 3502 1360 restituit.
3551 1307 3766 1364 Necnon
3792 1319 3836 1364 et

2273 1385 2375 1440 alia
2399 1388 2603 1457 passim
2631 1389 2682 1442 in
2713 1390 2870 1456 orbe,
2901 1407 3023 1446 cum
3063 1393 3114 1447 in
3141 1395 3532 1453 ecclesiasticis
3561 1408 3670 1453 tum
3695 1401 3834 1454 etiam

2273 1477 2327 1532 in
2364 1480 2525 1534 rebus
2558 1481 2934 1546 saecularibus,
2975 1485 3141 1540 multa
3178 1489 3485 1559 contrajus
3529 1490 3718 1561 fasque
3759 1507 3836 1561 pa-

2273 1575 2416 1623 trata
2444 1570 2807 1641 contigerunt.
2834 1573 3098 1629 lnstinctu
3131 1592 3324 1648 nempe
3356 1580 3563 1649 rapida:
3592 1582 3835 1652 cupidita-

2272 1659 2363 1725 tis,
2393 1673 2531 1729 pene
2559 1661 2757 1717 nullius
2787 1670 2900 1717 tuta
2926 1663 3058 1719 ﬁdes
3090 1665 3142 1718 in
3179 1667 3372 1733 altero,
3399 1669 3636 1740 Quaest
3660 1669 3834 1725 funda-

578 1770 795 1827 cautur,
829 1761 880 1815 in
905 1768 1057 1830 parte
1085 1758 1325 1828 ejusdem
1350 1761 1522 1818 Rheni
1546 1761 1791 1831 conjacet
1820 1763 2154 1819 occidentali.

2271 1759 2512 1805 mentum
2547 1759 2602 1806 et
2621 1752 2870 1808 columen
2907 1756 3076 1811 totius
3114 1757 3240 1813 boni
3269 1800 3284 1826 ,
3327 1761 3725 1831 reperiebatur,
3770 1771 3834 1829 et,

565 1851 716 1918 Qua:
735 1851 941 1908 scilicet
966 1860 1222 1922 corrupte
1249 1869 1472 1925 regnum
1502 1854 1744 1910 Lotharii
1769 1855 1928 1927 vulgo
1959 1872 2169 1912 nuncu‘

560 1954 760 2016 ‘patur.
817 1944 874 2000 ln
943 1945 1145 2011 altera,
1207 1955 1268 2001 ut
1317 1947 1579 2011 diximus,
1629 1965 1762 2019 gens
1822 1948 2168 2006 Leuticorum

556 2035 804 2093 ‘barbara
829 2037 973 2090 omni
1006 2035 1328 2092 crudelitate
1359 2038 1610 2103 ferocior,
1646 2038 1799 2109 cujus
1847 2041 2167 2098 vocabulum

575 2145 607 2184 a
639 2128 752 2184 luto
793 2128 1087 2184 derivatur.
1118 2128 1213 2184 Est
1254 2129 1401 2184 enim
1430 2131 1608 2185 omnis
1649 2131 1862 2187 illorum
1907 2133 2167 2190 habitatio

555 2217 720 2272 ‘circa
747 2233 897 2271 mare
945 2218 1280 2286 aquilonare,
1321 2219 1372 2273 in
1411 2219 1698 2289 paludibus
1725 2222 2088 2287 sordentibus,
2109 2234 2164 2279 et

535 2308 776 2363 “idcirco
811 2307 1048 2374 'Lentici,
1092 2309 1246 2378 quasi
1289 2310 1469 2377 Lutei,
1524 2322 1806 2367 vocantur.
1855 2313 1918 2367 Hi
1951 2329 2164 2384 quoque

569 2413 711 2454 anno
738 2414 766 2452 a
795 2399 1049 2467 passione
1093 2399 1308 2455 Domini
1364 2401 1652 2457 millesimo
1710 2403 1776 2457 de
1815 2403 1927 2458 suis
1956 2406 2160 2474 egressi

569 2491 826 2556 latibulis,
857 2492 1065 2547 vicinas
1091 2492 1191 2546 sibi
1224 2492 1533 2563 provincias
1564 2491 1842 2548 Saxonum
1877 2510 1940 2550 ac
1965 2495 2160 2549 barba-

567 2600 753 2638 rorum
779 2584 1006 2638 nimium
1036 2584 1332 2640 crudeliter
1367 2585 1734 2652 devastantes,
1777 2603 1865 2642 res
1896 2586 2159 2642 Christia-

565 2690 761 2729 nurum
784 2675 851 2729 ad
883 2675 1054 2729 solum
1098 2691 1268 2746 usque
1315 2675 1652 2744 deleverunt,
1686 2679 1831 2733 viros
1872 2694 1936 2734 ac
1967 2679 2155 2734 mulie-

566 2779 655 2819 res
682 2766 1016 2821 trucidanles
1059 2769 1522 2824 exterminabant.
1567 2770 1845 2827 Adversus
1887 2788 2023 2842 quos
2055 2774 2155 2827 im-

565 2863 786 2915 perator
808 2855 1167 2912 Chuonradus
1194 2873 1317 2912 cum
1347 2861 1586 2915 exercitu
1615 2862 1954 2930 permaximo
1999 2878 2154 2933 egre-

565 2947 738 3011 diens,
765 2947 1038 3003 multolies
1062 2949 1246 3017 plures
1277 2966 1343 3005 ex
1387 2950 1492 3006 illis
1519 2952 1666 3006 caede
1696 2953 2009 3022 prostravit,
2043 2969 2150 3008 non

565 3047 743 3092 tamen
787 3038 904 3093 sine
953 3039 1152 3095 damno
1197 3055 1438 3096 suorum.
1489 3041 1571 3097 Ob
1621 3058 1780 3111 quam
1830 3059 1944 3098 rem
1985 3044 2148 3099 totius

2273 1850 2331 1895 ut
2359 1841 2668 1899 evidentius
2692 1843 2832 1900 foret
2857 1848 3003 1917 quod
3030 1859 3255 1918 peccata
3289 1861 3447 1906 terra:
3475 1854 3648 1908 cmlos
3677 1854 3834 1924 pulsa-

2284 1947 2429 2004 rent,
2455 1937 2599 2014 sicut
2629 1939 2894 2010 propheta
2931 1941 3168 2007 clamat,
3220 1955 3443 2015 propter
3491 1946 3833 2004 creberrimas

2269 2030 2451 2100 populi
2483 2031 2796 2101 iniquitates
2822 2074 2838 2100 ,
2875 2051 2895 2086 ‹
2935 2035 3174 2104 Sanguis
3203 2079 3219 2103 ,
3270 2037 3487 2108 inquit,
3535 2041 3831 2112 sanguinem

2271 2122 2464 2191 tetigit.
2505 2142 2524 2176 ι
2555 2121 2688 2178 Nam
2721 2127 3080 2193 postmodum,
3115 2142 3252 2196 pene
3280 2129 3330 2182 in
3380 2130 3656 2185 universis
3702 2146 3832 2186 mor-

2269 2217 2457 2272 talium
2513 2219 2800 2275 ordiuibus
2851 2221 3140 2276 insolentia
3187 2221 3490 2293 pullulantc
3551 2239 3618 2279 ac
3671 2224 3834 2293 rigore

2258 2308 2421 2379 justte
2477 2309 2785 2366 severitatis
2842 2311 3153 2382 tenerisque
3212 2321 3562 2382 tepescente,
3620 2323 3680 2368 ut
3725 2314 3834 2368 illud

2264 2399 2620 2470 apostolicum
2659 2411 2862 2457 nostra:
2892 2403 3037 2473 genti
3081 2403 3385 2458 rectissime
3428 2405 3701 2474 potuisset
3747 2405 3833 2459 im-

2262 2491 2477 2562 probari
2506 2491 2918 2564 elogium,quod
2945 2495 3051 2548 ait:
3088 2514 3106 2546 ί
3131 2493 3365 2548 Auditur
3387 2494 3530 2549 inter
3558 2509 3654 2550 vos
3677 2493 3830 2559 nefas,

2259 2585 2404 2655 quod
2433 2601 2532 2641 nec
2565 2587 2706 2641 inter
2739 2599 2946 2655 gentes.
2979 2608 2995 2640 i
3030 2587 3188 2652 Nam,
3218 2588 3692 2658 impudentissima
3718 2603 3830 2641 ava-

2260 2675 2384 2730 ritia
2416 2671 2648 2731 h‘umana
2673 2687 2894 2747 pectora
2929 2677 3246 2741 invadente,
3273 2677 3696 2748 periclitabatur
3719 2677 3832 2732 ﬁdes

2259 2769 2311 2822 in
2338 2768 2570 2822 cunctis.
2605 2768 2808 2822 Exinde
2839 2767 3208 2837 procedebant
3252 2770 3456 2839 rapina:
3480 2778 3537 2824 et
3581 2771 3826 2834 incestus,

2258 2853 2428 2927 litigia
2485 2872 2757 2912 caecarum
2813 2857 3205 2927 cupiditatum,
3259 2858 3402 2912 furta
3471 2866 3528 2911 et
3583 2857 3827 2911 adulteria

2257 2945 2667 3001 immanissima.
2697 2945 2839 3002 Proh
2868 2947 3077 3016 pudor!
3116 2948 3330 3002 horrori
3375 2957 3494 3002 erat
3538 2949 3738 3016 cuique
3759 2964 3830 3001 rc-

2253 3035 2398 3092 ferre
2431 3037 2497 3091 de
2546 3053 2606 3093 se
2643 3039 2786 3108 quod
2831 3039 3121 3093 sentiebat.
3166 3038 3337 3094 Nemo
3387 3048 3570 3093 tamen
3617 3051 3831 3109 prepter

562 3130 824 3187 Ecclesiae
853 3131 1032 3187 clerus
1060 3149 1124 3188 ac
1154 3133 1304 3204 plebs
1333 3135 1484 3206 regni
1515 3134 1598 3189 sui
1629 3144 1802 3191 semet
1825 3136 2142 3208 aﬂligentes,
2175 3124 2220 3186 C
2253 3130 2356 3186 hoc
2379 3146 2409 3185 a
2441 3131 2649 3186 nefario
2677 3132 2901 3187 malitiae
2944 3149 3044 3188 usu
3092 3148 3214 3188 sese
3251 3133 3589 3203 corrigebat.
3635 3133 3825 3186 lterum

559 3223 850 3279 Dominum
888 3234 1215 3294 rogaverunt
1261 3235 1318 3281 ut
1338 3227 1561 3284 ultionis
1585 3227 1878 3284 vindictam
1907 3229 1974 3284 de
1997 3237 2147 3284 tanta

555 3311 918 3370 barbarorum
975 3316 1194 3370 vesania
1227 3316 1300 3372 illi
1344 3319 1686 3383 concederet,
1719 3327 1777 3373 ut
1829 3319 1897 3373 ad
1927 3319 2011 3374 sui
2047 3335 2146 3376 no-

561 3403 724 3460 minis
767 3405 1029 3461 bonorem
1072 3406 1401 3464 Christianis
1448 3408 1591 3464 foret
1629 3425 1694 3465 ex
1750 3409 1859 3466 illis
1897 3411 2144 3466 victoria.

556 3503 766 3558 Dehine
795 3518 942 3570 vero,
972 3504 1189 3560 irruens
1239 3520 1401 3576 super
1450 3521 1563 3572 eos,
1602 3507 1896 3561 maximam
1932 3506 2144 3561 illorum

552 3603 767 3663 partem
780 3596 1053 3652 contrivit.
1069 3596 1284 3664 Caeteri,
1301 3597 1441 3670 fuga:
1463 3600 1773 3669 prmsidium
1799 3599 2141 3670 arripientes,

559 3685 627 3740 ad
663 3685 778 3740 loca
809 3703 1028 3742 suarum
1057 3689 1313 3759 paludum
1341 3690 1739 3748 inaccessibilia
1771 3693 1996 3747 nimium
2024 3707 2145 3762 per-

551 3777 738 3833 territi
768 3793 1078 3835 evasernnt.
1112 3781 1189 3837 De
1236 3797 1341 3852 qua
1390 3784 1617 3839 victoria
1663 3785 1803 3840 idem
1851 3785 2146 3854 imperator

552 3879 779 3941 accepta
819 3872 1169 3940 conﬁdentia,
1217 3889 1430 3928 rursum
1480 3875 1708 3931 collecto
1751 3875 1992 3931 exercitu
2035 3875 2144 3930 Ita-

554 3961 684 4018 liam
713 3979 968 4034 pergens,
994 3965 1060 4020 ad
1100 3966 1269 4036 ipsam
1299 3965 1487 4020 urbem
1514 3966 1742 4021 Romam
1769 3966 2139 4038 progrediens,

553 4055 840 4111 universos
885 4056 1114 4111 rebelles
1160 4058 1251 4127 qui
1304 4067 1490 4112 contra
1525 4073 1649 4114 eum
1701 4059 1980 4129 insurgere
2021 4067 2142 4111 ten-

554 4153 825 4210 taverant,
877 4161 1020 4199 anno
1077 4146 1290 4217 integro
1335 4147 1533 4202 ibidem
1570 4147 1789 4218 degens,
1819 4147 2142 4218 proterendo

553 4237 902 4304 compescuit.
940 4237 1164 4291 Pactum
1195 4238 1360 4292 etiam
1412 4238 1722 4294 securitatis
1772 4247 1827 4293 et
1867 4241 2138 4307 amicitiae,

553 4326 718 4382 veluti
753 4326 1018 4383 llenricus
1042 4343 1164 4383 cum
1213 4339 1366 4399 patre
1407 4330 1550 4386 illitis
1599 4338 1806 4400 egerat,
1855 4345 1977 4384 cum
2017 4349 2141 4404 rege

551 4415 886 4472 Francorum
939 4419 1171 4475 Henrico
1206 4421 1315 4476 ﬁlio
1346 4421 1564 4476 Roberti
1597 4421 1806 4475 statuit.
1848 4420 1944 4476 Cui
1976 4424 2138 4477 etiam

551 4508 763 4565 leonem
787 4512 1142 4580 pergrandem
1173 4513 1424 4567 amicitiae
1449 4513 1620 4583 gratia
1656 4513 1822 4567 misit.
1858 4512 1958 4580 Qui
1989 4523 2138 4584 post-
2169 4496 2214 4554 ί)

544 4599 773 4654 modum
848 4615 1114 4668 uxorem,
1191 4603 1409 4658 nomine
1474 4603 1828 4669 Mathildem,
1900 4605 2136 4660 moribus

549 4693 844 4766 egregiam,
887 4694 954 4749 de
991 4709 1154 4764 regno
1191 4695 1304 4764 ejus
1333 4712 1398 4751 ex
1431 4697 1735 4752 Germania:
1783 4695 2138 4752 nobilioribus

543 4786 777 4856 accepit.
1157 4785 1383 4844 CAPUT
1421 4787 1517 4842 IX.

875 4877 952 4931 De
975 4878 1121 4948 signa
1147 4880 1286 4946 quod
1317 4879 1370 4933 in
1399 4879 1508 4933 sole
1537 4878 1808 4948 apparuit.

618 4971 776 5023 Anno
820 4969 984 5038 igitur
1035 4972 1222 5023 eodem
1279 4969 1575 5024 Dominicae
1631 4967 1902 5038 passionis
1954 4965 2129 5020 mille-

547 5061 710 5124 simo,
749 5061 835 5115 die
865 5060 1026 5115 tertio
1049 5061 1413 5116 Kalendarum
1454 5058 1720 5114 Juliarum
1746 5099 1760 5123 ,
1792 5065 1943 5111 sexta
1973 5056 2127 5119 feria,

543 5151 677 5205 'luna
709 5152 970 5206 vicesima
1023 5162 1240 5216 octava,
1288 5153 1430 5207 facta
1458 5160 1542 5206 est
1591 5149 1814 5218 eclipsis
1860 5163 1952 5203 seu
2000 5145 2131 5202 deli—

543 5244 733 5312 quium
765 5243 894 5298 solis
920 5244 988 5298 ab
1029 5244 1163 5296 hora
1210 5242 1456 5311 ejusdem
1505 5243 1609 5296 dici
1658 5250 1816 5295 sexta
1863 5254 2033 5308 usque
2074 5239 2128 5292 in

2250 3239 2466 3294 quoque
2501 3234 2622 3294 post
2656 3240 2828 3280 annos
2857 3235 3090 3296 quatuor
3127 3224 3270 3280 facta
3300 3234 3386 3280 est
3424 3224 3646 3295 eclipsis
3686 3225 3825 3287 solis,

2249 3316 2535 3372 undecimo
2593 3317 2681 3371 die
2755 3316 3117 3371 Kalendarum
3179 3317 3628 3386 Septembrium,
3694 3317 3821 3371 feria

2251 3418 2465 3479 quarta,
2495 3409 2626 3463 hora
2658 3419 2830 3472 sexta,
2872 3419 3058 3480 atque,
3091 3418 3151 3464 ut
3180 3424 3397 3479 semper
3442 3409 3517 3470 ﬁt,
3546 3408 3674 3463 luna
3697 3409 3827 3462 vice-

2250 3503 2388 3558 sima
2421 3512 2631 3558 octava.
2673 3502 2876 3557 Eodem
2921 3503 3277 3558 nihilominus
3315 3517 3499 3566 anno,
3544 3501 3822 3558 Chuonra-

2249 3593 2372 3658 dus,
2396 3593 2549 3663 cujus
2571 3593 2819 3663 superius
2844 3596 3176 3650 mentionem
3208 3593 3459 3657 fecimus,
3489 3596 3635 3662 apud
3659 3593 3819 3648 Saxo-

2248 3685 2395 3740 niam
2445 3685 2815 3740 Romanorum
2869 3687 3007 3741 obiit
3057 3690 3369 3756 imperator.
3434 3685 3610 3755 Cujus
3657 3685 3822 3749 ﬁlius,

2248 3758 2512 3846 Henricus
2542 3777 2780 3840 nomine,
2812 3792 2972 3846 quem
3007 3777 3121 3846 ipse
3167 3776 3358 3831 vivens
3403 3792 3502 3846 pro
3538 3792 3600 3832 se
3646 3791 3817 3846 regem

2247 3841 2624 3930 constituerat,
2669 3841 2978 3934 imperavit.
3014 3841 3317 3921 Willelnuts
3345 3841 3538 3932 etiam,
3585 3867 3820 3922 Pietavo-

2247 3973 2365 4012 rum
2408 3973 2611 4023 comes,
2659 3958 2845 4013 multis
2879 3960 3128 4028 pecuniis
3177 3959 3316 4015 liber
3357 3976 3387 4013 a
3436 3962 3688 4030 captione
3723 3978 3816 4031 qua

2246 4051 2387 4106 ﬁlius
2427 4050 2683 4106 Fulconis
2731 4050 3030 4106 Gozfrcdus
3056 4093 3070 4117 ,
3124 4062 3486 4122 cognomento
3529 4052 3818 4115 Martellus,

2245 4142 2394 4196 illum
2424 4142 2474 4196 in
2506 4141 2690 4211 praalio
2736 4143 2955 4212 capiens
3005 4143 3182 4211 spatio
3235 4143 3397 4197 trium
3450 4159 3716 4199 annorum
3750 4154 3819 4197 te-

2242 4245 2452 4300 nuerat,
2484 4234 2551 4288 ad
2589 4236 2804 4305 propria
2837 4250 3089 4290 remeans
3125 4236 3241 4304 ipso
3263 4235 3316 4289 in
3348 4251 3490 4290 anno
3521 4236 3684 4292 ﬁnem
3711 4238 3821 4290 vita:

2243 4326 2449 4380 habuit.
2483 4325 2636 4396 llugo
2662 4342 2877 4398 quoque
2899 4327 3391 4383 Antissiodorensis
3413 4329 3725 4400 episc0pus,
3747 4330 3821 4381 vir

2243 4417 2730 4481 nominatissimus,
2759 4417 2971 4472 vivendi
3015 4418 3178 4472 ﬁnem
3208 4417 3354 4472 fecit.
3400 4417 3670 4474 Similiter
3705 4417 3821 4472 Rai-

2242 4507 2454 4572 naltlus,
2482 4521 2667 4562 comes
2711 4507 2952 4578 ejusdem
2997 4509 3265 4574 civitatis,
3309 4508 3567 4565 Landrici
3621 4511 3818 4565 comitis

2244 4599 2404 4664 ﬁlius,
2436 4601 2527 4670 qui
2559 4601 2722 4656 ﬁliam
2754 4602 2974 4657 Roberti
3009 4604 3152 4673 regis
3172 4604 3405 4658 duxerat
3435 4621 3688 4670 uxorem,
3715 4607 3818 4675 ipse

2241 4691 2455 4761 quidem
2488 4693 2687 4756 audax,
2714 4708 2742 4745 a
2773 4693 3003 4761 quodam
3041 4693 3208 4748 milite
3249 4696 3466 4763 generis
3517 4695 3689 4749 inﬁmi
3735 4712 3821 4749 au-

2242 4783 2425 4837 dacter
2451 4783 2804 4852 interemptus
2838 4793 2940 4838 est.
2989 4785 3037 4839 ls
3066 4801 3281 4855 quoque
3324 4787 3720 4856 pertimescens
3760 4789 3820 4842 ob

2239 4873 2542 4936 audaciam,
2575 4873 2734 4927 sicuti
2766 4874 3010 4944 contigit,
3042 4891 3386 4946 praepropere
3415 4877 3521 4932 sibi
3546 4877 3710 4932 {unus
3733 4880 3822 4931 im-

2238 4965 2479 5027 minere,
2512 4965 2640 5020 dum
2675 4967 2851 5020 adhuc
2889 4966 3137 5032 viveret,
3196 4969 3469 5022 abbatiam
3521 4971 3573 5023 in
3625 4971 3822 5025 honore

2237 5056 2447 5112 Domini
2481 5056 2782 5112 Salvatoris
2828 5066 3238 5123 constructam,
3290 5062 3630 5115 monasterio
3681 5063 3818 5116 beati

2235 5148 2488 5204 Germani
2514 5163 2581 5202 ex
2604 5148 2810 5218 integro
2836 5151 3230 5218 perpetualiter
3254 5151 3637 5221 possidendam
3667 5153 3822 5206 resti-

2234 5240 2357 5304 tuit,
2395 5255 2502 5309 quo
2539 5240 2702 5295 etiam
2733 5241 2979 5311 sepultus
3025 5243 3277 5311 quiescit.
3336 5244 3607 5298 Praeterea
3637 5244 3821 5308 Fulco,
