3992 5338
3295 291 3367 300 ,τι

131 313 242 377 eas
691 295 699 302 ’
1057 309 1532 374 HISTORIAM.“
1571 309 1749 366 unm
1791 306 2124 376 Qtasocs.
2157 335 2226 347 ..-
2255 304 2385 361 LIB.
2421 302 2476 360 v.
3295 295 3401 358 est.

142 469 2778 508 ...ΨΜ-*μὴ’
2812 463 3390 490 -—-——-——-————

1274 616 1630 704 LIBER
1704 605 2280 714 QUINTUS.

1331 783 1672 842 CAPITULA
1709 777 1891 837 LIBRI
1927 774 2187 845 QUINTI.

488 889 531 947 I.
687 885 860 940 Varim
892 885 1226 957 quintioues.

487 962 552 1016 Il.
695 958 771 1010 De
799 957 930 1010 bello
962 957 1090 1009 mire
1124 963 1287 1022 gesto.

487 1031 571 1086 III.
685 1029 760 1081 De
787 1030 940 1081 tertia
963 1022 1316 1094 eclipsiisolis.

485 1085 574 1157 IV.
692 1099 766 1152 De
793 1085 1116 1152 dissensione
1146 1089 1509 1160 Lugdunensis
1539 1085 1878 1158 praesulatus.

484 1174 548 1228 V.
691 1169 770 1224 De
799 1169 1172 1237 exatirpalione
1201 1161 1529 1217 Simoniaca.

643 1412 871 1469 (Ἀρεῖ
911 1407 1202 1467 parum,
1745 1404 1791 1462 Α
1822 1397 2027 1461 futura,
2052 1394 2152 1450 nisi
2190 1393 2329 1450 forte
2376 1395 2556 1452 divina
2599 1395 2692 1452 ﬁat
2720 1396 3080 1465 providentia,
3117 1399 3186 1458 ob
3214 1415 3400 1462 corre-

1817 1487 2015 1543 ctionis
2043 1487 2346 1545 solertiam.

1888 1579 2206 1650 Huiusmodi
2255 1579 2419 1650 igitur
2452 1579 2700 1636 mihimet
2736 1581 3052 1651 nuperrime
3097 1585 3401 1656 tnultoties,

200 1685 402 1741 Rerum
431 1683 768 1738 diversarum
815 1676 1302 1752 permutationibus
1344 1691 1408 1730 ac
1438 1675 1714 1729 variorum
1819 1670 1930 1726 Deo
1975 1670 2327 1741 propitiante,
2379 1670 2558 1740 palam
2606 1680 2690 1726 est
2714 1674 3029 1745 contigisse.
3092 1675 3228 1733 Nam
3275 1679 3404 1735 dum

136 1796 354 1836 casuum
376 1779 658 1834 eventibus
688 1775 929 1830 attonita:
958 1789 1139 1838 aures,
1170 1779 1486 1839 mentesque
1509 1769 1716 1822 obtusa:
1819 1763 2107 1833 aliquando
2140 1763 2193 1817 in
2222 1763 2364 1819 beati
2397 1765 2654 1836 martyris
2683 1764 3002 1840 Leodegarii
3040 1774 3400 1837 monasterio,

138 1887 225 1926 seu
255 1872 546 1934 hebetatae,
565 1868 939 1922 universorum
969 1873 1098 1918 tunc
1127 1860 1384 1931 temporis
1399 1873 1536 1928 pene
1566 1871 1714 1910 mor—
1817 1857 1962 1927 quod
2019 1855 2290 1928 Cappellis
2338 1858 2751 1929 cognominatur
2774 1901 2790 1926 ,
2847 1864 3057 1932 positus
3127 1866 3403 1938 degerem,

137 1963 343 2025 talium,
392 1969 506 2014 tum
543 1959 706 2013 etiam
743 1953 1179 2010 infestationibus
1231 1950 1574 2006 sinistrorum
1604 1947 1717 2016 spi-
1818 1955 1978 2002 nocte
2008 1949 2268 2018 quadam,
2325 1958 2452 2002 ante
2512 1951 2888 2006 matutinalem
2929 1956 3182 2025 synaxin,
3237 1960 3410 2013 astitit

137 2054 352 2107 rituum.
422 2051 708 2120 Aliquibus
775 2057 954 2102 tamen
1032 2043 1428 2100 revelationum
1500 2038 1713 2095 utilium
1820 2040 1948 2093 mihi
1976 2055 2040 2094 ex
2074 2052 2227 2110 parte
2258 2041 2454 2110 pedum
2483 2041 2666 2096 lectuli
2692 2042 2864 2098 forma
2899 2046 3210 2102 homunculi
3243 2059 3406 2105 teter-

137 2144 430 2215 pbantasia:
455 2140 813 2196 manifestata:
833 2139 1003 2194 fuisse
1027 2136 1360 2193 creberrime
1381 2134 1714 2190 ferebantur.
1821 2131 1972 2185 rima:
2001 2132 2222 2199 speciei.
2250 2131 2380 2187 Erat
2411 2134 2556 2188 enim
2585 2176 2600 2200 ,
2646 2147 2909 2206 quantum
2942 2155 2968 2191 a
3016 2157 3101 2195 me
3155 2142 3401 2214 dignosci

136 2237 352 2290 tiuidam
411 2249 649 2304 namque
696 2232 964 2287 monacho
994 2246 1097 2283 ttna
1133 2227 1372 2282 noctium
1404 2225 1574 2280 visum
1610 2231 1713 2282 est,
1820 2225 2013 2293 potuit,
2047 2234 2257 2280 statura
2288 2227 2600 2290 mediocris,
2629 2227 2768 2283 collo
2790 2231 3017 2300 gracili,
3050 2231 3188 2288 facie
3235 2237 3408 2290 maci-

137 2329 258 2381 Itora
293 2342 404 2396 qua
435 2325 756 2380 matutinale
791 2325 1051 2394 agitatum
1091 2330 1174 2376 est
1204 2321 1414 2388 signum
1444 2359 1457 2382 ,
1499 2313 1718 2369 affuisse
1818 2315 1987 2380 lenta,
2013 2318 2187 2374 oculis
2218 2319 2551 2390 nigerrimis,
2586 2321 2769 2376 fronte
2796 2340 2994 2393 rugosa
3025 2337 3079 2379 et
3105 2335 3405 2390 contracta,

137 2419 226 2470 sibi
263 2416 553 2486 quemdam
585 2415 948 2476 teterrimum,
971 2413 1063 2482 qui
1089 2411 1262 2466 cidem
1295 2410 1449 2480 plura
1496 2421 1718 2476 persua-
1819 2408 2093 2477 depressis
2121 2411 2360 2475 naribus,
2391 2427 2486 2466 ore
2533 2423 2858 2482 exporrecto
2884 2456 2897 2478 ,
2939 2415 3149 2471 labellis
3195 2427 3411 2473 tumen-

136 2512 300 2566 dettth
349 2510 615 2568 inferebat
662 2506 1036 2575 hujuscemodi
1085 2503 1450 2573 colloquium:
1489 2520 1508 2552 ‹
1559 2500 1670 2553 Cur
1699 2538 1714 2561 ,
1820 2499 1982 2565 tibus,
2012 2509 2194 2556 mento
2219 2504 2495 2558 subtracto
2520 2520 2581 2558 ac
2603 2516 2947 2576 perangusto,
2969 2509 3134 2562 barba
3159 2511 3406 2578 caprina,

138 2605 396 2672 inquiens,
443 2618 574 2668 vos,
626 2599 919 2664 monachi,
971 2607 1049 2652 tot
1080 2597 1328 2660 labores,
1382 2603 1460 2649 tot
1506 2591 1718 2662 vigilias
1821 2594 2044 2649 auribus
2070 2595 2230 2649 hirtis
2262 2605 2317 2650 et
2347 2598 2654 2667 praeacutis,
2700 2599 2909 2668 capillis
2939 2601 3210 2655 stantibus
3250 2603 3410 2656 etin-

137 2693 512 2763 atquejejunia
538 2734 554 2758 ,
587 2708 691 2747 nec
735 2708 841 2745 non
882 2689 1200 2745 amictioacs
1221 2729 1235 2752 ,
1282 2699 1338 2742 et
1385 2683 1715 2755 psalmodias
1821 2685 2428 2754 compositis,dentibus
2455 2687 2685 2751 caninis,
2709 2690 2966 2758 occipitio
2992 2702 3410 2761 acuto,pectore

138 2787 414 2854 pluresque
459 2783 593 2838 alias
630 2783 1032 2837 humiliationes
1063 2779 1332 2836 exercetis
1361 2789 1517 2832 extra
1563 2792 1714 2831 com-
1743 2805 1790 2862 Β
1821 2776 2046 2842 tumido,
2072 2777 2234 2832 dorso
2255 2776 2494 2849 gibbato,
2518 2777 2768 2835 clunibus
2795 2781 3147 2852 agitantibus,
3167 2785 3408 2839 vestibus

139 2890 342 2930 munem
367 2875 598 2928 aliorum
627 2873 909 2929 hominum
940 2887 1093 2926 usum
1118 2872 1140 2924 ?
1169 2869 1357 2923 Nonne
1405 2868 1715 2922 innumera-
1819 2869 2073 2934 sordidis,
2107 2879 2308 2925 conatu
2331 2880 2567 2926 aestuans
2611 2887 2676 2926 ac
2711 2881 2821 2927 toto
2851 2889 3080 2942 corpore
3125 2891 3403 2945 praeceps;

136 2967 258 3020 biles
285 2966 634 3022 srecularium
671 2964 919 3019 homines
948 2977 1119 3032 usque
1155 2960 1222 3014 ad
1260 2960 1382 3013 vita:
1421 2957 1713 3011 terminum
1819 2960 2198 3030 arripiensque
2229 2961 2599 3033 summitatem
2653 2963 2808 3015 strati
2845 2960 2898 3016 in
2955 2979 3062 3033 quo
3111 2964 3402 3025 cubabant.

138 3057 184 3110 in
229 3059 458 3112 diversis
510 3056 730 3127 ﬂagitiis
767 3060 1202 3125 perseverantes,
1238 3052 1484 3105 eamdem
1533 3057 1715 3102 tamen
1818 3055 1989 3103 totum
2042 3049 2358 3104 terribiliter
2409 3032 2686 3105 coricussit
2738 3032 3039 3118 lectulum,
3090 3068 3151 3105 ac
3212 3054 3409 3108 deinde

135 3149 430 3218 percepturi
460 3163 622 3216 quam
654 3161 752 3199 vos
777 3145 1106 3214 exspectatis
1155 3143 1394 3212 requiem
1427 3141 1450 3193 ?
1483 3138 1712 3193 Snfl‘tce-
1818 3139 1982 3194 infit:
2047 3159 2066 3191 ί
2110 3139 2226 3197 Νοη
2277 3150 2332 3196 tu
2380 3142 2431 3195 in
2485 3142 2587 3197 hoc
2627 3141 2745 3198 loco
2792 3143 2929 3198 ultra
2979 3147 3246 3202 manebis.
3282 3168 3299 3199 ι
3337 3150 3409 3203 At

137 3249 211 3291 ret
247 3239 390 3292 enim
421 3239 540 3292 dies
570 3254 732 3302 ututs,
764 3234 850 3290 vel
882 3236 1036 3299 liora,
1067 3235 1133 3287 ad
1176 3226 1533 3302 promerenda
1578 3243 1716 3298 przc-
1815 3246 1915 3301 ego
1978 3234 2201 3288 territus
2229 3274 2244 3294 ,
2300 3233 2712 3305 evigilansque,
2783 3235 2940 3290 sicuti
3009 3248 3232 3306 repente
3287 3240 3403 3296 ﬁeri

135 3330 230 3381 mia
280 3337 502 3384 eterna:
540 3327 895 3382 beatitudinis
945 3334 1138 3380 vestrae
1172 3323 1420 3394 justitiae.
1471 3319 1716 3389 Namque
1815 3324 2102 3394 contingit,
2135 3324 2319 3392 aspexi
2357 3325 2516 3380 talem
2571 3341 2732 3396 quem
2763 3328 3093 3397 prrcscripsi.
3124 3342 3240 3398 Ipse
3278 3347 3406 3384 vero

134 3429 182 3471 tu
213 3419 348 3489 ipse,
375 3419 545 3473 miror
568 3435 676 3488 qua
706 3418 772 3471 de
801 3432 963 3472 causa
999 3425 1108 3470 tam
1158 3413 1445 3476 sollicitus,
1473 3427 1598 3465 mox
1656 3419 1715 3465 ut
1815 3415 2130 3473 infrendens
2161 3417 2454 3473 identidem
2493 3419 2672 3474 aiebat
2703 3438 2714 3474 :
2747 3438 2766 3470 ‹
2795 3419 2910 3476 Νοη
2943 3422 3030 3476 hic
3051 3425 3191 3477 ttltra
3224 3441 3407 3481 manc-

135 3515 278 3568 audis
307 3513 544 3584 signum,
574 3512 836 3568 velociter
863 3509 1111 3579 exsurgis
1136 3524 1164 3562 a
1214 3507 1352 3563 lecto
1395 3506 1712 3575 rumpisque
1815 3507 1916 3562 bis.
1948 3527 1966 3560 ι
2008 3507 2156 3562 Illico
2203 3509 2436 3580 denique
2475 3525 2506 3564 a
2553 3509 2749 3566 lectulo
2788 3513 3066 3580 exsiliens,
3110 3517 3323 3570 cucurri
3356 3519 3407 3571 in

132 3604 334 3660 dulcem
365 3603 541 3658 somni
581 3603 843 3672 quietem,
876 3617 998 3656 cum
1028 3615 1216 3672 posses
1239 3598 1405 3668 quieti
1436 3597 1712 3667 indulgere
1815 3598 2226 3662 monasterium,
2272 3608 2433 3670 atque
2480 3611 2605 3656 ante
2646 3601 2818 3656 altare
2865 3605 3187 3659 sanctissimi
3237 3609 3411 3675 patris

132 3695 205 3748 vel
235 3710 410 3766 usque
439 3695 505 3750 ad
533 3695 756 3749 tertium
789 3693 1024 3763 signum.
1074 3692 1170 3748 Est
1215 3692 1378 3745 etiam
1429 3690 1569 3760 qttod
1617 3688 1709 3742 tibi
1815 3689 2087 3745 Benedicti
2117 3699 2422 3760 prostratus
2457 3707 2522 3747 ac
2564 3693 2788 3747 nimium
2839 3695 3152 3764 pavefactus
3201 3699 3409 3754 diutine

131 3791 357 3857 pandam
387 3797 656 3844 secretum
700 3787 856 3842 valde
897 3784 1250 3841 memorabile
1277 3824 1291 3848 ,
1339 3782 1464 3837 licet
1513 3792 1711 3836 nostra:
1812 3784 2061 3838 decubui.
2104 3783 2362 3854 Cmpique
2391 3785 2656 3840 acerrime
2687 3787 2752 3839 ad
2790 3788 3106 3842 memoriam
3149 3789 3408 3845 reducere

133 3880 192 3932 sit
219 3880 362 3949 parti
389 3878 754 3949 dispendium,
787 3885 981 3931 vestrae
1008 3890 1224 3946 quoque
1253 3874 1494 3928 salutare
1537 3886 1710 3926 retne-
1811 3875 2072 3946 quidquid
2131 3876 2199 3931 ab
2254 3876 2469 3932 ineunte
2522 3886 2682 3933 :etate
2725 3878 3077 3934 offensionum
3129 3882 3406 3953 gravium-

133 3973 289 4026 diutn.
317 3972 458 4027 Nam
482 3980 702 4026 constat
730 3971 983 4024 omnibus
1007 3968 1186 4034 annis,
1218 3967 1302 4021 die
1326 3983 1429 4036 qua
1458 3965 1708 4020 Christus
1810 3981 1918 4036 que
1951 3965 2326 4036 peccaminum
2367 3967 2668 4036 procaciter
2696 3983 2788 4023 seu
2825 3970 3160 4040 negligenter
3189 3972 3409 4026 commi-

132 4079 416 4132 resurgens
442 4079 509 4118 ex
543 4061 774 4116 mortuis
801 4061 964 4113 vitam
996 4058 1266 4128 reparavit
1293 4055 1512 4110 lntmani
1546 4071 1706 4123 geuc-
1811 4073 2010 4120 seram,
2043 4067 2154 4110 tum
2183 4057 2472 4127 praecipue,
2500 4059 2754 4127 qttoztitm
2801 4073 2935 4128 pene
2981 4060 3122 4113 nulla
3164 4062 3406 4129 ρωηίιιι-

132 4153 215 4215 ris,
245 4154 314 4207 ab
343 4153 536 4207 eodem
568 4152 823 4206 universa
856 4149 1075 4220 spoliari
1105 4158 1306 4203 tartara
1343 4155 1397 4201 el
1424 4161 1550 4201 suos
1579 4161 1709 4214 quo-
1733 4167 1783 4231 α
1813 4153 1956 4208 diuis
2001 4152 2302 4207 satisfactio
2330 4151 2400 4207 ob
2427 4167 2666 4208 amorem
2695 4167 2788 4208 seu
2827 4153 3071 4208 timorem
3104 4154 3405 4211 divinitatis

131 4257 223 4309 que
250 4242 434 4297 reduci
465 4242 532 4296 ad
557 4256 774 4310 supera.
803 4239 906 4293 Pro
951 4255 1055 4309 qua
1086 4254 1144 4294 re
1194 4237 1327 4291 nihil
1358 4237 1511 4292 vobis
1541 4235 1712 4306 perli-
1813 4259 1842 4298 ει
1869 4257 1954 4298 me
1980 4243 2174 4296 exinde
2207 4250 2564 4297 successerat.
2606 4242 2681 4296 Ita
2725 4259 2960 4314 quoque,
2997 4245 3164 4298 m’ser
3193 4253 3244 4298 et
3275 4259 3410 4299 con-

132 4333 495 4387 inescendum.
549 4331 825 4400 Quidquid
877 4330 1093 4384 libuerit
1139 4328 1473 4400 voluptatum
1527 4328 1709 4383 carnis
1814 4331 1962 4386 fusus
1984 4332 2194 4402 jacens,
2219 4347 2323 4386 non
2340 4329 2603 4386 habebam
2625 4330 2751 4402 quiJ
2780 4333 3119 4403 potissimum
3142 4334 3404 4398 dicerem,

133 4436 189 4475 ac
219 4423 612 4477 desideriorum
646 4421 827 4476 securi
852 4437 1012 4492 agere
1038 4422 1283 4491 potestis.
1317 4440 1334 4471 ι
1372 4419 1495 4475 Ilaec
1519 4435 1708 4489 nempe
1813 4425 1914 4480 nisi
1957 4433 2162 4480 tantum
2191 4441 2206 4480 :
2239 4442 2257 4474 ι
2286 4423 2512 4479 Domine
2537 4421 2687 4489 Jesu,
2733 4427 2822 4495 qui
2871 4428 3064 4481 venisti
3097 4437 3412 4497 peccatores

132 4522 180 4566 et
205 4515 303 4568 alia
338 4514 635 4585 perplura,
672 4513 835 4568 sicuti
885 4524 1004 4567 erat
1047 4513 1427 4569 fallacissimus
1473 4512 1707 4578 daemon,
1812 4514 1990 4570 salvos
2045 4515 2252 4579 facere,
2309 4515 2602 4569 secundum
2665 4533 2912 4588 magnam
2981 4517 3407 4574 miscticordiam

133 4606 292 4661 eidem
343 4605 614 4661 monacho
663 4603 912 4669 illudens,
966 4604 1156 4659 frivola
1213 4603 1420 4668 retulit,
1466 4603 1709 4671 adeoque
1815 4613 1960 4660 tuam
1992 4606 2251 4660 missrere
2275 4605 2398 4659 mei.
2430 4626 2448 4656 ›
2492 4605 2701 4660 Interea
2734 4609 2975 4661 confiteri
3008 4607 3406 4663 nunerulesco

134 4696 266 4751 illum
297 4696 498 4762 illexit,
529 4704 589 4750 ut
619 4697 898 4750 communi
928 4695 1157 4748 fratrum
1181 4696 1371 4766 synaxi
1404 4691 1707 4747 tnatutinali
1814 4712 1899 4751 me
1933 4713 2038 4752 non
2069 4695 2240 4751 solum
2274 4695 2325 4749 in
2372 4696 2608 4765 peccatis
2663 4707 2948 4767 parentum
2991 4713 3233 4752 meorum
3268 4701 3418 4767 geni-

133 4786 369 4841 defuerit.
402 4787 538 4840 Illud
571 4802 708 4842 sane
727 4789 872 4856 quod
899 4788 963 4840 de
995 4787 1271 4842 Dominica
1305 4785 1708 4839 resurrectione
1814 4795 1947 4852 tum,
1979 4801 2166 4841 verum
2198 4787 2364 4841 fuisse
2410 4787 2650 4840 moribus
2696 4788 3082 4858 importunum,
3105 4795 3159 4839 et
3199 4787 3421 4841 actibus

132 4878 422 4934 seductorie
450 4873 736 4945 conlinxit,
785 4879 950 4934 verba
987 4879 1130 4934 sacri
1174 4878 1504 4949 redarguunt
1529 4878 1709 4932 Evan-
1814 4875 2206 4932 intolerabilem
2243 4876 2525 4947 plusquam
2565 4879 2777 4931 narrari
2812 4893 2970 4944 quea:
3006 4876 3298 4932 exstitiSSe.
3354 4877 3424 4930 V'i

131 4969 262 5034 gelii,
303 4985 428 5040 qua:
458 4969 643 5023 dicunt
672 4989 684 5023 :
734 4989 753 5021 ί
786 4967 952 5022 Multa
994 4985 1222 5040 corpora
1250 4978 1591 5036 sanctorum,
1616 4968 1708 5038 qui
1812 4970 1974 5024 etiam
2006 4967 2286 5038 cujusdam
2316 4968 2588 5034 monachi,
2621 4971 2726 5025 mei
2754 4967 2961 5024 scilicet
2988 4965 3256 5026 auunculi,
3289 4969 3440 5025 ιιι-ε-

131 5062 477 5124 dormierant,
513 5068 898 5116 surrexerunt.
933 5080 951 5114 ι
982 5061 1127 5127 Νοη,
1165 5061 1454 5130 inquiunt,
1506 5063 1707 5126 omnia,
1814 5071 2018 5118 tractus
2056 5079 2086 5116 a
2128 5063 2560 5132 perversissitna,
2598 5076 2761 5130 quam
2794 5074 2902 5128 pra:
2931 5057 3140 5112 caeteris
3169 5053 3447 5122 agebam,

129 5154 211 5182 tnui
238 5153 413 5182 ιι...ΙΙ,.
471 5153 533 5182 p.
565 5155 630 5182 ἒ...
666 5169 860 5182 ..Αινηιηη
915 5155 1192 5182 ’διακαῇ-λι..-
1243 5153 1370 5182 “Jan
1415 5155 1683 5182 ΑσιΙὶ...Ιῖηη

1873 5153 2084 5182 ιη’-Ιαοζι-
2117 5153 2242 5180 Cvzlm
2265 5153 2501 5180 q-nn:lnln
2568 5164 2692 5178 Αιοονι
2719 5162 2889 5176 annnam
2918 5146 3086 5176 θοι-ηιμ.
3116 5143 3217 5174 Ann
3241 5145 3334 5174 ιιὶιι
3353 5169 3386 5172 ,γ
3409 5155 3417 5164 ⁸
3435 5168 3449 5172 η

648 1547 820 1604 Varia'
847 1547 1177 1618 quwstiones.
