3992 5338
560 272 677 330 ω,

1549 263 1855 324 RODULFI
1889 257 2147 319 GLABRI
2184 257 2496 320 MONACHI
2534 263 2858 323 CLUNIAC.

3740 272 3829 330 088

550 397 713 454 rent,
759 382 1116 458 opponebam.
1153 381 1365 439 Dehine
1410 380 1717 439 senioribus
1744 394 1852 435 non
1879 377 2158 445 obediens,
2189 381 2235 441 Α
2264 387 2502 436 aestuans
2547 393 2755 435 vocare,
2794 379 3100 451 quempiam
3150 395 3182 437 e
3225 381 3340 438 suis
3379 382 3447 438 ad
3484 383 3830 442 testimoniusz

546 472 1256 548 'comqualihus'moiestus,
1292 471 1597 543 junioribus
1643 485 1926 536 onerosus,
1976 478 2160 540 atque,

567 576 622 624 ut
650 581 775 624 vere
802 565 995 632 fatear,
1021 562 1291 620 universis
1319 563 1425 618 mei
1448 561 1734 633 praesentia
1757 560 1992 631 gravedo
2018 568 2158 630 erat,

567 658 814 714 levamen
844 654 1420 712 absentia.-‘Pr:eterea
1462 652 1549 708 his
1585 663 1640 708 et
1680 650 1983 721 huiusmodi
2023 664 2162 721 prae-

566 748 697 804 dicti
728 746 835 804 loci
864 746 1065 803 fratres
1088 744 1327 817 instigati
1352 743 1675 815 expulerunt
1698 757 1784 797 me
1816 758 1844 796 ει
1870 742 2160 796 contuber-

563 841 656 895 nio
686 854 797 896 sua:
825 837 1197 903 habitationis,
1224 846 1403 891 tamen
1433 836 1667 892 scientes
1692 849 1797 889 non
1821 832 2005 888 defore
2027 832 2156 888 mihi

542 931 747 987 locum
790 930 1095 1001 quempiam
1126 929 1530 995 commanendi,
1562 935 1769 982 tantum
1796 924 1866 981 ob
1894 925 2158 980 litterato-

561 1022 698 1077 riam
726 1020 1023 1077 notionem.
1049 1017 1163 1074 Hoc
1182 1018 1347 1073 etiam
1375 1031 1615 1088 persaepe
1644 1024 1926 1086 expertum
1957 1015 2154 1069 fuerat.

610 1112 762 1167 .Post
789 1113 893 1167 hoc
922 1111 1086 1181 igitur
1124 1109 1178 1165 in
1214 1108 1543 1164 monasterio
1585 1108 1755 1162 sancti
1792 1105 2037 1176 Benigni,
2067 1104 2157 1157 Di-

556 1204 835 1261 vionensis
868 1201 1141 1274 martyris,
1182 1199 1412 1265 locatus,
1451 1215 1556 1255 non
1604 1199 1809 1269 dispar,
1855 1190 1968 1252 imo
2011 1195 2156 1251 idem

556 1293 692 1349 mihi
715 1293 867 1350 visus
888 1301 973 1348 est
1009 1292 1062 1347 in
1102 1289 1421 1346 dormitorio
1452 1288 1701 1344 fratrum.
1742 1286 2034 1358 Incipiente
2058 1300 2153 1338 au-

555 1402 687 1443 rora
724 1386 851 1453 diei,
900 1399 1127 1441 currens
1169 1382 1303 1438 exiit
1334 1397 1363 1436 a
1392 1381 1553 1437 domo
1588 1380 1932 1446 latrinarum,
1978 1377 2156 1432 taliter

556 1478 900 1535 inclamando
952 1495 966 1533 :
1020 1497 1040 1545 ι
1081 1475 1231 1531 Meus
1278 1460 1666 1530 baccalaureus
1710 1472 1798 1528 ubi
1848 1480 1952 1539 est,
2003 1485 2155 1525 meus

555 1565 939 1624 baccalaureus
964 1565 1054 1621 ubi
1076 1563 1201 1620 est?
1229 1583 1248 1615 ι
1293 1562 1549 1633 Sequenti
1579 1577 1793 1633 quoque
1823 1561 1929 1626 die,
1962 1561 2151 1616 eadem

553 1659 673 1717 fere
703 1661 860 1727 hora,
904 1657 1188 1730 aufugiens
1213 1657 1349 1714 abiit
1386 1656 1581 1713 exinde
1614 1655 1834 1726 quidam
1863 1655 2033 1710 frater
2052 1651 2147 1722 ju-

2267 471 2401 526 tanti
2431 478 2695 527 ostentus.
2736 470 2872 526 Dum
2895 480 3074 526 autem
3108 473 3275 542 erepit
3305 474 3545 532 clamare
3579 485 3640 531 ut
3664 492 3836 534 oecur-

2263 571 2515 631 reretur,
2570 563 2893 620 rarescendo
2959 566 3205 635 protinus
3266 567 3670 637 disparuean
3729 571 3833 642 Ipse

2262 670 2478 726 quoque
2500 664 2651 711 tanto
2674 656 2841 711 animi
2864 666 3071 713 terrore
3088 659 3364 729 perculsus
3388 657 3522 735 [est]
3542 670 3602 715 ut
3620 662 3707 717 vix
3725 680 3753 717 a
3766 665 3836 719 la-

2260 744 2460 815 crymis
2486 759 2546 800 se
2573 744 2851 801 continere
2882 757 3065 816 posset
3093 764 3107 812 ;
3138 747 3332 803 dehinc
3356 749 3524 820 cmpit
3567 750 3832 815 infirmari,

2258 834 2557 905 eodemque
2593 843 2852 903 anno,'ut
2883 837 3087 906 optime
3132 837 3373 904 vixerat,
3400 838 3557 894 obiit.
3598 837 3834 897 Portenta

2259 925 2491 995 denique
2533 926 2842 983 subtractus
2883 928 3026 1000 quod
3070 928 3224 995 vidit,
3266 930 3339 984 illi
3386 933 3479 1002 qui
3534 948 3833 1004 persensere

2261 1022 2424 1071 testes
2450 1013 2688 1072 fuerunt.
2728 1015 2862 1072 Nam
2903 1020 3149 1087 sequenti
3180 1034 3323 1075 anno
3369 1021 3513 1078 [ilius
3558 1025 3701 1096 regis
3738 1024 3832 1080 Ro-

2257 1102 2395 1158 berti
2429 1099 2710 1171 Henricus,
2742 1106 2833 1176 qni
2865 1116 2985 1177 post
3009 1107 3157 1166 illum
3189 1111 3460 1182 regnavit,
3501 1116 3572 1168 ad
3600 1115 3736 1170 idem
3762 1132 3834 1170 ca-

2255 1203 2430 1251 strum
2476 1196 2554 1251 ira
2594 1207 2873 1269 permotus
2908 1200 3132 1255 veniens
3157 1216 3281 1258 cum
3331 1203 3537 1273 ingenti
3584 1207 3829 1275 exercitu,

2257 1289 2424 1343 multa
2468 1289 2666 1345 ibidem
2695 1291 2971 1345 hominum
3014 1293 3189 1348 caedes
3225 1294 3294 1349 ab
3323 1305 3555 1365 utraque
3580 1306 3735 1369 parte
3755 1315 3834 1371 pa-

2256 1387 2397 1435 trata
2426 1390 2527 1436 est.
2565 1380 2641 1436 De
2679 1382 2781 1437 hoc
2824 1383 3065 1452 proiecto
3091 1394 3307 1439 constat
3331 1389 3593 1456 quoniam
3636 1405 3696 1442 ea
3729 1405 3832 1460 qtae

2255 1471 2485 1537 viderat,
2517 1482 2573 1529 et
2599 1472 2701 1529 sibi
2733 1476 3090 1545 prospexitet
3138 1476 3260 1533 aliis
3289 1477 3438 1547 (licet
3472 1478 3830 1551 dissimiliter),

2255 1561 2484 1617 mirifice
2512 1571 2689 1618 tamen
2722 1565 2862 1635 apud
2892 1565 3326 1621 Antissiodorum
3356 1568 3411 1622 in
3433 1570 3666 1625 ecclesia
3704 1571 3828 1626 beati

2255 1654 2512 1711 Germani
2536 1657 2825 1728 contigisse
2854 1659 3219 1714 meminimus.
3262 1660 3389 1716 Erat
3424 1661 3625 1718 ibidem
3658 1662 3827 1731 frater,

551 1753 728 1819 venis,
769 1758 949 1807 mente
983 1748 1312 1813 levissimus,
1345 1746 1717 1803 Theodericus
1741 1744 1978 1810 nomine,
2014 1741 2153 1813 reje-
2180 1756 2227 1817 Β
2255 1746 2529 1804 Gerardus
2558 1750 2802 1817 nomine,
2835 1751 2919 1805 cui
2957 1766 3075 1807 mos
3114 1763 3234 1808 erat
3273 1765 3395 1824 post
3434 1755 3706 1811 solemnes
3736 1773 3832 1811 ma-

552 1859 754 1921 ctoqne
781 1847 995 1913 habitu,
1018 1861 1119 1918 per
1139 1843 1356 1916 aliquod
1388 1842 1646 1917 temporis
1669 1841 1902 1911 spatium
1929 1838 2151 1897 saecula-

552 1944 686 1999 riter
731 1938 888 1998 vixit.
946 1940 1048 2009 Qui
1101 1930 1467 2012 postmddum,
1489 1934 1650 1991 corde
1672 1942 2048 2005 compunctus,
2082 1931 2149 1986 ad

550 2031 888 2104 propositum
917 2028 1059 2085 sacri
1094 2026 1304 2085 ordinis
1334 2025 1511 2081 rediit.
1554 2023 1738 2079 Tertio
1768 2037 2003 2094 qquue,
2026 2036 2148 2076 cum

538 2124 695 2195 apud
738 2122 1044 2179 etenobium
1090 2121 1263 2176 beatae
1311 2130 1632 2188 semperque
1673 2113 1899 2185 virginis
1944 2113 2145 2176 Mariae,

546 2222 911 2289 cognomento
937 2211 1323 2275 Meleredense,
1366 2210 1705 2274 demorarer,
1732 2223 1838 2283 una
1884 2204 2145 2274 noctium,

548 2306 678 2362 dum
714 2303 1038 2359 matutinum
1078 2300 1387 2372 pulsaretur
1432 2298 1669 2369 signum,
1715 2309 1771 2353 et
1812 2312 1935 2369 ego,
1960 2296 2148 2352 labore

545 2396 783 2468 quodam
810 2395 1003 2460 fessus,
1041 2408 1167 2459 non,
1195 2400 1253 2447 ut
1277 2391 1594 2456 debueram,
1643 2404 1767 2444 mox
1802 2397 1862 2444 ut
1901 2388 2144 2443 auditum

544 2487 728 2544 fuerat
760 2487 1214 2550 exsurrexissem,
1272 2496 1593 2552 mecumque
1637 2479 1803 2550 aliqui
1850 2478 2147 2535 remansis-

544 2575 687 2646 s'ent,
715 2593 854 2651 quos
876 2576 1126 2633 videlicet
1155 2588 1321 2645 prava
1356 2573 1691 2630 consuetudo
1733 2570 1999 2637 illexerat,
2044 2585 2145 2626 eae-

542 2670 678 2726 teris
705 2669 775 2727 ad
796 2669 1079 2726 ecclesiam
1112 2664 1597 2732 concurrentibus;
1638 2664 1923 2736 egrediens
1961 2670 2145 2717 autem

543 2769 671 2830 post
696 2759 927 2814 fratrum
956 2756 1182 2828 vestigia
1227 2753 1452 2811 anhelus
1483 2753 1726 2810 ascendit
1750 2753 1974 2825 gradum
2004 2765 2145 2824 pra:-

544 2850 794 2921 signatus
826 2850 1053 2914 dit-mon,
1096 2847 1164 2903 ad
1202 2847 1424 2903 dorsum
1465 2846 1713 2902 manibus
1740 2845 1997 2910 reductis,
2028 2845 2140 2899 ba:-

540 2956 783 3011 reusque
807 2937 1003 3011 parieti
1041 2939 1125 2993 bis
1153 2947 1341 3008 terque
1390 2936 1670 3007 repetebat
1715 2935 1944 2990 dicens:
1979 2952 1997 2985 ι
2031 2934 2141 3005 Ego

543 3047 689 3098 sum,
721 3045 822 3102 ego
860 3034 1005 3094 Sum,
1050 3028 1142 3098 qui
1195 3037 1279 3083 sto
1313 3043 1436 3083 eum
1492 3026 1599 3081 illis
1643 3025 1734 3096 qui
1778 3031 2081 3080 remanent.
2115 3043 2132 3075 υ

2256 1839 2511 1895 tutinales
2552 1839 2609 1895 in
2652 1841 2893 1898 oratorio
2932 1844 3215 1899 remorari.
3271 1845 3406 1901 Huic
3450 1848 3681 1920 contigit
3718 1864 3831 1920 quo-

2254 1931 2376 1987 dam
2433 1947 2594 1988 rnane
2642 1941 2701 1988 ut
2751 1933 2892 1989 inter
2942 1935 3220 1991 orationes
3256 1937 3706 1995 obdormisceret.
3743 1939 3827 2008 Qui

2252 2024 2524 2096 protinus,
2562 2024 2711 2095 gravi
2762 2040 2955 2081 somno
3018 2026 3330 2097 depressus,
3388 2030 3542 2084 velut
3588 2032 3832 2085 examinis

2254 2116 2464 2171 delatus
2508 2125 2595 2172 est
2639 2115 2788 2172 foras
2836 2118 3191 2186 monasterii;
3240 2120 3337 2174 seJ
3386 2120 3650 2189 qualiter,
3688 2131 3773 2176 aut
3801 2138 3828 2173 a

2253 2207 2452 2277 quibus
2487 2208 2594 2263 huc
2623 2223 2792 2279 usque
2818 2209 3080 2265 nescitur.
3118 2210 3219 2276 Qui
3254 2211 3672 2281 expergefactus
3698 2227 3828 2282 repe-

2252 2297 2325 2350 rit
2363 2312 2421 2352 se
2448 2298 2501 2352 in
2523 2297 2762 2354 claustro
2790 2308 2948 2355 extra
2975 2300 3360 2356 monasterium
3380 2302 3647 2373 ejectum,
3676 2305 3829 2358 admi-

2252 2405 2380 2445 rans
2433 2390 2777 2446 indicibiliter
2828 2390 2974 2460 quod
3027 2391 3228 2447 faetum
3269 2389 3351 2447 'de
3397 2406 3521 2449 sese
3573 2395 3830 2449 cernebat.

2251 2478 2424 2536 Simili
2469 2482 2666 2553 quippe
2713 2483 2873 2539 modo
2918 2483 3147 2556 contigit
3181 2483 3394 2539 cuidam
3436 2486 3752 2556 presbytero
3783 2486 3831 2540 in

2250 2572 2440 2628 eodem
2472 2576 2801 2629 monasterio
2821 2576 3187 2644 pernoctanti,
3214 2575 3339 2630 dum
3368 2576 3420 2629 in
3451 2576 3830 2631 subterloribus

2248 2663 2475 2734 cryptis,
2516 2664 2608 2719 ubi
2653 2664 2816 2719 multa
2864 2674 3174 2721 sanctorum
3214 2665 3571 2737 requiescunt
3598 2681 3826 2735 corpora,

2247 2753 2600 2819 obdormiret,
2633 2755 2777 2811 circa
2805 2755 2929 2827 galli
2955 2764 3176 2812 cantum
3221 2756 3425 2826 reperit
3453 2769 3633 2813 semet
3662 2773 3829 2828 aspor-

2247 2853 2419 2899 tatum
2460 2855 2580 2915 post
2618 2834 2844 2901 chorum
2884 2847 3293 2903 monachorum.
3348 2847 3602 2919 Namque
3650 2850 3715 2905 de
3754 2864 3830 2902 ea-

2244 2934 2369 2990 dem
2405 2935 2636 2992 ecclesia
2666 2944 2813 2991 eerta
2846 2937 3041 2992 relatio
3074 2945 3288 2992 constat
3316 2939 3604 3008 quoniam,
3641 2940 3686 2993 si
3712 2953 3826 2993 con-

2248 3029 2431 3101 tigerit
2454 3040 2619 3086 noctu
2655 3030 2920 3087 luminare
2948 3032 3238 3104 exstingui,
3269 3047 3556 3105 quousque
3592 3049 3829 3090 reaccen-

540 3124 658 3190 Qua
697 3137 827 3178 voce
870 3121 1105 3186 excitus,
1138 3128 1300 3191 caput
1327 3118 1565 3184 elevans,
1609 3118 1717 3171 vidi
1751 3120 2141 3187 recognoscens
2166 3126 2213 3189 C
2245 3120 2426 3188 datur,
2459 3122 2710 3179 custodes
2762 3123 3001 3190 ejusdem
3053 3125 3294 3181 ecclesia:
3350 3126 3555 3182 nullam
3609 3130 3829 3200 quietem

538 3229 702 3286 quem
728 3214 813 3269 bis
841 3213 1039 3269 dudum
1064 3210 1176 3281 jam
1202 3211 1462 3265 videram.
1503 3209 1633 3265 Post
1677 3209 1819 3264 diem
1860 3222 1990 3264 vero
2033 3217 2140 3264 ter-

542 3307 699 3371 tium,
730 3319 868 3360 unus
906 3319 974 3359 ex
1000 3303 1104 3359 illis
1130 3300 1390 3357 fratribus
1423 3299 1549 3370 qui,
1579 3310 1638 3355 ut
1686 3299 1950 3366 diximus,
1983 3297 2135 3354 clan-

541 3395 661 3452 cule
685 3394 931 3452 cubitare
959 3393 1099 3449 soliti
1132 3392 1369 3458 fuerant,
1396 3390 1701 3460 procaciter
1738 3404 1770 3444 a
1809 3389 2139 3445 monasterio

539 3505 808 3562 egressus,
847 3487 1072 3561 praefato
1093 3487 1337 3542 daemone
1370 3484 1685 3555 instigante,
1712 3497 1804 3538 sex
1835 3482 1952 3538 dies
1982 3490 2139 3537 extra

540 3583 934 3640 monasterium
973 3596 1099 3636 cum
1146 3576 1498 3634 smcularibus
1545 3573 1874 3630 tumultuose
1918 3574 2136 3628 mansit.

530 3672 787 3744 .Septima
840 3681 1021 3727 tamen
1060 3670 1167 3734 die,
1210 3676 1497 3737 correptus
1542 3666 1821 3736 recipitur.
1861 3663 2135 3731 Profecto,

535 3753 600 3822 ut
625 3766 818 3821 beatus
855 3763 1150 3834 Gregorius
1175 3769 1428 3824 testatur,
1474 3759 1796 3829 quibusdam
1842 3758 1933 3813 hic
1970 3773 2136 3829 appa-

537 3866 663 3914 rent
692 3857 758 3912 ad
789 3870 946 3912 suum
976 3852 1381 3914 detrimentum,
1411 3847 1678 3918 aliquibus
1702 3860 1829 3902 vero
1857 3847 1923 3901 ad
1953 3863 2138 3902 emen-

536 3949 778 4004 dationis
834 3944 1279 4001 emolumentum.
1341 3939 1497 4008 Quod
1550 3939 1680 3994 mihi
1733 3941 2012 4009 contingat
2069 3938 2136 3993 ad

539 4040 772 4097 salutem
793 4036 936 4092 orari
959 4050 1023 4092 ac
1051 4032 1338 4106 provenire
1369 4041 1495 4102 opto
1518 4045 1614 4103 per
1640 4031 1926 4086 Dominum
1951 4028 2137 4086 Jesum

524 4132 958 4203 .Redemptorem
1015 4136 1279 4184 nostrum.
1339 4125 1473 4182 Illud
1514 4139 1707 4194 nempe
1747 4122 2008 4179 attentius
2051 4129 2137 4177 est

536 4222 815 4279 memoria:
835 4217 1323 4276 commendandum
1352 4216 1633 4288 quoniam,
1659 4214 1785 4270 dum
1812 4212 2138 4270 manifestis-

537 4313 679 4368 sima
708 4313 951 4385 prodigia
980 4312 1035 4366 in
1069 4323 1300 4380 corpore
1325 4308 1502 4363 adhuc
1534 4306 1866 4372 constitutis,
1900 4306 2017 4363 sive
2040 4319 2139 4376 per

524 4404 732 4470 bonos,
767 4420 860 4459 seu
908 4418 1004 4475 per
1040 4403 1295 4458 sinistros
1340 4399 1563 4472 spiritus
1610 4406 1976 4464 ostantentur,
2027 4412 2135 4453 non

2241 3228 2401 3284 posse
2447 3216 2724 3286 consequi.

2314 3301 2584 3360 Praeterea
2622 3305 2725 3361 fuit
2766 3307 2984 3377 quidam
3036 3306 3206 3363 frater
3247 3309 3339 3379 qni
3383 3308 3579 3366 solitus
3622 3318 3735 3365 erat
3769 3315 3831 3364 ad

2243 3391 2415 3449 altare
2439 3402 2641 3450 sancta:
2672 3394 2873 3461 Mariw,
2906 3397 3049 3466 quod
3097 3397 3559 3453 excellentissime
3608 3408 3827 3460 constat,

2239 3483 2553 3554 frequenter
2591 3502 2769 3554 orare,
2808 3502 2873 3542 ac
2917 3488 3151 3559 gemitus
3192 3498 3245 3544 et
3281 3491 3718 3561 compunctionis
3759 3490 3823 3543 la-

2240 3589 2459 3645 crymas
2502 3574 2745 3631 fundere.
2784 3574 2958 3631 Unmn
2996 3578 3162 3648 igitur
3204 3579 3252 3633 ei
3305 3587 3448 3646 erat,
3504 3581 3652 3650 quod
3704 3594 3827 3651 pene

2242 3665 2512 3722 universis
2538 3668 2755 3730 accidit.
2783 3668 2926 3724 inter
2953 3680 3165 3724 oratum
3196 3670 3508 3740 frequenter
3531 3686 3745 3742 spuere,
3768 3688 3827 3727 ac

2240 3757 2308 3811 de
2341 3754 2520 3812 lumbe
2553 3759 2777 3813 salivam
2824 3761 3092 3816 emittere.
3132 3759 3370 3833 Contigit
3397 3778 3525 3818 vero
3552 3764 3827 3837 aliquando

2240 3860 2300 3905 ut
2340 3865 2534 3907 somno
2565 3868 2856 3924 oppressus
2896 3854 3250 3911 obdortniret.
3286 3857 3555 3927 Apparuit
3604 3860 3654 3915 ei
3687 3869 3831 3915 stans

2232 3943 2387 4016 juxta
2407 3946 2574 4002 altare
2596 3948 2814 4018 quidam
2838 3948 3080 4005 candidis
3101 3947 3431 4005 indumentis
3450 3951 3825 4011 circumdatus.

2238 4036 2535 4106 praeferens
2562 4039 2616 4093 in
2638 4039 2888 4095 manibus
2908 4056 3145 4111 pannum
3183 4040 3651 4108 candidissimum,
3676 4051 3827 4113 atque

2241 4127 2293 4183 in
2324 4126 2631 4199 huiusmodi
2652 4131 2970 4201 erumpebat
2991 4133 3154 4187 verba
3190 4150 3202 4186 :
3236 4152 3254 4184 ι
3288 4131 3400 4187 Cur
3421 4148 3531 4199 me,
3562 4135 3824 4204 inquiens.

2239 4222 2411 4292 sputis
2443 4222 2679 4293 prepriis
2707 4223 3045 4280 verberando
3072 4224 3279 4280 illinis?
3316 4224 3454 4280 Nam
3484 4241 3611 4297 ego,
3637 4236 3694 4280 nt
3716 4242 3825 4281 cer-

2239 4315 2344 4379 nis,
2395 4314 2630 4384 suscipio
2678 4330 2875 4370 munus
2927 4323 3141 4370 tuarum
3194 4316 3539 4383 orationum,
3590 4318 3827 4373 deferens

2240 4406 2370 4461 illud
2397 4406 2465 4461 ad
2501 4415 2849 4477 conspectum
2883 4406 3369 4464 misericordissimi
3398 4408 3627 4465 Iudicis.
3660 4430 3680 4462 ι
3720 4410 3828 4477 Qua

524 4493 662 4550 illos
682 4494 883 4550 diutius
906 4495 958 4548 in
987 4495 1090 4549 hac
1118 4506 1284 4547 carne
1315 4491 1557 4547 victuros
1595 4490 1794 4561 quibus
1828 4487 2134 4558 huiusmodi
2163 4481 2216 4542 D
2240 4498 2448 4554 visione
2492 4506 2777 4570 correptus
2814 4497 2985 4554 Ῑι-ηιρι-
3026 4499 3135 4566 ire.
3187 4509 3245 4556 ει
3282 4516 3403 4557 sese
3448 4503 3741 4564 ωηιεηυίι,
3783 4512 3830 4555 ει

535 4587 723 4642 videre
747 4586 1031 4657 contigerit
1054 4587 1273 4656 (certum
1295 4582 1415 4651 est).
1445 4581 1618 4647 Hujus
1646 4593 1860 4650 quoque
1882 4578 2137 4634 assertio-

532 4678 625 4735 nis
654 4679 1021 4750 experimenta
1046 4675 1212 4731 multa
1242 4674 1628 4745 comperimus,
1657 4687 1725 4726 ex
1751 4670 1949 4743 quibus
1970 4671 2135 4725 etiam

530 4768 799 4827 nonnulla
832 4765 1107 4823 memoriae
1142 4762 1513 4821 commendari
1548 4762 1770 4834 placuit,
1801 4769 1890 4826 ut,
1924 4760 2137 4832 quoties

528 4863 836 4927 evenerint,
849 4859 1117 4916 cautelam
1131 4852 2130 4927 inferantpotiusquamdeceptionem.

584 4952 761 5025 ‘Apud
796 4961 1034 5007 castrum
1064 4948 1480 5005 Tarnodorense
1513 4953 1633 5002 erat
1660 4943 1877 5016 quidam
1906 4942 2131 5013 presby-

532 5050 619 5097 ter
663 5042 914 5114 religiose
966 5042 1188 5114 degens,
1231 5039 1533 5097 Fretterius
1586 5038 1827 5102 nomine,
1887 5044 2131 5105 tempore

527 5149 640 5205 quo
678 5135 860 5191 Bruno
881 5135 1182 5208 Lingonum
1203 5133 1548 5206 praesulatum
1576 5132 1813 5188 tenebat.
1852 5127 1951 5184 llic
1979 5141 2128 5193 vero,

532 5239 643 5278 una
673 5227 880 5281 dierum
913 5225 1193 5280 Dominica
1225 5223 1334 5293 jam
1378 5230 1811 5294 vesperascente,
1844 5234 1971 5276 cum
2019 5230 2131 5274 cm-

1558 5329 1581 5338 Δ
1629 5312 1903 5338 _n'A-"-nn"

542 5324 762 5338 n-l--..--_
801 5328 930 5338 -----
1005 5334 1045 5338 __
1068 5317 1159 5338 !__!n
1201 5315 1471 5338 _.(-_‘-_‘--_.
1527 5329 1581 5338 1.4.
1629 5312 1903 5338 _t\'t‘-"--‘J'
1956 5310 2125 5338 A-‘A.:ﬂ

2240 4596 2465 4644 caeteros
2501 4598 2561 4643 ut
2601 4604 2681 4655 se,
2712 4589 2767 4643 in
2815 4599 3076 4660 quantum
3106 4590 3374 4658 valerent,
3412 4593 3467 4648 in
3498 4595 3678 4651 sacris
3708 4593 3831 4649 locis

2239 4679 2584 4734 continerent
2613 4679 2906 4735 admonere
2954 4681 3183 4735 curavit.
3224 4681 3292 4736 Et
3337 4683 3463 4739 licet
3501 4685 3609 4741 hoc
3642 4695 3832 4740 natura

2236 4773 2476 4827 dictante
2506 4773 2806 4842 proveniat,
2838 4781 3016 4827 tamen
3047 4774 3099 4828 in
3127 4773 3402 4845 pierisque
3429 4775 3566 4833 lacis
3594 4777 3829 4849 gentium

2235 4864 2563 4919 omnimodis
2586 4863 2884 4919 abstinetur
2907 4864 2959 4919 in
2976 4862 3206 4920 ecclesia
3229 4866 3298 4921 ab
3317 4868 3689 4922 screationum
3716 4883 3832 4937 spu~

2240 4955 2456 5019 tis,lnisi
2480 4955 2620 5011 forte
2639 4956 3025 5028 suscipiantur,
3048 4956 3336 5013 deferenda
3361 4960 3557 5015 exinde
3584 4960 3752 5026 foras,
3783 4961 3833 5015 in

2236 5045 2561 5115 quibusdam
2592 5046 2978 5116 receptaculis;
3007 5055 3062 5101 et
3089 5048 3360 5119 praecipue
3402 5050 3545 5119 apud
3594 5049 3832 5111 Graecos,

2236 5135 2328 5190 ubi
2370 5150 2586 5205 semper
2640 5144 2797 5190 tenor
2842 5136 3244 5193 ecclesiasticus
3286 5139 3604 5197 cautissime
3645 5140 3835 5209 vigu't.

2235 5224 2452 5281 Clarere
2478 5227 2644 5296 igitur
2666 5226 2842 5282 locum
2865 5227 3180 5298 praedictum
3210 5228 3420 5287 diu:ine
3451 5231 3667 5286 meritis
3691 5232 3834 5287 beati

2237 5317 2276 5338 Π
2294 5333 2462 5338 ___.----
