3992 5338
125 138 228 198 6‘39

1048 138 1528 198 HISTORIARUM
1583 136 1758 192 LIBRI
1797 140 2125 214 QUINQUE.
2150 174 2222 188 --
2255 145 2386 202 LIB.
2417 147 2478 200 ν.

3307 151 3410 207 690
3435 164 3442 175 ‘

128 271 315 330 plores
341 259 709 324 increverunt,
731 259 875 315 Deus
899 258 1094 315 exinde
1126 259 1272 316 ultor
1293 259 1531 332 ipsorum
1555 276 1726 332 genus
1759 269 1800 326 Α
1831 263 1972 319 libus
2020 265 2156 322 viris
2198 281 2262 322 ac
2309 265 2630 325 mulieribus
2678 266 2929 324 columna
2977 265 3115 322 lucis
3172 267 3350 337 ignea,
3383 287 3411 320 a

129 368 255 407 cuin
305 351 420 406 suis
459 350 620 406 rebus
650 351 704 405 in
732 351 1081 420 approbrium
1126 361 1181 406 et
1211 367 1349 422 pene
1391 353 1458 407 ad
1496 353 1725 409 nihilum

129 447 380 515 redigere
408 444 705 499 consuevit.
747 442 917 514 Hujus
966 446 1112 501 enim
1165 445 1533 500 testimonium
1586 446 1727 501 inter

127 544 327 590 caetera
363 541 564 590 nostra:
601 534 920 588 assertiouis
947 535 1165 590 evidens
1199 542 1378 588 exstat
1416 535 1548 590 ultio
1570 550 1730 606 gene-

130 627 207 680 ris
228 625 513 694 cujusdam
540 624 792 691 Bavonis,
816 640 1020 680 necnon
1047 635 1102 679 et
1130 625 1223 680 ﬁlii
1254 625 1370 694 ejus
1394 625 1727 692 Aluvalonis,

130 718 578 786 creberrimaque
605 715 850 772 confusio
881 717 1139 772 Silliniaci
1177 717 1583 788 sacrilegissimi
1629 733 1728 773 ca-

132 813 257 866 διιεῖ.

201 902 478 958 Praeterea
505 912 719 972 egomet
755 901 1026 973 quondam
1061 911 1279 974 rogatus
1314 918 1344 958 a
1376 904 1653 958 conservis
1679 913 1735 960 et

135 995 401 1051 fratribus
433 996 634 1050 nostris
687 992 928 1062 ejusdem
962 994 1064 1050 loci
1097 1005 1156 1049 ut
1183 995 1498 1050 altariorum
1531 995 1732 1059 titulos,

135 1091 226 1160 qui
260 1105 292 1144 a
329 1089 674 1144 scholasticis
699 1087 828 1143 viris
855 1088 1139 1158 compositi
1181 1089 1306 1144 olim
1354 1087 1593 1153 fuerant,
1640 1088 1735 1142 sed

133 1188 428 1242 ve.ustate,
461 1187 524 1234 ut
545 1194 683 1250 pene
716 1187 930 1244 cuneta,
959 1178 1244 1235 fatiscente
1275 1180 1493 1234 minime
1519 1193 1734 1248 compa-

137 1275 355 1336 rebant,
387 1272 760 1327 reforutarem.
806 1270 980 1338 Quod,
1021 1279 1082 1324 ut
1125 1281 1438 1342 competens
1480 1279 1622 1336 erat,
1673 1271 1738 1325 lio

138 1364 288 1418 benti
321 1362 530 1425 animo,
570 1362 840 1431 quomodo
886 1361 1148 1426 valebam,
1197 1361 1492 1431 adimplere
1534 1362 1735 1416 studui.

142 1457 252 1511 Sed
295 1455 612 1524 priusquam
664 1454 731 1508 ad
785 1454 990 1508 calcem
1053 1464 1288 1523 cteptum
1354 1469 1490 1525 opus
1542 1455 1741 1525 perdu-

141 1566 348 1614 cerem,
391 1564 460 1604 ex
492 1549 660 1603 nimia
691 1548 936 1618 corporis
967 1548 1224 1612 statione,
1272 1557 1331 1602 ut
1375 1563 1519 1612 reor,
1585 1558 1743 1604 nocte

1830 363 2068 418 culmine
2116 365 2432 421 monasterii
2485 367 2552 421 ad
2606 367 2804 421 ccelum
2854 380 3028 436 usque
3075 364 3412 435 pertingens.

1831 455 2038 521 Quibus
2099 471 2292 526 nempe
2342 472 2448 511 non
2499 457 2720 512 dubium
2770 455 2872 511 fuit
2920 452 3415 511 misericordissimi

1831 549 1926 604 Dei
1964 558 2143 604 actum
2174 548 2482 619 largitione,
2505 549 2598 619 qui
2627 549 2864 603 animam
2901 547 3088 602 fratris
3126 547 3282 602 istius
3305 561 3418 601 sua:
3480 560 3491 572 '

1831 639 2082 710 gloriosa:
2129 639 2547 695 resurrectionis
2592 639 2762 694 voluit
2805 639 3123 710 participem
3172 636 3308 702 fore,
3351 648 3419 692 ac

1833 731 2141 785 viventibus
2173 732 2314 785 viam
2347 731 2671 786 innocentiae
2699 732 3096 786 demonstrare.

1905 821 2084 889 Quaeri
2119 821 2255 877 solet
2279 837 2309 875 a
2339 821 2611 876 nonnullis
2655 836 2754 877 cur
2803 830 3044 890 tempore
3079 835 3232 874 nova:
3283 817 3421 890 legis

1835 915 1921 972 vel
1971 915 2184 986 gratiae,
2233 929 2339 969 non
2373 912 2692 980 manifeste,
2722 913 2866 968 sicut
2908 912 3239 982 antiquitus,
3285 910 3422 965 ﬁunt

1835 1005 2074 1060 visiones
2097 1004 2354 1059 divinitus
2380 1017 2445 1058 ac
2469 1018 2654 1058 rerum
2683 1001 2982 1059 miracula?
3003 1000 3209 1068 Quibus
3235 999 3423 1070 paucis

1839 1095 2272 1166 respondendum
2302 1104 2384 1150 est
2408 1110 2474 1149 ex
2503 1094 2676 1164 ipsius
2713 1093 2910 1150 divina:
2939 1091 3234 1160 Scriptura:
3271 1089 3426 1145 testi—

1837 1188 2055 1252 moniis,
2101 1187 2144 1241 si
2197 1195 2376 1241 tamen
2408 1201 2506 1242 cor
2549 1186 2768 1243 illorum
2827 1199 2998 1255 capax
3044 1183 3205 1238 fuerit
3252 1180 3427 1237 sancti

1840 1280 2076 1350 Spiritus
2099 1281 2385 1334 donorum.
2439 1278 2594 1333 Libet
2619 1292 2835 1348 quoque
2859 1285 2919 1331 ut
2949 1272 3430 1330 Deuteronomium

1840 1371 2062 1425 evidens
2114 1368 2367 1439 primitus
2417 1368 2675 1423 exhibeat
2706 1365 3094 1422 testimonium.
3124 1363 3425 1432 Postquam

1843 1463 1986 1518 enim
2013 1459 2242 1531 populus
2267 1459 2617 1515 llebrworum
2646 1465 2834 1528 pastus
2857 1453 3217 1528 quadraginta
3249 1466 3424 1506 anno-

1847 1568 1968 1608 rum
1992 1553 2218 1609 cmleste
2251 1566 2471 1616 manna,
2498 1548 2789 1606 Jordanem
2818 1547 3113 1609 transiens,
3143 1544 3197 1599 in
3232 1551 3434 1598 terram

140 1641 376 1711 quadam
414 1641 468 1694 in
497 1648 670 1694 strato
699 1637 1136 1708 conquinisceus,
1159 1639 1230 1693 ita
1272 1648 1583 1694 contractus
1624 1655 1743 1694 smn
1778 1633 1817 1692 Β
1848 1645 2000 1700 venit
2046 1643 2326 1705 Chanaan,
2378 1642 2614 1697 cessavit
2661 1640 2858 1696 cmlum
2903 1639 3091 1708 pluere
3147 1636 3295 1700 illud,
3335 1647 3436 1689 nec

147 1731 406 1787 membris
449 1730 702 1784 omnibus
741 1730 962 1784 icterica
989 1730 1262 1800 passione,
1303 1741 1492 1785 utnon
1527 1731 1743 1800 exigere

147 1833 348 1878 memet
378 1837 555 1891 neque
584 1822 638 1875 in
668 1821 807 1876 latus
836 1821 980 1875 aliud
1009 1830 1221 1876 vertere
1267 1821 1375 1876 ttllo
1406 1822 1567 1877 modo
1593 1821 1742 1875 vale-

147 1929 276 1969 rem.
326 1912 458 1967 Post
491 1912 728 1966 triduum
757 1927 886 1966 vero
921 1913 1166 1968 insecuta
1209 1922 1385 1976 nocte,
1436 1914 1618 1968 nimiis
1653 1915 1748 1968 de—

149 2016 295 2061 tento
317 2004 590 2074 angustiis
616 2005 868 2074 apparuit
891 2005 1019 2058 mihi
1051 2005 1134 2058 vir
1159 2005 1362 2059 canitie
1383 2006 1744 2071 venerandus,

149 2101 236 2168 qui
261 2112 348 2151 me
378 2097 432 2150 in
464 2096 668 2151 somnis
692 2112 790 2166 per
818 2096 1099 2151 brachium
1122 2097 1357 2166 erigens,
1386 2097 1564 2151 aiebat
1599 2114 1610 2148 :
1637 2097 1746 2150 Ex-

150 2189 233 2256 ple
261 2188 588 2258 quantocius
613 2186 757 2258 quod
785 2187 1030 2256 ccepisti;
1055 2187 1238 2242 dolere
1267 2187 1404 2242 ultra
1435 2203 1502 2241 ne
1523 2202 1745 2259 paveas.

152 2277 298 2331 Hltco
352 2292 483 2330 vero
526 2277 958 2348 expergefactus,
1019 2289 1216 2333 memet
1269 2278 1548 2334 admirans
1587 2295 1753 2334 excu~

155 2369 401 2438 tieusque
424 2385 457 2422 a
487 2368 706 2434 lectulo,
750 2371 967 2424 cucurri
1007 2371 1075 2424 ad
1121 2370 1294 2424 altare
1330 2370 1751 2426 victoriosorum

158 2468 494 2531 martyrum,
559 2460 794 2516 Victoris
852 2459 1141 2525 videlicet,
1198 2459 1635 2530 Apollinarisque
1689 2475 1753 2515 ac

157 2553 408 2624 Georgii,
474 2551 734 2621 quoniatn
796 2551 1006 2607 illorum
1077 2553 1372 2606 oratorium
1443 2553 1754 2622 contiguum

157 2650 272 2696 erat
313 2644 500 2695 domui
547 2637 930 2707 inﬁrmorum;
981 2641 1162 2710 ibique
1212 2641 1586 2695 universorum
1645 2641 1755 2696 Deo

161 2733 496 2787 humillimas
535 2741 719 2802 grates
764 2731 1026 2796 refl-rens,
1059 2731 1242 2786 alacer
1281 2731 1629 2787 matutinales
1658 2748 1755 2786 ex-

157 2826 293 2896 plevi
344 2825 644 2880 solemnes.
687 2825 780 2880 Die
811 2839 940 2880 vero
971 2824 1210 2880 insecuta
1258 2834 1371 2880 toto
1409 2825 1759 2894 integerrime

158 2921 340 2974 valens
367 2933 622 2988 corpore,
643 2919 954 2974 eorumdem
979 2929 1277 2989 martyrum
1303 2917 1611 2974 nominibus
1637 2935 1748 2989 pro-

1846 1739 1984 1793 ultra
2034 1737 2116 1792 usi
2165 1745 2293 1791 sunt
2328 1735 2422 1789 tali
2470 1734 2594 1790 cibo
2640 1733 2736 1788 ﬁlii
2769 1731 2954 1787 Israel.
3005 1730 3142 1798 Quid
3189 1729 3354 1798 igitur
3383 1727 3436 1780 in

1845 1829 1950 1885 hoc
1978 1827 2122 1884 facto
2151 1827 2307 1882 nobis
2331 1827 2527 1893 innuit,
2556 1826 2755 1897 quibus
2794 1839 2935 1895 pene
2959 1822 3142 1878 omnia
3171 1821 3224 1876 in
3267 1820 3439 1890 ﬁgura

1847 1921 2189 1991 contingunt,
2214 1919 2317 1975 nisi
2342 1919 2506 1991 quod,
2530 1919 2760 1974 transito
2787 1926 2975 1973 nostro
2996 1914 3255 1979 Iordane,
3282 1913 3336 1967 id
3358 1921 3442 1968 est

1847 2012 2050 2068 Christi
2081 2011 2428 2080 baptismate,
2477 2025 2585 2065 non
2631 2009 2772 2064 ultra
2814 1997 3199 2080 praesagiorum
3227 2003 3443 2060 coalitus

1849 2101 2002 2173 signa
2040 2100 2240 2155 debent
2277 2101 2515 2172 inquiri?
2541 2099 2645 2156 Sed
2682 2099 2862 2170 potius
2899 2098 3056 2153 nobis
3089 2095 3250 2152 debet
3284 2093 3444 2164 panis

1848 2192 2006 2247 vivus
2029 2191 2116 2246 ille
2143 2189 2409 2256 suﬁicere,
2440 2207 2549 2260 quo
2570 2191 2660 2261 qui
2689 2199 2961 2255 vescetur,
3001 2188 3149 2242 vivet
3179 2187 3231 2241 in
3271 2193 3436 2240 aeter—

1851 2300 1978 2339 num
2007 2298 2360 2354 possessurus
2383 2292 2585 2338 terram
2617 2283 2939 2338 viventium.
2973 2280 3182 2336 Rursus
3212 2293 3343 2334 vero
3373 2292 3441 2332 ex

1850 2385 2122 2449 prmeepto
2134 2374 2346 2430 Domini
2358 2375 2711 2430 constitutum
2723 2383 2806 2429 est
2827 2388 2856 2427 a
2873 2373 3055 2444 Moyse
3069 2380 3149 2437 ut,
3168 2384 3444 2440 quaecum-

1852 2481 1960 2536 que
1984 2481 2114 2522 vasa
2143 2481 2209 2520 ex
2243 2466 2423 2536 prceda
2453 2465 2688 2520 hosﬁum
2719 2465 2794 2519 illi
2823 2465 3020 2535 populo
3057 2461 3443 2532 provenirent,

1855 2557 2050 2629 lignea,
2099 2572 2238 2627 aqua
2289 2555 2658 2625 expiarentur,
2687 2570 2807 2625 qua:
2850 2569 3037 2619 aenea,
3092 2554 3234 2624 igne.
3267 2551 3442 2607 Simili

1855 2665 2071 2719 quoque
2116 2648 2276 2704 modo
2333 2647 2634 2719 ﬁguraliter
2689 2648 2948 2718 exprimit
2993 2646 3251 2715 quoniam
3311 2659 3450 2698 vasae

1858 2739 2020 2794 iidem
2051 2739 2303 2794 homines
2321 2739 2413 2808 qui
2439 2754 2505 2793 ex
2534 2739 2715 2808 praeda
2750 2738 2920 2793 hostis
2951 2736 3160 2808 antiqui
3210 2737 3265 2791 in
3307 2750 3442 2806 par-

1861 2841 1968 2885 tem
2005 2839 2290 2887 cesserunt
2326 2830 2646 2895 Salvatoris,
2702 2845 2841 2900 aqua
2887 2828 3231 2900 baptismatis
3278 2837 3470 2898 atque

1863 2922 1986 2992 igne
2030 2921 2276 2991 martyrii
2328 2919 2647 2990 puriﬁcandi
2684 2929 2885 2975 essent.
2923 2918 3040 2974 Non
3069 2919 3248 2972 minus
3283 2917 3449 2971 etiam

159 3010 502 3082 priisibldem
527 3014 806 3081 composui
830 3011 1758 3081 titulum.Eeclesiaedeniquemajo-
1785 3009 1829 3071 C
1861 3015 2080 3086 virgetts
2125 3014 2215 3067 ille
2262 3027 2514 3083 serpens,
2552 3012 2643 3082 qui
2686 3012 2854 3083 Moysi
2899 3025 3155 3082 pavorem
3214 3008 3445 3063 incussit

159 3105 232 3158 ris
254 3113 418 3157 erant
439 3103 633 3157 altaria
659 3120 884 3160 numero
908 3105 1094 3175 viginti
1117 3103 1759 3173 duo,quibus,utdeccns

162 3205 295 3258 erat,
321 3193 498 3249 titulis
519 3194 711 3265 svuopi
742 3193 860 3264 (sic)
889 3195 956 3248 de
986 3194 1231 3250 versibus
1267 3193 1600 3248 hexametris
1631 3208 1759 3247 cun-

161 3283 444 3339 venienter
465 3285 711 3354 digestis,
726 3296 1145 3355 sanctorumque
1157 3283 1444 3354 epitaphiis
1460 3283 1724 3354 reparatis
1744 3325 1758 3349 ,

164 3374 537 3444 religiosorum
565 3377 728 3430 etiam
764 3376 998 3431 virorum
1023 3375 1382 3447 quorumdam
1411 3375 1646 3430 tumulos
1671 3376 1760 3428 iti-

165 3469 278 3522 dem
311 3483 612 3538 perornare
641 3469 848 3524 curavi.
905 3470 1059 3538 Quod
1107 3485 1238 3524 sane
1275 3468 1475 3524 mentis
1524 3469 1760 3524 homini-

165 3559 258 3614 bus
271 3561 568 3614 admodum
583 3562 846 3632 placabile
859 3563 979 3617 fuit.
1019 3562 1148 3628 Sed,
1162 3559 1549 3631 utpaterOdilo
1561 3561 1759 3630 saepius

164 3650 418 3720 plangere
431 3651 839 3718 solitusfuerat,
859 3655 926 3707 ita
942 3653 1198 3724 contigit:
1249 3652 1387 3706 lleu!
1414 3653 1550 3722 proh
1573 3651 1754 3706 dolor!

165 3733 438 3816 inquiens,
464 3745 724 3815 quoniam
746 3761 954 3800 naevum
979 3743 1308 3811 invidentiae,
1330 3743 1456 3797 licet
1477 3743 1529 3797 in
1549 3743 1762 3796 caeteris

165 3849 444 3911 grassetur
475 3838 820 3904 hominibus,
877 3847 1058 3892 tamen
1102 3838 1156 3891 in
1206 3836 1405 3891 ﬁnibus
1454 3834 1759 3904 aliquorum

164 3929 557 3986 monachaliter
588 3931 772 3984 vivere
791 3927 1050 3999 professis
1063 3926 1350 3983 cubilesibi
1374 3926 1592 3982 locavit.
1625 3924 1758 3978 Nam

165 4025 410 4093 quidam,
431 4040 462 4077 a
487 4024 570 4078 sui
602 4024 920 4079 monasterii
948 4021 1212 4078 fratribus
1233 4036 1451 4088 exosus,
1477 4020 1760 4076 discedens

165 4118 318 4172 venit
344 4118 414 4172 ad
445 4127 682 4172 nostros.
716 4117 762 4171 A
790 4117 1021 4188 quibus,
1052 4126 1111 4171 ut
1142 4131 1259 4172 mos
1293 4117 1510 4172 illorum
1548 4131 1762 4187 semper

169 4208 292 4276 fuit,
325 4209 526 4264 devote
555 4219 844 4280 susceptus
872 4218 976 4264 est.
1013 4208 1060 4262 ls
1091 4217 1272 4262 autem
1312 4222 1522 4263 veneno
1550 4209 1760 4262 invidia:

169 4302 361 4356 infecit
410 4301 663 4356 abbatem
688 4316 815 4356 eum
863 4299 1137 4369 aliquibus
1185 4299 1499 4364 monachis,
1527 4299 1762 4367 comch

172 4394 289 4448 lens
317 4395 374 4449 in
401 4403 612 4448 tantum
643 4393 934 4448 adversum
965 4407 1052 4447 me
1100 4391 1309 4456 odium,
1339 4400 1398 4445 ut
1423 4392 1767 4461 praescriptos

174 4484 501 4538 altariorum
545 4482 731 4539 titulos
768 4483 1117 4538 destruerent
1155 4481 1459 4536 universos.
1507 4479 1615 4535 Sed
1649 4497 1769 4550 pro-

175 4578 341 4643 tinus,
380 4577 613 4632 Domino
641 4577 840 4642 ultore,
871 4573 1043 4628 adfuit
1074 4573 1219 4629 illius
1244 4573 1440 4628 vindex
1467 4573 1560 4643 qui
1585 4573 1770 4627 incen-

179 4674 263 4720 tor
310 4668 604 4722 cxstiterat
654 4665 912 4720 fraterna:
961 4664 1268 4719 discordias.
1322 4662 1580 4718 Multatus
1625 4662 1770 4717 enim

178 4759 322 4814 illico
351 4758 648 4814 damnabili
676 4758 961 4814 oculorum
990 4758 1236 4812 caecitate
1254 4795 1270 4821 ,
1309 4754 1590 4810 oﬁ‘endens
1617 4755 1771 4824 pedi-

179 4853 279 4906 bus
345 4850 843 4922 irrecuperabiliter
903 4863 1075 4918 usque
1129 4849 1188 4904 in
1235 4846 1394 4900 ﬁnem
1444 4849 1570 4904 vita:
1635 4860 1766 4901 suae.

179 4941 350 5013 Cujus
375 4942 609 5013 denique
658 4942 733 4996 rei
755 4948 988 4996 eventus
1015 4946 1122 4993 tam
1164 4934 1361 4991 vicinis
1409 4950 1572 5005 quam
1615 4935 1773 5004 longe

181 5035 377 5104 positis
406 5050 511 5090 non
559 5032 837 5089 minimam
878 5028 1108 5099 praebuit
1153 5026 1594 5085 admirationem.
1628 5025 1770 5079 Con-

187 5127 304 5197 tigit
327 5125 526 5181 ibidem
556 5124 669 5194 ipso
715 5125 770 5180 in
818 5132 1063 5190 tempore
1110 5131 1168 5177 ut
1220 5119 1385 5190 aliqui
1431 5135 1464 5176 e
1514 5117 1775 5176 fratribus

187 5221 416 5276 subinde
469 5221 758 5290 migrarent
789 5217 862 5272 ab
908 5215 1011 5269 hac
1055 5219 1200 5273 luce.
1240 5211 1480 5278 Quorum
1513 5227 1652 5270 unus
1680 5225 1777 5265 no—

207 5314 329 5338 ..ἒηΑ
357 5309 648 5338 ῙΙΥηΙΙΛ-ζιιη

736 5317 1098 5338 ΑΛητιηπνὶιιηΙΛ
1160 5312 1217 5338 III
1252 5311 1364 5338 nrnl
1409 5314 1620 5338 alni-ann
1674 5301 1778 5338 pll—

1866 3107 1940 3161 ita
1968 3115 2024 3159 ut
2075 3105 2288 3174 fugeret
2335 3103 2511 3170 illum,
2540 3113 2595 3158 et
2623 3118 2812 3159 rursus
2841 3102 3113 3172 accipiens
3143 3100 3290 3154 illum
3319 3113 3452 3154 cauo

1863 3199 1930 3253 da
1957 3206 2114 3252 tenus
2133 3195 2358 3250 effectus
2381 3203 2464 3249 est
2501 3194 2673 3264 virga,
2708 3194 2884 3265 typice
2911 3192 2962 3247 in
3001 3192 3102 3246 hoc
3131 3189 3278 3244 facto
3319 3204 3448 3259 per-

1862 3288 2172 3359 spiciendus
2225 3295 2329 3342 est.
2383 3284 2642 3356 Signatur
2687 3299 2784 3356 per
2830 3293 3137 3353 serpentem
3184 3295 3252 3335 ex
3283 3281 3454 3350 virga

1863 3377 2065 3433 factum
2102 3376 2332 3432 Deitatis
2363 3376 2603 3445 potentia
2641 3389 2706 3428 ex
2751 3383 2951 3428 sauctze
2995 3371 3180 3426 Mariae
3220 3368 3474 3440 virginis.

1863 3484 2027 3523 carne
2053 3468 2278 3522 induta:
2311 3481 2409 3535 per
2450 3465 2668 3536 Moysen
2698 3465 2866 3528 enim,
2893 3463 3149 3518 Judaicus
3196 3458 3450 3530 populus,

1862 3563 1956 3632 qui
1983 3575 2216 3616 cernens
2245 3559 2533 3615 Dominum
2568 3555 2751 3611 Jesum
2778 3569 2966 3609 verum
2995 3555 3160 3607 Deum
3186 3559 3242 3606 et
3279 3549 3449 3606 homi-

1864 3667 2012 3715 nem,
2068 3649 2206 3720 fugit
2251 3649 2318 3704 ab
2366 3663 2433 3703 eo
2491 3645 2844 3710 incredulus;
2894 3643 2986 3698 sed
3034 3641 3260 3710 recipiet
3300 3640 3448 3694 illum

1861 3741 2007 3796 circa
2051 3739 2213 3794 ﬁnem
2269 3737 2472 3800 steculi,
2520 3735 2666 3806 quod
2708 3733 3034 3803 exprimitur
3077 3745 3175 3800 per
3219 3727 3450 3782 caudam

1863 3831 2154 3902 serpentis.
2176 3829 2269 3883 llle
2297 3841 2512 3898 quoque
2554 3825 2816 3880 transitus
2845 3823 3014 3878 maris
3041 3820 3234 3885 Rubri,
3267 3819 3320 3873 in
3345 3833 3452 3888 qun

1864 3921 1997 3976 illud
2028 3934 2179 3975 mare
2207 3919 2442 3975 divisum
2475 3916 2560 3970 vel
2582 3916 2915 3971 exsiccatum
2941 3921 3053 3979 est;
3085 3911 3281 3967 deinde
3322 3924 3450 3980 gen-

1865 4022 1946 4068 tes
1972 4027 2039 4067 ex
2071 4018 2338 4080 praecepto
2369 4006 2579 4064 Domini
2611 4005 2788 4078 gladio
2808 4005 3140 4073 exstirpatae,
3163 4000 3450 4055 evidenter

1865 4104 2084 4174 signant
2131 4115 2358 4172 regnum
2386 4098 2696 4154 Israelitica:
2726 4095 2902 4168 gentis
2933 4091 3302 4164 temporaliter
3331 4088 3458 4145 sub-

1865 4197 2064 4252 sistens
2113 4193 2502 4249 marcescendo
2561 4190 2852 4246 aunullari.
2912 4188 2969 4243 ln
3042 4188 3198 4242 initio
3259 4185 3497 4256 quippe-

1868 4304 2021 4346 nova:
2047 4289 2259 4359 gratim,
2284 4286 2369 4342 vel
2394 4285 2542 4357 regni
2569 4283 2798 4350 Christi,
2835 4291 2990 4337 stans
3018 4280 3276 4336 Dominus
3299 4277 3460 4333 Jesus

1800 4365 1846 4421 θ
1871 4395 2035 4454 atque
2062 4381 2345 4438 ambulans
2374 4394 2538 4450 super
2564 4378 2763 4433 ﬂuctus
2787 4375 2974 4438 maris,
3009 4389 3073 4427 ac
3100 4372 3460 4439 Petro,quem

1867 4475 2123 4533 Ecclesiae
2148 4489 2261 4530 suae
2281 4472 2618 4544 praefecerat,
2644 4483 2829 4526 secum
2851 4465 3134 4522 amlmlare
3161 4461 3459 4517 concessit:

1869 4568 2038 4640 (quid)
2070 4566 2316 4622 ﬁdelibus
2339 4562 2607 4619 universis
2630 4561 2894 4625 innuitur,
2920 4557 3025 4612 nisi
3053 4554 3196 4624 quod
3225 4551 3470 4640 subactis

1869 4639 2119 4727 gentibus
2143 4655 2432 4721 universis,
2455 4662 2510 4711 et
2531 4669 2636 4708 non
2654 4651 2896 4708 funditus
2916 4646 3144 4719 perditis
3165 4639 3247 4695 vel
3261 4640 3470 4694 exstir-

1871 4753 2043 4823 patis,
2071 4765 2138 4804 ex
2168 4749 2374 4804 eisdem
2405 4747 2713 4802 stabilietur
2739 4741 2944 4803 Christi
2987 4732 3213 4808 regnum
3244 4731 3349 4823 per
3370 4747 3478 4786 sa:-

1877 4822 1998 4903 cula
2023 4841 2374 4900 mansurum?
2409 4841 2506 4896 Est
2533 4839 2679 4895 enim
2711 4837 2967 4904 frequens
2996 4825 3276 4887 attestatio
3299 4822 3482 4881 divini

1851 4936 2165 4999 sermonis,
2189 4933 2331 5004 quod
2354 4930 2605 4986 videlicet
2629 4941 2781 4983 mare
2808 4924 3040 4994 ﬁguram
3061 4921 3214 4990 gerat
3235 4925 3488 4982 praesen-

1883 5031 1951 5085 tis
1979 5025 2181 5083 saeculi.

1955 5119 2109 5187 Stepe
2135 5114 2326 5183 igitur,
2342 5111 2471 5165 dum
2496 5107 2695 5176 aliquis
2719 5119 2832 5160 rem
2874 5095 3271 5187 permaximam
3293 5095 3496 5187 verbis

1881 5181 2344 5272 elucid—arevcupit,
2391 5201 2446 5254 in
2496 5215 2617 5254 sese
2655 5195 2915 5252 deﬁciens
2971 5185 3188 5248 minuit,
3218 5192 3278 5235 ut
3322 5181 3498 5242 Sera-

1881 5311 2037 5338 ηΙιηυι
2066 5295 2239 5338 dicit:
2441 5299 2518 5338 est
2555 5297 2820 5338 scrutator
2860 5275 3180 5338 maiestatis,
3232 5275 3502 5338 opprin‘i’
