3992 5338
568 370 665 438 691

1536 369 1841 428 RODULFI
1882 363 2130 424 GLABRI
2171 361 2476 421 MONACIII
2514 357 2834 419 CLUNIAC.

3723 350 3815 405 6‘32

572 486 843 544 universis
887 482 1241 557 incognitum,
1284 482 1444 540 siculi
1492 492 1688 539 caetera
1731 499 1852 554 qua:
1893 480 1996 536 ﬁde
2023 494 2153 536 con-
2182 481 2232 538 Α
2258 476 2436 532 dictus
2483 484 2638 546 pater
2682 470 2965 544 comperit,
2996 476 3058 526 ut
3096 476 3216 526 erat
3253 465 3341 523 vir
3361 464 3578 523 solertis
3615 463 3816 536 ingenii,

565 577 741 643 ta‘lant,
788 586 843 632 et
892 577 1146 632 intuitum
1189 573 1471 632 oculorum
1516 589 1622 631 non
1674 581 1988 645 exposcunt.
2020 571 2155 627 Illud

566 670 838 743 praecipue
874 667 1352 734 commonendum,
1403 666 1548 737 quod
1575 665 1820 737 corporis
1847 675 1901 719 et
1937 662 2155 734 sangui-

567 762 654 818 nis
692 760 906 818 Domini
936 759 1064 816 Jesu
1098 758 1303 817 Christi
1337 759 1623 815 viviﬁcans
1661 758 1933 814 confectio
1958 756 2153 813 existi-

567 860 748 908 metur
784 851 1094 907 nullatenus
1124 850 1177 905 in
1222 862 1343 905 sese
1370 849 1486 920 pati
1513 849 1877 919 dispendium,
1909 857 2002 903 aut
2024 863 2154 903 casu

570 940 752 1012 aliquo
785 942 1065 997 incurrere
1099 941 1423 1012 periculum.
1458 940 1518 997 Si
1549 943 1764 1010 quando
1789 951 1970 997 autem
2008 939 2157 995 vide-

572 1041 664 1089 tur
714 1030 910 1087 collabi
946 1048 1041 1089 seu
1080 1033 1333 1104 deperire
1366 1047 1465 1103 per
1500 1032 1885 1103 negligentiam
1912 1031 2016 1086 sibi
2044 1037 2157 1085 tra-

568 1125 858 1190 ctantium,
892 1131 1060 1179 restat
1103 1124 1330 1188 eisdem,
1361 1118 1426 1179 si’
1452 1138 1561 1178 non
1599 1122 1855 1178 alacriter
1885 1121 2157 1192 paenitue-

570 1216 702 1280 riut,
741 1213 1108 1270 damnationis
1140 1212 1425 1284 judicium.
1467 1212 1537 1268 At
1566 1228 1691 1268 cum
1722 1211 1981 1267 Dominus
2008 1211 2159 1266 dixe-

570 1308 682 1363 rit:
717 1306 821 1373 Qui
844 1307 1130 1362 manduca:
1152 1322 1322 1360 meam
1340 1321 1572 1371 carnem,
1597 1315 1643 1359 et
1683 1304 1809 1361 bibit
1836 1319 2008 1357 meum
2035 1319 2160 1356 ran-

568 1400 805 1472 gut'nem,
874 1398 1029 1454 habet
1076 1400 1239 1454 vitam
1283 1408 1553 1458 (riemanr.
1600 1406 1650 1453 et
1694 1413 1787 1468 ego
1838 1395 2157 1451 resuscitabo

569 1507 725 1557 eum,
788 1490 934 1546 nullo
984 1492 1145 1547 modo
1196 1499 1390 1562 putare
1442 1490 1703 1546 debemus
1744 1497 1805 1543 ut
1848 1487 2157 1558 quodquam

571 1583 796 1649 animal,
823 1591 1018 1654 praeter
1046 1583 1345 1649 hominem,
1368 1582 1550 1637 carnis
1574 1579 2026 1636 resurrectionem
2043 1593 2162 1648 per-

570 1675 760 1749 cipiat,
798 1677 894 1732 sed
917 1690 1018 1731 nec
1049 1676 1177 1741 nisi,
1207 1674 1403 1740 fidelis,
1430 1673 1596 1728 etiam
1627 1671 2014 1727 eucharistiam
2038 1685 2159 1740 per-

572 1767 707 1837 cipit
728 1767 795 1823 ad
818 1766 1072 1823 salutem.
1116 1766 1361 1835 Denique
1384 1764 1595 1820 exstitit
1638 1763 1857 1833 quidam
1884 1761 1936 1816 in
1970 1770 2158 1817 nostro

2257 567 2431 622 tribus
2472 582 2503 622 e
2551 566 2664 621 suis
2696 563 2980 620 monachis
3013 561 3175 633 hujus
3200 559 3383 616 delicti
3408 558 3623 627 culpam
3662 558 3819 627 pinni-

2256 664 2370 711 tcre
2401 656 2657 726 praecepit
2684 673 2697 709 :
2730 652 2979 709 videlicet
3006 652 3394 723 pertimescens
3432 661 3501 703 ne
3522 646 3678 716 culpa
3708 647 3823 700 iusi-

2252 749 2453 820 pientis
2485 746 2783 820 presbyteri
2815 760 2942 800 suos
2978 744 3274 800 iuvolveret
3309 756 3436 798 cum
3485 740 3580 794 illo
3625 739 3690 793 ad
3719 742 3824 792 vin-

2255 841 2457 896 dictam
2489 839 2726 895 ultionis.
2769 838 2923 905 Quod
2966 837 3131 892 etiam
3162 834 3403 899 fecisset,
3453 834 3498 888 si
3527 847 3646 891 non
3678 831 3828 885 obsti-

2260 932 2416 987 tisset
2445 928 2784 1002 providentia
2807 926 3023 1000 sagacis
3048 926 3173 990 viri,
3204 933 3263 979 ut
3290 925 3367 980 rei
3397 921 3646 994 probavit
3677 936 3828 975 even-

2260 1031 2370 1077 tus.
2400 1022 2577 1092 Atque
2615 1020 2821 1075 idcirco
2850 1020 2951 1075 ista
2981 1018 3363 1089 praemisimus,
3388 1024 3445 1069 ut
3474 1013 3829 1068 iutimaremus

2259 1113 2487 1170 ﬁdenter
2514 1115 2738 1169 credere
2776 1113 3060 1183 quoniam,
3092 1110 3262 1165 sicubi
3312 1123 3479 1164 casus
3515 1104 3674 1175 hujus
3701 1103 3828 1159 sacri

2259 1221 2323 1262 ac
2351 1204 2550 1261 viviﬁci
2573 1205 2703 1261 doni
2726 1204 3062 1276 negligenter
3087 1202 3351 1266 evenerit,
3385 1199 3612 1254 ultionis
3638 1198 3830 1253 cladem

2260 1300 2523 1357 divinitus
2568 1299 2853 1354 imminere
2915 1314 2979 1353 ac
3038 1296 3317 1366 subsequi.
3356 1293 3827 1362 Quemadmodum.

2259 1407 2419 1448 versa
2450 1392 2591 1457 vice,
2621 1389 2866 1461 quolibet
2910 1389 2964 1444 in
2995 1389 3113 1444 loco
3143 1389 3411 1459 condigne
3441 1387 3576 1440 illud
3626 1385 3827 1438 tractari

2260 1482 2569 1554 contigerit,
2628 1481 2906 1539 abundare
2962 1479 3262 1535 commodis
3315 1476 3609 1532 universis.
3658 1475 3754 1530 Sed
3782 1481 3829 1528 et

2260 1574 2403 1630 il'ius
2440 1570 2706 1642 magniﬁci
2762 1570 3007 1643 mysterii
3067 1567 3361 1624 celebratio
3399 1575 3664 1638 qttantum
3717 1579 3826 1635 pro-

2263 1667 2646 1725 sitanimabus
2673 1665 3052 1720 defunctorum
3100 1662 3362 1727 ﬁdelium,
3391 1676 3515 1715 cum
3565 1660 3618 1713 in
3666 1658 3826 1710 multis

2262 1762 2335 1818 sit
2380 1759 2845 1830 probatissimum,
2895 1756 3028 1812 libet
3059 1763 3237 1811 tamen
3269 1769 3303 1809 e
3340 1752 3573 1808 diversis
3619 1764 3827 1819 prasen-

572 1867 816 1929 tempore
867 1859 923 1913 in
974 1856 1213 1920 clericali
1252 1856 1466 1921 habitu,
1518 1856 1645 1909 dum
1684 1853 1807 1922 jure
1847 1852 2156 1923 culparetur
2191 1847 2234 1906 ll
2267 1854 2464 1910 tialiter
2489 1852 2788 1923 producere
2814 1849 2880 1904 ad
2907 1848 3146 1904 medium
3172 1861 3362 1901 unum.
3383 1843 3439 1899 In
3471 1842 3827 1898 remotioribus

573 1950 808 2020 quodam
840 1948 1091 2019 crimine,
1120 1948 1349 2018 contigit
1377 1957 1435 2002 ut
1463 1954 1706 2002 sumeret
1733 1945 1992 1999 audacter
2012 1941 2159 2011 judi-

572 2042 661 2098 cio
691 2042 1113 2098 examinationis
1150 2042 1351 2099 donum
1389 2039 1770 2103 eucharistite,
1799 2036 1985 2091 calicis
2011 2036 2159 2091 video

571 2133 705 2193 licet
758 2134 1040 2207 sanguinis
1085 2134 1306 2193 Christi.
1359 2133 1455 2188 Cui
1504 2131 1753 2202 protinus
1795 2145 1891 2199 per
1923 2128 2159 2183 medium

576 2225 819 2281 umbilici
867 2225 1049 2296 egredi
1100 2225 1214 2279 visa
1268 2234 1353 2279 est
1391 2238 1518 2293 pars
1562 2219 1948 2276 candidissima
1997 2233 2159 2288 quam

574 2324 886 2388 sumpserat
930 2314 1172 2384 ejusdem
1222 2314 1513 2379 sacriﬁcii,
1573 2313 1709 2367 dans
1764 2310 1950 2381 procul
2001 2309 2163 2364 dubio

575 2408 802 2463 evidens
855 2407 1114 2463 indicium
1175 2415 1358 2462 reatus
1409 2422 1467 2461 se
1521 2405 1742 2475 indigne
1791 2402 2158 2473 percipientis.

574 2500 725 2557 Illico
766 2515 897 2555 vero
939 2499 1206 2557 conﬁtens
1246 2499 1389 2569 quod
1438 2499 1591 2569 prius
1639 2506 1954 2569 negaverat,
2001 2496 2162 2567 digne

576 2592 853 2664 paenituit.
890 2592 947 2646 ln
995 2590 1359 2646 Cabilloncnsi
1405 2604 1621 2660 quoque
1657 2603 1828 2658 pago,
1873 2587 1942 2643 ob
1987 2585 2163 2641 immi—

577 2692 801 2739 nentem
826 2681 1061 2747 cladem,
1084 2681 1317 2736 vidimus
1342 2681 1433 2751 qui
1458 2681 1666 2735 videret
1690 2696 1755 2734 ex
1783 2693 1924 2749 pane
1949 2686 2165 2734 sacrato

576 2790 763 2833 veram
815 2789 1044 2830 carnem
1086 2773 1356 2829 eﬁ‘ectam.
1400 2772 1558 2842 Apud
1608 2772 1869 2827 Divouem
1927 2779 2165 2826 castrum

580 2868 772 2922 eodem
807 2876 1077 2935 tempore,
1111 2866 1237 2919 dtttu
1268 2881 1297 2918 a
1343 2864 1577 2934 quodam
1611 2862 1920 2918 deferretur
1955 2861 2167 2917 cuidam

583 2957 890 3025 :rgrotanti,
919 2972 1048 3012 8'lSll
1081 2956 1345 3011 excedere
1370 2969 1528 3008 manu
1557 2952 1803 3008 ferentis.
1830 2952 1938 3017 Qui
1963 2959 2169 3006 attente

584 3064 857 3119 quaerens,
889 3050 1131 3119 reperire
1169 3047 1393 3103 minimc
1418 3046 1612 3117 potuit.
1642 3045 1773 3099 Post
1804 3060 2005 3098 annum
2042 3058 2171 3100 vero

586 3140 892 3207 evolutum,
934 3151 1210 3211 repertum
1240 3150 1322 3195 est
1359 3139 1514 3210 juxta
1564 3138 1706 3192 viam
1757 3136 2051 3205 publicam,
2079 3136 2169 3192 ubi

2263 1944 2463 2001 Africa:
2511 1944 2755 2014 partibus
2798 1949 2920 1996 erat
2961 1939 3182 2011 quidam
3230 1936 3592 1999 anachoreta,
3638 1933 3702 1987 de
3736 1948 3825 1999 quo

2264 2036 2542 2092 ferebatur
2587 2033 2731 2105 quod
2783 2031 3019 2102 spatium
3076 2029 3263 2101 viginti
3320 2041 3588 2081 annorum
3639 2023 3827 2078 tenebat

2266 2126 2416 2181 illum
2463 2124 2685 2179 omnino
2710 2128 3054 2193 segregatum
3096 2134 3126 2173 a
3155 2124 3449 2189 conspectu
3490 2115 3655 2169 ullius
3679 2113 3828 2168 homio

2266 2218 2372 2272 nis.
2396 2215 2631 2271 Vivebat
2656 2213 2802 2270 enim
2830 2212 3016 2268 labore
3065 2226 3321 2265 manuum
3349 2221 3406 2263 et
3434 2208 3705 2263 radicibus
3725 2206 3831 2259 ber-

2266 2307 2478 2362 barum.
2508 2302 2748 2373 Contigit
2792 2310 2851 2357 ut
2903 2301 3198 2358 homuncio
3230 2300 3452 2371 quidam
3483 2314 3681 2370 genere
3718 2298 3828 2352 Tei-

2267 2394 2494 2467 phalus,
2539 2408 2679 2448 unus
2724 2408 2790 2447 ex
2843 2391 2948 2448 illis
2990 2390 3373 2446 circuitoribus
3429 2390 3706 2460 regionum
3751 2388 3831 2455 qui

2267 2497 2543 2554 nunquam
2568 2490 2889 2538 saturantur
2908 2481 3244 2551 experientia
3267 2488 3323 2535 et
3351 2479 3678 2534 novitatibus
3703 2476 3830 2531 loco-

2270 2591 2412 2642 rum,
2441 2574 2568 2629 illuc
2596 2588 2827 2645 pergens
2856 2571 3156 2628 deveniret.
3193 2569 3295 2638 Qui
3328 2569 3531 2623 famam
3562 2567 3701 2622 illius
3721 2582 3837 2619 ana-

2269 2667 2505 2721 CllOl‘elUd
2533 2662 2907 2732 comperiens,
2940 2675 3227 2733 aggressus
3273 2657 3624 2714 solitudinem
3663 2655 3839 2709 ardore

2271 2758 2404 2813 solis
2430 2764 2666 2828 perustae
2698 2754 2933 2824 regionis
2955 2794 2970 2819 ,
3001 2752 3092 2806 ditt
3130 2750 3472 2819 multumque
3500 2746 3651 2801 illum
3676 2744 3836 2813 inqui-

2272 2863 2416 2910 rens,
2444 2847 2486 2901 si
2514 2845 2656 2901 forte
2682 2842 2968 2914 reperiret.
3010 2840 3251 2897 Tandem
3290 2838 3381 2894 ille
3406 2838 3556 2908 prior
3583 2834 3840 2892 solitarius

2273 2955 2333 2994 se
2371 2937 2734 3010 inquirentem
2763 2933 3032 3004 aspiciens
3056 2972 3071 2996 ,
3102 2929 3316 2986 vocavit
3340 2944 3463 2984 eum
3502 2938 3561 2981 ut
3584 2927 3651 2981 ad
3680 2941 3737 2980 se
3757 2940 3838 2978 ve-

2274 3032 2439 3087 niret.
2484 3028 2611 3095 Qui,
2636 3027 2866 3082 veniens
2911 3024 2978 3080 ad
3026 3023 3196 3087 illum,
3232 3021 3574 3090 interrogare
3610 3016 3839 3072 eumdem

2275 3122 2479 3193 coepit:
2526 3120 2680 3188 Quis,
2730 3128 2825 3173 aut
2872 3117 3014 3172 unde
3061 3124 3229 3180 esset,
3273 3129 3369 3169 seu
3397 3112 3657 3183 injusrei
3688 3109 3840 3181 gratia

588 3234 691 3288 sub
722 3233 844 3289 divo
870 3235 1173 3297 ceciderat,
1213 3233 1282 3287 ita
1314 3231 1605 3287 candidum
1646 3240 1810 3298 atque
1851 3229 2170 3286 incontami-

2278 3213 2405 3268 iltue
2430 3211 2753 3267 devertisset.
2796 3208 2898 3276 Qui
2928 3208 3174 3279 protinus
3208 3206 3528 3275 respondit:
3570 3203 3738 3272 ipsius
3766 3202 3845 3254 dc-

592 3333 801 3392 natum,
820 3340 885 3382 ac
907 3325 949 3380 si
978 3324 1108 3379 hora
1125 3325 1314 3379 eadem
1345 3322 1649 3378 cecidisset.
1673 3321 1918 3392 Lugduni
1941 3321 2175 3391 denique

586 3414 647 3470 in
694 3414 1024 3470 monasterio
1063 3412 1423 3477 Barbarensi,
1471 3413 1599 3467 dum
1643 3410 1887 3481 quidam,
1922 3421 1983 3465 ut
2030 3410 2177 3466 credi

589 3503 770 3570 debet,
810 3505 1249 3563 inconvenientcr
1275 3503 1544 3561 bustulam
1577 3502 1658 3558 vel
1687 3503 1962 3575 pyxidem,
1993 3503 2047 3571 in
2071 3517 2177 3571 qua

585 3597 932 3662 servabatur,
981 3605 1039 3651 ut
1096 3612 1213 3653 mos
1253 3606 1354 3661 est,
1384 3602 1681 3651 attractare
1709 3594 1888 3653 vellet.
1923 3610 1954 3650 e
2002 3593 2176 3648 maui-

588 3687 694 3746 bus
718 3688 859 3745 illius
887 3704 1010 3746 sese
1031 3692 1287 3760 eripiens,
1326 3690 1537 3762 longius
1573 3689 1627 3744 in
1652 3703 1781 3746 aere
1807 3689 1977 3743 stetit.

662 3778 740 3833 De
765 3780 1039 3836 cbrismali
1072 3782 1263 3846 etiam,
1299 3780 1442 3851 quod
1473 3795 1505 3835 a
1532 3779 1856 3850 quibusdam
1894 3778 2180 3847 6011.07!!!“

593 3871 919 3942 appellatur,
956 3872 1244 3943 plurimum
1277 3879 1559 3942 expertum
1597 3880 1683 3927 est
1712 3880 1972 3941 praestare
2003 3885 2183 3926 reme-

593 3964 710 4029 dia,
736 3963 783 4018 si
821 3964 953 4019 ﬁdes
985 3963 1317 4034 exigentium
1351 3979 1458 4019 non
1491 3961 1657 4018 fuerit
1685 3962 1865 4018 dubia.
1897 3961 2032 4016 Nam
2055 3975 2187 4017 co:.-

595 4064 681 4110 tra
733 4055 980 4113 incendia
1028 4056 1226 4126 surpius
1273 4055 1580 4121 elevatum,
1635 4066 1730 4109 aut
1788 4053 2185 4122 exstinguenda

595 4149 957 4218 compescuit,
984 4157 1079 4203 aut
1117 4157 1419 4203 retrorsum
1462 4147 1700 4219 pepulit,
1732 4162 1825 4202 seu
1877 4147 1929 4201 in
1976 4155 2185 4216 partem

596 4239 827 4295 alteram
873 4240 1113 4294 retorsit.
1144 4239 1380 4294 Membra
1414 4240 1611 4309 quippe
1641 4253 1910 4309 aegrorum
1953 4236 2185 4292 dolentia

600 4328 880 4384 multotics
926 4345 1055 4384 sana
1087 4329 1340 4389 restituit.
1369 4326 1805 4383 febricitantibus
1842 4326 2189 4381 nihilominus

602 4419 912 4489 impositum
979 4421 1213 4476 salutem
1282 4420 1529 4475 contulit.
1594 4419 1750 4489 Apud
1799 4417 2187 4472 monasterium

603 4511 927 4578 Beomense,
977 4526 1219 4584 tempore
1269 4513 1595 4569 venerabilis
1642 4511 1898 4567 Willelmi
1943 4510 2180 4576 abbatis,

606 4602 835 4670 contigit
887 4612 945 4657 ut
1005 4604 1313 4658 incendium
1372 4602 1818 4672 circumjecentia
1871 4600 2188 4655 monasterii

607 4689 1045 4762 depopularetur.
1095 4692 1432 4762 Arripieutes
1461 4700 1645 4746 autem
1684 4692 1922 4761 ejusdem
1958 4689 2059 4745 loci
2086 4689 2196 4743 fra-

605 4792 723 4841 tres
764 4784 1055 4840 ehrismale
1099 4794 1260 4840 conto
1305 4784 1639 4855 impositum,
1678 4784 2025 4839 clevavcrunt
2062 4782 2189 4836 illttd

609 4885 799 4931 contra
830 4876 1061 4931 incendii
1083 4876 1328 4931 ﬂammas
1350 4876 1469 4930 dire
1486 4876 1795 4947 ﬂagrantes.
1823 4876 2018 4931 Statim
2040 4890 2190 4937 vero,

610 4968 752 5022 idem
778 4967 916 5037 ignis
938 4967 989 5022 in
1014 4983 1131 5024 sese
1160 4977 1503 5037 retorquens,
1528 4968 1751 5023 minime
1783 4968 2010 5036 amplius
2031 4981 2192 5036 quam

611 5057 910 5123 invaserat,
941 5060 1182 5128 arripere
1208 5060 1399 5113 valuit.
1427 5058 1594 5113 Panis
1625 5068 1802 5113 tamen
1841 5058 1928 5113 ille
1954 5056 2199 5113 Domini-

613 5165 729 5194 ρης.
766 5167 895 5194 nnra
926 5151 1089 5194 ﬂanlp
1143 5168 1170 5194 α
1199 5151 1418 5194 υηηιιιιη
1444 5151 1682 5194 planetis-
1711 5149 1832 5194 nltm
1858 5148 2034 5194 minus
2066 5148 2199 5194 tit-It:-

2277 3304 2477 3360 sidcriu
2501 3299 2870 3372 conspiciendi
2896 3314 3186 3355 accensum
3218 3296 3346 3354 illuc
3376 3295 3683 3361 devenisse,
3705 3293 3847 3349 nihil-

2278 3413 2385 3467 que
2413 3402 2611 3466 praeter
2638 3410 2762 3450 eum
2787 3393 2933 3449 aliud
2959 3406 3223 3463 quaerere.
3257 3390 3465 3445 Deinde
3490 3389 3577 3443 vir
3599 3387 3690 3443 ille
3715 3387 3848 3441 theo-

2279 3494 2434 3565 logus
2457 3493 2779 3547 subsecutus
2801 3490 2916 3543 ait:
2975 3505 2994 3539 ι
3035 3486 3166 3541 Novi
3199 3494 3280 3552 te,
3310 3483 3569 3553 inquiens
3589 3523 3604 3547 ,
3640 3496 3671 3535 a
3694 3480 3847 3552 parti-

2278 3586 2382 3641 ltus
2402 3582 2701 3638 Galliarum
2742 3580 2846 3635 huc
2894 3578 3196 3635 devenisse.
3236 3574 3343 3631 Sed
3371 3588 3575 3643 quasso,
3604 3572 3692 3628 die
3716 3570 3847 3627 mihi.

2281 3678 2326 3735 si
2375 3674 2685 3731 cimonium
2719 3671 2938 3742 Majoris
2987 3669 3120 3742 [ul.,
3162 3665 3480 3737 Cluniense]
3533 3664 3847 3726 monasterii,

2282 3768 2427 3839 quod
2453 3767 2507 3820 in
2533 3765 2735 3820 eisdem
2760 3763 3003 3834 partibus
3026 3761 3280 3825 habetur,
3302 3758 3597 3829 aliquando
3626 3754 3810 3810 vidisti.
3828 3771 3845 3805 ι

2283 3860 2355 3914 At
2384 3860 2473 3912 ille
2505 3857 2681 3914 dixit:
2716 3874 2735 3908 ‹
2764 3853 2909 3917 Vidi,
2944 3851 3150 3922 inquit,
3182 3848 3463 3920 ctoptime
3484 3847 3757 3915 cognitum
3780 3850 3851 3898 est

2286 3951 2439 4008 mihi.
2474 3970 2491 4003 ι
2527 3948 2677 4004 Tunc
2699 3947 2836 4002 dixit
2864 3945 2913 4001 ei
2942 3963 2955 3999 :
2993 3962 3012 3997 ι
3045 3943 3228 4006 Scito,
3251 3942 3359 4004 ait,
3394 3955 3507 4010 pra:
3529 3937 3737 3994 cunctis
3760 3934 3851 3989 Καρ

2288 4044 2433 4101 mani
2460 4043 2611 4099 orbis
2641 4041 2770 4097 illud
2795 4039 2975 4095 valere
3006 4036 3279 4108 praecipue
3308 4035 3361 4089 in
3394 4031 3720 4087 liberatione
3752 4028 3851 4082 ani-

2288 4151 2498 4193 marum
2530 4151 2560 4189 a
2601 4131 2902 4188 daemonica
2934 4128 3324 4184 dominatione.
3352 4123 3528 4178 Tanta
3560 4122 3706 4177 enim
3732 4119 3854 4187 viges

2291 4229 2347 4286 in
2375 4245 2438 4283 eo
2463 4225 2657 4281 vivifici
2687 4222 2939 4279 sacriﬁcii
2972 4222 3224 4290 frequens
3255 4215 3580 4279 immolatio,
3612 4224 3673 4267 ut
3716 4210 3842 4265 nulla

2291 4336 2373 4388 pe;
2396 4334 2427 4373 e
2455 4318 2570 4372 dies
2597 4322 2956 4387 pertranseat,
2993 4312 3045 4366 in
3084 4326 3189 4381 qua
3222 4324 3327 4364 non
3367 4308 3435 4362 de
3466 4313 3737 4376 potestate
3759 4316 3854 4354 rna-

2291 4410 2556 4478 lisnorum
2599 4405 2902 4460 daemonum
2937 4402 3046 4457 tale
3093 4399 3486 4456 commercium
3526 4396 3738 4450 animas
3764 4390 3854 4445 eri.

2293 4500 2423 4570 piat.
2463 4516 2482 4550 t
2535 4496 2668 4551 Erat
2717 4493 3006 4564 siquidem,
3061 4500 3121 4545 ut
3164 4490 3265 4560 ipsi
3312 4486 3714 4558 perspeximus,
3758 4495 3857 4533 nios

2295 4589 2437 4644 illius
2465 4585 2698 4643 cmnobii
2720 4626 2734 4650 ,
2767 4601 2797 4639 a
2824 4584 3000 4654 prima
3028 4580 3139 4637 diei
3163 4596 3361 4635 aurora
3399 4593 3574 4646 usque
3607 4577 3660 4629 in
3690 4575 3854 4627 horam

2289 4678 2536 4752 prandii,
2585 4685 2806 4746 propter
2843 4674 3071 4728 fratrum
3114 4671 3357 4741 copiam,
3386 4668 3646 4722 continua
3682 4664 3855 4720 missa-

2294 4793 2412 4832 rum
2443 4773 2758 4830 celebratio.
2788 4771 2918 4838 Quae
2946 4768 3196 4824 videlicet
3222 4776 3333 4821 tam
3363 4766 3524 4835 digne
3555 4776 3790 4833 pureque
3807 4773 3859 4811 ac

2294 4874 2606 4924 reverenter
2636 4863 2819 4927 ﬁebat,
2860 4870 2918 4916 ut
2970 4859 3140 4930 magis
3182 4856 3429 4929 angelica
3455 4870 3620 4925 quam
3647 4853 3859 4907 humana

2295 4958 2560 5015 exhibitio
2591 4963 2896 5027 putaretur.

2368 5054 2526 5106 Anno
2573 5051 2736 5120 igitur
2791 5047 3080 5101 millesimo
3128 5042 3551 5114 quadragesimo
3587 5039 3763 5110 primo
3788 5035 3861 5089 lu-

2300 5143 2630 5194 onrnalionis
2680 5140 2975 5194 Dominicte
3022 5136 3234 5193 exstitit
3288 5134 3559 5190 terminus
3610 5128 3862 5194 paschalis
