3992 5338
182 327 294 384 6υῦ

1109 323 1592 384 HISTORIARUM
1631 323 1807 380 LIBRI
1848 325 2177 398 QUINQUE.
2207 361 2277 373 —
2310 330 2420 388 LIB
2483 329 2542 382 9..

3357 323 3462 384 ΟΜ

181 444 360 501 cessit
391 442 446 496 in
477 455 702 511 regnum
744 437 1010 494 Henricus
1031 437 1174 495 ﬁlius
1218 439 1407 510 ipsius,
1441 440 1553 512 jam
1583 441 1651 496 ab
1681 455 1772 496 eo-
1802 445 1850 506 Α
1877 442 2190 512 Germania,
2219 447 2377 520 longe
2405 447 2638 517 lateque,
2673 447 2921 502 eumdem
2960 459 3140 516 regem
3161 442 3460 498 dominium

181 540 316 592 deut
372 544 530 605 patre
575 533 907 588 constitutus
959 549 1076 588 rex.
1107 533 1347 605 Contigit
1394 550 1522 589 vero
1565 535 1682 604 ipso
1715 535 1768 589 in

182 639 464 698 tempore,
506 626 805 694 inspirante
851 624 1029 679 divina
1058 626 1252 696 gratia,
1287 625 1541 696 primitus
1565 627 1619 680 in
1649 641 1775 696 par-

183 720 342 774 tibus
385 716 751 788 Aquitanicis,
800 715 996 770 deinde
1031 716 1289 785 paulatim
1339 733 1435 788 per
1463 717 1779 773 universunt

182 813 497 868 Galliarum
548 810 900 877 territorium,
950 811 1153 866 ﬁrmari
1204 822 1420 883 pactum
1458 824 1682 886 propter
1718 815 1784 869 ti-

187 917 406 956 morem
441 900 534 954 Dei
559 901 766 970 pariter
785 908 840 954 et
865 916 1126 956 amorem.
1145 901 1351 958 Taliter
1375 915 1432 959 ut
1457 919 1614 959 nemo
1636 920 1782 959 mor-

188 993 388 1046 talium
421 1008 450 1044 a
479 991 630 1046 feriae
680 1001 890 1061 quartae
936 1007 1160 1064 vespere
1205 1011 1376 1066 usque
1395 996 1464 1051 ad
1491 997 1785 1052 secundam

190 1081 392 1136 feriam
449 1081 746 1151 incipiente
784 1084 924 1149 luce,
959 1100 1092 1140 ausu
1126 1089 1418 1143 temerario
1439 1097 1790 1158 praesumeret

191 1172 484 1243 quidpiam
529 1173 690 1227 alicui
725 1174 1003 1228 hominum
1039 1191 1138 1245 per
1180 1177 1287 1230 vim
1330 1177 1566 1244 auferre,
1611 1192 1788 1247 neque

192 1264 426 1316 ultionis
472 1262 766 1318 vindictam
811 1278 841 1316 a
887 1280 1214 1334 quocunque
1265 1266 1484 1322 inimico
1545 1267 1788 1338 exigere,

197 1369 306 1407 nec
339 1353 510 1408 etiam
535 1370 565 1407 a
590 1352 906 1424 ﬁdejussore
937 1355 1310 1410 vadimonium
1367 1372 1602 1414 sumere.
1637 1358 1792 1425 Quod

196 1446 242 1500 si
269 1446 338 1499 ab
373 1446 558 1517 aliquo
607 1446 720 1502 ﬁeri
755 1448 1074 1519 contigisset
1132 1459 1323 1505 contra
1382 1451 1485 1507 hoc
1513 1453 1792 1508 decretum

199 1538 508 1611 publicum,
563 1548 656 1594 aut
690 1540 754 1594 de
786 1540 892 1594 vita
927 1553 1300 1611 componeret,
1330 1553 1424 1598 aut
1467 1561 1496 1599 a
1521 1544 1793 1601 Christia-

202 1649 399 1687 norum
458 1633 732 1687 consortio
779 1633 1036 1703 expulsus
1092 1635 1268 1704 patria
1317 1637 1630 1706 pelleretur.
1681 1637 1796 1695 Hoc

203 1723 434 1792 insuper
465 1722 668 1793 placuit
722 1724 1013 1790 universis,
1055 1726 1220 1780 veluti
1273 1727 1433 1798 vulgo
1475 1728 1698 1794 dicitur,
1738 1739 1798 1784 ut

1883 553 2048 608 super
2078 547 2250 592 semet
2274 553 2532 594 exercere
2566 545 2845 609 gratanter
2891 535 3238 606 expetebant.
3264 533 3330 588 Et
3353 547 3481 589 non

1882 627 2174 682 immerito.
2198 627 2328 681 Erat
2347 627 2492 682 enim
2516 625 2830 682 affabilitate
2849 623 3214 695 gratissimus,
3235 637 3299 676 ac
3323 621 3462 678 libe-

1884 719 2099 775 ralitate
2113 719 2449 789 perspicuus,
2473 728 2634 788 atque
2659 716 2981 773 humilitatis
2994 715 3168 787 gratia
3184 712 3482 784 praeditus.-

1885 810 1996 866 Nec
2013 811 2315 882 cujuspiam
2335 809 2670 880 (dominium)
2689 809 3014 865 extollentiaa
3031 815 3160 862 uqu
3177 805 3468 883 notabatur

1887 903 2158 974 indeptus.
2186 901 2578 972 Atqueidcirco
2594 899 2861 956 universis
2884 897 3243 954 circumcirca
3261 895 3465 952 existe-

1887 997 1981 1052 bat
2019 995 2286 1051 amabilis.
2314 995 2434 1066 lpso
2464 994 2648 1049 itidem
2681 1008 2822 1048 anno
2867 993 3126 1063 praedicta
3156 1005 3289 1062 gens
3317 989 3466 1043 Hun-

1890 1105 2146 1162 garorum
2196 1087 2312 1157 ejus
2371 1087 2596 1158 imperio
2652 1085 2867 1141 rebellis
2914 1084 3146 1142 exstitit.
3178 1083 3352 1150 Quam
3381 1079 3483 1134 ille.

1893 1185 2168 1240 hostiliter
2213 1197 2524 1254 aggressus,
2586 1186 2839 1251 potenter
2887 1176 3105 1240 devicit,
3137 1174 3348 1242 sibique
3368 1171 3471 1226 tri-

1889 1275 2164 1332 butariam
2195 1271 2522 1343 snbjugavit.
2559 1271 2792 1335 Tamen,
2835 1268 2971 1340 proh
2996 1266 3198 1337 pudor!
3227 1278 3392 1318 unum
3418 1262 3474 1317 in

1891 1384 1956 1425 eo
1977 1376 2109 1423 erat.
2142 1367 2369 1423 nimium
2413 1362 2860 1435 reprehensibile,
2892 1357 3482 1432 quod'incontinentia.

1893 1460 2075 1516 carnis
2101 1458 2326 1514 luxuria:
2379 1454 2766 1512 infamabatur.
2800 1452 2942 1508 Illud
2975 1451 3121 1507 enim
3146 1449 3334 1504 vitium
3357 1447 3492 1517 plus.

1894 1551 2108 1608 cmteris
2138 1551 2190 1604 in
2220 1561 2418 1620 genere
2447 1547 2684 1601 humano
2714 1560 2894 1600 rerum
2929 1543 3176 1598 ordinem
3201 1539 3418 1595 turbat.

1968 1642 2228 1712 Sequenti
2259 1641 2424 1711 igitur
2467 1654 2630 1703 anno,
2662 1637 2714 1692 id
2745 1645 2850 1700 est,
2883 1634 3298 1706 quadragesimo
3324 1636 3490 1686 sexto

1897 1740 2019 1802 post
2044 1730 2408 1793 millesimum,
2439 1729 2580 1782 facta
2627 1736 2712 1783 est
2744 1741 2838 1797 per
2867 1726 2983 1782 loca
3018 1739 3210 1795 magna
3241 1721 3352 1776 vini
3373 1721 3482 1776 fer-

207 1813 418 1884 Treugn
452 1814 665 1868 Domini
693 1827 982 1870 vocaretur.
1016 1818 1146 1885 Qum
1185 1819 1435 1874 videlicet
1477 1836 1582 1876 non
1617 1821 1792 1876 solum
1821 1808 1867 1868 Β
1899 1825 2070 1880 tilitas
2095 1831 2149 1876 et
2187 1822 2542 1892 leguminum.
2578 1818 2707 1875 Post
2749 1820 2864 1874 lucc
2903 1832 3034 1872 vero
3055 1823 3212 1871 sexto
3231 1813 3354 1869 ldus
3375 1811 3482 1868 No-

205 1906 462 1960 humanis
520 1905 652 1958 fnlta
712 1907 1010 1975 praesidiis,
1060 1925 1247 1964 verum
1302 1911 1468 1964 etiam
1515 1912 1794 1968 multoties

203 1996 410 2051 divinis
461 1995 753 2067 suffragata
803 2000 1120 2055 terroribus.
1150 1999 1283 2055 Nam
1327 2002 1573 2072 plerique
1607 2003 1794 2058 vesani

205 2088 403 2142 audaci
430 2090 743 2144 temeritate
773 2093 1148 2161 praescriptum
1180 2107 1394 2164 pactum
1421 2109 1525 2148 non
1567 2095 1798 2151 timuere

208 2181 541 2251 transgredi,
595 2181 647 2236 in
704 2183 899 2251 quibus
947 2186 1192 2255 protinus
1241 2196 1332 2241 aut
1384 2188 1565 2242 divina
1600 2189 1796 2244 vindex

207 2273 312 2335 ira,
347 2288 442 2326 seu
478 2271 748 2328 humanus
784 2273 992 2343 gladius
1020 2277 1160 2333 ultor
1188 2279 1418 2333 exstitit.
1451 2278 1514 2332 Et
1541 2281 1645 2335 hoc
1669 2297 1798 2351 pas-

208 2365 308 2418 sim
335 2373 448 2418 tam
479 2363 796 2436 frequenter
825 2369 1072 2438 contigit,
1105 2379 1164 2424 ut
1191 2386 1298 2440 prae
1323 2373 1406 2426 sui
1452 2372 1800 2428 multitudine

209 2456 525 2527 singulatim
556 2473 663 2512 non
696 2467 899 2526 queant
944 2461 1215 2524 adnotari,
1251 2471 1304 2516 ct
1335 2461 1436 2516 hoc
1468 2463 1604 2518 satis
1631 2460 1797 2531 juste.

210 2547 342 2602 Nam
376 2549 522 2602 sicut
570 2549 688 2603 dies
723 2550 1036 2606 Dominicus
1086 2563 1308 2620 propter
1355 2552 1690 2608 Dominicam
1719 2569 1803 2610 re-

213 2642 613 2696 surrectionem
638 2642 964 2697 veneiabilis
989 2642 1234 2707 habetur,
1262 2653 1313 2698 et
1341 2643 1578 2699 Octavus
1603 2659 1803 2716 cogno-

215 2733 476 2795 minatur,
515 2733 590 2786 ita
643 2733 886 2802 quintus,
913 2743 1100 2791 sextus
1133 2744 1188 2789 et
1222 2737 1503 2806 septimus,
1529 2738 1599 2794 ob
1627 2739 1807 2794 Domi-

212 2825 351 2878 nime
377 2837 550 2878 coenae
584 2833 640 2878 et
688 2823 930 2892 ejusdem
985 2827 1253 2895 passionis
1304 2829 1687 2894 reverentiam,
1715 2829 1808 2884 de-

213 2914 343 2968 bent
367 2915 436 2967 ab
462 2914 663 2984 iniquis
690 2915 994 2970 actionibus
1019 2931 1139 2970 esse
1163 2915 1363 2972 feriati.
1403 2917 1642 2989 Contigit
1665 2919 1809 2973 enim

213 3017 295 3073 ut,
316 3007 446 3061 dum
469 3022 629 3076 pene,
653 3008 913 3080 sicutjam
937 3009 1194 3074 dixinms,
1211 3027 1306 3081 per
1331 3021 1472 3068 totas
1494 3013 1810 3070 Galliashoe

215 3105 486 3151 statutum
521 3097 753 3153 ﬁrmiter
801 3101 1188 3168 custodiretur,
1214 3103 1479 3160 Neustriae
1515 3120 1648 3176 gens
1672 3105 1805 3159 illud

214 3191 499 3259 suscipere
546 3202 847 3249 recusaret.
897 3195 1027 3249 Erat
1065 3198 1210 3251 enim
1263 3199 1424 3270 hujus
1473 3200 1552 3255 rei
1590 3203 1807 3258 occasio
1835 3163 1880 3225 Ο

216 3282 506 3338 dissidium
562 3286 938 3353 superbissimi
986 3287 1141 3358 litigii
1192 3291 1335 3360 quod
1407 3300 1586 3346 ortum
1635 3292 1814 3348 fuerat

219 3373 364 3428 inter
394 3371 691 3428 Henricum
724 3391 902 3446 regem
957 3377 1125 3432 ﬁlium
1181 3380 1429 3446 Roberti,
1461 3391 1516 3436 et
1559 3381 1698 3437 lilios
1719 3399 1811 3438 su-

219 3465 453 3535 pradicti
512 3464 735 3530 Odonis,
776 3467 869 3537 qui
925 3469 1166 3525 vicissim
1223 3471 1490 3527 incendiis
1545 3473 1682 3529 bella
1708 3475 1815 3529 mi-

220 3568 441 3614 scentes
465 3560 743 3626 intestina,
775 3560 994 3616 sibimet
1017 3563 1212 3618 damna
1237 3564 1535 3621 inferentes
1564 3581 1669 3620 non
1695 3581 1815 3620 mo-

223 3654 369 3718 dica,
427 3654 692 3722 plurimas
747 3670 968 3708 suorum
1011 3663 1223 3726 strages
1269 3657 1557 3712 dederunt.
1611 3658 1814 3714 Deinde

222 3759 446 3814 quoque
477 3745 690 3799 occulto
735 3745 828 3799 Dei
871 3744 1078 3814 judicio
1106 3748 1269 3818 cmpit
1299 3748 1558 3804 desaevire
1585 3749 1639 3804 in
1673 3750 1819 3820 ipso-

225 3851 344 3890 rum
384 3836 631 3905 plcbihus
685 3837 867 3892 divina
921 3839 1072 3895 ultio.
1133 3840 1483 3912 Consumpsit
1528 3844 1671 3898 enim
1703 3845 1818 3914 qui-

225 3929 353 3983 dam
417 3929 666 3984 mortifer
717 3929 882 3984 ardor
948 3931 1148 3988 multos
1207 3942 1314 3987 tam
1359 3935 1425 3989 de
1477 3935 1818 4007 maguatibus

225 4040 394 4094 quam
440 4027 506 4082 de
555 4028 922 4084 mediocribus
965 4037 1127 4100 atque
1160 4030 1360 4087 inﬁmis
1395 4031 1612 4101 populi;
1652 4047 1818 4102 quos-

229 4116 356 4169 dam
385 4131 515 4171 vero
549 4117 820 4172 truncatis
843 4117 1211 4172 membrorum
1255 4121 1502 4190 partibus
1523 4120 1822 4175 reservavit

229 4207 296 4260 ad
345 4206 650 4263 futurorum
695 4210 1024 4280 exemplum.
1056 4210 1207 4266 Tunc
1236 4211 1400 4266 etiam
1425 4227 1564 4282 pene
1588 4228 1720 4283 gens
1743 4223 1822 4269 to-

230 4299 342 4352 tius
363 4299 512 4353 orbis
565 4299 832 4355 sustinuit
879 4302 1163 4372 penuriam
1223 4317 1321 4372 pro
1377 4303 1597 4358 raritate
1628 4303 1739 4358 vini
1768 4313 1824 4360 et

233 4390 423 4445 tritici.

1894 1917 2135 1972 vembris
2178 1913 2402 1980 mensis,
2436 1912 2560 1966 luna
2591 1909 3016 1982 quartadecima,
3047 1905 3193 1961 nulla
3230 1912 3484 1960 currente

1897 2014 2112 2078 epacta,
2139 2011 2499 2060 concurrente
2539 2000 2785 2071 septimo,
2829 1996 2970 2053 facta
2996 2006 3080 2052 est
3105 1994 3321 2064 eclipsis
3344 1992 3485 2046 luna:

1897 2097 2210 2154 hominibus
2240 2093 2397 2150 valde
2425 2092 2728 2148 tremenda.
2760 2089 2895 2144 Nam
2927 2099 3118 2144 octava
3147 2088 3280 2142 hora
3308 2085 3485 2140 noctis

1900 2193 2045 2247 inter
2073 2189 2246 2245 solem
2295 2197 2350 2242 et
2392 2188 2564 2258 ipsam
2615 2186 2818 2249 lunam,
2864 2184 2978 2238 sive
3015 2191 3284 2252 patratum
3317 2195 3346 2234 a
3377 2179 3486 2234 Deo

1900 2295 2330 2347 ostensum,.seu
2383 2280 2688 2335 invertentc
2739 2277 2951 2346 sphaera
2994 2273 3218 2328 alterius
3268 2271 3486 2340 sideris,

1901 2374 2136 2445 qualiter
2160 2371 2422 2437 evenerit,
2450 2379 2634 2424 manet
2667 2377 2855 2423 notum
2884 2365 3124 2423 scientia:
3148 2363 3484 2420 Conditoris.

1903 2469 2022 2540 Ipsa
2044 2480 2270 2537 quoque
2301 2463 2426 2518 luna
2453 2461 2707 2533 primitus
2746 2474 2883 2530 pene
2916 2457 3060 2513 facta
3093 2465 3178 2511 est
3212 2463 3321 2510 tota
3349 2453 3492 2510 sicut

1907 2533 2044 2615 teter
2065 2533 2310 2628 sanguis,
2336 2552 2618 2624 paululum
2648 2550 2925 2606 evadenth
2955 2561 3125 2619 usque
3150 2547 3216 2600 ad
3237 2549 3493 2621 aur‘rem
3558 2533 3641 2658 0/

2181 2647 2192 2658 .
2276 2646 2305 2658 Α
2382 2645 2413 2658 ιο
2458 2644 2469 2656 ο
2522 2643 2561 2658 n
2619 2643 2659 2658 I,
2710 2657 2715 2658 ,
2801 2641 2834 2658 οι
2861 2640 2920 2658 οιξ
2970 2640 3110 2658 _9,_-__
3137 2650 3320 2658 __-_-..
3350 2634 3488 2658 -.....,I

1907 2646 2340 2720 supervenientis
2363 2644 2494 2699 diei.
2522 2643 2725 2698 Eodem
2762 2640 3114 2695 nihilominus
3137 2650 3324 2691 mense
3349 2634 3496 2706 apud.

1908 2751 2147 2797 castrum
2195 2737 2369 2794 sancti
2411 2734 2734 2798 Florentini,
2767 2733 2910 2803 quod
2952 2740 3036 2785 est
3065 2744 3229 2799 super
3257 2727 3496 2782 Armen-

1910 2833 2113 2886 tionem
2145 2829 2388 2892 ﬂuvium,
2414 2827 2560 2882 circa
2593 2825 2829 2879 medium
2860 2821 3140 2891 cujusdam
3166 2819 3270 2874 diei
3299 2817 3503 2875 cecidit

1909 2922 1976 2976 de
1997 2920 2156 2986 coelo,
2185 2918 2328 2989 quod
2359 2917 2548 2973 Graece
2597 2901 2798 2970 dicitur
2827 2912 2986 2978 setas,
3016 2910 3098 2966 vel
3137 2910 3378 2975 chasma,
3396 2923 3505 2972 seu.

1910 3011 2213 3084 palmatias.
2239 3010 2366 3065 dum
2398 3007 2576 3078 fulgor
2604 3005 2824 3061 :etherei
2855 3003 3160 3074 splendoris
3182 3001 3397 3057 insolito
3429 2999 3504 3058 ad

1915 3115 2088 3160 terras
2142 3103 2441 3167 emittitur;
2490 3099 2753 3154 insulsum
2794 3099 2939 3155 enim
2997 3095 3192 3168 vulgus
3241 3094 3497 3165 perhibet

1918 3197 2128 3253 stellam
2161 3196 2226 3250 de
2255 3194 2394 3250 cmlo
2428 3192 2642 3248 cadere.
2689 3191 2840 3246 Tunc
2863 3205 2994 3260 ergo
3028 3187 3286 3259 praedicto
3314 3199 3500 3240 mense

1916 3290 2231 3355 Novembri,
2273 3288 2548 3358 perductae
2577 3295 2722 3350 sunt,
2762 3286 2816 3340 in
2844 3282 3168 3356 quibusdam
3199 3281 3338 3341 locis
3371 3278 3498 3336 Gal-

1917 3385 2138 3449 liarum,
2202 3391 2402 3453 praeter
2469 3381 2709 3446 solitum,
2749 3380 2815 3434 ad
2861 3377 3228 3436 maturitatem
3290 3383 3502 3446 segetes
3571 3410 3578 3416 -

1915 3465 2104 3547 prima:
2125 3474 2354 3530 sationis
2375 3472 2602 3544 Augusti
2627 3471 2850 3536 mensis,
2865 3470 3107 3525 collectae
3130 3479 3316 3522 mense
3331 3464 3496 3519 Octo-

1916 3569 2033 3634 bri;
2082 3565 2225 3638 quod
2285 3581 2392 3622 non
2449 3565 2568 3621 sine
2616 3578 2812 3634 magna
2871 3558 3230 3616 admiratione
3273 3554 3503 3626 contigit

1917 3659 2052 3716 fieri.

2541 3747 2768 3805 CAPUT
2807 3747 2871 3802 11-.

2409 3839 2486 3893 De
2519 3837 2650 3892 bello
2681 3838 2812 3891 mire
2842 3845 3005 3906 gesto.

1992 3931 2104 3986 Sub
2150 3931 2341 3986 eodem
2389 3943 2604 4000 quoque
2636 3936 2882 3997 tempore
2915 3924 3090 3979 fuerat
3127 3930 3246 3976 orta
3277 3919 3500 3990 grandis

1921 4019 2190 4074 discordia
2222 4033 2390 4087 usque
2413 4018 2478 4072 ad
2505 4015 2821 4072 elfusionem
2851 4013 3003 4069 multi
3031 4011 3326 4084 sanguinis,
3359 4010 3502 4065 inter

1922 4109 2215 4164 llenricum
2261 4107 2598 4162 Francorum
2658 4121 2861 4177 regem,
2922 4103 3146 4158 Roberti
3207 4101 3394 4166 lilium,
3450 4108 3505 4154 et

1923 4201 2064 4256 ﬁlios
2083 4215 2246 4270 supra
2275 4199 2441 4254 laxati
2464 4197 2690 4264 Odonis,
2715 4195 3048 4252 Thebaidam
3070 4193 3319 4250 videlicet
3344 4201 3508 4261 atque

1927 4293 2282 4362 Stephanum.
2326 4290 2564 4362 Conligit
2617 4289 2762 4344 enim
2792 4330 2808 4354 ,
2860 4296 2984 4359 post
3056 4286 3253 4342 multas
3295 4284 3510 4356 strages

1926 4389 2097 4444 cladis
2125 4396 2478 4454 utrarumque
2511 4384 2773 4454 partium,
2809 4393 2866 4438 ut
2897 4382 3038 4438 idem
3080 4396 3199 4447 rex,
3237 4377 3418 4436 ablato
3443 4377 3510 4431 ab

305 4483 509 4538 Eodem
532 4499 663 4539 vero
687 4500 856 4550 anno,
891 4500 941 4539 ιο
971 4493 1074 4552 est,
1105 4486 1296 4556 quinto
1326 4496 1447 4556 post
1474 4485 1822 4558 quadragesi-
1852 4517 1903 4576 Β
1929 4483 2132 4538 eisdem
2149 4479 2388 4535 dominio
2411 4477 2698 4533 Turonica:
2720 4475 2889 4539 urbis,
2907 4474 3201 4576 (lai'etillud
3216 4470 3510 4576 §.oﬂi:edo,

237 4590 386 4628 mum
450 4586 622 4644 atque
680 4575 1030 4632 millesimum
1090 4578 1386 4633 Dominicm
1433 4577 1827 4633 lncarnationis

237 4683 463 4733 annum,
487 4668 798 4724 antedictus
846 4668 1135 4734 Henricus,
1192 4669 1336 4725 ﬁlius
1364 4669 1700 4734 Chuonradi,
1728 4684 1824 4724 rex

242 4755 653 4824 Saxonumjam
705 4759 758 4812 in
791 4775 866 4824 re,
899 4759 1269 4816 Romanorum
1291 4775 1421 4816 vero
1448 4762 1744 4831 imperator
1771 4760 1824 4814 in

239 4865 352 4920 spe,
381 4850 535 4904 duxit
561 4865 787 4904 uxorem
813 4850 976 4904 ﬁliam
998 4850 1259 4907 Willelmi
1285 4850 1627 4906 Pictavorum
1655 4850 1829 4915 ducis,

241 4941 460 4996 nomine
503 4942 796 5011 Agnetem,
826 4957 987 5011 quam
1037 4943 1204 4999 etiam
1248 4942 1592 5011 desponsavit
1620 4941 1672 4994 in
1703 4939 1834 4994 civi-

240 5041 352 5088 tate
395 5030 871 5102 Chrysopolitana,
899 5046 1015 5100 quae
1069 5034 1229 5104 vulgo
1273 5033 1531 5088 Vesonlio
1574 5039 1824 5086 vocatur.

241 5122 672 5166 "ltm’dnnintm-
710 5123 778 5166 (th
805 5123 1005 5166 nmm'ic
1033 5141 1095 5166 nn
1144 5123 1542 5166 hpnnvnlpnlim
1593 5121 1824 5166 cratium

1930 4579 2287 4643 cognomento
2317 4568 2520 4633 Tuditi,
2548 4567 2657 4622 ﬁlio
2679 4566 2891 4622 scilicet
2941 4563 3193 4618 Fulconis
3209 4562 3321 4632 jam
3350 4561 3509 4624 dicti,

1929 4665 2343 4735 Andegavorum
2381 4662 2617 4717 comitis.
2645 4659 2772 4727 Qui,
2821 4656 3053 4714 collecto
3105 4670 3300 4726 magno
3359 4671 3518 4709 exer—

1931 4759 2065 4824 citu,
2090 4759 2263 4829 ipsam
2296 4755 2574 4811 civitatem
2618 4767 2762 4807 anno
2792 4765 2901 4804 uno
2926 4759 2983 4804 et
3017 4763 3080 4803 eo
3109 4745 3342 4813 amplius
3367 4745 3517 4799 obsi-

1934 4853 2094 4907 dione
2132 4847 2513 4905 circumdedit.
2566 4843 2842 4900 Adversus
2881 4857 3045 4910 quem
3079 4835 3296 4892 tandem
3336 4835 3525 4891 hostili

1935 4959 2101 4999 manu
2147 4948 2439 5014 pergentes
2471 4934 2800 4998 dimicaturi,
2834 4947 3028 4987 revera
3055 4937 3114 4984 ut
3136 4923 3349 4978 amictae
3379 4926 3530 4982 indi-

1933 5037 2196 5109 gentique
2225 5033 2500 5088 alimoniis
2521 5033 2903 5086 succurrerent
2925 5025 3076 5089 urbi,
3101 5017 3258 5073 ambo
3283 5019 3539 5084 praedicti

1935 5131 2028 5166 nu:
2062 5128 2264 5166 numne
2318 5120 2804 5166 nnmtnnzfrodus
2858 5113 3228 5166 comneriens.
3266 5112 3544 5166 expetivit
