3992 5338
135 109 248 165 597

1052 103 1212 160 VITA
1251 102 1312 160 S.
1349 99 1722 158 GUILLELMI
1765 95 2012 152 DIVION.
2042 129 2112 140 —
2144 101 2478 158 MONITUM.

3309 100 3414 157 693

135 242 250 297 que
271 220 694 296 persolutionem
735 217 862 273 furti
901 219 1186 290 suscipias.
1233 238 1252 271 ι
1296 216 1446 272 Miles
1476 231 1722 286 quoque,
1756 219 1800 279 Λ
1831 217 1897 270 ad
1922 211 2638 287 Ostiarium,0pprimuntur
2656 229 2740 284 pe.
2765 230 2875 270 sua:
2900 214 3264 270 damnationis
3293 232 3414 285 prc-

136 319 468 374 existimans
511 313 614 368 sibi
664 311 834 377 illudi,
866 311 1108 366 merebat
1149 319 1391 381 stupens.
1440 309 1726 363 Enimvero

135 428 242 468 rex
267 407 530 479 compulit
573 420 697 460 eum
731 411 788 457 ut
823 419 983 457 manu
1019 401 1216 471 injecta
1260 403 1485 458 duceret
1527 411 1732 454 utrum—

135 517 253 572 que
298 500 356 556 in
400 513 558 554 suum
590 494 912 550 dominium.
955 493 1297 563 Aspicientes
1328 507 1454 547 vero
1496 491 1588 561 qui
1622 490 1731 544 cir-

137 591 517 656 cumstabant,
547 587 752 656 ingenti
782 584 1143 640 admiratione
1183 591 1522 654 stupuerunt.
1554 601 1571 633 ‹
1604 581 1735 648 Qua:

138 695 355 758 grates,
384 683 634 754 inquiens
661 695 776 745 rex,
798 677 1093 734 referenda:
1114 687 1241 730 sunt
1280 676 1354 730 illi
1387 677 1504 729 viro
1527 675 1617 745 qui
1649 689 1735 728 me

143 789 260 832 tam
296 774 522 832 subdole
566 774 618 828 in
651 773 792 827 hanc
827 770 1039 841 impulit
1082 769 1428 838 captionem?
1475 766 1576 834 Qui
1611 767 1738 820 dum

142 870 215 923 ab
246 866 520 923 universis
540 863 1274 924 horribiliter'detestaretur,
1303 859 1380 912 ait
1402 874 1496 912 rex
1525 855 1740 910 :Addu-

142 960 256 1015 cite
302 957 477 1021 illum,
512 963 572 1009 ut
615 953 911 1010 secundum
962 950 1268 1006 illusionem
1326 963 1490 1017 quam
1543 946 1597 1000 in
1652 961 1740 1001 me

143 1049 350 1122 gessit,
405 1047 460 1102 in
503 1061 568 1101 eo
612 1044 941 1100 vindicetur.
995 1044 1239 1112 Dumque
1282 1038 1536 1111 praefatus
1574 1039 1742 1094 abbas

146 1141 452 1197 accersitus
477 1139 689 1201 fuisset,
720 1137 797 1190 ait
821 1137 871 1191 ei
901 1152 914 1188 :
947 1135 1163 1203 Depone
1184 1133 1434 1187 baculum
1461 1130 1740 1201 regiminis

147 1231 465 1301 pastoralis,
494 1243 655 1297 quem
684 1226 863 1282 credis
905 1225 1192 1296 largitione
1221 1221 1467 1277 mortalis
1507 1220 1742 1276 hominis

150 1321 353 1376 debere
374 1319 597 1390 gestari.
642 1335 661 1368 ι
695 1315 864 1383 Quem
893 1330 1017 1369 cum
1039 1332 1070 1370 a
1103 1329 1162 1368 se
1193 1313 1542 1383 projecisset,
1571 1312 1748 1366 susci-

149 1411 306 1480 piens
338 1410 490 1462 illum
521 1422 640 1471 rex,
686 1405 944 1476 imposuit
985 1404 1223 1458 dextera:
1253 1402 1509 1472 imaginis
1551 1401 1742 1456 Salva-

153 1503 289 1558 toris
326 1519 340 1555 :
378 1500 408 1554 ι’
433 1501 600 1564 Vade,
643 1499 894 1568 inquiens
940 1497 1147 1561 abbati,
1176 1505 1232 1550 et
1259 1495 1473 1562 suscipe
1502 1493 1652 1548 illum
1679 1493 1746 1548 de

1832 310 1984 373 tium,
2014 326 2098 373 ac,
2136 309 2290 379 juxta
2317 325 2503 364 vocem
2543 303 2896 371 Dominicam,
2926 311 2978 365 in
3011 310 3221 364 cunctis
3257 325 3415 381 gras-

1831 411 1982 459 satur
2011 402 2255 472 spiritale
2283 403 2646 457 latrocinium.
2687 424 2704 456 ι
2740 403 2834 458 His
2863 404 3096 473 denique
3141 402 3209 458 ab
3239 403 3412 473 impe-

1763 563 1766 566 ,
1832 505 2014 550 ratore
2053 496 2315 550 acerrime
2339 495 2592 564 prolatis,
2637 496 2922 568 stupefacti
2953 497 3255 566 pontifices,
3287 495 3417 566 quid

1834 587 1910 643 illi
1935 587 2324 656 responderent
2341 602 2445 640 non
2473 587 2762 642 habebant.
2791 587 3251 643 Pertimescebant
3272 588 3419 640 enim

1835 693 2024 733 carere
2037 679 2104 732 oh
2119 677 2260 730 hanc
2279 675 2736 748 ulpamgpropriis
2756 678 3159 746 episcopatuum
3182 673 3418 731 sedibus.

1836 771 1903 825 Et
1926 770 2184 840 quoniam
2214 785 2322 824 non
2355 768 2523 823 solum
2569 769 2623 823 in
2655 769 2946 824 Gallicanis
2986 768 3277 840 episcopiis
3305 767 3424 823 btet:

1837 863 2072 932 pessima
2103 859 2462 932 pullulaverat
2505 859 2746 929 nequitia
2769 901 2782 922 ,
2826 876 3012 914 verum
3044 861 3206 914 etiam
3249 855 3421 912 multo

1839 954 2070 1024 amplius
2101 962 2268 1008 totam
2319 962 2676 1023 oecupaverat
2709 952 2950 1014 Italiam;
2999 951 3181 1006 omnia
3214 949 3424 1026 quippe

1840 1045 2142 1100 ministeria
2173 1043 2540 1099 ecclesiastica
2595 1044 2665 1098 ita
2711 1059 2774 1098 eo
2808 1051 3048 1110 tempore
3083 1041 3430 1095 habebantur

1839 1136 2079 1201 venalia,
2109 1135 2262 1207 quasi
2310 1135 2364 1190 in
2405 1133 2524 1190 foro
2547 1134 2826 1190 saecularia
2858 1131 3234 1188 merciinonia.
3284 1128 3426 1184 Cer-

1843 1237 2036 1282 nentes
2064 1241 2281 1297 quoque
2320 1226 2558 1297 episcopi
2605 1226 2758 1296 gravi
2800 1239 2922 1279 sese
2959 1221 3264 1277 invectione
3294 1219 3431 1273 irre-

1845 1320 2006 1382 titos,
2050 1318 2439 1374 misericordia:
2489 1331 2713 1386 operam
2763 1314 3146 1386 implorabant.
3201 1312 3271 1367 At
3317 1311 3432 1382 ipse

1844 1410 2120 1480 princeps.
2146 1409 2521 1466 misericordia
2547 1417 2744 1473 motus,
2761 1407 2869 1462 tale
2890 1403 3280 1461 consolationis
3309 1418 3436 1474 pro-

1847 1501 1968 1556 tulit
2012 1504 2272 1556 verbum:
2313 1520 2331 1552 r
2369 1500 2466 1566 lte,
2496 1500 2768 1570 inquiens,
2815 1508 2868 1554 et
2897 1498 3042 1569 quod
3072 1495 3257 1550 illicite
3285 1508 3439 1549 acce-

156 1608 318 1648 mauu
352 1590 744 1662 omnipotentis
780 1589 943 1660 regis,
969 1604 1069 1644 nec
1113 1587 1186 1642 sis
1227 1585 1366 1640 ultra
1410 1600 1509 1655 pro
1553 1599 1618 1639 eo
1647 1585 1742 1639 dc-
1774 1595 1819 1653 B
1849 1593 2034 1662 pigris,
2057 1593 2192 1648 bene
2221 1593 2511 1661 disponere
2535 1591 2790 1661 εειθείιθ,
2823 1605 2886 1644 ac
2928 1604 3028 1660 pro
3058 1588 3239 1642 anima
3267 1585 3456 1660 ρειιτίεχ

161 1686 303 1738 bitur
331 1683 563 1752 alicujus
593 1681 861 1748 mortalis,
893 1681 987 1736 sed
1018 1680 1186 1735 libere
1215 1689 1366 1734 utere
1393 1694 1479 1744 eo,
1507 1689 1567 1733 ut
1589 1677 1746 1732 decet

158 1775 376 1830 culmen
424 1775 556 1829 tanti
605 1775 858 1829 nominis.
908 1792 926 1824 ι
972 1773 1043 1827 At
1090 1772 1206 1841 ipse
1249 1771 1550 1838 gaudenter
1597 1769 1746 1824 illum

158 1866 491 1939 suscipiens,
538 1865 786 1934 plurimis
816 1865 883 1918 de
915 1863 1009 1918 tali
1059 1862 1203 1918 facto
1233 1861 1574 1915 alacritatem
1619 1875 1750 1915 con-

165 1961 284 2015 tulit
309 1975 375 2016 ac
403 1956 601 2012 dehinc
622 1954 771 2011 omni
798 1969 923 2008 cum
955 1953 1204 2008 libertate
1232 1951 1420 2022 viguit.

801 2063 1028 2119 CAPUT
1070 2063 1133 2118 γ.

543 2137 622 2191 De
646 2136 1020 2204 exstirpatione
1049 2133 1376 2192 Simoniaca.

234 2230 572 2302 Dignoscens
618 2227 785 2296 igitur
829 2223 972 2280 idem
1017 2226 1282 2280 llcnricus
1312 2241 1410 2295 per
1443 2224 1754 2280 universam

164 2320 395 2375 Galliam
441 2328 604 2386 atque
649 2315 993 2371 Germaniam
1044 2315 1367 2370 Simoniaca:
1417 2315 1759 2386 philargyrite

167 2411 406 2482 grassari
437 2407 816 2478 cupiditatem,
863 2407 1158 2462 coadunari
1208 2405 1341 2459 fecit
1385 2421 1451 2459 ex
1481 2407 1626 2458 omni
1661 2407 1759 2458 im-

169 2503 320 2572 perio
341 2518 441 2556 suo
464 2510 572 2554 tam
596 2499 1009 2568 archiprzesules
1029 2514 1188 2569 quam
1203 2508 1432 2553 caeteros
1452 2497 1760 2566 pontifices,

203 2605 224 2649 t
251 2596 359 2650 tale
381 2594 462 2650 eis
489 2592 679 2647 intulit
709 2591 1037 2662 colloquium
1082 2609 1094 2644 :
1147 2609 1166 2642 ‹
1195 2591 1412 2659 Lugens
1448 2592 1600 2645 vobis
1631 2590 1762 2645 inci-

171 2690 260 2758 pio
305 2687 486 2756 loqui,
538 2686 630 2756 qui
681 2686 799 2741 vice
845 2685 1052 2741 Christi
1099 2685 1151 2740 in
1198 2685 1440 2739 Ecclesia
1483 2683 1763 2739 constituti

173 2780 325 2845 estis,
361 2796 526 2850 quam
555 2779 671 2849 ipse
695 2779 796 2834 sibi
835 2779 1204 2849 desponsavit,
1237 2793 1302 2832 ac
1331 2779 1507 2848 pretio
1533 2777 1615 2832 sui
1641 2794 1765 2832 sau-

173 2873 357 2944 guinis
387 2873 635 2927 redemit.
666 2873 815 2928 Sicut
847 2873 990 2927 enim
1022 2872 1136 2942 ipse
1165 2872 1398 2940 gratuita
1435 2872 1676 2926 bonitate
1701 2872 1766 2926 de

1850 1684 1977 1751 mei,
2013 1685 2103 1754 qui
2131 1683 2233 1738 hac
2255 1699 2395 1737 noxa
2431 1697 2554 1738 reus
2597 1682 2877 1736 vobiscum
2909 1687 3142 1743 tenetur,
3176 1674 3441 1731 attentius

1852 1779 2190 1833 intercedere
2238 1781 2599 1838 mementote,
2633 1785 2908 1844 quatenus
2954 1773 3003 1828 ei
3045 1770 3438 1841 indulgentiam

1852 1867 2010 1936 hujus
2035 1869 2291 1923 facinoris
2321 1883 2348 1921 a
2373 1867 2486 1921 Deo
2515 1866 2735 1936 possitis
2756 1864 3059 1935 acquirere.
3095 1881 3113 1914 ι
3149 1861 3283 1916 Tum
3314 1876 3441 1930 pro-

1853 1959 2035 2030 posuit
2079 1959 2315 2013 edictum
2342 1957 2488 2011 omni
2515 1956 2742 2026 imperio
2773 1971 2871 2010 suo
2897 1973 2910 2008 :
2945 1964 3004 2008 ut
3041 1953 3218 2007 nullus
3243 1951 3442 2022 gradus

1853 2048 2178 2104 clericorum
2244 2047 2328 2102 vel
2377 2046 2737 2101 ministerium
2778 2045 3212 2101 ecclesiasticum
3264 2041 3444 2111 pretio

1855 2140 2038 2210 aliquo
2078 2139 2482 2210 acquireretur,
2532 2154 2595 2193 ac
2639 2138 2685 2193 si
2733 2138 2854 2208 quis
2898 2138 3029 2191 dare
3061 2145 3156 2190 aut
3193 2135 3445 2204 accipere

1857 2240 2240 2304 pra:5timeret,
2285 2231 2432 2286 omni
2481 2230 2686 2284 honore
2727 2229 3049 2294 destitutus,
3097 2226 3445 2281 anathemate

1861 2323 2201 2378 multaretur.
2261 2321 2562 2392 Spopondit
2610 2320 2832 2390 insuper
2877 2319 3203 2388 promissum
3253 2317 3444 2387 hujus-

1860 2418 2026 2482 moJi,
2055 2417 2243 2471 dicens
2271 2431 2286 2468 :
2323 2432 2341 2464 ‹
2378 2413 2532 2468 Sicut
2559 2413 2702 2468 enim
2732 2413 2862 2466 mihi
2899 2411 3156 2466 Dominus
3184 2424 3443 2465 coronam

1862 2510 2073 2580 imperii
2112 2508 2224 2564 sola
2271 2506 2621 2562 miseratione
2669 2521 2765 2560 sua
2811 2503 2982 2576 gratis
3012 2502 3190 2566 dedit,
3227 2521 3246 2553 ι
3283 2500 3354 2553 ita
3393 2507 3450 2551 et

1862 2615 1962 2672 ego
1995 2601 2136 2671 quod
2174 2600 2241 2653 ad
2297 2597 2608 2669 religionem
2649 2596 2818 2666 ipsius
2865 2595 3098 2665 pertinet
3150 2592 3320 2664 gratis
3349 2591 3451 2643 im-

1864 2695 2114 2766 pendam.
2147 2692 2303 2754 Volo,
2334 2692 2377 2746 si
2406 2691 2605 2762 placet,
2644 2698 2700 2743 nt
2729 2699 2783 2744 et
2821 2704 2914 2743 vos
2945 2687 3194 2743 similiter
3218 2685 3450 2739 faciatis.

1935 2784 2056 2854 Ipso
2083 2799 2296 2854 quoque
2327 2784 2393 2836 in-
2413 2791 2654 2851 tempore
2685 2783 2926 2836 Romana
2959 2780 3134 2845 sedes,
3182 2794 3302 2849 quae
3334 2777 3445 2831 uni-

1867 2877 2094 2932 versalis
2135 2875 2258 2945 jure
2310 2875 2539 2929 habetur
2590 2874 2644 2928 in
2693 2874 2826 2928 orbe
2877 2883 3180 2935 terrarum,
3230 2869 3454 2940 praefato

177 2965 294 3020 sinu
326 2966 420 3019 Dei
446 2963 624 3019 Patris
653 2978 750 3034 per
779 2964 1055 3034 Virginem
1087 2963 1154 3017 ad
1181 2978 1280 3018 DOS
1321 2971 1481 3016 natus
1509 2972 1592 3016 CSl
1619 2963 1764 3017 redi-
1795 2958 1840 3022 Ο
1872 2972 2062 3026 morbo
2089 2969 2347 3041 pestifero
2373 2983 2469 3038 per
2502 2967 2689 3039 viginti
2723 2967 2963 3038 quinque
2987 2981 3252 3020 annorum
3280 2963 3456 3034 spatia

177 3057 442 3122 mendos,
497 3057 570 3111 ita
615 3057 729 3111 suis
760 3057 1037 3127 przecepit,
1082 3059 1304 3112 mittens
1345 3071 1440 3112 eos
1482 3057 1533 3110 in
1577 3059 1764 3111 orbem

174 3147 513 3213 universum,
567 3148 828 3218 apostolis
857 3165 872 3202 :
898 3145 1076 3202 Gratis
1115 3148 1406 3217 accepistis,
1435 3147 1600 3216 gratis
1622 3147 1764 3199 date.

177 3237 283 3294 Vos
311 3238 482 3303 enim,
529 3240 761 3292 avaritia
791 3249 846 3294 et
869 3240 1168 3310 cupiditate
1192 3241 1458 3310 corrupti,
1488 3240 1610 3310 qui,
1639 3239 1766 3294 dum

175 3334 428 3389 conferre
475 3335 748 3389 deberetis
810 3336 862 3389 in
915 3335 1226 3404 hujusmodi
1283 3333 1770 3404 transgressionem

179 3425 379 3494 (dando
405 3436 462 3479 et
482 3425 819 3495 accipiendo)
845 3441 1131 3492 canonem,
1157 3427 1430 3482 maledicti
1455 3425 1772 3481 estis..Nam

180 3524 230 3568 ct
263 3527 420 3584 pater
453 3531 621 3580 meus,
656 3516 724 3570 de
749 3516 900 3585 cujus
925 3518 1122 3572 animae
1152 3519 1394 3588 periculo
1421 3518 1574 3572 valde
1605 3518 1774 3586 perti-

186 3622 390 3668 mesco,
436 3606 800 3661 damnabilem
848 3609 1135 3663 avaritiam
1180 3611 1233 3663 in
1265 3611 1374 3664 vita
1420 3609 1580 3662 nimis
1610 3624 1773 3662 exer-

182 3698 532 3753 cuit.ldcirco
545 3699 851 3768 quicunque
865 3711 1168 3756 vestrorum
1191 3699 1415 3768 hujusce
1431 3699 1683 3770 (macula)
1699 3713 1777 3751 se-

183 3804 238 3840 se
262 3799 465 3842 norunt
485 3791 905 3856 contaminatos,
929 3801 1212 3862 oportetut
1229 3807 1259 3844 a
1284 3806 1442 3845 sacro
1471 3789 1776 3842 ministerio

184 3879 483 3932 secundum
516 3881 921 3950 dispositionem
945 3883 1260 3937 canonicam
1288 3891 1595 3935 arceantur.
1624 3881 1777 3934 Patet

184 3987 313 4041 ergo
341 3972 783 4028 manifestissime
814 3975 1067 4044 quoniam
1103 3985 1324 4045 propter
1356 3976 1494 4028 hanc
1516 3973 1774 4027 offensam

186 4074 454 4118 venerunt
475 4082 638 4136 super
659 4067 798 4121 filios
835 4067 1113 4122 hominum
1137 4070 1365 4123 diversae
1382 4068 1582 4127 clades,
1609 4067 1778 4120 fames

188 4156 438 4211 videlicet
457 4168 615 4228 atque
640 4160 959 4224 mortalitas,
987 4178 1084 4216 nec
1108 4177 1212 4216 non
1242 4171 1299 4216 et
1319 4161 1546 4230 gladius.
1577 4160 1780 4214 Omnes

191 4247 388 4320 quippe
412 4251 610 4317 gradus
626 4251 1002 4318 ecclesiastici,
1023 4269 1051 4307 a
1071 4254 1306 4308 Inaximo
1331 4253 1585 4323 pontifice
1611 4268 1781 4321 usque

1479 4389 2912 4415 Μ

1869 3063 2176 3118 miserrime
2198 3062 2561 3116 laboraverat.
2588 3060 2787 3114 Fuerat
2808 3059 2952 3114 enim
2977 3058 3152 3112 eidem
3175 3057 3288 3111 sedi
3311 3057 3458 3110 ordi-

1871 3164 2030 3210 natus
2058 3155 2279 3224 quidam
2325 3167 2460 3224 puer
2486 3151 2705 3206 circiter
2732 3167 2996 3206 annorum
3037 3149 3123 3214 η,
3153 3158 3343 3203 contra
3369 3145 3459 3214 jus

1871 3247 2082 3316 fasque.
2116 3245 2284 3312 Quem
2332 3245 2539 3299 scilicet
2567 3242 2679 3299 sola
2730 3241 2955 3312 pecunia
2989 3241 3106 3293 auri
3152 3250 3208 3294 et
3248 3237 3460 3309 argenti

1872 3337 1992 3407 plus
2017 3335 2416 3389 commendavit
2441 3349 2602 3402 quam
2639 3340 2774 3387 ictas
2798 3341 2891 3386 aut
2913 3331 3196 3386 sanctitas.
3228 3328 3298 3383 Et
3325 3344 3462 3398 quo-

1875 3428 2020 3482 niam
2038 3425 2304 3480 infelicem
2333 3425 2520 3480 habuit
2547 3423 2853 3486 introitum,
2872 3421 3224 3478 infcliciosem
3241 3434 3464 3489 persen-

1874 3518 1949 3572 sit
1987 3519 2214 3571 exitum.
2273 3515 2612 3570 Horrendum
2672 3515 2870 3582 quippe
2925 3511 3116 3564 referri
3186 3509 3464 3576 turpitudo

1877 3610 2023 3665 illius
2069 3607 2503 3664 conversationis
2543 3615 2599 3660 et
2645 3605 2789 3659 vitze.
2822 3603 2974 3658 Tunc
3001 3619 3131 3657 vero
3175 3617 3300 3657 cum
3329 3616 3464 3654 con-

1877 3717 2040 3757 sensu
2074 3701 2236 3755 totius
2268 3698 2494 3754 Romani
2528 3697 2707 3768 populi
2738 3706 2902 3766 atque
2927 3710 2993 3748 ex
3037 3703 3311 3764 prsecepto
3360 3691 3464 3744 im—

1878 3793 2144 3864 peratoris
2173 3790 2380 3858 ejectus
2405 3788 2504 3860 [αι.
2532 3786 2796 3859 remotus]
2818 3795 2902 3840 est
2945 3801 2974 3838 a
3004 3786 3154 3848 sede,
3183 3792 3238 3836 et
3262 3783 3314 3835 in
3348 3781 3468 3835 loco

1879 3885 1994 3954 ejus
2022 3885 2346 3951 subrogatus
2377 3889 2460 3935 est
2491 3880 2575 3933 vir
2605 3877 3041 3949 religiosissimus
3073 3892 3137 3930 ac
3171 3873 3464 3929 sanctitate

1879 3975 2220 4046 perspicuus,
2252 3971 2567 4041 Gregorius,
2603 3969 2823 4023 natione
2862 3968 3157 4020 Romanus.
3195 3964 3361 4034 Cujus
3391 3964 3472 4016 vi-

1882 4068 2077 4122 delicet
2108 4068 2246 4120 bona
2273 4061 2707 4135 fama‘quidquid
2736 4061 2886 4131 prior
2929 4059 3232 4114 ftedaverat
3259 4058 3310 4110 in
3351 4069 3472 4110 mea

1885 4160 1988 4215 lius
2017 4159 2348 4214 reformavit.

2923 4377 3444 4404 —-—-—-——-“

830 4502 1219 4636 VITA
1317 4500 1886 4632 SANCTI
1983 4494 2860 4692 GUILLELMI
2974 4519 2976 4522 ν

1444 4694 1734 4752 ABBATIS
1773 4691 2228 4756 DlVlONENSIS,
2260 4730 2272 4770 ί
2311 4729 2318 4770 τ

2553 4699 2560 4714 ί

2413 4747 2450 4763 Ἰ
2538 4717 2570 4760 l'
2615 4731 2728 4750 '/;a

719 4814 1224 4923 ﬂuetore
1294 4743 1754 4943 glabri)

1856 4743 2336 4943 sunt.
2413 4743 2987 4918 sana...

206 5016 370 5086 (Apud
395 5011 737 5072 Ilabilinlcta
771 5010 870 5066 SS.
901 5012 1010 5065 ord.
1064 5013 1122 5070 S.
1151 5009 1384 5074 Bened.,
1408 5007 1600 5065 Steculi
1633 5007 1720 5086 Y_|,
1769 5006 2012 5086 parte},
2039 4965 2309 5086 “1.9320,
2337 5017 2403 5055 ea:
2440 5018 2536 5054 ms.
2569 4998 2748 5050 codice
2779 4992 2840 5048 S.
2882 4985 3112 5062 Benigni
3147 4980 3515 5054 Divionensfc,

1462 5095 1580 5134 cum
1609 5078 1715 5131 alio
1746 5085 1793 5129 et
1824 5077 1979 5130 editis
2000 5075 2236 5142 collato.)

1006 5274 2016 5338 anFnVA'l‘lnNFQ
2089 5276 2228 5338 Dn
2269 5271 2489 5338 ARV]
2527 5268 2652 5338 Ᾱῖ-
