3992 5338
507 220 610 280 699

1509 218 1810 280 RODULFI
1850 220 2102 278 GLABRI
2140 219 2444 279 MONACHI
2485 222 2803 282 CLUNIAC.

3666 229 3767 286 700

503 334 646 403 phus
671 331 844 387 sancti
903 329 1127 403 Benigni
1202 332 1543 389 Divionettsis
1567 374 1581 400 ,
1643 342 1874 404 uterque
1927 333 2100 389 sancti
2130 337 2178 396 Α
2206 354 2269 391 ac
2311 346 2618 391 ca'terorum
2669 338 2966 409 principum
2994 337 3255 395 obtinebat
3289 339 3480 395 locum.
3520 340 3654 413 Ejus
3680 344 3785 399 elo-

505 422 779 480 Gnillelmi
809 422 1057 492 aequalis,
1105 439 1169 479 ac
1200 422 1340 480 forte
1362 426 1526 480 etiam
1561 425 1878 495 discipulus.
1912 424 2094 480 Vitam

504 514 780 571 Guillclmi
806 531 836 569 a
865 514 1069 571 Glabro
1097 516 1333 572 Rodulfo
1369 519 1568 572 editam
1604 517 1787 573 laudat
1815 517 1965 588 Hugo
2001 518 2096 574 ab-

505 607 603 662 bas
630 606 1057 663 Flaviniaccnsis
1110 625 1163 663 m
1209 609 1480 665 Chronico
1508 608 1854 675 Virdunensi,
1881 619 2028 666 tomo
2074 608 2094 664 Ι

506 699 807 755 ιειὺιιεειηω
832 700 1172 757 bibliotheca:
1192 719 1204 756 :
1226 704 1320 757 sed
1350 713 1406 758 et
1431 719 1550 758 eam
1583 720 1613 758 a
1644 719 1702 758 se
1729 703 2093 772 conscriptam

506 790 674 846 fuisse
705 793 949 863 agnoscit
975 793 1174 849 Glabcr
1204 795 1319 865 ipse
1354 796 1405 849 in
1441 795 1580 851 libro
1611 811 1664 849 tv
1708 794 2092 860 Historiarum,

506 884 685 953 capite
718 883 752 937 4
786 901 802 939 :
845 883 958 939 Nec
997 902 1120 949 non,
1155 886 1348 954 inquit,
1380 887 1791 957 prwnominatus
1813 899 1962 955 pater
1988 902 2095 939 mo-

505 975 815 1040 nachorum,
849 975 1206 1046 fundatorque
1244 976 1595 1031 cwnobiorum
1626 977 1849 1031 eaimius
1882 974 2095 1029 Willet--

506 1080 643 1126 mus.
678 1065 745 1118 de
777 1082 880 1134 quo
911 1067 1070 1119 etiam
1121 1066 1276 1135 plura
1326 1068 1498 1137 [orent
1524 1067 1769 1131 dicenda,
1817 1067 1918 1120 nisi
1953 1065 2094 1137 quod

526 1173 559 1210 η
590 1155 764 1210 libello
793 1158 933 1226 quod
966 1157 1028 1211 de
1058 1160 1164 1211 vita
1209 1168 1257 1212 et
1308 1159 1589 1213 virtutibus
1619 1157 1764 1223 illius
1811 1158 2090 1221 edidimus,

503 1247 711 1316 prolata
757 1248 957 1302 dudum
1001 1248 1163 1318 fuisse
1209 1261 1514 1304 noscuntur.
1554 1249 1706 1304 Hunc
1754 1250 1937 1304 Glabri
1990 1250 2097 1304 Ro-

511 1336 642 1391 dulli
676 1337 938 1405 libellum,
980 1354 1008 1392 a
1043 1339 1302 1394 Bollando
1350 1340 1416 1394 ad
1466 1341 1605 1395 diem
1639 1342 1662 1395 ‘l
1697 1340 1940 1395 Januarii
1978 1339 2093 1410 jam

504 1429 803 1500 vulgatum,
838 1429 1153 1510 iterumltic
1185 1446 1252 1484 ex
1289 1446 1390 1485 ms.
1443 1431 1632 1487 codice
1661 1431 1835 1486 sancti
1866 1429 2095 1501 Bcnigni

504 1517 849 1574 Divionensis
881 1520 1211 1576 recudimus.

574 1610 632 1664 2.
675 1609 949 1665 Guillclmi
991 1620 1171 1665 ortum
1221 1611 1289 1666 ad
1338 1627 1540 1667 annum
1587 1611 1684 1668 961
1732 1613 2093 1669 revocandum

2197 426 2340 497 ginta
2391 426 2577 496 paucis
2620 427 2821 494 verbis,
2852 428 2945 483 sed
2972 444 3091 499 quae
3119 430 3302 485 multis
3341 431 3493 486 libris
3520 443 3784 501 praestan-

2198 519 2333 573 tiora
2378 528 2525 585 sunt,
2572 520 2950 590 complectitur
2978 522 3169 578 beatus
3204 524 3361 579 Odilo
3382 524 3502 594 ejus
3533 527 3639 581 sub
3663 542 3785 580 sau-

2182 616 2287 664 ‘cto
2326 609 2519 665 Maiolo
2550 611 2974 683 condiscipulus,
3002 614 3055 668 in
3098 615 3280 670 libello
3306 616 3516 673 scilicet
3555 618 3626 672 de
3654 616 3790 685 ejus-

2196 701 2316 755 dem
2366 703 2537 756 sancti
2591 703 2771 757 lllaioli
2837 705 2996 771 actis,
3040 705 3131 760 ubi
3187 708 3302 762 hac
3346 706 3511 761 habet
3561 725 3575 761 :
3618 706 3687 761 Et
3736 716 3787 761 ut

2193 805 2321 859 pace
2360 790 2716 859 spiritualium
2756 793 3024 863 artiﬁcum
3069 796 3124 849 in
3164 796 3345 850 eadem
3383 796 3591 866 fabrica
3646 796 3789 851 labo-

2196 880 2427 933 rantium
2479 880 2675 946 dicam,
2718 899 2854 937 unus
2892 885 3156 955 prtecipue
3219 886 3423 956 refulsit
3489 888 3585 958 qui
3627 903 3790 956 nuper

2197 971 2349 1025 rebus
2392 973 2641 1027 humanis
2679 975 2923 1040 excessit,
2958 985 3006 1030 et
3054 977 3143 1047 qui
3199 978 3317 1048 plus
3360 979 3507 1033 nobis
3550 980 3789 1033 omnibus

2195 1060 2476 1125 laboravit,
2517 1061 2740 1118 domnus
2782 1064 3018 1119 videlicet
3049 1065 3211 1119 abbas
3251 1066 3571 1130 Willelmus,
3605 1067 3672 1120 de
3701 1084 3790 1120 cu-

2187 1149 2281 1220 jus
2324 1151 2634 1207 clarissimis
2674 1155 2899 1219 actibus,
2935 1164 2982 1208 et
3023 1157 3131 1209 vita
3173 1156 3457 1222 laudabili,
3482 1168 3529 1211 et
3558 1158 3792 1211 mirabili

2196 1244 2586 1297 conversatione
2623 1245 2857 1313 paruitas
2906 1256 3087 1299 nostra
3132 1262 3235 1300 non
3276 1249 3460 1319 suﬁicit
3507 1249 3655 1319 quod
3675 1264 3792 1301 sett-

2197 1335 2260 1387 tit
2331 1334 2402 1387 ad
2462 1335 2674 1403 plenum
2745 1336 2960 1405 referre.
3004 1334 3278 1392 Jotsaldus
3343 1338 3394 1391 in
3448 1337 3681 1392 Planctu
3728 1338 3792 1393 de

2197 1424 2440 1494 ejusdem
2465 1426 2611 1481 beati
2645 1426 2888 1482 0dilonis
2943 1429 3094 1483 obitu
3148 1428 3481 1483 Willelmum
3523 1428 3694 1483 simul
3739 1435 3793 1484 et

2198 1522 2373 1592 ipsum
2400 1520 2682 1577 Odilonem
2711 1521 2901 1578 iisdem
2954 1522 3488 1591 versibuscclebrat,
3519 1538 3664 1593 quos
3706 1523 3792 1576 in-

2200 1611 2281 1664 lra
2328 1613 2382 1666 in
2423 1610 2667 1666 Otlilonis
2712 1611 2900 1682 Elogio
2940 1610 3296 1683 proferemus.
3332 1611 3596 1666 Eumdem
3640 1620 3794 1666 vetus

502 1714 623 1756 esse
651 1701 930 1756 evidenter
960 1702 1234 1772 colligitur
1280 1718 1347 1758 ex
1398 1704 1631 1774 ipsumet
1675 1703 1859 1760 Glabri
1894 1704 2095 1766 libello,
2132 1696 2175 1757 Β
2204 1698 2402 1760 auctor'
2444 1703 2699 1759 Chronici
2744 1703 3174 1771 Fiscamnensis,
3224 1702 3531 1758 liberalibus
3590 1705 3793 1758 artibus

502 1791 694 1863 inquo
736 1794 943 1849 obitmn
990 1795 1110 1864 ejus
1138 1811 1281 1849 anno
1312 1795 1440 1851 1051
1492 1796 1667 1851 aetatis
1695 1796 2098 1864 septuagesimo

502 1885 797 1958 contigisse
852 1886 1072 1942 disertis
1116 1888 1299 1943 verbis
1347 1885 1668 1941 afﬁrmatur.
1716 1886 1911 1942 Totum
1967 1902 2100 1942 vero

501 1991 640 2049 pene
691 1977 815 2032 vitae
841 1992 953 2033 sua;
983 1986 1194 2048 tempus
1220 1978 1274 2032 in
1309 1976 1625 2032 monastica:
1654 1978 1778 2032 vitae
1820 1976 2098 2033 exercitiis

502 2068 833 2138 transegisse
879 2083 945 2122 ex
996 2069 1100 2123 hoc
1145 2069 1405 2139 probatur
1461 2068 1628 2139 quod,
1666 2068 1757 2122 vix
1808 2069 2096 2139 septimum

502 2158 680 2211 :etatis
724 2172 833 2211 suae
860 2174 1060 2212 annum
1085 2173 1358 2227 egressus,
1400 2159 1453 2213 in
1484 2159 1734 2214 coenobio
1778 2157 2093 2220 Luciaceusi

501 2257 711 2305 vestem
742 2252 1097 2306 monasticam
1127 2252 1391 2320 induerit;
1440 2253 1582 2308 unde
1606 2253 1898 2309 strictioris
1929 2252 2095 2309 disci-

502 2339 666 2410 plitnc
700 2342 881 2396 studio
931 2342 1224 2413 digressus,
1257 2344 1309 2398 in
1340 2345 1732 2400 monasterium
1780 2346 1954 2400 sancti
1994 2345 2093 2399 Mi-

507 2432 735 2498 chaelis,
766 2450 885 2487 mox
920 2432 1236 2490 Cluniacum
1268 2435 1318 2489 in
1348 2434 1580 2491 Galliam
1605 2451 1729 2491 cum
1756 2445 1946 2491 sancto
1973 2436 2089 2490 Ma-

502 2522 610 2579 iolo
649 2539 768 2579 sese
811 2525 1035 2596 recepit.
1065 2525 1159 2582 Est
1184 2536 1363 2580 autem
1407 2526 1722 2594 Luciacum,
1763 2542 1880 2591 seu,
1918 2536 1977 2581 ut
2002 2527 2096 2582 alii

501 2614 712 2681 dicunt,
762 2615 1057 2672 Lucedium
1098 2627 1187 2672 aut
1222 2616 1535 2684 Locedium,
1564 2618 1727 2690 vulgo
1762 2620 1815 2673 di
1843 2618 2089 2685 Locedia,

502 2707 786 2775 antiquum
832 2707 1040 2762 ordinis
1070 2709 1244 2764 nostri
1274 2710 1583 2767 coenobium
1607 2751 1621 2775 ,
1652 2712 1797 2779 quod
1841 2712 2092 2781 primitus

504 2800 679 2852 sancti
708 2798 1006 2865 Michaelis,
1035 2812 1218 2871 postea
1251 2803 1425 2857 Sancti
1467 2802 1709 2877 Januarii
1762 2804 2092 2875 appellatum

436 2948 443 2957 .
502 2900 588 2947 est
628 2893 698 2947 ob
748 2906 814 2948 eo
864 2895 1156 2951 translatas
1203 2897 1319 2967 ejus
1369 2897 1651 2966 reliquias,
1700 2914 1731 2953 a
1776 2915 1883 2969 quo
1931 2901 2095 2956 etiam

504 2981 952 3054 circumpositum
980 2987 1235 3057 Oppidum
1260 2989 1435 3042 sancti
1455 2986 1693 3043 Januarii
1726 3005 1922 3045 nomen
1947 2989 2089 3046 tulit.

2200 1797 2437 1867 apprime
2493 1796 2783 1861 eruditum,
2831 1806 2987 1866 atque
3046 1794 3340 1864 disciplinis
3395 1794 3795 1861 ecclesiasticis,

2199 1890 2498 1959 cunaisque
2536 1887 2903 1959 spiritualibus
2927 1888 3128 1959 officiis.
3157 1924 3173 1941 .
3216 1927 3232 1942 .
3277 1925 3293 1939 .
3335 1926 3351 1942 .
3394 1888 3650 1941 virtutum
3673 1905 3796 1958 gra-

2199 1978 2273 2031 tia
2332 1978 2588 2033 imbutum
2660 1989 2708 2034 et
2768 1977 3125 2031 illuminatum
3182 1976 3350 2031 fuisse
3401 1976 3618 2032 scribit.
3664 1977 3795 2032 Hinc

2197 2068 2400 2125 nullum
2429 2069 2597 2125 ferme
2631 2069 2733 2124 fuit
2761 2069 2812 2123 in
2849 2068 3094 2123 Romano
3119 2066 3345 2137 imperio
3375 2068 3793 2132 monasterium,

2197 2161 2339 2229 quod
2361 2158 2631 2215 Guillclmi
2653 2174 2798 2215 cura:
2819 2174 2923 2213 non
2952 2157 3304 2214 commissura
3336 2155 3524 2211 fuerit.
3549 2155 3791 2223 Quorum

2197 2250 2471 2306 nonnullis
2501 2251 2614 2320 ipse
2639 2249 2876 2320 praefuit,
2912 2257 3006 2304 aut
3035 2246 3329 2318 discipulos
3353 2262 3481 2302 suos
3509 2246 3791 2317 prmfecit:

2197 2352 2517 2400 ceterorum
2571 2358 2701 2398 vero
2738 2343 2986 2408 abbates,
3034 2342 3125 2412 qui
3174 2341 3288 2414 jam
3342 2341 3447 2394 illis
3499 2346 3793 2410 praeerant,

2197 2435 2310 2490 suis
2348 2433 2611 2503 exemplis
2656 2449 2720 2488 ac
2766 2433 2988 2488 monitis
3041 2433 3109 2487 ad
3157 2440 3473 2487 accuratam
3525 2429 3794 2501 regularis

2197 2524 2496 2595 disciplina:
2540 2525 2752 2594 praxim
2795 2525 3039 2579 adduxit.
3071 2523 3250 2578 Beata:
3290 2522 3582 2586 memoriar,
3614 2521 3794 2590 inquit

2197 2616 2341 2672 idem
2387 2615 2919 2679 auctor,WilIelmus
2963 2615 3125 2669 abbas
3167 2630 3279 2669 sua:
3321 2612 3595 2683 religionis
3646 2611 3792 2681 amu-

2197 2711 2336 2765 entia
2381 2711 2540 2764 totius
2581 2717 2755 2778 partes
2799 2707 3029 2762 Romani
3068 2706 3275 2777 imperii
3323 2703 3657 2769 illustrabat,
3698 2703 3791 2755 ab-

2199 2799 2480 2871 batumque
2546 2799 2833 2855 multorum
2891 2798 3092 2870 tepidos
3154 2797 3362 2851 animos
3422 2794 3509 2850 sui
3570 2794 3795 2864 {erroris

2197 2891 2426 2963 imagine
2470 2892 2791 2962 reformabat
2824 2902 2873 2947 et
2920 2889 3255 2945 accendebat.
3298 2888 3436 2942 Eunt
3469 2887 3792 2957 Sigchertus

2198 2985 2267 3039 ad
2314 2999 2513 3039 annum
2546 2984 2682 3039 l0‘27
2719 2992 2965 3040 recenset
2992 2983 3135 3038 inter
3171 2981 3398 3037 abbates
3424 2979 3796 3045 nominabiles,

501 3076 668 3131 situm
703 3086 788 3132 est
820 3078 964 3133 haud
992 3080 1179 3150 procul
1210 3096 1240 3136 a
1273 3080 1600 3137 Vercellensi
1648 3084 1783 3139 urbe
1826 3084 1894 3138 ad
1939 3083 2093 3153 cujus
2119 3069 2165 3130 C
2197 3091 2429 3146 quorum
2464 3090 2628 3144 opera
2661 3075 2843 3146 religio
2864 3073 3219 3129 ecclesiastica
3262 3070 3462 3127 saeculo
3487 3086 3543 3124 χι
3589 3069 3795 3123 ﬂoruit.

502 3165 788 3224 dimcesim
844 3170 973 3225 olim
1028 3171 1351 3240 pertinebat.
1403 3172 1571 3227 Hodie
1625 3188 1755 3228 vero
1814 3174 2091 3231 Cusalensi

500 3257 836 3329 episcopatui
863 3259 1164 3330 subjectum
1180 3272 1283 3327 est,
1310 3262 1362 3317 in
1391 3263 1666 3318 territorio
1685 3264 2090 3322 Montisferrati.

502 3345 585 3401 Ex
647 3348 841 3405 ordine
893 3348 1248 3406 Benedictino
1299 3351 1365 3406 ad
1417 3353 1808 3410 Cistercicnses
1855 3356 2090 3426 prinmm

503 3437 744 3503 transiit,
781 3453 845 3493 ac
875 3440 1092 3495 tandem
1120 3449 1243 3510 post
1274 3441 1455 3497 varias
1480 3440 1726 3499 fortunas
1756 3445 1823 3502 ad
1864 3445 2094 3502 clericos

504 3532 796 3588 saeculares
842 3533 1061 3601 defecit,
1109 3544 1169 3590 ut
1224 3535 1483 3591 observat
1531 3535 1859 3594 Franciscus
1904 3539 2093 3611 Augu-

501 3624 677 3681 stinus
723 3628 791 3683 ab
845 3628 1090 3685 Ecclesia
1144 3630 1198 3684 in
1243 3645 1339 3685 sua
1379 3630 1615 3685 Historia
1655 3630 2090 3698 Pcdemontana,

501 3732 623 3786 cap.
663 3718 753 3773 55.

581 3806 935 3865 3.Vicesimo
959 3825 1104 3866 nono
1132 3811 1308 3867 aetatis
1347 3826 1459 3867 sua:
1496 3826 1671 3881 anno,
1703 3812 1808 3868 hoc
1844 3822 1927 3869 est
1969 3814 2093 3881 990,

500 3903 786 3958 indictione
824 3920 908 3970 ιιι,
948 3902 1577 3961 Guillclmus’ord'natus
1608 3916 1683 3961 est
1725 3907 1887 3962 abbas
1921 3907 2095 3963 sancti

499 3991 722 4065 Benigni
759 4012 791 4048 a
828 3995 1020 4049 domno
1060 3995 1311 4051 Brunone
1348 3999 1589 4067 episeopo
1631 3994 1978 4068 Lingonensi,
2012 3997 2094 4051 iu-

500 4083 621 4152 quit
674 4086 1119 4155 chronographus
1166 4086 1557 4158 Benignianus,
1599 4084 1754 4155 cujus
1788 4087 2093 4153 sententiae,

500 4181 700 4242 praster
744 4173 1085 4244 privilegium
1123 4173 1400 4231 Benedicti
1442 4191 1614 4247 papae,
1646 4184 1706 4230 ut
1756 4166 1969 4246 putant,
2012 4190 2097 4230 se-

502 4264 658 4334 ptimi
689 4264 863 4319 eidem
898 4264 1188 4321 Guilleltno
1239 4281 1582 4331 concessum,
1630 4265 1848 4321 obstare
1883 4265 2097 4321 videtur

502 4355 862 4429 fragmentum
906 4356 1175 4426 quoddam
1211 4356 1529 4431 Beniguiani
1560 4356 1878 4413 monasterii
1912 4357 2090 4431 histo-

2194 3166 2265 3220 In
2309 3164 2545 3220 Francia
2594 3166 2806 3237 quidem
2849 3176 2897 3220 et
2940 3163 3276 3236 Burgundia.
3320 3200 3338 3218 .
3379 3199 3400 3217 .
3443 3200 3459 3215 .
3500 3178 3597 3233 per
3639 3161 3795 3216 Guil-

2195 3254 2407 3310 lelmum
2447 3254 2812 3310 Divionensem
2835 3254 3105 3310 severitate
3144 3252 3502 3307 reverendam.
3527 3250 3795 3320 Denique,

2194 3354 2255 3400 ut
2296 3346 2459 3401 habet
2496 3344 2697 3402 Glaber
2725 3346 2845 3401 loco
2896 3345 3135 3410 laudato,
3190 3341 3540 3415 quodcunque
3599 3358 3794 3395 mona-

2193 3439 2407 3493 sterium
2446 3439 2655 3508 praprio
2694 3438 3011 3493 viduabatur
3056 3446 3301 3509 pastore,
3333 3436 3515 3489 statim
3554 3434 3795 3502 compel-

2194 3528 2431 3596 lebatur,
2466 3539 2575 3583 tam
2629 3546 2661 3584 a
2700 3530 2906 3600 regibus
2947 3528 3026 3583 vel
3068 3528 3344 3582 comitibus
3378 3542 3537 3596 quam
3588 3543 3623 3578 a
3676 3543 3800 3594 pon-

2194 3621 2443 3690 ti/icibus,
2504 3631 2559 3674 ut
2606 3621 2923 3675 nteliorandi
2966 3622 3140 3691 gratia
3189 3618 3325 3672 illud
3380 3618 3450 3671 ad
3507 3618 3795 3687 regendum

2193 3712 2495 3782 susciperet.
2538 3712 2676 3768 Hinc
2711 3712 2886 3784 ipsum
2917 3710 3272 3783 quadraginta
3299 3710 3412 3763 fere
3442 3706 3797 3762 monasteriis

2195 3803 2507 3875 praefectum
2576 3802 2744 3859 fuisse
2827 3804 2966 3858 idem
3017 3812 3208 3856 auctor
3264 3798 3502 3863 asserit,
3560 3812 3795 3868 quorum

2194 3894 2454 3965 pleraque
2502 3893 2966 3965 Chronographus
3015 3890 3376 3962 Bcnignianus
3413 3898 3693 3951 recenset,
3719 3889 3797 3941 vi—

2196 3986 2393 4042 delicet
2433 3995 2635 4056 prmtcr
2667 3984 3057 4054 Beuiguianum
3096 3982 3161 4037 de
3210 3996 3320 4051 quo
3382 3979 3518 4050 agit,
3565 3978 3795 4033 Venia-

2195 4094 2379 4144 cense,
2405 4078 2698 4144 Besueose,
2727 4076 3084 4141 Reomaense,
3119 4073 3555 4133 Toruodorense,
3585 4069 3794 4127 Melum

2196 4173 2381 4238 dense,
2435 4172 2609 4228 sancti
2641 4170 2851 4226 Arnulft
2896 4169 3156 4232 Metense,
3197 4167 3369 4223 sancti
3407 4165 3539 4236 Apri
3572 4163 3789 4219 Tollen-

2195 4280 2277 4330 se,
2331 4264 2652 4330 Gorziense,
2705 4263 3113 4324 Fiscamnense,
3164 4258 3568 4322 Gemeticensc,
3612 4256 3787 4312 sancti

2196 4358 2440 4414 Audoeni
2494 4357 2921 4428 Rotomagcnse,
2968 4353 3141 4408 sancti
3179 4350 3461 4406 Michaelis
3504 4349 3559 4403 in
3612 4357 3790 4404 monte

504 4441 600 4503 fiat
626 4448 1025 4517 manuscriptte,
1055 4447 1110 4501 in
1155 4462 1263 4518 quo
1291 4447 1520 4503 ecclesia
1572 4447 1746 4503 sancti
1802 4447 2028 4518 Benigni
2056 4422 2091 4501 ᾖ
2122 4420 2168 4479 ί)
2197 4448 2430 4516 Tumba,
2478 4449 2651 4505 sancti
2691 4447 2922 4503 Faronis
2952 4445 3259 4508 Μθιιιριιεε,
3310 4440 3483 4496 sancti
3531 4437 3786 4494 Germani

501 4535 792 4596 Guillclmo
824 4538 1058 4608 incmpta
1101 4554 1244 4593 anno
1283 4539 1388 4594 982
1427 4548 1483 4593 et
1519 4540 1742 4595 omnino
1793 4548 2095 4595 restaurata

502 4645 650 4687 anno
706 4628 810 4686 986
874 4629 1045 4685 fuisse
1107 4631 1326 4684 dicitur.
1372 4627 1572 4685 Verum
1630 4630 1746 4685 hac
1797 4630 1931 4684 tanti
1987 4647 2094 4686 non

503 4729 632 4777 sunt
671 4730 730 4775 ut
786 4735 816 4775 a
858 4720 1144 4793 scriptoris
1185 4721 1366 4791 gravis
1414 4731 1468 4776 et
1501 4721 1724 4791 aequalis
1772 4721 2098 4777 auctoritate

501 4811 663 4868 facile
721 4814 1079 4879 recedamus,
1138 4811 1377 4868 maxime
1420 4827 1546 4867 cum
1590 4810 1789 4868 Glaber
1833 4812 2095 4869 Rodulfus

499 4908 664 4966 simul
691 4917 747 4964 et
787 4908 1114 4966 Chronicum
1139 4924 1170 4964 a
1216 4907 1436 4965 Labbeo
1461 4907 1668 4965 editum
1696 4924 1818 4964 cum
1849 4909 2085 4963 chrono-

498 5004 706 5074 graplto
758 5002 1092 5074 Benigniano
1116 5004 1492 5070 consentiant;
1531 5017 1596 5057 ac
1622 5000 1896 5057 Benedicti
1931 5014 2085 5071 papa:

497 5096 861 5168 privilegium,
888 5112 993 5151 non
1028 5096 1318 5152 Benedicto
1348 5094 1460 5161 VH,
1494 5094 1590 5149 sed
1621 5092 1755 5157 Vlll,
1794 5090 2082 5163 assignan-

500 5190 627 5244 dum
654 5204 777 5245 esse
808 5198 1023 5247 constet
1085 5188 1283 5259 quippe
1326 5188 1470 5257 quod
1490 5199 1655 5253 ,anno
1695 5180 1897 5238 Christi
1947 5176 2087 5234 l0l5

502 5280 686 5334 datum
731 5296 857 5338 esse
900 5282 1102 5338 lenitur
1124 5278 1265 5338 apud
1292 5276 1599 5338 Uabellum,
1653 5282 1796 5328 tomo
1840 5270 1884 5325 ll
1921 5269 2086 5324 Italiae

2198 4540 2525 4605 Parisiense,
2589 4538 3032 4601 Fructuariense,
3085 4534 3256 4590 sancti
3313 4530 3588 4586 Amatoris
3626 4543 3790 4599 prope

2198 4629 2495 4701 Lingonas,
2542 4641 2744 4683 sancite
2774 4627 2959 4682 Maria:
2986 4640 3154 4696 prope
3191 4618 3784 4678 Saxonicum-foutem.

2198 4720 2404 4787 Quibus
2448 4720 2597 4775 addit
2632 4719 2832 4775 Glaber
2859 4715 3255 4773 monasterium
3284 4713 3459 4768 sancti
3493 4708 3779 4765 Saturnini

2198 4813 2266 4866 ad
2336 4810 2659 4866 Rhodanum
2715 4808 2968 4874 ﬂuvium,
3013 4806 3157 4877 quod
3224 4804 3383 4860 modo
3451 4804 3505 4858 in
3573 4802 3785 4872 priora-

2194 4908 2306 4954 ttnn
2337 4900 2614 4956 redactum
2653 4908 2760 4965 est,
2792 4897 3122 4953 monasterio
3163 4892 3611 4950 Ambroniacensi
3657 4890 3787 4945 sub-

2185 4993 2412 5065 jectum.

2259 5084 2313 5139 5.
2342 5084 2441 5140 Hic
2460 5084 2715 5139 omittere
2733 5098 2842 5139 non
2874 5082 3026 5138 licuit
3043 5081 3221 5137 locum
3248 5076 3523 5150 egregium
3546 5072 3783 5129 Wiberti

2191 5177 2560 5233 archidiaconi
2584 5176 2650 5232 de
2679 5175 2852 5231 sancti
2879 5175 3008 5245 Apri
3036 5172 3177 5244 apud
3201 5170 3482 5225 Tullenses
3511 5164 3780 5227 coenobio.

2192 5271 2284 5338 qui
2315 5271 2381 5326 de
2409 5279 2597 5325 sancto
2621 5267 2803 5323 Leone
2822 5267 2893 5322 lx
2924 5267 2975 5321 in
3005 5265 3122 5334 ejus
3140 5264 3260 5319 Vita
3288 5262 3368 5317 sic
3390 5260 3555 5314 habet
3578 5257 3717 5312 libro
3741 5270 3780 5320 I,
