3992 5338
234 207 339 264 701
428 255 447 274 .

1418 201 1575 259 \‘ITA
1620 200 1677 257 S.
1719 196 2094 257 CUlLLELMI
2136 203 2385 262 DIVION.

3417 213 3523 271 702

232 324 343 389 bio,
394 321 660 377 uoluntate
703 328 753 375 et
779 319 953 392 petitis
980 318 1161 375 damni
1203 316 1471 375 Guillelmi
1514 320 1679 391 ipsius
1728 317 1830 371 loci
1859 319 1900 377 Α
1933 316 2005 386 git
2055 328 2111 371 ut
2143 323 2395 389 puerulus
2425 324 2590 393 ferme
2611 325 2854 383 decennis
2877 326 3050 385 ualida
3076 331 3339 402 confectus
3369 334 3523 402 a'gri-

229 427 360 470 tunc
410 415 657 485 temporis
704 412 1013 469 uenerabilis
1065 415 1252 484 patris.
1292 413 1537 482 Denique
1587 409 1825 466 Aitnoini

227 505 602 573 continuator,
632 505 727 560 lib.
758 520 815 569 v,
845 520 894 560 c.
921 504 1011 569 47,
1043 512 1274 560 testatur
1294 505 1459 575 quod,
1486 504 1613 559 dum
1642 519 1827 557 mona-

226 599 319 653 chi
345 600 518 653 sancti
554 597 805 652 Germani
845 614 876 650 a
911 595 1085 651 Pratis
1113 598 1332 652 ctenobii
1379 595 1623 651 sa'culari
1670 595 1824 648 modo

225 690 391 744 vitam
413 689 681 750 ducerent,
707 688 975 758 piissimus
1004 686 1255 742 Robertus
1278 704 1370 742 rea:
1397 702 1502 742 una
1520 703 1635 741 cum
1663 701 1826 740 uxore

225 785 350 844 su‘a,
382 779 616 834 uidelicet
662 778 971 834 Constantia
1022 780 1226 849 regina,
1274 795 1543 833 accersens
1574 778 1822 831 damnum

228 870 570 927 Guillelmum
601 872 837 926 abbatem
868 870 1196 926 Dirionensis
1222 871 1460 933 coenobii,
1487 870 1535 923 ei
1562 868 1824 922 abbatiam

224 963 371 1016 dedit
407 963 542 1016 beati
572 960 842 1028 Germani,
873 962 982 1033 qui,
1023 977 1137 1015 eam
1189 960 1500 1031 regulariter
1519 959 1820 1021 instituens,

225 1070 371 1108 anno
402 1053 617 1108 Domini
642 1054 799 1118 1050,
830 1069 922 1108 seu
950 1053 1129 1124 potius
1161 1053 1253 1117 5|,
1280 1068 1479 1107 annum
1509 1066 1538 1107 a
1564 1050 1825 1106 Januario

224 1159 423 1200 mense
449 1145 780 1213 incipiendo,
808 1152 868 1198 ut
896 1154 1043 1213 patet
1076 1160 1138 1198 ex
1171 1144 1467 1198 indictione
1498 1159 1611 1205 XIV,
1642 1142 1823 1196 littera

224 1236 550 1292 Dominicali
583 1234 657 1302 C,
698 1235 835 1292 feria
877 1253 954 1305 vt,
999 1236 1254 1292 Kalendis
1297 1235 1540 1290 Januarii
1584 1237 1688 1289 vita
1734 1245 1826 1289 ae—

220 1329 398 1383 cessit.
424 1327 543 1395 Quo
582 1327 669 1382 die
716 1328 769 1383 in
820 1327 1144 1396 Necrologio
1192 1326 1362 1380 veteri
1421 1325 1824 1380 Fiscamnensis

222 1418 545 1475 monasterii
586 1418 821 1489 legitur,
863 1416 989 1471 Kal.
1040 1418 1292 1473 Januarii
1354 1416 1609 1485 depositio
1659 1416 1822 1470 beatae

219 1515 496 1567 memoria;-
520 1512 702 1567 domni
724 1510 977 1566 Willelmi
1000 1510 1204 1564 abbatis
1233 1511 1387 1564 istius
1410 1508 1532 1573 loci,
1555 1520 1603 1562 et
1631 1507 1827 1561 multo-

220 1621 341 1658 rum
396 1604 836 1658 monasteriorum
880 1602 1069 1671 patris.
1111 1602 1207 1656 Die
1254 1616 1386 1654 vero
1427 1601 1498 1654 9.2
1540 1597 1821 1654 Februarii

1931 408 2113 462 tudine
2138 412 2207 463 ad
2230 414 2527 481 sepulcrum
2557 415 2702 471 illius
2729 419 2899 488 gratia
2939 423 3305 490 recuperanda.-
3331 422 3522 477 salutis

1929 500 2241 567 duceretur,
2292 504 2464 574 ibique
2491 524 2524 561 a
2551 509 2856 577 parentibus
2903 511 3182 579 dimissus,
3230 514 3523 569 decubabat

1926 591 2092 646 solus.
2124 592 2227 659 Qui
2272 594 2444 650 subito
2483 598 2787 670 respiciensi
2810 600 2938 654 uidit
2978 618 3135 672 super
3172 604 3309 658 idem
3349 603 3523 674 sepul-

1928 699 2075 737 crum
2121 685 2430 740 insidentem
2474 688 2756 755 aniculam,
2786 690 3012 759 formam
3051 693 3305 749 columba:
3332 694 3523 765 prafe-

1929 784 2148 838 rentem,
2176 768 2333 844 quum
2367 778 2461 831 diu
2512 779 2719 833 intuens
2767 782 3113 846 obdormivit;
3153 784 3363 849 dehinc,
3414 783 3522 838 leni

1926 864 2162 935 expletus
2202 884 2408 934 somno,
2435 869 2709 939 euigilans,
2740 872 2815 924 ita
2843 889 2898 925 se
2936 875 3121 943 reperit
3162 873 3477 928 incolumem
3499 914 3516 937 ,

1927 975 1989 1011 ac
2013 960 2060 1014 si
2085 948 2215 1012 nihil
2243 963 2571 1029 (egritudinis
2602 964 2962 1033 perseusisset.
3005 965 3311 1035 Suscipiunt
3345 967 3519 1035 itaque

1925 1049 2034 1104 la'ti
2078 1062 2321 1120 parentes
2352 1071 2526 1118 suum,
2552 1054 2611 1124 ﬁt
2662 1054 2902 1110 omnibus
2932 1073 3203 1110 commune
3239 1057 3516 1126 gaudium.

1998 1153 2050 1207 7.
2090 1152 2279 1208 Sancti
2314 1153 2584 1208 Guillelmi
2609 1170 2805 1223 corpus
2833 1154 2885 1208 in
2917 1153 3105 1221 majori
3142 1153 3519 1209 Fiscatnnensi

1926 1241 2149 1296 basilica
2182 1244 2507 1297 tutnulatum
2537 1253 2655 1309 cst,
2688 1245 2744 1298 in
2779 1252 3054 1312 conspectu
3082 1244 3316 1297 euntium
3342 1260 3405 1298 ac
3438 1259 3522 1299 re-

1926 1333 2197 1386 deuntium
2229 1334 2456 1403 [rutrum
2481 1375 2495 1398 ,
2526 1335 2702 1404 inquit
2725 1336 2853 1389 vil'e
2887 1343 3095 1398 auctor,
3139 1333 3242 1388 hoc
3279 1342 3363 1388 est
3392 1341 3521 1390 ante

1926 1423 2366 1479 sancti.Tauriui
2426 1422 2772 1480 Ebroicensis
2822 1423 3063 1495 episcopi
3113 1422 3324 1488 altare,
3375 1423 3521 1493 quod

1926 1510 2090 1566 hodie
2119 1512 2292 1567 saneti
2318 1512 2378 1566 P.
2412 1512 2691 1570 Benedicti
2729 1512 3053 1583 appellatur.
3078 1512 3157 1567 Ex
3189 1513 3295 1567 hoc
3336 1522 3520 1567 autem

1928 1604 2047 1659 loco
2081 1607 2426 1674 postmodum
2469 1613 2526 1660 In
2568 1606 2827 1663 sacellum
2872 1608 3044 1661 beata:
3079 1606 3261 1662 Maria:
3301 1607 3522 1687 Magda-

222 1704 451 1751 nOIatur
481 1697 652 1766 prima
678 1693 799 1763 ejus
829 1692 1135 1755 translatio.
1166 1701 1219 1746 et
1245 1691 1425 1746 obitus
1448 1690 1674 1746 Joannis
1702 1688 1819 1758 ejus
1851 1672 1894 1731 Β
1921 1696 2057 1753 lenm
2084 1712 2298 1753 sacrum
2330 1699 2459 1770 (σιυο
2485 1711 2757 1770 tempore,
2789 1715 2965 1770 quave
2997 1700 3063 1753 de
3104 1715 3265 1755 causa
3303 1672 3521 1771 ίεῶι-ει-

219 1787 595 1851 successoris,
628 1785 715 1842 his
742 1784 925 1839 verbis
948 1825 962 1847 ,
1012 1797 1109 1838 vm
1156 1782 1282 1838 Kal.
1317 1783 1502 1838 Martii
1543 1782 1818 1837 translatio

221 1878 392 1931 beatte
443 1878 711 1932 memoria:
761 1877 941 1931 domui
993 1875 1253 1930 Willelmi
1302 1876 1543 1938 abbatis,
1575 1875 1733 1929 simul
1767 1884 1816 1929 et

218 1969 481 2037 depositio
511 1968 694 2022 damni
722 1966 983 2022 Johannis
1015 1965 1250 2027 abbatis,
1283 1975 1330 2020 et
1373 1965 1455 2020 sui
1479 1965 1644 2034 patris
1693 1962 1820 2019 Rot-

220 2062 374 2117 berti.
401 2061 461 2117 ln
505 2060 827 2132 Necrologio
866 2060 1039 2115 sancti
1072 2058 1326 2115 Germani
1358 2075 1387 2113 a
1417 2058 1594 2114 Pratis
1619 2073 1821 2113 memo-

218 2163 379 2209 ratur
404 2154 492 2208 die
524 2153 649 2207 Kal.
692 2152 968 2216 Januarii,
1017 2153 1109 2207 ubi
1164 2151 1363 2208 dicitur
1409 2151 1633 2205 domnus
1684 2151 1818 2203 abba

221 2243 526 2299 Willelmus
554 2245 720 2298 nimia
768 2244 1107 2314 religiosirate
1151 2242 1430 2298 sollicitus.
1476 2241 1550 2297 De
1593 2240 1724 2295 viris
1751 2239 1815 2293 il-

220 2335 486 2390 lustribus
509 2336 602 2406 qui
626 2335 884 2391 Willelmi
912 2336 1247 2407 magisterio,
1272 2334 1439 2389 variis
1463 2334 1518 2388 in
1544 2343 1817 2388 monaste-

223 2427 319 2482 tiis
348 2442 449 2481 suo
481 2426 731 2497 regimini
763 2427 1041 2497 subjectis,
1093 2424 1390 2482 floruerunt
1414 2464 1430 2489 ,
1479 2424 1653 2479 visum
1710 2438 1815 2477 non

218 2528 303 2574 est
331 2535 512 2590 opera:
525 2519 761 2590 pretium
794 2518 883 2574 hic
913 2533 1092 2587 agere,
1126 2532 1249 2572 cum
1275 2515 1348 2570 illi
1374 2514 1489 2570 suis
1515 2512 1649 2569 locis
1676 2513 1816 2567 intra

221 2619 620 2665 memorentur.

285 2698 343 2753 6.
383 2699 559 2774 Porro
599 2701 701 2756 etsi
748 2699 896 2756 nullo
933 2699 1151 2770 publico
1196 2699 1365 2763 cultu,
1415 2699 1556 2769 quod
1598 2698 1815 2770 quidem

217 2791 483 2858 sciamus,
514 2793 659 2863 apud
683 2801 896 2848 veteres
927 2800 1145 2847 sanctus
1172 2790 1490 2847 Guillelmus
1518 2790 1815 2850 honoratus

217 2882 407 2944 fuerit,
436 2883 583 2939 illum
616 2892 795 2938 tamen
829 2883 883 2938 in
914 2882 1072 2938 fastis
1093 2883 1264 2939 sacris
1291 2883 1359 2938 ad
1383 2882 1523 2938 diem
1546 2881 1811 2947 Januarii,

215 2975 309 3044 qui
340 2975 463 3045 ejus
493 2974 692 3030 natalis
734 2982 839 3041 est,
871 2974 1014 3029 inter
1045 2983 1262 3029 sanctos
1313 2974 1659 3045 inseruerunt
1703 2972 1811 3026 Ar-

1922 1791 2029 1858 tur)
2062 1791 2129 1844 ad
2160 1790 2302 1845 latus
2332 1791 2608 1861 Evangelii
2638 1792 2961 1848 translatum
2992 1801 3097 1857 est,
3128 1793 3217 1846 ubi
3248 1792 3518 1859 hodieque

1918 1878 1975 1934 in
2000 1880 2337 1958 sarcOphago
2367 1879 2609 1950 lapideo,
2644 1891 2756 1935 tres
2795 1880 2961 1951 pedes
3002 1880 3163 1952 longo
3209 1895 3274 1936 ac
3322 1892 3519 1934 novem

1920 1969 2141 2039 pollices
2170 1969 2314 2036 lato,
2352 1972 2494 2026 intra
2521 1970 2748 2042 parietis
2771 1985 3044 2026 cameram
3079 1970 3147 2025 ad
3190 1971 3521 2042 septentrio-

1918 2076 2043 2116 nem
2071 2060 2339 2117 inelusum
2364 2072 2693 2124 asservatur,
2724 2078 2847 2118 cum
2870 2063 2973 2118 hac
3000 2063 3053 2117 in
3081 2062 3283 2133 plumbi
3310 2060 3515 2117 lamina

1920 2151 2294 2222 inscriptione,
2318 2169 2439 2225 quae
2467 2169 2610 2210 anno
2640 2154 2778 2209 1658
2805 2155 3018 2209 detecta
3043 2162 3148 2209 est.

1981 2264 2226 2329 Abbatem
2254 2264 2469 2329 plenum,
2494 2265 2671 2328 lector,
2695 2278 2940 2329 cognosce
2963 2268 3177 2325 dierum,

2043 2326 2597 2390 Nomiue’Wiltelmum,
2632 2326 2710 2376 hic
2730 2326 2978 2390 ‘rI-cubare
3003 2341 3197 2378 senem.

1979 2386 2081 2438 late
2108 2389 2196 2437 loci
2223 2392 2406 2451 primus
2431 2386 2593 2451 pastor
2618 2387 2928 2450 praemiserat
2951 2390 3113 2450 hujus.

2042 2451 2150 2509 Quo
2172 2453 2339 2498 statuit
2372 2454 2567 2510 multos,
2586 2454 2735 2500 dante
2761 2451 2887 2512 Deo,
2913 2453 3189 2501 monachos.

1978 2510 2089 2575 Jani
2120 2514 2270 2573 prima
2292 2514 2403 2575 dies
2426 2516 2598 2563 animae
2619 2526 2739 2561 nova
2766 2510 2940 2575 claruit
2961 2515 3086 2575 ejus,

2040 2572 2129 2625 Cui
2149 2587 2273 2624 nova
2291 2573 2571 2625 Jerusalem
2590 2575 2735 2625 obvia
2758 2581 2859 2623 tota
2876 2572 2991 2626 fuit.

1916 2674 2054 2733 Hdie
2083 2678 2382 2734 inventioni
2420 2678 2765 2734 occasionem
2803 2678 2951 2734 dedit
2981 2693 3119 2735 nova
3158 2677 3214 2733 in
3248 2678 3514 2737 honorem

1917 2770 2090 2825 sancti
2141 2770 2412 2827 Guillelmi
2470 2787 2501 2826 a
2549 2770 2761 2826 Comite
2812 2769 2879 2826 de
2935 2779 3125 2826 sancto
3172 2769 3401 2826 Martino
3458 2779 3515 2826 et

1915 2859 2084 2930 Aglia:
2139 2863 2455 2917 marchione
2501 2869 2813 2917 constructa
2854 2860 3120 2927 ecclesia,
3177 2876 3341 2931 quam
3389 2877 3514 2917 cum

1915 2952 2155 3023 ejusdem
2185 2954 2385 3016 sancti,
2416 2969 2576 3024 quem
2608 2955 2751 3010 inter
2776 2954 3013 3025 majores
3039 2971 3168 3011 suos
3209 2965 3509 3027 computat,

215 3041 412 3122 ,ίοιὼίε
447 3066 604 3122 “rion
651 3075 710 3123 et
758 3065 914 3138 nugo
961 3065 1249 3122 Menardus
1305 3041 1358 3120 εὴ
1397 3065 1695 3135 Μεηοιοείο
1747 3080 1811 3121 ac
1836 3042 1885 3107 ε
1917 3041 2159 3138 reliquiis
2180 3044 2353 3138 ditare
2374 3043 2428 3099 in
2455 3043 2640 3099 animo
2665 3044 2916 3111 haberet,
2940 3058 3033 3100 eas
3053 3045 3122 3100 ab
3146 3044 3514 3100 illustrissimo

214 3153 603 3227 Blartyrologio
651 3155 1053 3223 Benedictinis;
1089 3172 1228 3227 quos
1258 3157 1450 3212 imitati
1482 3157 1813 3212 recentiores

214 3259 430 3310 omnes,
452 3247 623 3300 sancti
654 3247 874 3302 nomine
902 3247 1210 3302 donarunt:
1245 3263 1346 3304 nec
1370 3248 1663 3313 immerito,
1688 3263 1810 3303 cum

214 3344 368 3391 tanta
408 3346 608 3406 praesto
635 3337 744 3393 sint
774 3338 842 3393 ad
872 3338 1019 3393 illius
1055 3339 1404 3395 sanctitatem
1437 3339 1813 3394 demonstran-

214 3430 339 3482 dam
362 3437 687 3499 argumenta
711 3469 726 3495 ,
751 3429 839 3484 vix
871 3438 933 3485 ut
959 3429 1064 3485 ulla
1095 3446 1194 3501 pro
1220 3432 1412 3502 quovis
1445 3430 1603 3498 hujus
1626 3431 1810 3487 saeculi

215 3530 414 3573 sancto
452 3520 689 3575 certiora
720 3520 1084 3590 reperiantur,
1124 3536 1319 3591 nempe
1364 3522 1555 3576 mortis
1608 3537 1811 3592 praeco—

211 3606 407 3677 gnitio,
427 3609 815 3665 miraculorum
843 3610 1103 3682 patratio,
1129 3626 1193 3666 ac
1211 3627 1324 3682 pra:
1345 3613 1553 3667 ueteris
1575 3612 1810 3682 integer-

212 3700 354 3755 rima
375 3702 480 3756 vita
508 3717 573 3756 ac
602 3701 801 3772 regula:
824 3702 1140 3758 monasticae
1164 3705 1474 3759 observatio
1497 3704 1808 3775 singularis.

212 3789 354 3847 Hinc
377 3791 747 3856 Glaber,\'itae
774 3792 893 3862 ejus
922 3794 1180 3865 scriptor,
1202 3796 1287 3849 vir
1313 3795 1492 3866 gravis
1517 3806 1569 3851 et
1600 3812 1808 3867 magna:

208 3886 578 3950 auctoritatis,
614 3887 793 3956 capite
822 3887 1032 3955 ultimo,
1065 3888 1240 3943 sancti
1268 3887 1541 3944 Guillelmi
1575 3899 1806 3944 mortem

208 3976 279 4028 ad
312 3987 557 4030 sanctum
597 3977 844 4046 deiﬁcum
883 3976 1057 4033 lumen
1088 3980 1366 4033 transitum
1416 3979 1682 4050 appellat,
1704 3978 1805 4035 ob-

206 4079 537 4139 scrvatque,
569 4071 713 4139 quod
763 4078 948 4125 notatu
996 4070 1375 4141 dignissimum
1419 4080 1541 4138 est,
1584 4085 1705 4141 quae
1750 4072 1802 4127 in

206 4159 350 4215 vivis
376 4161 557 4215 adhuc
590 4177 757 4232 agens
785 4172 1041 4232 operatus
1079 4171 1199 4217 erat
1230 4162 1509 4228 miracula,
1543 4164 1705 4218 etiam
1750 4172 1807 4220 et

205 4260 333 4321 post
378 4261 610 4308 mortem
664 4253 732 4306 ad
771 4252 888 4324 ejus
935 4255 1243 4326 sepulcrum
1293 4256 1640 4325 perdurasse.
1688 4256 1802 4310 Au-

203 4342 441 4399 diendus
464 4356 548 4400 est
602 4344 657 4399 in
700 4344 796 4400 lib.
833 4362 886 4400 tv
921 4346 1307 4413 Historiarum,
1341 4363 1390 4403 c.
1418 4348 1453 4402 4
1476 4363 1491 4403 :
1513 4345 1694 4404 Unum.
1720 4366 1804 4404 re-

200 4445 332 4502 stat,
373 4436 571 4505 inquit,
612 4438 753 4508 quod
792 4439 910 4493 novi
948 4439 1141 4494 ibidem
1172 4440 1266 4512 (in
1309 4441 1485 4497 sancti
1529 4441 1800 4498 Guillelmi

202 4525 357 4597 Vita)
408 4530 620 4584 minime
672 4532 948 4585 contineri.
1009 4532 1256 4603 Migravit
1317 4538 1456 4589 enim
1514 4535 1799 4606 prmdictus

202 4612 378 4670 Pater
406 4633 439 4669 a
486 4618 677 4672 strculo
716 4620 786 4672 ad
831 4620 1102 4676 beatorum
1155 4622 1383 4691 requiem
1429 4624 1485 4678 in
1534 4623 1800 4678 Neustrite

198 4706 468 4773 partibus,
498 4708 553 4761 in
591 4706 965 4765 Fiscamnense
993 4711 1233 4766 videlicet
1270 4715 1657 4768 monasterio...
1711 4730 1796 4768 se—

198 4796 489 4868 pultusque
514 4809 619 4864 est,
651 4802 728 4855 uti
773 4811 981 4857 tantum
1006 4804 1335 4860 ’condecebat
1368 4805 1564 4871 uirum,
1593 4807 1648 4860 in
1683 4804 1797 4859 loco

199 4888 407 4958 optimo
434 4890 659 4960 ejusdem
687 4894 940 4949 ecclesire.
961 4893 1090 4952 Post
1111 4896 1314 4966 aliquot
1336 4897 1445 4967 fere
1474 4898 1606 4964 dies,
1630 4896 1798 4951 conti-

200 5084 2792 5115 ,_________________________________________

1828 4392 1882 4453 D

1845 4539 1850 4545 '
1903 4528 2048 4598 gisse
2074 4524 2335 4583 discimus
2377 4540 2443 4580 ex
2471 4523 2609 4579 actis
2639 4520 2890 4593 publicis,
2939 4520 3082 4575 inter
3111 4530 3233 4591 quae
3261 4515 3504 4573 occurrit

1915 3131 2163 3203 principe
2203 3132 2390 3189 Guisio
2444 3135 2639 3190 abbate
2678 3135 3182 3199 commendatario,
3223 3144 3418 3205 agente
3453 3135 3509 3189 in

1916 3226 2109 3296 primis
2139 3228 2280 3296 apud
2323 3241 2470 3292 eum,
2513 3226 2748 3282 dominae
2794 3241 2905 3281 suae
2937 3227 3177 3291 nomine,
3206 3227 3512 3282 clarissimo

1916 3320 2033 3374 viro
2056 3318 2249 3374 abbate
2272 3318 2529 3375 Μυηόίηο
2547 3359 2561 3383 ,
2597 3317 2958 3374 serenissima:
2985 3318 3214 3373 ducissa:
3237 3334 3266 3370 a
3302 3316 3512 3372 Sabau-

1915 3413 2002 3468 dia
2027 3413 2080 3467 in
2108 3412 2281 3468 Gallia
2310 3421 2530 3468 oratore
2550 3452 2565 3477 ,
2598 3410 2791 3481 inspici
2820 3426 2883 3466 ac
2914 3409 3124 3465 visitari
3147 3409 3403 3465 obtinuit.

1982 3514 2036 3571 8.
2077 3514 2203 3569 Haec
2229 3514 2401 3584 prima
2430 3512 2695 3584 inspectio
2734 3512 2786 3566 in
2827 3510 2967 3565 diem
2996 3509 3066 3565 28
3096 3509 3350 3564 Octobris
3377 3508 3508 3563 anni

1914 3604 2050 3659 i727
2077 3602 2289 3669 incidit,
2334 3611 2717 3672 repertumque
2746 3608 2828 3655 est
2859 3599 3032 3655 saneti
3081 3597 3352 3653 Guillelmi
3383 3612 3506 3652 cor-

1910 3715 2011 3770 pus
2036 3697 2273 3753 masima
2292 3712 2360 3751 ex
2381 3704 2554 3767 parte,
2586 3703 2783 3765 przeter
2816 3707 2939 3748 ossa
2978 3691 3270 3762 praecipua,
3305 3690 3357 3744 in
3381 3689 3504 3760 pul-

1912 3807 2093 3848 verem
2137 3791 2446 3855 redactum;
2473 3802 2581 3858 quo
2628 3786 2695 3842 ad
2742 3785 3017 3841 illustriss.
3071 3782 3285 3839 abbatis
3332 3779 3506 3836 Guisii

1911 3898 2073 3939 aures
2110 3882 2349 3952 perlato,
2395 3879 2658 3935 tumulum
2692 3879 2886 3932 iterum
2917 3875 3313 3946 aperirijussit,
3348 3873 3502 3928 inde-

1909 3988 2016 4044 que
2038 3983 2268 4042 quatuor
2290 3986 2409 4026 ossa
2440 3985 2505 4024 ex
2528 3967 2886 4037 sarcophago,
2920 3967 3024 4021 duo
3050 3965 3256 4020 scilicet
3276 3964 3505 4019 ducisste

1909 4081 1940 4120 a
1973 4064 2243 4120 Sabaudia
2265 4104 2281 4130 ,
2314 4064 2482 4117 altera
2528 4061 2634 4117 duo
2671 4058 2954 4114 monachis
2979 4056 3297 4128 Benigniani
3326 4064 3505 4111 trans-

1906 4160 2167 4217 mittenda
2191 4158 2346 4215 educi
2373 4158 2615 4221 curavit,
2646 4155 2859 4211 caeteris
2888 4153 2942 4208 in
2985 4168 3167 4208 arcam
3193 4152 3500 4224 plumbeam

1908 4268 2013 4307 una
2044 4267 2168 4308 cum
2196 4249 2469 4307 cineribus
2498 4249 2695 4304 iterum
2735 4245 2961 4302 inclusis
2999 4260 3070 4321 aq
3121 4244 3174 4299 in
3231 4243 3492 4316 praedicto

1906 4344 2240 4414 sarcophago
2281 4340 2596 4398 reconditis.
2630 4337 2783 4394 lianc
2829 4337 3076 4393 ultimam
3110 4334 3300 4391 tumuli
3343 4349 3504 4406 aper»

1908 4434 2111 4491 tionem
2136 4433 2225 4489 die
2246 4431 2279 4487 6
2309 4430 2512 4487 mensis
2538 4427 2853 4485 Decembris
2887 4425 3131 4496 ejusdem
3160 4422 3289 4479 anni
3328 4421 3501 4479 conti-

1904 4621 2126 4679 decreta
2174 4618 2319 4692 apud
2378 4616 2783 4674 serenissimam
2840 4614 3115 4670 ducissam
3186 4607 3504 4667 monasterii

1906 4714 2311 4774 Fiscamnensis
2359 4710 2582 4767 nomine
2633 4706 2994 4779 supplicatio,
3050 4710 3109 4757 ut
3157 4701 3285 4760 suis
3329 4697 3513 4758 verbis

1906 4807 2080 4866 sancti
2125 4803 2398 4861 Guillelmi
2442 4799 2913 4859 canonizationem
2955 4811 2985 4849 a
3027 4792 3157 4847 sede
3203 4788 3519 4861 apostolica

1906 4901 2199 4973 ﬂagitaret.
2228 4895 2338 4951 Sed
2364 4908 2454 4950 res
2483 4894 2748 4949 hactenus
2774 4885 2973 4942 infecta
3000 4883 3304 4941 remansit.

2801 5075 3461 5106 ἢ...

1160 5225 1806 5317 PREFATIO
1886 5217 2513 5318 AUCTORIS.
