1996 2669
27 2435 128 2476 me

216 136 269 163 705
714 137 862 165 RODIJLFI
882 136 1007 164 GLABIU
1024 117 1180 165 ‘MONACHI
1199 138 1356 167 CLUNIAC.
1772 156 1781 166 ο
1806 139 1862 167 7οι

227 201 270 219 am
283 193 444 221 obeditiouis
462 193 668 223 exhibitionem.
685 195 796 223 Placere
810 196 927 231 denique
947 204 1013 223 una-
1029 201 1049 228 Α
1066 197 1232 224 narrationis
1247 197 1431 224 informabunt
1447 197 1556 224 seriem.
1569 196 1673 225 Idcirco
1685 204 1864 224 communem

219 239 336 266 ulmilati
352 243 449 266 vestrae
465 247 518 267 non
532 239 687 273 diilidimus,
700 241 721 268 si
735 242 768 268 de
780 241 834 269 vita
847 242 888 268 vel
899 249 1013 269 conver-

217 288 323 311 Sztllhﬂ?
343 285 425 312 vcslri
448 286 569 312 omnium
598 285 756 319 dilectoris,
775 287 867 314 domiti
888 287 1013 315 videlicet

217 329 368 357 sacerdotis
400 336 482 365 atque
504 331 610 358 abbatis
640 331 783 365 Willelmi,
810 337 889 367 prout
921 333 1012 359 divina

217 375 305 409 pietas
319 375 411 410 largiri
427 377 536 411 dignata
554 376 651 409 fuerit,
673 378 787 412 posteris
806 378 934 410 mandare
953 382 1012 405 stu-

218 418 367 448 duerimus.
392 421 471 448 Plura
497 422 629 457 siquidem
657 430 672 449 a
697 423 775 450 nobis
802 424 874 456 visa,
897 423 1011 458 plurima

217 469 309 495 tamen
328 474 344 494 ε
359 467 541 495 veracissimis
562 468 725 496 relatoribus
748 475 906 504 comperta,
933 469 1013 505 hujus

223 570 571 584 ,__.____...__.
576 575 1117 582 __—___.__.

1067 243 1186 270 ﬁdelium
1205 243 1395 278 virtutigenam
1419 243 1594 271 obsecramus
1620 243 1802 274 charitatem.
1829 251 1866 270 ne

1067 288 1181 323 simplex
1200 289 1367 324 contemptui
1394 289 1526 316 habeatur
1545 297 1646 322 sermo,
1669 297 1739 316 neve
1752 297 1804 323 pro
1819 289 1865 316 vili

1067 336 1188 363 canistro
1208 343 1283 371 purae
1299 340 1442 369 respuatur
1463 335 1625 370 similaginis
1645 334 1715 368 oli'a;
1738 334 1819 369 cujus
1842 335 1865 362 si

1067 382 1192 417 prudenti
1218 391 1298 410 manu
1322 382 1519 410 excrcitaretur
1541 382 1653 409 materia
1665 402 1673 414 ,
1688 388 1799 410 omnem
1816 388 1866 408 va-

1067 427 1134 455 leret
1146 428 1289 455 excludere
1304 427 1433 462 inopiam.
1447 432 1474 455 et
1497 428 1655 464 sospitatem
1675 425 1805 455 conferre
1820 433 1868 461 pe-

1068 480 1191 500 renuem.

786 654 1056 713 INCIPIT
1099 655 1299 714 VITA.

257 837 286 865 2.
328 836 463 865 Cuillelmi
491 842 597 873 patria,
623 847 697 867 arua.
730 838 867 866 Parentes.
898 848 920 866 IL
943 848 1018 866 sacro
1036 842 1057 871 Β
1072 840 1176 875 impleri
1192 841 1346 874 mandavit,
1360 849 1391 869 ac
1407 841 1515 876 propria
1535 849 1650 876 puerum
1667 842 1777 870 sustulit
1799 843 1872 871 dc:-

223 882 295 915 {ante
317 892 333 909 a
356 883 445 918 regitur
459 885 612 920 suscipitur.
636 899 671 905 —
697 884 744 911 Vir
770 885 852 919 igitur
876 884 1018 919 religiosus

223 927 337 954 domnus
362 927 525 962 Willclmus,
552 937 632 964 quem
661 929 720 963 pius
741 929 869 956 Dominus
889 930 1017 956 Ecclesia:

223 980 280 999 sua:
300 971 363 1000 tiliis
386 978 538 1007 pastorem,
564 974 675 1009 acjnris
693 981 747 1001 sua:
771 973 836 1009 legis
859 979 1020 1010 propagato-

226 1026 282 1046 rem
304 1019 468 1052 constituit,
492 1020 602 1047 natione
629 1020 737 1054 quidem
767 1019 863 1053 italus;
891 1027 957 1047 avus
982 1024 1020 1046 ta-

226 1072 288 1091 men
311 1063 380 1098 ejus,
398 1063 463 1091 Vibo
478 1065 603 1098 nomine,
618 1065 729 1092 militari
754 1065 886 1092 industria
911 1065 1016 1096 clarus,

229 1115 310 1145 gente
331 1111 435 1138 Suevus
462 1110 522 1138 fuit.
546 1111 597 1145 Qui
630 1111 744 1144 scilicet,
757 1111 792 1139 ob
817 1111 1019 1138 inimicitiarum

226 1157 380 1189 ultionem,
405 1157 524 1184 nativam
559 1158 716 1193 relinquens
747 1158 913 1193 provinciam
929 1177 936 1190 ,
957 1165 1021 1192 per-

225 1202 298 1229 rexit
329 1202 500 1231 habitaturus
538 1203 658 1235 italiam,
687 1204 778 1238 ibique
807 1203 916 1238 copiose
944 1202 1020 1230 locu-

225 1249 345 1283 pletatus
375 1256 456 1284 opum
487 1251 573 1284 gratia
610 1249 723 1278 feliciter
753 1250 835 1285 degit.
874 1249 924 1277 Hie
956 1256 1021 1285 ergo

227 1294 334 1321 exstitit
348 1294 456 1329 genitor
472 1295 593 1323 Botberti
607 1315 613 1324 ,
628 1295 673 1329 qui
692 1294 829 1329 accipiens
843 1295 892 1322 sibi
910 1302 1021 1323 uxorem

227 1347 260 1368 ex
286 1340 527 1377 Longobardorum
566 1341 765 1374 nobilioribus,
793 1341 902 1368 neruiue
929 1340 1024 1367 Periu-

228 1395 289 1415 zam
302 1387 369 1423 (26),
381 1396 451 1423 qum,
461 1388 573 1415 fecunda
584 1388 659 1423 prole
672 1388 796 1417 ﬁliorum.
805 1388 896 1422 genuit
907 1388 930 1415 ei
941 1387 1022 1414 etiam

229 1441 286 1468 prae
302 1433 407 1460 cunctis
421 1434 563 1468 optabilem
580 1433 757 1460 \Villelmum.
773 1433 893 1468 Contigit
908 1441 1024 1468 namque

229 1480 280 1506 sub
297 1479 355 1514 ipso
373 1485 493 1514 tempore
515 1479 585 1506 illius
600 1479 761 1511 nativitatis,
777 1479 939 1513 Bercngario
955 1478 1025 1506 Lon-

1071 891 1142 919 tera,
1156 887 1236 921 eique
1252 895 1348 915 nomen
1363 888 1461 915 indizit
1471 887 1654 922 Willeltuum,
1666 897 1746 923 quem
1762 890 1869 917 scilicet

1069 933 1241 967 postmodum
1266 934 1370 969 regina,
1396 934 1496 969 conjux
1523 934 1606 967 illius,
1631 942 1663 962 ex
1690 942 1770 962 sacro
1796 935 1871 962 fonte

1070 979 1189 1014 suscepit
1202 979 1385 1014 baptismatis.

1105 1024 1132 1051 5.
1148 1025 1211 1052 Erat
1232 1032 1306 1060 ergo,
1332 1029 1360 1051 ut
1381 1024 1500 1052 diximus
1529 1024 1649 1058 ejusdem
1663 1025 1794 1060 genitrix,
1812 1032 1864 1052 non

1072 1071 1158 1098 solum
1171 1072 1296 1106 prosapia
1315 1071 1423 1104 nobilis,
1437 1071 1484 1099 sed
1499 1071 1581 1098 etiam
1604 1079 1710 1098 morum
1726 1072 1870 1098 honestate

1071 1117 1216 1152 praecipua.
1230 1117 1293 1144 llaec
1312 1116 1445 1151 siquidem
1472 1116 1575 1145 referre
1600 1121 1660 1144 erat
1680 1117 1760 1144 solita
1773 1117 1807 1144 de
1825 1124 1868 1143 eo-

1072 1163 1132 1189 dem
1152 1170 1237 1197 puero
1268 1162 1420 1196 hujusmodi
1444 1163 1537 1190 verba.
1558 1172 1567 1188 ι
1597 1162 1727 1189 Videbam
1753 1170 1807 1194 me,
1829 1163 1869 1190 in-

1072 1208 1178 1242 quiens,
1206 1212 1284 1234 nocte
1311 1208 1428 1242 quadam
1458 1207 1603 1235 dalmatica
1626 1212 1701 1235 veste
1737 1207 1871 1239 indutam,

1073 1254 1218 1288 statimque
1241 1252 1306 1280 solis
1333 1253 1425 1280 radius
1452 1253 1606 1280 illustrabat
1629 1253 1695 1280 mihi
1722 1253 1868 1280 mamillam

1074 1298 1340 1330 dexteram;dehinc
1356 1306 1421 1325 vero
1444 1302 1627 1333 apparuerunt
1647 1298 1759 1333 quidam
1785 1297 1871 1324 vultus

1074 1349 1198 1380 gerentes
1219 1345 1369 1379 angelieos;
1391 1345 1497 1380 ipsique
1509 1344 1591 1371 lilium
1611 1352 1700 1372 meum
1721 1344 1789 1371 mihi
1809 1344 1867 1372 abs-

1075 1390 1223 1421 lrahentos,
1237 1389 1316 1416 altius
1338 1389 1486 1417 ell‘erebant
1509 1390 1634 1416 eumdem
1646 1388 1810 1416 infantulum
1824 1388 1872 1415 cla-

1074 1436 1155 1461 ritate
1167 1435 1248 1462 nimia
1272 1435 1475 1462 circumfusum.
1495 1435 1551 1469 Ego
1569 1442 1676 1469 quoque
1699 1435 1758 1462 haec
1784 1435 1868 1462 nimio

1076 1480 1184 1507 intuens
1201 1487 1301 1515 pavore
1325 1480 1479 1514 perterrita,
1506 1479 1542 1506 nil
1561 1480 1634 1507 aliud
1653 1479 1724 1514 quod
1751 1480 1868 1507 dicerem

230 1525 413 1560 gobardorum
441 1533 502 1559 rege
528 1525 667 1558 defuncto,
690 1530 719 1552 ut
743 1525 806 1553 ()tto
830 1526 1025 1561 imperatorum
1040 1529 1062 1560 ο
1078 1527 1256 1562 reperiebam.
1270 1526 1321 1554 nisi
1337 1531 1442 1553 tantum
1460 1535 1466 1552 :
1482 1525 1582 1553 Sancta
1594 1526 1680 1553 Mater
1693 1526 1801 1554 Domini
1817 1526 1872 1553 Sal-

230 1573 367 1600 maximus
382 1573 472 1600 hostili
487 1580 568 1600 manu
582 1580 690 1600 omnem
706 1572 756 1600 sibi
769 1573 962 1608 subjugandam
979 1580 1026 1607 ρετ

229 1617 438 1651 teretitaliam;
456 1618 502 1653 qui
528 1619 699 1654 comperiens
723 1619 845 1653 praedicti
870 1617 1025 1653 Berengarii

230 1671 345 1692 uxorem
358 1663 386 1691 in
399 1664 533 1699 quoddam
559 1669 689 1696 castrum,
713 1665 795 1692 situm
820 1665 845 1692 in
870 1665 929 1692 lacu
952 1665 1027 1691 urbis

231 1708 358 1736 Novarite
379 1709 435 1744 ('27)
449 1730 456 1741 ,
483 1708 580 1736 fecisse
609 1709 765 1743 confugium
778 1730 784 1741 ,
805 1714 885 1744 atque
906 1717 967 1736 cum
996 1716 1027 1735 ea

230 1754 306 1782 viros
321 1762 434 1789 quorum
450 1755 616 1789 conspiratio
640 1755 749 1783 rebellis
762 1754 832 1782 foret
842 1755 930 1782 eidem
945 1754 1029 1788 impe-

232 1800 335 1833 ratori;
352 1801 385 1827 ad
398 1800 468 1835 quod
484 1799 556 1828 illico
572 1801 709 1828 divertens
722 1822 728 1834 ,
741 1801 827 1828 cinxit
850 1801 915 1828 illud
930 1800 1028 1828 ferocis

232 1846 373 1874 obsidione
387 1846 533 1873 exercitus.
555 1846 623 1873 Erat
636 1846 707 1873 enim
723 1847 866 1880 praedictus
883 1846 1028 1873 Rotbertus

232 1891 262 1919 in
276 1892 370 1919 colem
393 1897 482 1919 castro
507 1900 568 1919 cum
582 1892 691 1927 propria
707 1900 792 1919 uxore
811 1896 837 1919 et
861 1892 969 1925 liberis,
984 1892 1027 1918 cui

234 1939 317 1965 etiam
332 1938 432 1973 quique
450 1938 559 1966 illorum
578 1946 639 1966 eum
659 1946 706 1965 sua
722 1938 829 1965 domina
841 1946 933 1966 curam
949 1943 1030 1972 atque

234 1984 346 2011 tutelam
363 1984 558 2012 commiserant
570 1985 622 2011 sui.
645 1984 767 2019 Cumque
783 1984 884 2011 diutius
898 1984 931 2011 ab
947 1984 1029 2011 utris-

234 2038 289 2065 que
306 2031 427 2065 partibus
439 2030 571 2058 acerrime
589 2030 759 2058 decertatum
784 2030 879 2058 fuissot
892 2051 899 2062 ,
916 2035 1030 2057 cernens

235 2076 386 2110 imperator
400 2076 501 2103 dili‘erri
516 2076 567 2103 sibi
584 2076 725 2102 victoriam
737 2096 744 2107 .
758 2080 865 2103 tentans
881 2076 1030 2111 largitioni-

233 2120 286 2148 bus
301 2128 443 2149 muuerum
455 2122 524 2149 clam
541 2121 678 2148 inﬂectere
690 2130 800 2149 suorum
815 2122 932 2149 hostium
947 2122 1030 2157 signi-

235 2166 324 2194 ferum
338 2176 345 2194 :
359 2175 420 2194 nam
436 2166 579 2203 spopondit
591 2168 615 2195 ei
632 2176 692 2198 eum
708 2168 836 2195 maximis
857 2169 933 2196 donis
949 2170 1030 2196 etiam

1077 1573 1191 1605 vatoris,
1211 1573 1259 1600 tibi
1271 1573 1422 1605 committo,
1440 1572 1545 1599 custodi
1557 1572 1643 1599 illum.
1661 1582 1671 1598 ι

1111 1618 1140 1646 4.
1161 1619 1215 1645 Deo
1227 1618 1364 1653 devoretur
1377 1627 1393 1644 a
1404 1617 1564 1653 parenlibus.
1580 1617 1614 1644 In
1634 1618 1796 1644 monasterio
1814 1625 1873 1645 eru-

1078 1664 1159 1691 ditur.
1175 1678 1212 1683 -—-
1223 1663 1282 1690 Alia
1296 1671 1412 1698 namque
1425 1663 1550 1698 perplura
1563 1663 1656 1698 optimi
1668 1664 1806 1697 przesagii,
1816 1670 1872 1698 quae

1079 1718 1128 1737 nos
1155 1709 1293 1736 fastidium
1321 1710 1439 1736 vitantes
1460 1710 1616 1741 reticemus,
1648 1709 1873 1744 conspicabantur

1078 1755 1171 1783 inillo.
1191 1755 1259 1782 Nam
1276 1760 1303 1782 et
1323 1755 1452 1782 habitudo
1469 1754 1623 1782 tenerrima:
1638 1755 1726 1781 aetatis
1743 1754 1782 1781 ita
1799 1754 1874 1781 dissi-

1077 1801 1151 1828 milis
1165 1800 1307 1828 videbatur
1327 1805 1500 1831 cxeterorum,
1523 1804 1552 1826 ιιι
1567 1799 1678 1826 nimium
1701 1799 1867 1825 admirabilis

1078 1846 1234 1873 haberetur.
1253 1846 1398 1880 Propterea
1419 1850 1532 1879 uterque
1550 1852 1649 1879 parens
1667 1851 1722 1871 uno
1737 1851 1871 1871 consensu

1079 1899 1111 1918 ac
1129 1891 1278 1923 voluntate,
1297 1899 1358 1917 cum
1376 1898 1486 1918 suorum
1507 1890 1627 1917 onmium
1650 1889 1793 1916 favorabili
1812 1889 1869 1915 hor-

1080 1941 1146 1969 tatu,
1163 1937 1271 1964 Christo
1282 1937 1394 1964 Domino
1407 1944 1506 1963 vovere
1519 1936 1607 1967 illum,
1622 1937 1648 1962 in
1662 1934 1720 1969 cjus
1735 1935 1817 1962 domo
1830 1942 1870 1961 as-

1079 1984 1155 2011 sidue
1170 1983 1345 2010 serviturum.
1364 1983 1503 2009 Duxerunt
1517 1986 1608 2009 autem
1622 1981 1708 2013 illum,
1725 1989 1788 2008 cum
1804 1985 1871 2008 esset

1081 2028 1137 2056 fere
1162 2029 1312 2064 septennis,
1328 2028 1361 2054 ad
1389 2028 1582 2054 monasterium
1598 2032 1700 2055 sanclm
1715 2026 1809 2054 Mariae
1819 2034 1870 2054 san-

1081 2080 1155 2109 quue
1170 2074 1325 2109 archangeli
1340 2073 1485 2101 Michaelis
1505 2073 1531 2100 in
1547 2073 1648 2100 honore
1662 2076 1812 2104 sacratum,
1826 2079 1869 2099 no-

1080 2121 1153 2147 mine
1171 2120 1327 2152 Luciaeum,
1347 2120 1372 2146 iu
1389 2127 1442 2154 quo
1462 2119 1543 2146 etiam
1563 2118 1717 2146 veneranda
1739 2118 1869 2145 habentur

1082 2174 1143 2193 ossa
1162 2165 1233 2192 beati
1257 2165 1386 2200 martyris
1402 2164 1524 2192 Januarii
1542 2164 1663 2199 :ibique,
1676 2163 1754 2197 juxta
1772 2171 1866 2191 morem

237 2213 310 2248 apud
324 2213 514 2241 sublimitasem
535 2222 611 2241 suam
634 2214 804 2242 celsitudinis
819 2215 916 2247 locum,
931 2215 952 2242 si
969 2223 1033 2243 suos
1049 2205 1072 2235 Ῐ)
1086 2218 1187 2247 Hortum
1204 2211 1345 2246 regularis.
1358 2218 1419 2237 eum
1434 2210 1517 2245 ipsius
1533 2209 1585 2236 loci
1601 2209 1691 2236 abbati
1707 2210 1868 2237 obtulerunt.

237 2258 368 2286 deserens
383 2258 452 2286 illius
467 2260 537 2294 parti
563 2259 676 2286 faveret.
695 2259 741 2287 Ille
769 2268 834 2287 vero
852 2260 962 2286 minime
987 2268 1032 2286 ac-

237 2304 358 2337 quievit,
387 2309 478 2339 utpote
503 2305 580 2332 miles
606 2305 756 2339 adjuratus,
785 2305 952 2340 respondens
979 2305 1030 2332 sibi

239 2349 427 2382 optabiliorem
445 2349 503 2375 fore
517 2350 617 2384 proprii
637 2350 775 2376 interitum
794 2350 927 2384 corporis,
950 2358 1031 2384 quant

239 2395 417 2421 Sacramentis
432 2400 543 2421 asserta!
565 2396 624 2421 liizei
641 2396 763 2422 desertor
777 2395 882 2423 haberi.
896 2395 961 2422 Post
982 2395 1032 2422 ali-

239 2443 307 2473 quot
324 2439 476 2475 tmldics,
507 2440 598 2467 habito
623 2441 736 2467 invicem
764 2440 839 2475 pacis
861 2441 983 2475 consilio,
1005 2440 1031 2468 in

417 2483 502 2519 gratis
516 2484 649 2511 devenere
672 2485 852 2519 imperatoris.
876 2485 951 2513 'l‘une
965 2493 1032 2520 quo-

452 2530 567 2560 I‘tertus,
594 2533 622 2556 ut
643 2535 702 2557 erat
717 2531 758 2557 vir
780 2531 899 2566 prudens
918 2537 950 2557 ac
965 2536 1033 2558 stre-

419 2573 472 2601 san
498 2575 654 2607 imperatori
670 2581 698 2603 ul
715 2577 797 2604 filium
808 2597 814 2607 .
829 2584 910 2607 quem
925 2577 948 2603 ei
965 2585 1033 2603 uxor

1087 2256 1223 2290 Qui,satis
1233 2257 1328 2284 devote
1341 2255 1415 2283 illum
1428 2255 1591 2290 suscipiens,
1603 2262 1689 2282 sacrae
1705 2255 1864 2282 monachalis

1087 2301 1224 2335 religionis
1241 2301 1324 2328 etiam
1339 2306 1413 2328 veste
1428 2300 1525 2327 induit.
1544 2300 1592 2328 ilic
1613 2307 1709 2335 nempe
1727 2299 1836 2327 tradidit
1847 2299 1868 2326 ei

1086 2347 1188 2381 primos
1214 2347 1366 2374 litterarum
1385 2346 1488 2381 apices,
1510 2350 1593 2381 atque
1611 2345 1726 2379 hujusce
1750 2345 1871 2372 custodia:

1085 2392 1187 2420 addidit
1205 2397 1410 2428 prmceptorem,
1427 2391 1506 2426 cujus
1527 2392 1648 2418 animum
1668 2395 1764 2426 stupor
1784 2389 1869 2417 invasit

1085 2438 1195 2471 nimius.
1225 2439 1353 2474 quoniam
1383 2438 1514 2466 velocitas
1539 2445 1637 2466 sensus
1662 2437 1715 2464 sibi
1740 2435 1869 2464 commissi

1085 2485 1162 2519 pueri
1177 2485 1211 2512 ad
1227 2489 1329 2512 tantam
1349 2484 1510 2520 proficiebat
1527 2483 1695 2519 indaginem,
1710 2487 1742 2510 ut
1755 2482 1869 2510 universa

1086 2531 1205 2565 priorum
1219 2530 1496 2558 couscholasticorum
1510 2529 1598 2557 studia
1610 2529 1636 2556 in
1653 2528 1731 2556 brevi
1744 2533 1872 2556 transcen-

1083 2576 1159 2603 deret
1170 2575 1392 2607 spatio;proinde
1405 2576 1431 2601 iu
1445 2575 1626 2602 admiratione
1639 2582 1694 2601 aet:
1710 2572 1870 2607 modicajaiu
