  <div class='ocr_page' id='page_1' title='image "/cluster/home/n/w/nwhite01/storage/ocr_20150623/142/hvd.32044015471808/358.png"; bbox 0 0 3992 5338; ppageno 0'>
   <div class='ocr_carea' id='block_1_1' title="bbox 231 295 342 352">
    <p class='ocr_par' dir='ltr' id='par_1_1' title="bbox 231 295 342 352">
     <span class='ocr_line' id='line_1_1' title="bbox 231 295 342 352; baseline 0.018 -2"><span class='ocrx_word' id='word_1_1' title='bbox 231 295 342 352; x_wconf 70' lang='grc' dir='ltr'><strong>7ὐ5</strong></span> 
     </span>
    </p>
   </div>
   <div class='ocr_carea' id='block_1_2' title="bbox 1411 283 2384 345">
    <p class='ocr_par' dir='ltr' id='par_1_2' title="bbox 1411 283 2384 345">
     <span class='ocr_line' id='line_1_2' title="bbox 1411 283 2384 345; baseline -0.001 -1"><span class='ocrx_word' id='word_1_2' title='bbox 1411 289 1572 344; x_wconf 75' lang='lat' dir='ltr'><strong>VITA</strong></span> <span class='ocrx_word' id='word_1_3' title='bbox 1615 287 1674 342; x_wconf 86' lang='lat' dir='ltr'><strong>S.</strong></span> <span class='ocrx_word' id='word_1_4' title='bbox 1714 283 2084 340; x_wconf 82' lang='lat' dir='ltr'><strong>GUILLELMI</strong></span> <span class='ocrx_word' id='word_1_5' title='bbox 2130 286 2384 345; x_wconf 71' lang='lat' dir='ltr'><strong>DlVION.</strong></span> 
     </span>
    </p>
   </div>
   <div class='ocr_carea' id='block_1_3' title="bbox 3411 297 3517 358">
    <p class='ocr_par' dir='ltr' id='par_1_3' title="bbox 3411 297 3517 358">
     <span class='ocr_line' id='line_1_3' title="bbox 3411 297 3517 358; baseline 0.057 -6"><span class='ocrx_word' id='word_1_6' title='bbox 3411 297 3517 358; x_wconf 78' lang='lat'><strong>706</strong></span> 
     </span>
    </p>
   </div>
   <div class='ocr_carea' id='block_1_4' title="bbox 230 388 3517 480">
    <p class='ocr_par' dir='ltr' id='par_1_4' title="bbox 230 388 3517 480">
     <span class='ocr_line' id='line_1_4' title="bbox 230 388 3517 480; baseline 0.001 -14"><span class='ocrx_word' id='word_1_7' title='bbox 230 388 594 474; x_wconf 72' lang='lat' dir='ltr'><strong>domicilium,</strong></span> <span class='ocrx_word' id='word_1_8' title='bbox 630 407 698 462; x_wconf 90' lang='lat' dir='ltr'><strong>ad</strong></span> <span class='ocrx_word' id='word_1_9' title='bbox 742 407 886 476; x_wconf 90' lang='lat' dir='ltr'><strong>quod</strong></span> <span class='ocrx_word' id='word_1_10' title='bbox 914 407 1202 477; x_wconf 64' lang='lat' dir='ltr'><strong>praedictus</strong></span> <span class='ocrx_word' id='word_1_11' title='bbox 1230 421 1381 477; x_wconf 90' lang='lat' dir='ltr'><strong>puer,</strong></span> <span class='ocrx_word' id='word_1_12' title='bbox 1409 403 1694 459; x_wconf 83' lang='lat' dir='ltr'><strong>familiaris</strong></span> <span class='ocrx_word' id='word_1_13' title='bbox 1728 419 1817 456; x_wconf 80' lang='lat' dir='ltr'><strong>cu-</strong></span> <span class='ocrx_word' id='word_1_14' title='bbox 1848 405 1895 460; x_wconf 77' lang='grc' dir='ltr'><strong>Δ</strong></span> <span class='ocrx_word' id='word_1_15' title='bbox 1926 400 2225 457; x_wconf 86' lang='lat' dir='ltr'><strong>Salvatoris</strong></span> <span class='ocrx_word' id='word_1_16' title='bbox 2269 403 2596 459; x_wconf 87' lang='lat' dir='ltr'><strong>sententiam</strong></span> <span class='ocrx_word' id='word_1_17' title='bbox 2642 406 2942 462; x_wconf 85' lang='lat' dir='ltr'><strong>imminere.</strong></span> <span class='ocrx_word' id='word_1_18' title='bbox 2989 407 3163 480; x_wconf 80' lang='lat' dir='ltr'><strong>Atque</strong></span> <span class='ocrx_word' id='word_1_19' title='bbox 3206 409 3517 479; x_wconf 82' lang='lat' dir='ltr'><strong>hujus:uodi</strong></span> 
     </span>
    </p>
   </div>
   <div class='ocr_carea' id='block_1_5' title="bbox 231 496 1825 572">
    <p class='ocr_par' dir='ltr' id='par_1_5' title="bbox 231 496 1825 572">
     <span class='ocr_line' id='line_1_5' title="bbox 231 496 1825 572; baseline -0.004 -16"><span class='ocrx_word' id='word_1_20' title='bbox 231 518 313 556; x_wconf 70' lang='lat' dir='ltr'><strong>ra:</strong></span> <span class='ocrx_word' id='word_1_21' title='bbox 330 501 702 572; x_wconf 77' lang='lat' dir='ltr'><strong>providentia,</strong></span> <span class='ocrx_word' id='word_1_22' title='bbox 727 513 826 570; x_wconf 90' lang='lat' dir='ltr'><strong>per</strong></span> <span class='ocrx_word' id='word_1_23' title='bbox 847 502 962 555; x_wconf 88' lang='lat' dir='ltr'><strong>dies</strong></span> <span class='ocrx_word' id='word_1_24' title='bbox 985 500 1310 564; x_wconf 74' lang='lat' dir='ltr'><strong>ducebatur;</strong></span> <span class='ocrx_word' id='word_1_25' title='bbox 1340 500 1390 553; x_wconf 91' lang='lat' dir='ltr'><strong>in</strong></span> <span class='ocrx_word' id='word_1_26' title='bbox 1415 514 1520 567; x_wconf 93' lang='lat' dir='ltr'><strong>quo</strong></span> <span class='ocrx_word' id='word_1_27' title='bbox 1541 498 1703 552; x_wconf 90' lang='lat' dir='ltr'><strong>etiam</strong></span> <span class='ocrx_word' id='word_1_28' title='bbox 1728 496 1825 550; x_wconf 71' lang='lat' dir='ltr'><strong>a|i~</strong></span> 
     </span>
    </p>
   </div>
   <div class='ocr_carea' id='block_1_6' title="bbox 231 589 1825 663">
    <p class='ocr_par' dir='ltr' id='par_1_6' title="bbox 231 589 1825 663">
     <span class='ocr_line' id='line_1_6' title="bbox 231 589 1825 663; baseline -0.001 -18"><span class='ocrx_word' id='word_1_29' title='bbox 231 594 456 660; x_wconf 88' lang='lat' dir='ltr'><strong>quoties</strong></span> <span class='ocrx_word' id='word_1_30' title='bbox 491 592 690 662; x_wconf 76' lang='lat' dir='ltr'><strong>quietis</strong></span> <span class='ocrx_word' id='word_1_31' title='bbox 726 592 967 646; x_wconf 84' lang='lat' dir='ltr'><strong>noctium</strong></span> <span class='ocrx_word' id='word_1_32' title='bbox 1015 602 1186 663; x_wconf 78' lang='lat' dir='ltr'><strong>gratia</strong></span> <span class='ocrx_word' id='word_1_33' title='bbox 1227 591 1646 660; x_wconf 83' lang='lat' dir='ltr'><strong>suscipiebatur.</strong></span> <span class='ocrx_word' id='word_1_34' title='bbox 1687 589 1825 644; x_wconf 80' lang='lat' dir='ltr'><strong>Cum</strong></span> 
     </span>
    </p>
   </div>
   <div class='ocr_carea' id='block_1_7' title="bbox 230 681 1826 753">
    <p class='ocr_par' dir='ltr' id='par_1_7' title="bbox 230 681 1826 753">
     <span class='ocr_line' id='line_1_7' title="bbox 230 681 1826 753; baseline 0 -17"><span class='ocrx_word' id='word_1_35' title='bbox 230 683 404 753; x_wconf 87' lang='lat' dir='ltr'><strong>igitur</strong></span> <span class='ocrx_word' id='word_1_36' title='bbox 426 684 685 752; x_wconf 64' lang='lat' dir='ltr'><strong>praedicta</strong></span> <span class='ocrx_word' id='word_1_37' title='bbox 732 700 870 739; x_wconf 91' lang='lat' dir='ltr'><strong>anus</strong></span> <span class='ocrx_word' id='word_1_38' title='bbox 913 700 1036 739; x_wconf 90' lang='lat' dir='ltr'><strong>eum</strong></span> <span class='ocrx_word' id='word_1_39' title='bbox 1086 685 1381 753; x_wconf 90' lang='lat' dir='ltr'><strong>aliquando</strong></span> <span class='ocrx_word' id='word_1_40' title='bbox 1414 682 1690 753; x_wconf 90' lang='lat' dir='ltr'><strong>diligentia</strong></span> <span class='ocrx_word' id='word_1_41' title='bbox 1745 681 1826 736; x_wconf 85' lang='lat' dir='ltr'><strong>fo-</strong></span> 
     </span>
    </p>
   </div>
   <div class='ocr_carea' id='block_1_8' title="bbox 226 775 1824 846">
    <p class='ocr_par' dir='ltr' id='par_1_8' title="bbox 226 775 1824 846">
     <span class='ocr_line' id='line_1_8' title="bbox 226 775 1824 846; baseline -0.002 -16"><span class='ocrx_word' id='word_1_42' title='bbox 226 775 396 830; x_wconf 71' lang='lat' dir='ltr'><strong>vendi</strong></span> <span class='ocrx_word' id='word_1_43' title='bbox 447 777 499 829; x_wconf 90' lang='lat' dir='ltr'><strong>in</strong></span> <span class='ocrx_word' id='word_1_44' title='bbox 554 777 673 830; x_wconf 91' lang='lat' dir='ltr'><strong>sinu</strong></span> <span class='ocrx_word' id='word_1_45' title='bbox 718 778 941 846; x_wconf 90' lang='lat' dir='ltr'><strong>proprio</strong></span> <span class='ocrx_word' id='word_1_46' title='bbox 988 777 1227 831; x_wconf 82' lang='lat' dir='ltr'><strong>brachiis</strong></span> <span class='ocrx_word' id='word_1_47' title='bbox 1276 775 1556 845; x_wconf 87' lang='lat' dir='ltr'><strong>complexa</strong></span> <span class='ocrx_word' id='word_1_48' title='bbox 1612 775 1824 841; x_wconf 78' lang='lat' dir='ltr'><strong>fuisset,</strong></span> 
     </span>
    </p>
   </div>
   <div class='ocr_carea' id='block_1_9' title="bbox 229 867 1824 939">
    <p class='ocr_par' dir='ltr' id='par_1_9' title="bbox 229 867 1824 939">
     <span class='ocr_line' id='line_1_9' title="bbox 229 867 1824 939; baseline -0.001 -19"><span class='ocrx_word' id='word_1_49' title='bbox 229 881 512 929; x_wconf 67' lang='lat' dir='ltr'><strong>mammae,</strong></span> <span class='ocrx_word' id='word_1_50' title='bbox 554 883 675 936; x_wconf 81' lang='lat' dir='ltr'><strong>quae</strong></span> <span class='ocrx_word' id='word_1_51' title='bbox 712 867 850 922; x_wconf 84' lang='lat' dir='ltr'><strong>laxis</strong></span> <span class='ocrx_word' id='word_1_52' title='bbox 886 868 1193 939; x_wconf 89' lang='lat' dir='ltr'><strong>pendebant</strong></span> <span class='ocrx_word' id='word_1_53' title='bbox 1221 882 1287 921; x_wconf 88' lang='lat' dir='ltr'><strong>ac</strong></span> <span class='ocrx_word' id='word_1_54' title='bbox 1323 867 1536 938; x_wconf 78' lang='lat' dir='ltr'><strong>rugosis</strong></span> <span class='ocrx_word' id='word_1_55' title='bbox 1574 868 1824 936; x_wconf 86' lang='lat' dir='ltr'><strong>pellibus,</strong></span> 
     </span>
    </p>
   </div>
   <div class='ocr_carea' id='block_1_10' title="bbox 226 955 1825 1028">
    <p class='ocr_par' dir='ltr' id='par_1_10' title="bbox 226 955 1825 1028">
     <span class='ocr_line' id='line_1_10' title="bbox 226 955 1825 1028; baseline 0.001 -17"><span class='ocrx_word' id='word_1_56' title='bbox 226 955 419 1011; x_wconf 88' lang='lat' dir='ltr'><strong>subito</strong></span> <span class='ocrx_word' id='word_1_57' title='bbox 455 967 734 1028; x_wconf 89' lang='lat' dir='ltr'><strong>turgentes</strong></span> <span class='ocrx_word' id='word_1_58' title='bbox 764 959 849 1012; x_wconf 90' lang='lat' dir='ltr'><strong>lae</strong></span> <span class='ocrx_word' id='word_1_59' title='bbox 907 959 1095 1014; x_wconf 80' lang='lat' dir='ltr'><strong>fudere</strong></span> <span class='ocrx_word' id='word_1_60' title='bbox 1135 959 1432 1013; x_wconf 89' lang='lat' dir='ltr'><strong>uberrime.</strong></span> <span class='ocrx_word' id='word_1_61' title='bbox 1487 959 1559 1012; x_wconf 83' lang='lat' dir='ltr'><strong>At</strong></span> <span class='ocrx_word' id='word_1_62' title='bbox 1609 959 1720 1021; x_wconf 90' lang='lat' dir='ltr'><strong>illa,</strong></span> <span class='ocrx_word' id='word_1_63' title='bbox 1770 969 1825 1012; x_wconf 89' lang='lat' dir='ltr'><strong>ut</strong></span> 
     </span>
    </p>
   </div>
   <div class='ocr_carea' id='block_1_11' title="bbox 227 1047 1826 1120">
    <p class='ocr_par' dir='ltr' id='par_1_11' title="bbox 227 1047 1826 1120">
     <span class='ocr_line' id='line_1_11' title="bbox 227 1047 1826 1120; baseline 0.002 -20"><span class='ocrx_word' id='word_1_64' title='bbox 227 1055 357 1100; x_wconf 89' lang='lat' dir='ltr'><strong>erat</strong></span> <span class='ocrx_word' id='word_1_65' title='bbox 384 1047 492 1116; x_wconf 60' lang='lat' dir='ltr'><strong>pix</strong></span> <span class='ocrx_word' id='word_1_66' title='bbox 513 1048 711 1103; x_wconf 90' lang='lat' dir='ltr'><strong>mentis</strong></span> <span class='ocrx_word' id='word_1_67' title='bbox 745 1064 809 1103; x_wconf 91' lang='lat' dir='ltr'><strong>ac</strong></span> <span class='ocrx_word' id='word_1_68' title='bbox 839 1049 1008 1104; x_wconf 87' lang='lat' dir='ltr'><strong>Deum</strong></span> <span class='ocrx_word' id='word_1_69' title='bbox 1043 1051 1261 1113; x_wconf 90' lang='lat' dir='ltr'><strong>timens,</strong></span> <span class='ocrx_word' id='word_1_70' title='bbox 1304 1049 1573 1120; x_wconf 77' lang='lat' dir='ltr'><strong>religiosis</strong></span> <span class='ocrx_word' id='word_1_71' title='bbox 1601 1050 1826 1118; x_wconf 82' lang='lat' dir='ltr'><strong>quibus-</strong></span> 
     </span>
    </p>
   </div>
   <div class='ocr_carea' id='block_1_12' title="bbox 224 1138 1828 1210">
    <p class='ocr_par' dir='ltr' id='par_1_12' title="bbox 224 1138 1828 1210">
     <span class='ocr_line' id='line_1_12' title="bbox 224 1138 1828 1210; baseline 0.002 -20"><span class='ocrx_word' id='word_1_72' title='bbox 224 1153 342 1206; x_wconf 89' lang='lat' dir='ltr'><strong>que</strong></span> <span class='ocrx_word' id='word_1_73' title='bbox 369 1138 640 1208; x_wconf 73' lang='lat' dir='ltr'><strong>sagaciter</strong></span> <span class='ocrx_word' id='word_1_74' title='bbox 674 1140 930 1194; x_wconf 88' lang='lat' dir='ltr'><strong>intimare</strong></span> <span class='ocrx_word' id='word_1_75' title='bbox 967 1141 1202 1204; x_wconf 89' lang='lat' dir='ltr'><strong>curavit,</strong></span> <span class='ocrx_word' id='word_1_76' title='bbox 1238 1140 1495 1210; x_wconf 91' lang='lat' dir='ltr'><strong>quoniam</strong></span> <span class='ocrx_word' id='word_1_77' title='bbox 1532 1140 1701 1194; x_wconf 84' lang='lat' dir='ltr'><strong>isdem</strong></span> <span class='ocrx_word' id='word_1_78' title='bbox 1736 1140 1828 1209; x_wconf 91' lang='lat' dir='ltr'><strong>qui</strong></span> 
     </span>
    </p>
   </div>
   <div class='ocr_carea' id='block_1_13' title="bbox 224 1228 1831 1302">
    <p class='ocr_par' dir='ltr' id='par_1_13' title="bbox 224 1228 1831 1302">
     <span class='ocr_line' id='line_1_13' title="bbox 224 1228 1831 1302; baseline 0.003 -22"><span class='ocrx_word' id='word_1_79' title='bbox 224 1229 524 1284; x_wconf 76' lang='lat' dir='ltr'><strong>videbatur</strong></span> <span class='ocrx_word' id='word_1_80' title='bbox 557 1245 714 1298; x_wconf 88' lang='lat' dir='ltr'><strong>puer,</strong></span> <span class='ocrx_word' id='word_1_81' title='bbox 774 1231 1178 1285; x_wconf 77' lang='lat' dir='ltr'><strong>excellentioris</strong></span> <span class='ocrx_word' id='word_1_82' title='bbox 1227 1228 1668 1302; x_wconf 77' lang='lat' dir='ltr'><strong>vita:[Bolland.,</strong></span> <span class='ocrx_word' id='word_1_83' title='bbox 1710 1231 1831 1286; x_wconf 88' lang='lat' dir='ltr'><strong>dili-</strong></span> 
     </span>
    </p>
   </div>
   <div class='ocr_carea' id='block_1_14' title="bbox 226 1321 1832 1394">
    <p class='ocr_par' dir='ltr' id='par_1_14' title="bbox 226 1321 1832 1394">
     <span class='ocr_line' id='line_1_14' title="bbox 226 1321 1832 1394; baseline 0.001 -19"><span class='ocrx_word' id='word_1_84' title='bbox 226 1322 418 1390; x_wconf 78' lang='lat' dir='ltr'><strong>gentis</strong></span> <span class='ocrx_word' id='word_1_85' title='bbox 455 1321 600 1380; x_wconf 67' lang='lat' dir='ltr'><strong>vittel</strong></span> <span class='ocrx_word' id='word_1_86' title='bbox 644 1337 710 1378; x_wconf 89' lang='lat' dir='ltr'><strong>ac</strong></span> <span class='ocrx_word' id='word_1_87' title='bbox 748 1323 1031 1393; x_wconf 78' lang='lat' dir='ltr'><strong>dignitatis</strong></span> <span class='ocrx_word' id='word_1_88' title='bbox 1072 1323 1247 1394; x_wconf 89' lang='lat' dir='ltr'><strong>gratia</strong></span> <span class='ocrx_word' id='word_1_89' title='bbox 1298 1331 1447 1376; x_wconf 87' lang='lat' dir='ltr'><strong>esset</strong></span> <span class='ocrx_word' id='word_1_90' title='bbox 1483 1333 1832 1391; x_wconf 86' lang='lat' dir='ltr'><strong>augmentan-</strong></span> 
     </span>
    </p>
   </div>
   <div class='ocr_carea' id='block_1_15' title="bbox 225 1415 1832 1487">
    <p class='ocr_par' dir='ltr' id='par_1_15' title="bbox 225 1415 1832 1487">
     <span class='ocr_line' id='line_1_15' title="bbox 225 1415 1832 1487; baseline 0.002 -20"><span class='ocrx_word' id='word_1_91' title='bbox 225 1417 359 1469; x_wconf 92' lang='lat' dir='ltr'><strong>dus.</strong></span> <span class='ocrx_word' id='word_1_92' title='bbox 391 1415 448 1469; x_wconf 82' lang='lat' dir='ltr'><strong>In</strong></span> <span class='ocrx_word' id='word_1_93' title='bbox 473 1431 732 1485; x_wconf 84' lang='lat' dir='ltr'><strong>processu</strong></span> <span class='ocrx_word' id='word_1_94' title='bbox 761 1432 996 1486; x_wconf 90' lang='lat' dir='ltr'><strong>namque</strong></span> <span class='ocrx_word' id='word_1_95' title='bbox 1033 1417 1312 1487; x_wconf 89' lang='lat' dir='ltr'><strong>temporis,</strong></span> <span class='ocrx_word' id='word_1_96' title='bbox 1343 1432 1466 1470; x_wconf 88' lang='lat' dir='ltr'><strong>cum</strong></span> <span class='ocrx_word' id='word_1_97' title='bbox 1507 1416 1832 1470; x_wconf 76' lang='lat' dir='ltr'><strong>adolevisset</strong></span> 
     </span>
    </p>
   </div>
   <div class='ocr_carea' id='block_1_16' title="bbox 226 1506 1827 1574">
    <p class='ocr_par' dir='ltr' id='par_1_16' title="bbox 226 1506 1827 1574">
     <span class='ocr_line' id='line_1_16' title="bbox 226 1506 1827 1574; baseline 0.001 -14"><span class='ocrx_word' id='word_1_98' title='bbox 226 1522 294 1563; x_wconf 90' lang='lat' dir='ltr'><strong>ac</strong></span> <span class='ocrx_word' id='word_1_99' title='bbox 313 1506 432 1574; x_wconf 87' lang='lat' dir='ltr'><strong>jam</strong></span> <span class='ocrx_word' id='word_1_100' title='bbox 462 1509 515 1562; x_wconf 90' lang='lat' dir='ltr'><strong>in</strong></span> <span class='ocrx_word' id='word_1_101' title='bbox 561 1508 655 1563; x_wconf 92' lang='lat' dir='ltr'><strong>Dei</strong></span> <span class='ocrx_word' id='word_1_102' title='bbox 686 1509 880 1564; x_wconf 86' lang='lat' dir='ltr'><strong>timore</strong></span> <span class='ocrx_word' id='word_1_103' title='bbox 903 1510 1223 1563; x_wconf 90' lang='lat' dir='ltr'><strong>obedienter</strong></span> <span class='ocrx_word' id='word_1_104' title='bbox 1263 1509 1470 1563; x_wconf 81' lang='lat' dir='ltr'><strong>servire</strong></span> <span class='ocrx_word' id='word_1_105' title='bbox 1511 1508 1827 1571; x_wconf 89' lang='lat' dir='ltr'><strong>studuisset,</strong></span> 
     </span>
    </p>
   </div>
   <div class='ocr_carea' id='block_1_17' title="bbox 224 1597 1828 1682">
    <p class='ocr_par' dir='ltr' id='par_1_17' title="bbox 224 1597 1828 1682">
     <span class='ocr_line' id='line_1_17' title="bbox 224 1597 1828 1682; baseline 0 -30"><span class='ocrx_word' id='word_1_106' title='bbox 224 1614 344 1652; x_wconf 90' lang='lat' dir='ltr'><strong>non</strong></span> <span class='ocrx_word' id='word_1_107' title='bbox 385 1597 608 1654; x_wconf 87' lang='lat' dir='ltr'><strong>defuere</strong></span> <span class='ocrx_word' id='word_1_108' title='bbox 646 1599 955 1682; x_wconf 61' lang='lat' dir='ltr'><strong>invidentia:</strong></span> <span class='ocrx_word' id='word_1_109' title='bbox 989 1599 1214 1654; x_wconf 85' lang='lat' dir='ltr'><strong>stimuli.</strong></span> <span class='ocrx_word' id='word_1_110' title='bbox 1263 1599 1469 1666; x_wconf 83' lang='lat' dir='ltr'><strong>Quibus</strong></span> <span class='ocrx_word' id='word_1_111' title='bbox 1521 1599 1683 1654; x_wconf 85' lang='lat' dir='ltr'><strong>etiam</strong></span> <span class='ocrx_word' id='word_1_112' title='bbox 1727 1614 1828 1652; x_wconf 80' lang='lat' dir='ltr'><strong>sze-</strong></span> 
     </span>
    </p>
   </div>
   <div class='ocr_carea' id='block_1_18' title="bbox 224 1690 1824 1762">
    <p class='ocr_par' dir='ltr' id='par_1_18' title="bbox 224 1690 1824 1762">
     <span class='ocr_line' id='line_1_18' title="bbox 224 1690 1824 1762; baseline 0 -18"><span class='ocrx_word' id='word_1_113' title='bbox 224 1691 358 1761; x_wconf 85' lang='lat' dir='ltr'><strong>pius</strong></span> <span class='ocrx_word' id='word_1_114' title='bbox 409 1692 662 1762; x_wconf 84' lang='lat' dir='ltr'><strong>agitatus,</strong></span> <span class='ocrx_word' id='word_1_115' title='bbox 694 1700 1012 1746; x_wconf 89' lang='lat' dir='ltr'><strong>constanter</strong></span> <span class='ocrx_word' id='word_1_116' title='bbox 1038 1691 1255 1746; x_wconf 88' lang='lat' dir='ltr'><strong>sustulit</strong></span> <span class='ocrx_word' id='word_1_117' title='bbox 1288 1691 1500 1746; x_wconf 90' lang='lat' dir='ltr'><strong>illorum</strong></span> <span class='ocrx_word' id='word_1_118' title='bbox 1533 1691 1729 1760; x_wconf 90' lang='lat' dir='ltr'><strong>probra</strong></span> <span class='ocrx_word' id='word_1_119' title='bbox 1773 1690 1824 1744; x_wconf 91' lang='lat' dir='ltr'><strong>in</strong></span> 
     </span>
    </p>
   </div>
   <div class='ocr_carea' id='block_1_19' title="bbox 1931 496 3520 568">
    <p class='ocr_par' dir='ltr' id='par_1_19' title="bbox 1931 496 3520 568">
     <span class='ocr_line' id='line_1_19' title="bbox 1931 496 3520 568; baseline 0.01 -22"><span class='ocrx_word' id='word_1_120' title='bbox 1931 508 2188 564; x_wconf 84' lang='lat' dir='ltr'><strong>responso</strong></span> <span class='ocrx_word' id='word_1_121' title='bbox 2211 496 2442 564; x_wconf 90' lang='lat' dir='ltr'><strong>prolato,</strong></span> <span class='ocrx_word' id='word_1_122' title='bbox 2471 499 2694 552; x_wconf 90' lang='lat' dir='ltr'><strong>omnino</strong></span> <span class='ocrx_word' id='word_1_123' title='bbox 2725 500 2866 568; x_wconf 86' lang='lat' dir='ltr'><strong>quod</strong></span> <span class='ocrx_word' id='word_1_124' title='bbox 2904 501 3102 556; x_wconf 90' lang='lat' dir='ltr'><strong>hortati</strong></span> <span class='ocrx_word' id='word_1_125' title='bbox 3135 513 3290 559; x_wconf 86' lang='lat' dir='ltr'><strong>erant</strong></span> <span class='ocrx_word' id='word_1_126' title='bbox 3337 504 3520 562; x_wconf 82' lang='lat' dir='ltr'><strong>facere</strong></span> 
     </span>
    </p>
   </div>
   <div class='ocr_carea' id='block_1_20' title="bbox 1927 587 3520 661">
    <p class='ocr_par' dir='ltr' id='par_1_20' title="bbox 1927 587 3520 661">
     <span class='ocr_line' id='line_1_20' title="bbox 1927 587 3520 661; baseline 0.009 -20"><span class='ocrx_word' id='word_1_127' title='bbox 1927 587 2156 642; x_wconf 84' lang='lat' dir='ltr'><strong>distulit.</strong></span> <span class='ocrx_word' id='word_1_128' title='bbox 2206 588 2354 642; x_wconf 93' lang='lat' dir='ltr'><strong>lllico</strong></span> <span class='ocrx_word' id='word_1_129' title='bbox 2399 605 2592 660; x_wconf 85' lang='lat' dir='ltr'><strong>nempe</strong></span> <span class='ocrx_word' id='word_1_130' title='bbox 2620 592 2815 660; x_wconf 89' lang='lat' dir='ltr'><strong>oppido</strong></span> <span class='ocrx_word' id='word_1_131' title='bbox 2847 593 2915 647; x_wconf 85' lang='lat' dir='ltr'><strong>ab</strong></span> <span class='ocrx_word' id='word_1_132' title='bbox 2943 592 3166 661; x_wconf 86' lang='lat' dir='ltr'><strong>hujusce</strong></span> <span class='ocrx_word' id='word_1_133' title='bbox 3200 597 3520 655; x_wconf 85' lang='lat' dir='ltr'><strong>suasoribus</strong></span> 
     </span>
    </p>
   </div>
   <div class='ocr_carea' id='block_1_21' title="bbox 1930 679 3519 758">
    <p class='ocr_par' dir='ltr' id='par_1_21' title="bbox 1930 679 3519 758">
     <span class='ocr_line' id='line_1_21' title="bbox 1930 679 3519 758; baseline 0.008 -26"><span class='ocrx_word' id='word_1_134' title='bbox 1930 679 2327 734; x_wconf 90' lang='lat' dir='ltr'><strong>detractionum</strong></span> <span class='ocrx_word' id='word_1_135' title='bbox 2367 683 2775 738; x_wconf 84' lang='lat' dir='ltr'><strong>corrosionibus</strong></span> <span class='ocrx_word' id='word_1_136' title='bbox 2803 685 3116 749; x_wconf 73' lang='lat' dir='ltr'><strong>lacessitur,</strong></span> <span class='ocrx_word' id='word_1_137' title='bbox 3139 687 3208 741; x_wconf 90' lang='lat' dir='ltr'><strong>ab</strong></span> <span class='ocrx_word' id='word_1_138' title='bbox 3238 688 3354 756; x_wconf 91' lang='lat' dir='ltr'><strong>ipso</strong></span> <span class='ocrx_word' id='word_1_139' title='bbox 3383 706 3519 758; x_wconf 58' lang='lat' dir='ltr'><strong>prgu-</strong></span> 
     </span>
    </p>
   </div>
   <div class='ocr_carea' id='block_1_22' title="bbox 1929 771 3521 851">
    <p class='ocr_par' dir='ltr' id='par_1_22' title="bbox 1929 771 3521 851">
     <span class='ocr_line' id='line_1_22' title="bbox 1929 771 3521 851; baseline 0.009 -26"><span class='ocrx_word' id='word_1_140' title='bbox 1929 771 2044 825; x_wconf 88' lang='lat' dir='ltr'><strong>sule</strong></span> <span class='ocrx_word' id='word_1_141' title='bbox 2075 773 2436 842; x_wconf 88' lang='lat' dir='ltr'><strong>redarguitnr,</strong></span> <span class='ocrx_word' id='word_1_142' title='bbox 2473 791 2536 830; x_wconf 89' lang='lat' dir='ltr'><strong>ac</strong></span> <span class='ocrx_word' id='word_1_143' title='bbox 2567 776 2728 830; x_wconf 91' lang='lat' dir='ltr'><strong>veluti</strong></span> <span class='ocrx_word' id='word_1_144' title='bbox 2761 789 3050 832; x_wconf 84' lang='lat' dir='ltr'><strong>contumax</strong></span> <span class='ocrx_word' id='word_1_145' title='bbox 3084 781 3164 834; x_wconf 91' lang='lat' dir='ltr'><strong>sui</strong></span> <span class='ocrx_word' id='word_1_146' title='bbox 3182 781 3322 851; x_wconf 88' lang='lat' dir='ltr'><strong>juris</strong></span> <span class='ocrx_word' id='word_1_147' title='bbox 3348 783 3521 839; x_wconf 88' lang='lat' dir='ltr'><strong>habe-</strong></span> 
     </span>
    </p>
   </div>
   <div class='ocr_carea' id='block_1_23' title="bbox 1931 851 3523 945">
    <p class='ocr_par' dir='ltr' id='par_1_23' title="bbox 1931 851 3523 945">
     <span class='ocr_line' id='line_1_23' title="bbox 1931 851 3523 945; baseline 0.009 -29"><span class='ocrx_word' id='word_1_148' title='bbox 1931 872 2037 916; x_wconf 91' lang='lat' dir='ltr'><strong>tur.</strong></span> <span class='ocrx_word' id='word_1_149' title='bbox 2079 863 2173 918; x_wconf 91' lang='lat' dir='ltr'><strong>llle</strong></span> <span class='ocrx_word' id='word_1_150' title='bbox 2208 851 2335 919; x_wconf 55' lang='grc' dir='ltr'><strong>ὕετο</strong></span> <span class='ocrx_word' id='word_1_151' title='bbox 2369 865 2492 920; x_wconf 87' lang='lat' dir='ltr'><strong>talia</strong></span> <span class='ocrx_word' id='word_1_152' title='bbox 2537 884 2634 937; x_wconf 93' lang='lat' dir='ltr'><strong>pro</strong></span> <span class='ocrx_word' id='word_1_153' title='bbox 2664 869 2830 923; x_wconf 92' lang='lat' dir='ltr'><strong>nihilo</strong></span> <span class='ocrx_word' id='word_1_154' title='bbox 2853 871 3075 935; x_wconf 90' lang='lat' dir='ltr'><strong>ducens,</strong></span> <span class='ocrx_word' id='word_1_155' title='bbox 3110 888 3174 926; x_wconf 92' lang='lat' dir='ltr'><strong>ac</strong></span> <span class='ocrx_word' id='word_1_156' title='bbox 3203 876 3372 945; x_wconf 80' lang='lat' dir='ltr'><strong>magis</strong></span> <span class='ocrx_word' id='word_1_157' title='bbox 3409 892 3523 930; x_wconf 74' lang='lat' dir='ltr'><strong>ma—</strong></span> 
     </span>
    </p>
   </div>
   <div class='ocr_carea' id='block_1_24' title="bbox 1929 957 3520 1036">
    <p class='ocr_par' dir='ltr' id='par_1_24' title="bbox 1929 957 3520 1036">
     <span class='ocr_line' id='line_1_24' title="bbox 1929 957 3520 1036; baseline 0.009 -28"><span class='ocrx_word' id='word_1_158' title='bbox 1929 957 2118 1025; x_wconf 80' lang='lat' dir='ltr'><strong>gisque</strong></span> <span class='ocrx_word' id='word_1_159' title='bbox 2140 957 2191 1011; x_wconf 94' lang='lat' dir='ltr'><strong>in</strong></span> <span class='ocrx_word' id='word_1_160' title='bbox 2223 958 2314 1012; x_wconf 89' lang='lat' dir='ltr'><strong>Dei</strong></span> <span class='ocrx_word' id='word_1_161' title='bbox 2342 973 2400 1013; x_wconf 91' lang='lat' dir='ltr'><strong>se</strong></span> <span class='ocrx_word' id='word_1_162' title='bbox 2454 959 2658 1013; x_wconf 90' lang='lat' dir='ltr'><strong>cultum</strong></span> <span class='ocrx_word' id='word_1_163' title='bbox 2693 963 3022 1032; x_wconf 85' lang='lat' dir='ltr'><strong>astringens,</strong></span> <span class='ocrx_word' id='word_1_164' title='bbox 3057 965 3126 1018; x_wconf 90' lang='lat' dir='ltr'><strong>ita</strong></span> <span class='ocrx_word' id='word_1_165' title='bbox 3157 976 3213 1019; x_wconf 92' lang='lat' dir='ltr'><strong>ut</strong></span> <span class='ocrx_word' id='word_1_166' title='bbox 3250 982 3387 1036; x_wconf 84' lang='lat' dir='ltr'><strong>pene</strong></span> <span class='ocrx_word' id='word_1_167' title='bbox 3421 968 3520 1036; x_wconf 76' lang='lat' dir='ltr'><strong>ipsi</strong></span> 
     </span>
    </p>
   </div>
   <div class='ocr_carea' id='block_1_25' title="bbox 1931 1048 3523 1126">
    <p class='ocr_par' dir='ltr' id='par_1_25' title="bbox 1931 1048 3523 1126">
     <span class='ocr_line' id='line_1_25' title="bbox 1931 1048 3523 1126; baseline 0.009 -26"><span class='ocrx_word' id='word_1_168' title='bbox 1931 1048 2030 1101; x_wconf 88' lang='lat' dir='ltr'><strong>soli</strong></span> <span class='ocrx_word' id='word_1_169' title='bbox 2060 1049 2239 1104; x_wconf 88' lang='lat' dir='ltr'><strong>omnis</strong></span> <span class='ocrx_word' id='word_1_170' title='bbox 2266 1065 2395 1104; x_wconf 90' lang='lat' dir='ltr'><strong>cura</strong></span> <span class='ocrx_word' id='word_1_171' title='bbox 2425 1066 2487 1105; x_wconf 92' lang='lat' dir='ltr'><strong>ac</strong></span> <span class='ocrx_word' id='word_1_172' title='bbox 2515 1051 2820 1106; x_wconf 87' lang='lat' dir='ltr'><strong>sollicitudo</strong></span> <span class='ocrx_word' id='word_1_173' title='bbox 2848 1054 3140 1123; x_wconf 84' lang='lat' dir='ltr'><strong>psallendi,</strong></span> <span class='ocrx_word' id='word_1_174' title='bbox 3172 1056 3406 1126; x_wconf 80' lang='lat' dir='ltr'><strong>legendi,</strong></span> <span class='ocrx_word' id='word_1_175' title='bbox 3432 1059 3523 1114; x_wconf 82' lang='lat' dir='ltr'><strong>ho-</strong></span> 
     </span>
    </p>
   </div>
   <div class='ocr_carea' id='block_1_26' title="bbox 1932 1142 3521 1214">
    <p class='ocr_par' dir='ltr' id='par_1_26' title="bbox 1932 1142 3521 1214">
     <span class='ocr_line' id='line_1_26' title="bbox 1932 1142 3521 1214; baseline 0.007 -20"><span class='ocrx_word' id='word_1_176' title='bbox 1932 1155 2130 1210; x_wconf 90' lang='lat' dir='ltr'><strong>rasque</strong></span> <span class='ocrx_word' id='word_1_177' title='bbox 2175 1142 2424 1211; x_wconf 87' lang='lat' dir='ltr'><strong>pulsandi</strong></span> <span class='ocrx_word' id='word_1_178' title='bbox 2479 1144 2564 1198; x_wconf 87' lang='lat' dir='ltr'><strong>die</strong></span> <span class='ocrx_word' id='word_1_179' title='bbox 2593 1155 2865 1214; x_wconf 89' lang='lat' dir='ltr'><strong>noctuque</strong></span> <span class='ocrx_word' id='word_1_180' title='bbox 2911 1146 3010 1201; x_wconf 92' lang='lat' dir='ltr'><strong>loci</strong></span> <span class='ocrx_word' id='word_1_181' title='bbox 3069 1147 3212 1202; x_wconf 91' lang='lat' dir='ltr'><strong>illius</strong></span> <span class='ocrx_word' id='word_1_182' title='bbox 3244 1151 3521 1204; x_wconf 75' lang='grc' dir='ltr'><strong>ιηοιιιιιὺοο</strong></span> 
     </span>
    </p>
   </div>
   <div class='ocr_carea' id='block_1_27' title="bbox 1932 1235 3524 1310">
    <p class='ocr_par' dir='ltr' id='par_1_27' title="bbox 1932 1235 3524 1310">
     <span class='ocr_line' id='line_1_27' title="bbox 1932 1235 3524 1310; baseline 0.006 -25"><span class='ocrx_word' id='word_1_183' title='bbox 1932 1241 2044 1286; x_wconf 89' lang='lat' dir='ltr'><strong>ret:</strong></span> <span class='ocrx_word' id='word_1_184' title='bbox 2079 1242 2199 1287; x_wconf 90' lang='lat' dir='ltr'><strong>erat</strong></span> <span class='ocrx_word' id='word_1_185' title='bbox 2221 1235 2366 1289; x_wconf 92' lang='lat' dir='ltr'><strong>enim</strong></span> <span class='ocrx_word' id='word_1_186' title='bbox 2393 1235 2714 1291; x_wconf 68' lang='lat' dir='ltr'><strong>castissima:</strong></span> <span class='ocrx_word' id='word_1_187' title='bbox 2749 1237 2948 1292; x_wconf 88' lang='lat' dir='ltr'><strong>mentis</strong></span> <span class='ocrx_word' id='word_1_188' title='bbox 2984 1246 3040 1292; x_wconf 92' lang='lat' dir='ltr'><strong>et</strong></span> <span class='ocrx_word' id='word_1_189' title='bbox 3069 1254 3333 1308; x_wconf 74' lang='lat' dir='ltr'><strong>corporis,</strong></span> <span class='ocrx_word' id='word_1_190' title='bbox 3367 1257 3524 1310; x_wconf 87' lang='lat' dir='ltr'><strong>para-</strong></span> 
     </span>
    </p>
   </div>
   <div class='ocr_carea' id='block_1_28' title="bbox 1935 1325 3521 1400">
    <p class='ocr_par' dir='ltr' id='par_1_28' title="bbox 1935 1325 3521 1400">
     <span class='ocr_line' id='line_1_28' title="bbox 1935 1325 3521 1400; baseline 0.006 -22"><span class='ocrx_word' id='word_1_191' title='bbox 1935 1333 2020 1379; x_wconf 90' lang='lat' dir='ltr'><strong>tus</strong></span> <span class='ocrx_word' id='word_1_192' title='bbox 2041 1325 2107 1379; x_wconf 92' lang='lat' dir='ltr'><strong>ad</strong></span> <span class='ocrx_word' id='word_1_193' title='bbox 2133 1341 2294 1380; x_wconf 91' lang='lat' dir='ltr'><strong>omne</strong></span> <span class='ocrx_word' id='word_1_194' title='bbox 2322 1327 2554 1392; x_wconf 87' lang='lat' dir='ltr'><strong>bonum;</strong></span> <span class='ocrx_word' id='word_1_195' title='bbox 2584 1344 2649 1382; x_wconf 92' lang='lat' dir='ltr'><strong>ac</strong></span> <span class='ocrx_word' id='word_1_196' title='bbox 2672 1329 3038 1384; x_wconf 85' lang='lat' dir='ltr'><strong>meditabatur</strong></span> <span class='ocrx_word' id='word_1_197' title='bbox 3067 1329 3428 1400; x_wconf 81' lang='lat' dir='ltr'><strong>frequentius,</strong></span> <span class='ocrx_word' id='word_1_198' title='bbox 3473 1335 3521 1388; x_wconf 86' lang='lat' dir='ltr'><strong>si</strong></span> 
     </span>
    </p>
   </div>
   <div class='ocr_carea' id='block_1_29' title="bbox 1933 1415 3521 1493">
    <p class='ocr_par' dir='ltr' id='par_1_29' title="bbox 1933 1415 3521 1493">
     <span class='ocr_line' id='line_1_29' title="bbox 1933 1415 3521 1493; baseline 0.006 -25"><span class='ocrx_word' id='word_1_199' title='bbox 1933 1415 2075 1470; x_wconf 92' lang='lat' dir='ltr'><strong>forte</strong></span> <span class='ocrx_word' id='word_1_200' title='bbox 2126 1417 2432 1486; x_wconf 89' lang='lat' dir='ltr'><strong>quempiam</strong></span> <span class='ocrx_word' id='word_1_201' title='bbox 2477 1419 2718 1488; x_wconf 87' lang='lat' dir='ltr'><strong>reperire</strong></span> <span class='ocrx_word' id='word_1_202' title='bbox 2766 1419 2944 1473; x_wconf 91' lang='lat' dir='ltr'><strong>locum</strong></span> <span class='ocrx_word' id='word_1_203' title='bbox 2989 1419 3209 1483; x_wconf 82' lang='lat' dir='ltr'><strong>valeret,</strong></span> <span class='ocrx_word' id='word_1_204' title='bbox 3249 1424 3315 1476; x_wconf 92' lang='lat' dir='ltr'><strong>ad</strong></span> <span class='ocrx_word' id='word_1_205' title='bbox 3358 1440 3521 1493; x_wconf 74' lang='lat' dir='ltr'><strong>queat</strong></span> 
     </span>
    </p>
   </div>
   <div class='ocr_carea' id='block_1_30' title="bbox 1934 1507 3526 1583">
    <p class='ocr_par' dir='ltr' id='par_1_30' title="bbox 1934 1507 3526 1583">
     <span class='ocr_line' id='line_1_30' title="bbox 1934 1507 3526 1583; baseline 0.006 -23"><span class='ocrx_word' id='word_1_206' title='bbox 1934 1507 2208 1563; x_wconf 88' lang='lat' dir='ltr'><strong>transiens</strong></span> <span class='ocrx_word' id='word_1_207' title='bbox 2233 1509 2482 1564; x_wconf 78' lang='lat' dir='ltr'><strong>devotius</strong></span> <span class='ocrx_word' id='word_1_208' title='bbox 2506 1512 2794 1580; x_wconf 68' lang='lat' dir='ltr'><strong>praeceptis</strong></span> <span class='ocrx_word' id='word_1_209' title='bbox 2816 1513 3156 1583; x_wconf 79' lang='lat' dir='ltr'><strong>regularibus</strong></span> <span class='ocrx_word' id='word_1_210' title='bbox 3181 1515 3443 1570; x_wconf 85' lang='lat' dir='ltr'><strong>inservire</strong></span> <span class='ocrx_word' id='word_1_211' title='bbox 3460 1516 3526 1570; x_wconf 88' lang='lat' dir='ltr'><strong>li-</strong></span> 
     </span>
    </p>
   </div>
   <div class='ocr_carea' id='block_1_31' title="bbox 1932 1597 3524 1678">
    <p class='ocr_par' dir='ltr' id='par_1_31' title="bbox 1932 1597 3524 1678">
     <span class='ocr_line' id='line_1_31' title="bbox 1932 1597 3524 1678; baseline 0.006 -25"><span class='ocrx_word' id='word_1_212' title='bbox 1932 1609 2100 1653; x_wconf 88' lang='lat' dir='ltr'><strong>ceret.</strong></span> <span class='ocrx_word' id='word_1_213' title='bbox 2157 1597 2276 1652; x_wconf 82' lang='lat' dir='ltr'><strong>Jam</strong></span> <span class='ocrx_word' id='word_1_214' title='bbox 2324 1601 2468 1655; x_wconf 88' lang='lat' dir='ltr'><strong>enim</strong></span> <span class='ocrx_word' id='word_1_215' title='bbox 2503 1602 2632 1658; x_wconf 90' lang='lat' dir='ltr'><strong>inibi</strong></span> <span class='ocrx_word' id='word_1_216' title='bbox 2685 1603 2874 1659; x_wconf 79' lang='lat' dir='ltr'><strong>fervor</strong></span> <span class='ocrx_word' id='word_1_217' title='bbox 2915 1604 3214 1674; x_wconf 77' lang='lat' dir='ltr'><strong>disciplina:</strong></span> <span class='ocrx_word' id='word_1_218' title='bbox 3263 1607 3524 1678; x_wconf 80' lang='lat' dir='ltr'><strong>regularis</strong></span> 
     </span>
    </p>
   </div>
   <div class='ocr_carea' id='block_1_32' title="bbox 1932 1694 2519 1762">
    <p class='ocr_par' dir='ltr' id='par_1_32' title="bbox 1932 1694 2519 1762">
     <span class='ocr_line' id='line_1_32' title="bbox 1932 1694 2519 1762; baseline 0.005 -16"><span class='ocrx_word' id='word_1_219' title='bbox 1932 1694 2221 1748; x_wconf 82' lang='lat' dir='ltr'><strong>admodum</strong></span> <span class='ocrx_word' id='word_1_220' title='bbox 2254 1701 2519 1762; x_wconf 86' lang='lat' dir='ltr'><strong>tepuerat.</strong></span> 
     </span>
    </p>
   </div>
   <div class='ocr_carea' id='block_1_33' title="bbox 223 1772 3521 1858">
    <p class='ocr_par' dir='ltr' id='par_1_33' title="bbox 223 1772 3521 1858">
     <span class='ocr_line' id='line_1_33' title="bbox 223 1772 3521 1858; baseline 0.005 -27"><span class='ocrx_word' id='word_1_221' title='bbox 223 1799 466 1853; x_wconf 85' lang='lat' dir='ltr'><strong>quorum</strong></span> <span class='ocrx_word' id='word_1_222' title='bbox 507 1785 808 1854; x_wconf 90' lang='lat' dir='ltr'><strong>profectum</strong></span> <span class='ocrx_word' id='word_1_223' title='bbox 837 1793 952 1842; x_wconf 88' lang='lat' dir='ltr'><strong>toto</strong></span> <span class='ocrx_word' id='word_1_224' title='bbox 981 1784 1267 1839; x_wconf 88' lang='lat' dir='ltr'><strong>conamine</strong></span> <span class='ocrx_word' id='word_1_225' title='bbox 1291 1782 1655 1837; x_wconf 89' lang='lat' dir='ltr'><strong>laboraverat.</strong></span> <span class='ocrx_word' id='word_1_226' title='bbox 1681 1780 1816 1835; x_wconf 84' lang='lat' dir='ltr'><strong>Nam</strong></span> <span class='ocrx_word' id='word_1_227' title='bbox 1849 1772 1899 1832; x_wconf 85' lang='grc' dir='ltr'><strong>Β</strong></span> <span class='ocrx_word' id='word_1_228' title='bbox 1997 1785 2051 1840; x_wconf 92' lang='grc'><strong>8.</strong></span> <span class='ocrx_word' id='word_1_229' title='bbox 2101 1783 2333 1840; x_wconf 89' lang='lat' dir='ltr'><strong>Proinde</strong></span> <span class='ocrx_word' id='word_1_230' title='bbox 2384 1795 2605 1856; x_wconf 89' lang='lat' dir='ltr'><strong>accepta</strong></span> <span class='ocrx_word' id='word_1_231' title='bbox 2658 1790 2930 1858; x_wconf 90' lang='lat' dir='ltr'><strong>quondam</strong></span> <span class='ocrx_word' id='word_1_232' title='bbox 2982 1789 3200 1845; x_wconf 82' lang='lat' dir='ltr'><strong>licentia</strong></span> <span class='ocrx_word' id='word_1_233' title='bbox 3257 1791 3521 1847; x_wconf 87' lang='lat' dir='ltr'><strong>orationis</strong></span> 
     </span>
    </p>
   </div>
   <div class='ocr_carea' id='block_1_34' title="bbox 225 1873 1826 1946">
    <p class='ocr_par' dir='ltr' id='par_1_34' title="bbox 225 1873 1826 1946">
     <span class='ocr_line' id='line_1_34' title="bbox 225 1873 1826 1946; baseline 0.001 -19"><span class='ocrx_word' id='word_1_234' title='bbox 225 1875 358 1928; x_wconf 90' lang='lat' dir='ltr'><strong>olim</strong></span> <span class='ocrx_word' id='word_1_235' title='bbox 391 1875 442 1928; x_wconf 92' lang='lat' dir='ltr'><strong>in</strong></span> <span class='ocrx_word' id='word_1_236' title='bbox 479 1873 802 1930; x_wconf 79' lang='lat' dir='ltr'><strong>Vercellensi</strong></span> <span class='ocrx_word' id='word_1_237' title='bbox 841 1876 978 1930; x_wconf 87' lang='lat' dir='ltr'><strong>urbe</strong></span> <span class='ocrx_word' id='word_1_238' title='bbox 1005 1875 1279 1945; x_wconf 86' lang='lat' dir='ltr'><strong>primitus,</strong></span> <span class='ocrx_word' id='word_1_239' title='bbox 1308 1875 1653 1946; x_wconf 89' lang='lat' dir='ltr'><strong>postmodum</strong></span> <span class='ocrx_word' id='word_1_240' title='bbox 1681 1877 1826 1945; x_wconf 87' lang='lat' dir='ltr'><strong>apud</strong></span> 
     </span>
    </p>
   </div>
   <div class='ocr_carea' id='block_1_35' title="bbox 224 1965 1828 2037">
    <p class='ocr_par' dir='ltr' id='par_1_35' title="bbox 224 1965 1828 2037">
     <span class='ocr_line' id='line_1_35' title="bbox 224 1965 1828 2037; baseline 0.002 -19"><span class='ocrx_word' id='word_1_241' title='bbox 224 1965 509 2030; x_wconf 78' lang='lat' dir='ltr'><strong>Ticinum,</strong></span> <span class='ocrx_word' id='word_1_242' title='bbox 547 1967 649 2020; x_wconf 88' lang='lat' dir='ltr'><strong>sub</strong></span> <span class='ocrx_word' id='word_1_243' title='bbox 688 1973 802 2020; x_wconf 88' lang='lat' dir='ltr'><strong>tuta</strong></span> <span class='ocrx_word' id='word_1_244' title='bbox 839 1967 1083 2021; x_wconf 88' lang='lat' dir='ltr'><strong>custodia</strong></span> <span class='ocrx_word' id='word_1_245' title='bbox 1123 1965 1339 2037; x_wconf 87' lang='lat' dir='ltr'><strong>regulas</strong></span> <span class='ocrx_word' id='word_1_246' title='bbox 1380 1965 1515 2020; x_wconf 90' lang='lat' dir='ltr'><strong>artis</strong></span> <span class='ocrx_word' id='word_1_247' title='bbox 1547 1983 1828 2036; x_wconf 89' lang='lat' dir='ltr'><strong>gramma-</strong></span> 
     </span>
    </p>
   </div>
   <div class='ocr_carea' id='block_1_36' title="bbox 229 2056 1828 2125">
    <p class='ocr_par' dir='ltr' id='par_1_36' title="bbox 229 2056 1828 2125">
     <span class='ocr_line' id='line_1_36' title="bbox 229 2056 1828 2125; baseline 0.002 -17"><span class='ocrx_word' id='word_1_248' title='bbox 229 2057 354 2109; x_wconf 76' lang='lat' dir='ltr'><strong>tica:</strong></span> <span class='ocrx_word' id='word_1_249' title='bbox 401 2057 636 2125; x_wconf 90' lang='lat' dir='ltr'><strong>pleniter</strong></span> <span class='ocrx_word' id='word_1_250' title='bbox 666 2056 952 2112; x_wconf 89' lang='lat' dir='ltr'><strong>didicerat.</strong></span> <span class='ocrx_word' id='word_1_251' title='bbox 1003 2056 1370 2112; x_wconf 84' lang='lat' dir='ltr'><strong>Cunstituitur</strong></span> <span class='ocrx_word' id='word_1_252' title='bbox 1421 2058 1620 2112; x_wconf 91' lang='lat' dir='ltr'><strong>etenim</strong></span> <span class='ocrx_word' id='word_1_253' title='bbox 1663 2058 1828 2111; x_wconf 91' lang='lat' dir='ltr'><strong>divini</strong></span> 
     </span>
    </p>
   </div>
   <div class='ocr_carea' id='block_1_37' title="bbox 225 2148 1825 2220">
    <p class='ocr_par' dir='ltr' id='par_1_37' title="bbox 225 2148 1825 2220">
     <span class='ocr_line' id='line_1_37' title="bbox 225 2148 1825 2220; baseline 0.002 -19"><span class='ocrx_word' id='word_1_254' title='bbox 225 2148 400 2203; x_wconf 73' lang='lat' dir='ltr'><strong>omen</strong></span> <span class='ocrx_word' id='word_1_255' title='bbox 431 2149 682 2204; x_wconf 88' lang='lat' dir='ltr'><strong>assiduus</strong></span> <span class='ocrx_word' id='word_1_256' title='bbox 704 2159 911 2215; x_wconf 86' lang='lat' dir='ltr'><strong>custos,</strong></span> <span class='ocrx_word' id='word_1_257' title='bbox 937 2166 1000 2205; x_wconf 92' lang='lat' dir='ltr'><strong>ac</strong></span> <span class='ocrx_word' id='word_1_258' title='bbox 1030 2151 1228 2206; x_wconf 79' lang='lat' dir='ltr'><strong>schola:</strong></span> <span class='ocrx_word' id='word_1_259' title='bbox 1257 2150 1508 2220; x_wconf 85' lang='lat' dir='ltr'><strong>capitalis</strong></span> <span class='ocrx_word' id='word_1_260' title='bbox 1532 2151 1673 2206; x_wconf 92' lang='lat' dir='ltr'><strong>illius</strong></span> <span class='ocrx_word' id='word_1_261' title='bbox 1699 2151 1825 2204; x_wconf 84' lang='lat' dir='ltr'><strong>loci.</strong></span> 
     </span>
    </p>
   </div>
   <div class='ocr_carea' id='block_1_38' title="bbox 227 2240 1822 2312">
    <p class='ocr_par' dir='ltr' id='par_1_38' title="bbox 227 2240 1822 2312">
     <span class='ocr_line' id='line_1_38' title="bbox 227 2240 1822 2312; baseline 0.002 -19"><span class='ocrx_word' id='word_1_262' title='bbox 227 2242 333 2308; x_wconf 88' lang='lat' dir='ltr'><strong>Qui</strong></span> <span class='ocrx_word' id='word_1_263' title='bbox 384 2240 524 2295; x_wconf 83' lang='lat' dir='ltr'><strong>felici</strong></span> <span class='ocrx_word' id='word_1_264' title='bbox 569 2241 830 2296; x_wconf 91' lang='lat' dir='ltr'><strong>virtutum</strong></span> <span class='ocrx_word' id='word_1_265' title='bbox 874 2243 1232 2307; x_wconf 90' lang='lat' dir='ltr'><strong>incremento,</strong></span> <span class='ocrx_word' id='word_1_266' title='bbox 1265 2241 1627 2306; x_wconf 90' lang='lat' dir='ltr'><strong>Deofavente,</strong></span> <span class='ocrx_word' id='word_1_267' title='bbox 1661 2243 1822 2312; x_wconf 87' lang='lat' dir='ltr'><strong>profi-</strong></span> 
     </span>
    </p>
   </div>
   <div class='ocr_carea' id='block_1_39' title="bbox 227 2332 1832 2402">
    <p class='ocr_par' dir='ltr' id='par_1_39' title="bbox 227 2332 1832 2402">
     <span class='ocr_line' id='line_1_39' title="bbox 227 2332 1832 2402; baseline 0.002 -18"><span class='ocrx_word' id='word_1_268' title='bbox 227 2332 408 2394; x_wconf 91' lang='lat' dir='ltr'><strong>ciens,</strong></span> <span class='ocrx_word' id='word_1_269' title='bbox 436 2333 725 2387; x_wconf 87' lang='lat' dir='ltr'><strong>commissa</strong></span> <span class='ocrx_word' id='word_1_270' title='bbox 760 2342 845 2388; x_wconf 89' lang='lat' dir='ltr'><strong>est</strong></span> <span class='ocrx_word' id='word_1_271' title='bbox 875 2334 924 2388; x_wconf 92' lang='lat' dir='ltr'><strong>ei</strong></span> <span class='ocrx_word' id='word_1_272' title='bbox 957 2333 1236 2389; x_wconf 87' lang='lat' dir='ltr'><strong>secretarii</strong></span> <span class='ocrx_word' id='word_1_273' title='bbox 1287 2349 1417 2388; x_wconf 89' lang='lat' dir='ltr'><strong>cura</strong></span> <span class='ocrx_word' id='word_1_274' title='bbox 1453 2343 1619 2402; x_wconf 89' lang='lat' dir='ltr'><strong>atque</strong></span> <span class='ocrx_word' id='word_1_275' title='bbox 1656 2335 1832 2387; x_wconf 81' lang='lat' dir='ltr'><strong>admi-</strong></span> 
     </span>
    </p>
   </div>
   <div class='ocr_carea' id='block_1_40' title="bbox 228 2426 1833 2496">
    <p class='ocr_par' dir='ltr' id='par_1_40' title="bbox 228 2426 1833 2496">
     <span class='ocr_line' id='line_1_40' title="bbox 228 2426 1833 2496; baseline 0 -16"><span class='ocrx_word' id='word_1_276' title='bbox 228 2427 509 2490; x_wconf 86' lang='lat' dir='ltr'><strong>nistratio,</strong></span> <span class='ocrx_word' id='word_1_277' title='bbox 536 2442 637 2481; x_wconf 90' lang='lat' dir='ltr'><strong>nec</strong></span> <span class='ocrx_word' id='word_1_278' title='bbox 662 2443 768 2482; x_wconf 90' lang='lat' dir='ltr'><strong>non</strong></span> <span class='ocrx_word' id='word_1_279' title='bbox 809 2427 973 2482; x_wconf 88' lang='lat' dir='ltr'><strong>etiam</strong></span> <span class='ocrx_word' id='word_1_280' title='bbox 1008 2427 1172 2481; x_wconf 92' lang='lat' dir='ltr'><strong>totius</strong></span> <span class='ocrx_word' id='word_1_281' title='bbox 1206 2426 1554 2496; x_wconf 90' lang='lat' dir='ltr'><strong>supellectilis</strong></span> <span class='ocrx_word' id='word_1_282' title='bbox 1578 2435 1833 2482; x_wconf 87' lang='lat' dir='ltr'><strong>sanctua-</strong></span> 
     </span>
    </p>
   </div>
   <div class='ocr_carea' id='block_1_41' title="bbox 229 2519 1477 2590">
    <p class='ocr_par' dir='ltr' id='par_1_41' title="bbox 229 2519 1477 2590">
     <span class='ocr_line' id='line_1_41' title="bbox 229 2519 1477 2590; baseline -0.002 -16"><span class='ocrx_word' id='word_1_283' title='bbox 229 2521 320 2585; x_wconf 84' lang='lat' dir='ltr'><strong>rii,</strong></span> <span class='ocrx_word' id='word_1_284' title='bbox 375 2521 521 2575; x_wconf 92' lang='lat' dir='ltr'><strong>domi</strong></span> <span class='ocrx_word' id='word_1_285' title='bbox 554 2521 792 2590; x_wconf 88' lang='lat' dir='ltr'><strong>forisque</strong></span> <span class='ocrx_word' id='word_1_286' title='bbox 817 2521 1170 2575; x_wconf 81' lang='lat' dir='ltr'><strong>consiliorum</strong></span> <span class='ocrx_word' id='word_1_287' title='bbox 1206 2519 1477 2574; x_wconf 77' lang='lat' dir='ltr'><strong>ditiiuitio.</strong></span> 
     </span>
    </p>
   </div>
   <div class='ocr_carea' id='block_1_42' title="bbox 299 2609 1831 2681">
    <p class='ocr_par' dir='ltr' id='par_1_42' title="bbox 299 2609 1831 2681">
     <span class='ocr_line' id='line_1_42' title="bbox 299 2609 1831 2681; baseline 0 -17"><span class='ocrx_word' id='word_1_288' title='bbox 299 2611 354 2664; x_wconf 88' lang='grc'><strong>6.</strong></span> <span class='ocrx_word' id='word_1_289' title='bbox 403 2609 617 2664; x_wconf 81' lang='lat' dir='ltr'><strong>Patrem</strong></span> <span class='ocrx_word' id='word_1_290' title='bbox 652 2610 721 2663; x_wconf 85' lang='lat' dir='ltr'><strong>ad</strong></span> <span class='ocrx_word' id='word_1_291' title='bbox 751 2611 1096 2665; x_wconf 75' lang='lat' dir='ltr'><strong>monasticam</strong></span> <span class='ocrx_word' id='word_1_292' title='bbox 1122 2612 1280 2665; x_wconf 82' lang='lat' dir='ltr'><strong>vitam</strong></span> <span class='ocrx_word' id='word_1_293' title='bbox 1321 2609 1540 2664; x_wconf 76' lang='lat' dir='ltr'><strong>inducit.</strong></span> <span class='ocrx_word' id='word_1_294' title='bbox 1565 2640 1634 2650; x_wconf 88' lang='lat'><strong>—-</strong></span> <span class='ocrx_word' id='word_1_295' title='bbox 1656 2611 1831 2681; x_wconf 63' lang='lat' dir='ltr'><strong>Cmpit</strong></span> 
     </span>
    </p>
   </div>
   <div class='ocr_carea' id='block_1_43' title="bbox 230 2701 1832 2773">
    <p class='ocr_par' dir='ltr' id='par_1_43' title="bbox 230 2701 1832 2773">
     <span class='ocr_line' id='line_1_43' title="bbox 230 2701 1832 2773; baseline -0.001 -16"><span class='ocrx_word' id='word_1_296' title='bbox 230 2703 452 2758; x_wconf 89' lang='lat' dir='ltr'><strong>interim</strong></span> <span class='ocrx_word' id='word_1_297' title='bbox 494 2702 738 2772; x_wconf 87' lang='lat' dir='ltr'><strong>cogitare</strong></span> <span class='ocrx_word' id='word_1_298' title='bbox 778 2702 1011 2773; x_wconf 86' lang='lat' dir='ltr'><strong>qualiter</strong></span> <span class='ocrx_word' id='word_1_299' title='bbox 1049 2718 1206 2756; x_wconf 92' lang='lat' dir='ltr'><strong>suum</strong></span> <span class='ocrx_word' id='word_1_300' title='bbox 1246 2703 1543 2773; x_wconf 89' lang='lat' dir='ltr'><strong>genitorem</strong></span> <span class='ocrx_word' id='word_1_301' title='bbox 1593 2718 1622 2755; x_wconf 93' lang='lat' dir='ltr'><strong>a</strong></span> <span class='ocrx_word' id='word_1_302' title='bbox 1661 2701 1832 2757; x_wconf 83' lang='lat' dir='ltr'><strong>flucti-</strong></span> 
     </span>
    </p>
   </div>
   <div class='ocr_carea' id='block_1_44' title="bbox 231 2793 1831 2867">
    <p class='ocr_par' dir='ltr' id='par_1_44' title="bbox 231 2793 1831 2867">
     <span class='ocr_line' id='line_1_44' title="bbox 231 2793 1831 2867; baseline 0 -18"><span class='ocrx_word' id='word_1_303' title='bbox 231 2811 374 2867; x_wconf 82' lang='lat' dir='ltr'><strong>vaga</strong></span> <span class='ocrx_word' id='word_1_304' title='bbox 412 2796 573 2852; x_wconf 89' lang='lat' dir='ltr'><strong>istius</strong></span> <span class='ocrx_word' id='word_1_305' title='bbox 602 2795 785 2850; x_wconf 70' lang='lat' dir='ltr'><strong>smculi</strong></span> <span class='ocrx_word' id='word_1_306' title='bbox 815 2811 946 2850; x_wconf 90' lang='lat' dir='ltr'><strong>cura</strong></span> <span class='ocrx_word' id='word_1_307' title='bbox 971 2795 1341 2862; x_wconf 87' lang='lat' dir='ltr'><strong>subtraheret,</strong></span> <span class='ocrx_word' id='word_1_308' title='bbox 1374 2809 1437 2849; x_wconf 90' lang='lat' dir='ltr'><strong>ac</strong></span> <span class='ocrx_word' id='word_1_309' title='bbox 1467 2794 1610 2863; x_wconf 92' lang='lat' dir='ltr'><strong>quod</strong></span> <span class='ocrx_word' id='word_1_310' title='bbox 1647 2793 1720 2849; x_wconf 92' lang='lat' dir='ltr'><strong>llli</strong></span> <span class='ocrx_word' id='word_1_311' title='bbox 1750 2795 1831 2850; x_wconf 92' lang='lat' dir='ltr'><strong>vi-</strong></span> 
     </span>
    </p>
   </div>
   <div class='ocr_carea' id='block_1_45' title="bbox 233 2891 1828 2960">
    <p class='ocr_par' dir='ltr' id='par_1_45' title="bbox 233 2891 1828 2960">
     <span class='ocr_line' id='line_1_45' title="bbox 233 2891 1828 2960; baseline 0.001 -16"><span class='ocrx_word' id='word_1_312' title='bbox 233 2901 301 2946; x_wconf 65' lang='lat' dir='ltr'><strong>tae</strong></span> <span class='ocrx_word' id='word_1_313' title='bbox 338 2900 630 2960; x_wconf 88' lang='lat' dir='ltr'><strong>supererat</strong></span> <span class='ocrx_word' id='word_1_314' title='bbox 661 2907 844 2946; x_wconf 90' lang='lat' dir='ltr'><strong>secum</strong></span> <span class='ocrx_word' id='word_1_315' title='bbox 885 2892 939 2946; x_wconf 89' lang='lat' dir='ltr'><strong>in</strong></span> <span class='ocrx_word' id='word_1_316' title='bbox 990 2891 1323 2946; x_wconf 84' lang='lat' dir='ltr'><strong>monasterio</strong></span> <span class='ocrx_word' id='word_1_317' title='bbox 1371 2905 1468 2960; x_wconf 88' lang='lat' dir='ltr'><strong>pro</strong></span> <span class='ocrx_word' id='word_1_318' title='bbox 1496 2899 1699 2945; x_wconf 74' lang='lat' dir='ltr'><strong>mterna</strong></span> <span class='ocrx_word' id='word_1_319' title='bbox 1739 2906 1828 2946; x_wconf 90' lang='lat' dir='ltr'><strong>re-</strong></span> 
     </span>
    </p>
   </div>
   <div class='ocr_carea' id='block_1_46' title="bbox 231 2978 1828 3050">
    <p class='ocr_par' dir='ltr' id='par_1_46' title="bbox 231 2978 1828 3050">
     <span class='ocr_line' id='line_1_46' title="bbox 231 2978 1828 3050; baseline -0.001 -16"><span class='ocrx_word' id='word_1_320' title='bbox 231 2983 360 3050; x_wconf 90' lang='lat' dir='ltr'><strong>quie</strong></span> <span class='ocrx_word' id='word_1_321' title='bbox 383 2980 683 3035; x_wconf 89' lang='lat' dir='ltr'><strong>laborando</strong></span> <span class='ocrx_word' id='word_1_322' title='bbox 721 2988 1086 3036; x_wconf 91' lang='lat' dir='ltr'><strong>consumeret.</strong></span> <span class='ocrx_word' id='word_1_323' title='bbox 1126 2980 1260 3034; x_wconf 72' lang='lat' dir='ltr'><strong>Nam</strong></span> <span class='ocrx_word' id='word_1_324' title='bbox 1315 2991 1491 3033; x_wconf 88' lang='lat' dir='ltr'><strong>mater</strong></span> <span class='ocrx_word' id='word_1_325' title='bbox 1531 2978 1673 3032; x_wconf 90' lang='lat' dir='ltr'><strong>illius</strong></span> <span class='ocrx_word' id='word_1_326' title='bbox 1715 2980 1828 3050; x_wconf 84' lang='lat' dir='ltr'><strong>jam</strong></span> 
     </span>
    </p>
   </div>
   <div class='ocr_carea' id='block_1_47' title="bbox 1927 1877 3520 1948">
    <p class='ocr_par' dir='ltr' id='par_1_47' title="bbox 1927 1877 3520 1948">
     <span class='ocr_line' id='line_1_47' title="bbox 1927 1877 3520 1948; baseline 0.006 -19"><span class='ocrx_word' id='word_1_327' title='bbox 1927 1890 1990 1930; x_wconf 86' lang='lat' dir='ltr'><strong>ac</strong></span> <span class='ocrx_word' id='word_1_328' title='bbox 2015 1877 2341 1932; x_wconf 90' lang='lat' dir='ltr'><strong>visitationis</strong></span> <span class='ocrx_word' id='word_1_329' title='bbox 2378 1878 2574 1948; x_wconf 88' lang='lat' dir='ltr'><strong>gratia,</strong></span> <span class='ocrx_word' id='word_1_330' title='bbox 2610 1889 2669 1934; x_wconf 91' lang='lat' dir='ltr'><strong>ut</strong></span> <span class='ocrx_word' id='word_1_331' title='bbox 2714 1881 2780 1934; x_wconf 91' lang='lat' dir='ltr'><strong>ad</strong></span> <span class='ocrx_word' id='word_1_332' title='bbox 2831 1883 3223 1937; x_wconf 89' lang='lat' dir='ltr'><strong>monasterium</strong></span> <span class='ocrx_word' id='word_1_333' title='bbox 3253 1883 3398 1939; x_wconf 86' lang='lat' dir='ltr'><strong>beati</strong></span> <span class='ocrx_word' id='word_1_334' title='bbox 3429 1900 3520 1938; x_wconf 91' lang='lat' dir='ltr'><strong>ar-</strong></span> 
     </span>
    </p>
   </div>
   <div class='ocr_carea' id='block_1_48' title="bbox 1927 1968 3522 2041">
    <p class='ocr_par' dir='ltr' id='par_1_48' title="bbox 1927 1968 3522 2041">
     <span class='ocr_line' id='line_1_48' title="bbox 1927 1968 3522 2041; baseline 0.003 -19"><span class='ocrx_word' id='word_1_335' title='bbox 1927 1969 2177 2038; x_wconf 88' lang='lat' dir='ltr'><strong>changeli</strong></span> <span class='ocrx_word' id='word_1_336' title='bbox 2213 1968 2512 2024; x_wconf 69' lang='lat' dir='ltr'><strong>Michaelis</strong></span> <span class='ocrx_word' id='word_1_337' title='bbox 2543 1969 2680 2041; x_wconf 74' lang='lat'><strong>(28),</strong></span> <span class='ocrx_word' id='word_1_338' title='bbox 2709 1972 2853 2040; x_wconf 90' lang='lat' dir='ltr'><strong>quod</strong></span> <span class='ocrx_word' id='word_1_339' title='bbox 2903 1972 3066 2026; x_wconf 91' lang='lat' dir='ltr'><strong>situm</strong></span> <span class='ocrx_word' id='word_1_340' title='bbox 3118 1983 3332 2028; x_wconf 88' lang='lat' dir='ltr'><strong>constat</strong></span> <span class='ocrx_word' id='word_1_341' title='bbox 3364 1974 3416 2028; x_wconf 89' lang='lat' dir='ltr'><strong>in</strong></span> <span class='ocrx_word' id='word_1_342' title='bbox 3443 1974 3522 2028; x_wconf 90' lang='lat' dir='ltr'><strong>al-</strong></span> 
     </span>
    </p>
   </div>
   <div class='ocr_carea' id='block_1_49' title="bbox 1931 2060 3521 2132">
    <p class='ocr_par' dir='ltr' id='par_1_49' title="bbox 1931 2060 3521 2132">
     <span class='ocr_line' id='line_1_49' title="bbox 1931 2060 3521 2132; baseline 0.003 -18"><span class='ocrx_word' id='word_1_343' title='bbox 1931 2061 2156 2115; x_wconf 90' lang='lat' dir='ltr'><strong>tissimis</strong></span> <span class='ocrx_word' id='word_1_344' title='bbox 2183 2060 2328 2130; x_wconf 90' lang='lat' dir='ltr'><strong>jugis</strong></span> <span class='ocrx_word' id='word_1_345' title='bbox 2361 2061 2598 2130; x_wconf 82' lang='lat' dir='ltr'><strong>Alpium,</strong></span> <span class='ocrx_word' id='word_1_346' title='bbox 2624 2071 2895 2132; x_wconf 81' lang='lat' dir='ltr'><strong>pergeret.</strong></span> <span class='ocrx_word' id='word_1_347' title='bbox 2930 2061 3033 2128; x_wconf 85' lang='lat' dir='ltr'><strong>Qui</strong></span> <span class='ocrx_word' id='word_1_348' title='bbox 3066 2063 3190 2117; x_wconf 89' lang='lat' dir='ltr'><strong>dum</strong></span> <span class='ocrx_word' id='word_1_349' title='bbox 3223 2064 3290 2117; x_wconf 90' lang='lat' dir='ltr'><strong>ad</strong></span> <span class='ocrx_word' id='word_1_350' title='bbox 3316 2066 3521 2118; x_wconf 87' lang='lat' dir='ltr'><strong>montis</strong></span> 
     </span>
    </p>
   </div>
   <div class='ocr_carea' id='block_1_50' title="bbox 1930 2152 3518 2222">
    <p class='ocr_par' dir='ltr' id='par_1_50' title="bbox 1930 2152 3518 2222">
     <span class='ocr_line' id='line_1_50' title="bbox 1930 2152 3518 2222; baseline 0.003 -17"><span class='ocrx_word' id='word_1_351' title='bbox 1930 2152 2142 2208; x_wconf 79' lang='lat' dir='ltr'><strong>radices</strong></span> <span class='ocrx_word' id='word_1_352' title='bbox 2168 2152 2497 2212; x_wconf 86' lang='lat' dir='ltr'><strong>devenisset.</strong></span> <span class='ocrx_word' id='word_1_353' title='bbox 2527 2161 2712 2222; x_wconf 89' lang='lat' dir='ltr'><strong>atque,</strong></span> <span class='ocrx_word' id='word_1_354' title='bbox 2747 2163 2803 2206; x_wconf 94' lang='lat' dir='ltr'><strong>ut</strong></span> <span class='ocrx_word' id='word_1_355' title='bbox 2831 2163 2915 2208; x_wconf 89' lang='lat' dir='ltr'><strong>est</strong></span> <span class='ocrx_word' id='word_1_356' title='bbox 2939 2153 3304 2221; x_wconf 88' lang='lat' dir='ltr'><strong>iterarduum,</strong></span> <span class='ocrx_word' id='word_1_357' title='bbox 3327 2170 3518 2210; x_wconf 88' lang='lat' dir='ltr'><strong>ascen-</strong></span> 
     </span>
    </p>
   </div>
   <div class='ocr_carea' id='block_1_51' title="bbox 1930 2243 3518 2315">
    <p class='ocr_par' dir='ltr' id='par_1_51' title="bbox 1930 2243 3518 2315">
     <span class='ocr_line' id='line_1_51' title="bbox 1930 2243 3518 2315; baseline 0.002 -18"><span class='ocrx_word' id='word_1_358' title='bbox 1930 2243 2090 2298; x_wconf 88' lang='lat' dir='ltr'><strong>dendi</strong></span> <span class='ocrx_word' id='word_1_359' title='bbox 2134 2244 2200 2298; x_wconf 90' lang='lat' dir='ltr'><strong>ad</strong></span> <span class='ocrx_word' id='word_1_360' title='bbox 2235 2243 2627 2298; x_wconf 89' lang='lat' dir='ltr'><strong>monasterium</strong></span> <span class='ocrx_word' id='word_1_361' title='bbox 2679 2243 2796 2312; x_wconf 90' lang='lat' dir='ltr'><strong>jam</strong></span> <span class='ocrx_word' id='word_1_362' title='bbox 2824 2259 2962 2314; x_wconf 86' lang='lat' dir='ltr'><strong>pene</strong></span> <span class='ocrx_word' id='word_1_363' title='bbox 2984 2254 3294 2313; x_wconf 82' lang='lat' dir='ltr'><strong>superaret;</strong></span> <span class='ocrx_word' id='word_1_364' title='bbox 3351 2247 3518 2315; x_wconf 90' lang='lat' dir='ltr'><strong>ipsius</strong></span> 
     </span>
    </p>
   </div>
   <div class='ocr_carea' id='block_1_52' title="bbox 1929 2337 3520 2408">
    <p class='ocr_par' dir='ltr' id='par_1_52' title="bbox 1929 2337 3520 2408">
     <span class='ocr_line' id='line_1_52' title="bbox 1929 2337 3520 2408; baseline 0.002 -18"><span class='ocrx_word' id='word_1_365' title='bbox 1929 2351 2122 2404; x_wconf 88' lang='lat' dir='ltr'><strong>equus,</strong></span> <span class='ocrx_word' id='word_1_366' title='bbox 2149 2351 2307 2404; x_wconf 89' lang='lat' dir='ltr'><strong>quem</strong></span> <span class='ocrx_word' id='word_1_367' title='bbox 2327 2345 2447 2406; x_wconf 91' lang='lat' dir='ltr'><strong>post</strong></span> <span class='ocrx_word' id='word_1_368' title='bbox 2470 2352 2528 2390; x_wconf 86' lang='lat' dir='ltr'><strong>se</strong></span> <span class='ocrx_word' id='word_1_369' title='bbox 2551 2337 2758 2391; x_wconf 83' lang='lat' dir='ltr'><strong>habena</strong></span> <span class='ocrx_word' id='word_1_370' title='bbox 2781 2338 3002 2394; x_wconf 82' lang='lat' dir='ltr'><strong>dextera</strong></span> <span class='ocrx_word' id='word_1_371' title='bbox 3027 2338 3222 2407; x_wconf 83' lang='lat' dir='ltr'><strong>injecta</strong></span> <span class='ocrx_word' id='word_1_372' title='bbox 3248 2341 3520 2408; x_wconf 77' lang='lat' dir='ltr'><strong>trahebat,</strong></span> 
     </span>
    </p>
   </div>
   <div class='ocr_carea' id='block_1_53' title="bbox 1929 2427 3520 2498">
    <p class='ocr_par' dir='ltr' id='par_1_53' title="bbox 1929 2427 3520 2498">
     <span class='ocr_line' id='line_1_53' title="bbox 1929 2427 3520 2498; baseline 0.002 -17"><span class='ocrx_word' id='word_1_373' title='bbox 1929 2427 1998 2481; x_wconf 91' lang='lat' dir='ltr'><strong>ab</strong></span> <span class='ocrx_word' id='word_1_374' title='bbox 2025 2434 2253 2495; x_wconf 86' lang='lat' dir='ltr'><strong>angusto</strong></span> <span class='ocrx_word' id='word_1_375' title='bbox 2287 2427 2502 2481; x_wconf 87' lang='lat' dir='ltr'><strong>tramite</strong></span> <span class='ocrx_word' id='word_1_376' title='bbox 2542 2429 2677 2495; x_wconf 90' lang='lat' dir='ltr'><strong>pede</strong></span> <span class='ocrx_word' id='word_1_377' title='bbox 2727 2427 2925 2482; x_wconf 91' lang='lat' dir='ltr'><strong>lueudo</strong></span> <span class='ocrx_word' id='word_1_378' title='bbox 2964 2430 3238 2498; x_wconf 90' lang='lat' dir='ltr'><strong>paululum</strong></span> <span class='ocrx_word' id='word_1_379' title='bbox 3273 2431 3520 2496; x_wconf 85' lang='lat' dir='ltr'><strong>devians,</strong></span> 
     </span>
    </p>
   </div>
   <div class='ocr_carea' id='block_1_54' title="bbox 1930 2520 3520 2590">
    <p class='ocr_par' dir='ltr' id='par_1_54' title="bbox 1930 2520 3520 2590">
     <span class='ocr_line' id='line_1_54' title="bbox 1930 2520 3520 2590; baseline 0 -16"><span class='ocrx_word' id='word_1_380' title='bbox 1930 2535 2156 2575; x_wconf 88' lang='lat' dir='ltr'><strong>excussa</strong></span> <span class='ocrx_word' id='word_1_381' title='bbox 2183 2522 2414 2585; x_wconf 89' lang='lat' dir='ltr'><strong>habena,</strong></span> <span class='ocrx_word' id='word_1_382' title='bbox 2443 2529 2704 2590; x_wconf 89' lang='lat' dir='ltr'><strong>quantum</strong></span> <span class='ocrx_word' id='word_1_383' title='bbox 2736 2529 2819 2574; x_wconf 87' lang='lat' dir='ltr'><strong>est</strong></span> <span class='ocrx_word' id='word_1_384' title='bbox 2845 2520 2973 2574; x_wconf 90' lang='lat' dir='ltr'><strong>illud</strong></span> <span class='ocrx_word' id='word_1_385' title='bbox 3003 2521 3239 2575; x_wconf 89' lang='lat' dir='ltr'><strong>immane</strong></span> <span class='ocrx_word' id='word_1_386' title='bbox 3269 2521 3520 2590; x_wconf 68' lang='lat' dir='ltr'><strong>praecipi-</strong></span> 
     </span>
    </p>
   </div>
   <div class='ocr_carea' id='block_1_55' title="bbox 1931 2612 3517 2680">
    <p class='ocr_par' dir='ltr' id='par_1_55' title="bbox 1931 2612 3517 2680">
     <span class='ocr_line' id='line_1_55' title="bbox 1931 2612 3517 2680; baseline 0 -14"><span class='ocrx_word' id='word_1_387' title='bbox 1931 2615 2089 2680; x_wconf 90' lang='lat' dir='ltr'><strong>tium,</strong></span> <span class='ocrx_word' id='word_1_388' title='bbox 2144 2624 2289 2668; x_wconf 86' lang='lat' dir='ltr'><strong>totus</strong></span> <span class='ocrx_word' id='word_1_389' title='bbox 2329 2613 2454 2668; x_wconf 87' lang='lat' dir='ltr'><strong>ruit.</strong></span> <span class='ocrx_word' id='word_1_390' title='bbox 2510 2612 2662 2680; x_wconf 85' lang='lat' dir='ltr'><strong>Quod</strong></span> <span class='ocrx_word' id='word_1_391' title='bbox 2710 2627 2940 2667; x_wconf 85' lang='lat' dir='ltr'><strong>cernens</strong></span> <span class='ocrx_word' id='word_1_392' title='bbox 2982 2613 3067 2666; x_wconf 87' lang='lat' dir='ltr'><strong>vir</strong></span> <span class='ocrx_word' id='word_1_393' title='bbox 3109 2612 3218 2666; x_wconf 91' lang='lat' dir='ltr'><strong>Deo</strong></span> <span class='ocrx_word' id='word_1_394' title='bbox 3264 2613 3517 2678; x_wconf 88' lang='lat' dir='ltr'><strong>devotus,</strong></span> 
     </span>
    </p>
   </div>
   <div class='ocr_carea' id='block_1_56' title="bbox 1931 2703 3517 2775">
    <p class='ocr_par' dir='ltr' id='par_1_56' title="bbox 1931 2703 3517 2775">
     <span class='ocr_line' id='line_1_56' title="bbox 1931 2703 3517 2775; baseline -0.001 -16"><span class='ocrx_word' id='word_1_395' title='bbox 1931 2715 2110 2759; x_wconf 88' lang='lat' dir='ltr'><strong>mente</strong></span> <span class='ocrx_word' id='word_1_396' title='bbox 2137 2706 2354 2775; x_wconf 87' lang='lat' dir='ltr'><strong>quidem</strong></span> <span class='ocrx_word' id='word_1_397' title='bbox 2398 2705 2712 2768; x_wconf 80' lang='lat' dir='ltr'><strong>exterritus,</strong></span> <span class='ocrx_word' id='word_1_398' title='bbox 2747 2703 2895 2757; x_wconf 90' lang='lat' dir='ltr'><strong>vultu</strong></span> <span class='ocrx_word' id='word_1_399' title='bbox 2932 2712 3112 2757; x_wconf 89' lang='lat' dir='ltr'><strong>tamen</strong></span> <span class='ocrx_word' id='word_1_400' title='bbox 3155 2715 3350 2758; x_wconf 83' lang='lat' dir='ltr'><strong>sereno</strong></span> <span class='ocrx_word' id='word_1_401' title='bbox 3390 2720 3517 2774; x_wconf 89' lang='lat' dir='ltr'><strong>per-</strong></span> 
     </span>
    </p>
   </div>
   <div class='ocr_carea' id='block_1_57' title="bbox 1932 2793 3518 2863">
    <p class='ocr_par' dir='ltr' id='par_1_57' title="bbox 1932 2793 3518 2863">
     <span class='ocr_line' id='line_1_57' title="bbox 1932 2793 3518 2863; baseline -0.001 -14"><span class='ocrx_word' id='word_1_402' title='bbox 1932 2795 2074 2850; x_wconf 81' lang='lat' dir='ltr'><strong>rexit</strong></span> <span class='ocrx_word' id='word_1_403' title='bbox 2096 2795 2160 2850; x_wconf 90' lang='lat' dir='ltr'><strong>ad</strong></span> <span class='ocrx_word' id='word_1_404' title='bbox 2187 2794 2496 2860; x_wconf 89' lang='lat' dir='ltr'><strong>ecclesiam,</strong></span> <span class='ocrx_word' id='word_1_405' title='bbox 2529 2794 2761 2850; x_wconf 85' lang='lat' dir='ltr'><strong>orationi</strong></span> <span class='ocrx_word' id='word_1_406' title='bbox 2791 2793 3056 2857; x_wconf 89' lang='lat' dir='ltr'><strong>incubuit,</strong></span> <span class='ocrx_word' id='word_1_407' title='bbox 3080 2793 3263 2863; x_wconf 90' lang='lat' dir='ltr'><strong>ibique</strong></span> <span class='ocrx_word' id='word_1_408' title='bbox 3287 2795 3518 2859; x_wconf 80' lang='lat' dir='ltr'><strong>diutius,</strong></span> 
     </span>
    </p>
   </div>
   <div class='ocr_carea' id='block_1_58' title="bbox 1931 2885 3521 2957">
    <p class='ocr_par' dir='ltr' id='par_1_58' title="bbox 1931 2885 3521 2957">
     <span class='ocr_line' id='line_1_58' title="bbox 1931 2885 3521 2957; baseline -0.002 -14"><span class='ocrx_word' id='word_1_409' title='bbox 1931 2903 1997 2944; x_wconf 81' lang='lat' dir='ltr'><strong>ac</strong></span> <span class='ocrx_word' id='word_1_410' title='bbox 2035 2888 2081 2944; x_wconf 86' lang='lat' dir='ltr'><strong>si</strong></span> <span class='ocrx_word' id='word_1_411' title='bbox 2134 2888 2211 2943; x_wconf 92' lang='lat' dir='ltr'><strong>nil</strong></span> <span class='ocrx_word' id='word_1_412' title='bbox 2263 2888 2477 2943; x_wconf 86' lang='lat' dir='ltr'><strong>adversi</strong></span> <span class='ocrx_word' id='word_1_413' title='bbox 2521 2887 2856 2957; x_wconf 75' lang='lat' dir='ltr'><strong>contigisset,</strong></span> <span class='ocrx_word' id='word_1_414' title='bbox 2897 2885 3096 2940; x_wconf 85' lang='lat' dir='ltr'><strong>oravit.</strong></span> <span class='ocrx_word' id='word_1_415' title='bbox 3147 2885 3349 2940; x_wconf 87' lang='lat' dir='ltr'><strong>Deinde</strong></span> <span class='ocrx_word' id='word_1_416' title='bbox 3392 2902 3521 2940; x_wconf 85' lang='lat' dir='ltr'><strong>vero</strong></span> 
     </span>
    </p>
   </div>
   <div class='ocr_carea' id='block_1_59' title="bbox 1930 2976 3521 3047">
    <p class='ocr_par' dir='ltr' id='par_1_59' title="bbox 1930 2976 3521 3047">
     <span class='ocr_line' id='line_1_59' title="bbox 1930 2976 3521 3047; baseline -0.003 -12"><span class='ocrx_word' id='word_1_417' title='bbox 1930 2981 2144 3046; x_wconf 87' lang='lat' dir='ltr'><strong>exiens,</strong></span> <span class='ocrx_word' id='word_1_418' title='bbox 2168 2980 2318 3035; x_wconf 92' lang='lat' dir='ltr'><strong>misit</strong></span> <span class='ocrx_word' id='word_1_419' title='bbox 2343 2978 2627 3047; x_wconf 90' lang='lat' dir='ltr'><strong>famulum,</strong></span> <span class='ocrx_word' id='word_1_420' title='bbox 2662 2979 2705 3032; x_wconf 91' lang='lat' dir='ltr'><strong>si</strong></span> <span class='ocrx_word' id='word_1_421' title='bbox 2738 2977 2877 3033; x_wconf 86' lang='lat' dir='ltr'><strong>forte</strong></span> <span class='ocrx_word' id='word_1_422' title='bbox 2901 2977 2967 3032; x_wconf 92' lang='lat' dir='ltr'><strong>de</strong></span> <span class='ocrx_word' id='word_1_423' title='bbox 2996 2992 3135 3046; x_wconf 90' lang='lat' dir='ltr'><strong>equo</strong></span> <span class='ocrx_word' id='word_1_424' title='bbox 3161 2976 3322 3031; x_wconf 84' lang='lat' dir='ltr'><strong>aliter</strong></span> <span class='ocrx_word' id='word_1_425' title='bbox 3358 2992 3521 3046; x_wconf 87' lang='lat' dir='ltr'><strong>quam</strong></span> 
     </span>
    </p>
   </div>
   <div class='ocr_carea' id='block_1_60' title="bbox 231 3069 3524 3173">
    <p class='ocr_par' dir='ltr' id='par_1_60' title="bbox 231 3069 3524 3173">
     <span class='ocr_line' id='line_1_60' title="bbox 231 3069 3524 3173; baseline -0.001 -48"><span class='ocrx_word' id='word_1_426' title='bbox 231 3072 284 3126; x_wconf 89' lang='lat' dir='ltr'><strong>in</strong></span> <span class='ocrx_word' id='word_1_427' title='bbox 336 3087 472 3142; x_wconf 88' lang='lat' dir='ltr'><strong>pace</strong></span> <span class='ocrx_word' id='word_1_428' title='bbox 515 3071 746 3127; x_wconf 91' lang='lat' dir='ltr'><strong>obierat.</strong></span> <span class='ocrx_word' id='word_1_429' title='bbox 800 3071 952 3126; x_wconf 90' lang='lat' dir='ltr'><strong>Tunc</strong></span> <span class='ocrx_word' id='word_1_430' title='bbox 998 3085 1188 3139; x_wconf 89' lang='lat' dir='ltr'><strong>nempe</strong></span> <span class='ocrx_word' id='word_1_431' title='bbox 1237 3069 1409 3124; x_wconf 87' lang='lat' dir='ltr'><strong>suasit</strong></span> <span class='ocrx_word' id='word_1_432' title='bbox 1451 3069 1499 3124; x_wconf 90' lang='lat' dir='ltr'><strong>ei</strong></span> <span class='ocrx_word' id='word_1_433' title='bbox 1550 3077 1608 3122; x_wconf 94' lang='lat' dir='ltr'><strong>ut</strong></span> <span class='ocrx_word' id='word_1_434' title='bbox 1649 3080 1828 3123; x_wconf 88' lang='lat' dir='ltr'><strong>mente</strong></span> <span class='ocrx_word' id='word_1_435' title='bbox 1855 3109 1903 3173; x_wconf 68' lang='grc' dir='ltr'><strong>Ο</strong></span> <span class='ocrx_word' id='word_1_436' title='bbox 1933 3088 2153 3144; x_wconf 90' lang='lat' dir='ltr'><strong>sperare</strong></span> <span class='ocrx_word' id='word_1_437' title='bbox 2187 3080 2440 3142; x_wconf 89' lang='lat' dir='ltr'><strong>poterant</strong></span> <span class='ocrx_word' id='word_1_438' title='bbox 2486 3070 2824 3142; x_wconf 80' lang='lat' dir='ltr'><strong>contigisset,</strong></span> <span class='ocrx_word' id='word_1_439' title='bbox 2855 3079 2914 3124; x_wconf 92' lang='lat' dir='ltr'><strong>ut</strong></span> <span class='ocrx_word' id='word_1_440' title='bbox 2957 3069 3005 3124; x_wconf 91' lang='lat' dir='ltr'><strong>ei</strong></span> <span class='ocrx_word' id='word_1_441' title='bbox 3029 3069 3394 3134; x_wconf 88' lang='lat' dir='ltr'><strong>renuntiaret;</strong></span> <span class='ocrx_word' id='word_1_442' title='bbox 3428 3071 3524 3138; x_wconf 91' lang='lat' dir='ltr'><strong>qui</strong></span> 
     </span>
    </p>
   </div>
   <div class='ocr_carea' id='block_1_61' title="bbox 235 3161 1828 3230">
    <p class='ocr_par' dir='ltr' id='par_1_61' title="bbox 235 3161 1828 3230">
     <span class='ocr_line' id='line_1_61' title="bbox 235 3161 1828 3230; baseline -0.001 -12"><span class='ocrx_word' id='word_1_443' title='bbox 235 3173 596 3230; x_wconf 90' lang='lat' dir='ltr'><strong>tractaverat,</strong></span> <span class='ocrx_word' id='word_1_444' title='bbox 627 3173 682 3218; x_wconf 92' lang='lat' dir='ltr'><strong>et</strong></span> <span class='ocrx_word' id='word_1_445' title='bbox 710 3164 800 3219; x_wconf 91' lang='lat' dir='ltr'><strong>ille</strong></span> <span class='ocrx_word' id='word_1_446' title='bbox 831 3164 1254 3219; x_wconf 80' lang='lat' dir='ltr'><strong>statim’dilecto</strong></span> <span class='ocrx_word' id='word_1_447' title='bbox 1285 3161 1525 3217; x_wconf 86' lang='lat' dir='ltr'><strong>obedivtt</strong></span> <span class='ocrx_word' id='word_1_448' title='bbox 1558 3161 1690 3227; x_wconf 84' lang='lat' dir='ltr'><strong>lilio,</strong></span> <span class='ocrx_word' id='word_1_449' title='bbox 1719 3162 1828 3217; x_wconf 87' lang='lat' dir='ltr'><strong>imo</strong></span> 
     </span>
    </p>
   </div>
   <div class='ocr_carea' id='block_1_62' title="bbox 235 3255 1830 3327">
    <p class='ocr_par' dir='ltr' id='par_1_62' title="bbox 235 3255 1830 3327">
     <span class='ocr_line' id='line_1_62' title="bbox 235 3255 1830 3327; baseline -0.001 -16"><span class='ocrx_word' id='word_1_450' title='bbox 235 3257 368 3323; x_wconf 89' lang='lat' dir='ltr'><strong>Deo,</strong></span> <span class='ocrx_word' id='word_1_451' title='bbox 424 3257 518 3327; x_wconf 93' lang='lat' dir='ltr'><strong>qui</strong></span> <span class='ocrx_word' id='word_1_452' title='bbox 572 3257 621 3312; x_wconf 90' lang='lat' dir='ltr'><strong>ei</strong></span> <span class='ocrx_word' id='word_1_453' title='bbox 657 3257 910 3327; x_wconf 69' lang='lat' dir='ltr'><strong>prtestitit</strong></span> <span class='ocrx_word' id='word_1_454' title='bbox 953 3257 1135 3312; x_wconf 86' lang='lat' dir='ltr'><strong>talem.</strong></span> <span class='ocrx_word' id='word_1_455' title='bbox 1174 3257 1372 3325; x_wconf 89' lang='lat' dir='ltr'><strong>Sicque</strong></span> <span class='ocrx_word' id='word_1_456' title='bbox 1406 3255 1538 3309; x_wconf 90' lang='lat' dir='ltr'><strong>satis</strong></span> <span class='ocrx_word' id='word_1_457' title='bbox 1573 3263 1830 3310; x_wconf 88' lang='lat' dir='ltr'><strong>accurate</strong></span> 
     </span>
    </p>
   </div>
   <div class='ocr_carea' id='block_1_63' title="bbox 232 3349 1831 3419">
    <p class='ocr_par' dir='ltr' id='par_1_63' title="bbox 232 3349 1831 3419">
     <span class='ocr_line' id='line_1_63' title="bbox 232 3349 1831 3419; baseline 0.001 -17"><span class='ocrx_word' id='word_1_458' title='bbox 232 3365 359 3403; x_wconf 89' lang='lat' dir='ltr'><strong>cum</strong></span> <span class='ocrx_word' id='word_1_459' title='bbox 400 3349 652 3419; x_wconf 88' lang='lat' dir='ltr'><strong>plurimis</strong></span> <span class='ocrx_word' id='word_1_460' title='bbox 698 3350 965 3404; x_wconf 88' lang='lat' dir='ltr'><strong>donorum</strong></span> <span class='ocrx_word' id='word_1_461' title='bbox 1021 3350 1194 3404; x_wconf 85' lang='lat' dir='ltr'><strong>xeniis</strong></span> <span class='ocrx_word' id='word_1_462' title='bbox 1231 3350 1388 3404; x_wconf 77' lang='lat' dir='ltr'><strong>duxit</strong></span> <span class='ocrx_word' id='word_1_463' title='bbox 1423 3349 1572 3403; x_wconf 91' lang='lat' dir='ltr'><strong>illum</strong></span> <span class='ocrx_word' id='word_1_464' title='bbox 1611 3349 1676 3403; x_wconf 88' lang='lat' dir='ltr'><strong>ad</strong></span> <span class='ocrx_word' id='word_1_465' title='bbox 1719 3365 1831 3404; x_wconf 91' lang='lat' dir='ltr'><strong>mo-</strong></span> 
     </span>
    </p>
   </div>
   <div class='ocr_carea' id='block_1_64' title="bbox 232 3441 1829 3512">
    <p class='ocr_par' dir='ltr' id='par_1_64' title="bbox 232 3441 1829 3512">
     <span class='ocr_line' id='line_1_64' title="bbox 232 3441 1829 3512; baseline 0.002 -18"><span class='ocrx_word' id='word_1_466' title='bbox 232 3443 558 3505; x_wconf 89' lang='lat' dir='ltr'><strong>nasterium,</strong></span> <span class='ocrx_word' id='word_1_467' title='bbox 590 3441 678 3495; x_wconf 86' lang='lat' dir='ltr'><strong>ubi</strong></span> <span class='ocrx_word' id='word_1_468' title='bbox 716 3442 1065 3497; x_wconf 89' lang='lat' dir='ltr'><strong>devotissime</strong></span> <span class='ocrx_word' id='word_1_469' title='bbox 1103 3457 1132 3495; x_wconf 89' lang='lat' dir='ltr'><strong>a</strong></span> <span class='ocrx_word' id='word_1_470' title='bbox 1176 3443 1388 3496; x_wconf 91' lang='lat' dir='ltr'><strong>cunctis</strong></span> <span class='ocrx_word' id='word_1_471' title='bbox 1426 3453 1733 3512; x_wconf 88' lang='lat' dir='ltr'><strong>susceptus,</strong></span> <span class='ocrx_word' id='word_1_472' title='bbox 1775 3442 1829 3499; x_wconf 92' lang='lat' dir='ltr'><strong>in</strong></span> 
     </span>
    </p>
   </div>
   <div class='ocr_carea' id='block_1_65' title="bbox 233 3533 1829 3602">
    <p class='ocr_par' dir='ltr' id='par_1_65' title="bbox 233 3533 1829 3602">
     <span class='ocr_line' id='line_1_65' title="bbox 233 3533 1829 3602; baseline 0.001 -16"><span class='ocrx_word' id='word_1_473' title='bbox 233 3542 439 3588; x_wconf 78' lang='lat' dir='ltr'><strong>sancta:</strong></span> <span class='ocrx_word' id='word_1_474' title='bbox 481 3533 914 3586; x_wconf 85' lang='lat' dir='ltr'><strong>conversationis</strong></span> <span class='ocrx_word' id='word_1_475' title='bbox 954 3533 1140 3586; x_wconf 84' lang='lat' dir='ltr'><strong>habitu</strong></span> <span class='ocrx_word' id='word_1_476' title='bbox 1174 3543 1228 3588; x_wconf 93' lang='lat' dir='ltr'><strong>et</strong></span> <span class='ocrx_word' id='word_1_477' title='bbox 1262 3533 1379 3602; x_wconf 90' lang='lat' dir='ltr'><strong>ipse</strong></span> <span class='ocrx_word' id='word_1_478' title='bbox 1398 3535 1591 3587; x_wconf 83' lang='lat' dir='ltr'><strong>devote</strong></span> <span class='ocrx_word' id='word_1_479' title='bbox 1616 3533 1829 3599; x_wconf 89' lang='lat' dir='ltr'><strong>vivens,</strong></span> 
     </span>
    </p>
   </div>
   <div class='ocr_carea' id='block_1_66' title="bbox 236 3624 1828 3696">
    <p class='ocr_par' dir='ltr' id='par_1_66' title="bbox 236 3624 1828 3696">
     <span class='ocr_line' id='line_1_66' title="bbox 236 3624 1828 3696; baseline 0.003 -20"><span class='ocrx_word' id='word_1_480' title='bbox 236 3641 340 3678; x_wconf 90' lang='lat' dir='ltr'><strong>non</strong></span> <span class='ocrx_word' id='word_1_481' title='bbox 381 3625 550 3678; x_wconf 83' lang='lat' dir='ltr'><strong>multo</strong></span> <span class='ocrx_word' id='word_1_482' title='bbox 594 3635 734 3695; x_wconf 91' lang='lat' dir='ltr'><strong>post,</strong></span> <span class='ocrx_word' id='word_1_483' title='bbox 774 3635 1042 3696; x_wconf 75' lang='lat' dir='ltr'><strong>praesente</strong></span> <span class='ocrx_word' id='word_1_484' title='bbox 1087 3624 1217 3690; x_wconf 81' lang='lat' dir='ltr'><strong>filio,</strong></span> <span class='ocrx_word' id='word_1_485' title='bbox 1259 3626 1467 3696; x_wconf 91' lang='lat' dir='ltr'><strong>optimo</strong></span> <span class='ocrx_word' id='word_1_486' title='bbox 1513 3626 1619 3682; x_wconf 89' lang='lat' dir='ltr'><strong>fine</strong></span> <span class='ocrx_word' id='word_1_487' title='bbox 1662 3626 1828 3680; x_wconf 89' lang='lat' dir='ltr'><strong>vitam</strong></span> 
     </span>
    </p>
   </div>
   <div class='ocr_carea' id='block_1_67' title="bbox 233 3714 550 3784">
    <p class='ocr_par' dir='ltr' id='par_1_67' title="bbox 233 3714 550 3784">
     <span class='ocr_line' id='line_1_67' title="bbox 233 3714 550 3784; baseline 0.003 -16"><span class='ocrx_word' id='word_1_488' title='bbox 233 3714 550 3784; x_wconf 78' lang='lat' dir='ltr'><strong>complevit.</strong></span> 
     </span>
    </p>
   </div>
   <div class='ocr_carea' id='block_1_68' title="bbox 302 3805 1826 3877">
    <p class='ocr_par' dir='ltr' id='par_1_68' title="bbox 302 3805 1826 3877">
     <span class='ocr_line' id='line_1_68' title="bbox 302 3805 1826 3877; baseline -0.001 -18"><span class='ocrx_word' id='word_1_489' title='bbox 302 3807 360 3860; x_wconf 85' lang='lat'><strong>7.</strong></span> <span class='ocrx_word' id='word_1_490' title='bbox 414 3805 605 3859; x_wconf 83' lang='lat' dir='ltr'><strong>Renuit</strong></span> <span class='ocrx_word' id='word_1_491' title='bbox 643 3806 974 3861; x_wconf 79' lang='lat' dir='ltr'><strong>ordinandus</strong></span> <span class='ocrx_word' id='word_1_492' title='bbox 999 3807 1188 3877; x_wconf 83' lang='lat' dir='ltr'><strong>jurare</strong></span> <span class='ocrx_word' id='word_1_493' title='bbox 1222 3805 1460 3876; x_wconf 79' lang='lat' dir='ltr'><strong>episcopo</strong></span> <span class='ocrx_word' id='word_1_494' title='bbox 1500 3805 1826 3874; x_wconf 81' lang='lat' dir='ltr'><strong>ﬁdelitatem.</strong></span> 
     </span>
    </p>
   </div>
   <div class='ocr_carea' id='block_1_69' title="bbox 234 3895 1834 3967">
    <p class='ocr_par' dir='ltr' id='par_1_69' title="bbox 234 3895 1834 3967">
     <span class='ocr_line' id='line_1_69' title="bbox 234 3895 1834 3967; baseline 0 -19"><span class='ocrx_word' id='word_1_495' title='bbox 234 3895 366 3950; x_wconf 85' lang='lat' dir='ltr'><strong>Ideo</strong></span> <span class='ocrx_word' id='word_1_496' title='bbox 388 3905 574 3950; x_wconf 75' lang='lat' dir='ltr'><strong>uexata</strong></span> <span class='ocrx_word' id='word_1_497' title='bbox 587 3913 629 3950; x_wconf 90' lang='lat' dir='ltr'><strong>r.</strong></span> <span class='ocrx_word' id='word_1_498' title='bbox 666 3896 875 3967; x_wconf 82' lang='lat' dir='ltr'><strong>Cogitat</strong></span> <span class='ocrx_word' id='word_1_499' title='bbox 900 3897 1006 3951; x_wconf 86' lang='lat' dir='ltr'><strong>alio</strong></span> <span class='ocrx_word' id='word_1_500' title='bbox 1029 3897 1192 3950; x_wconf 83' lang='lat' dir='ltr'><strong>abire.</strong></span> <span class='ocrx_word' id='word_1_501' title='bbox 1214 3926 1285 3936; x_wconf 91' lang='lat'><strong>—</strong></span> <span class='ocrx_word' id='word_1_502' title='bbox 1304 3896 1515 3950; x_wconf 88' lang='lat' dir='ltr'><strong>Interea</strong></span> <span class='ocrx_word' id='word_1_503' title='bbox 1550 3895 1834 3964; x_wconf 86' lang='lat' dir='ltr'><strong>petebatur</strong></span> 
     </span>
    </p>
   </div>
   <div class='ocr_carea' id='block_1_70' title="bbox 234 3985 1830 4056">
    <p class='ocr_par' dir='ltr' id='par_1_70' title="bbox 234 3985 1830 4056">
     <span class='ocr_line' id='line_1_70' title="bbox 234 3985 1830 4056; baseline 0 -16"><span class='ocrx_word' id='word_1_504' title='bbox 234 3986 544 4056; x_wconf 84' lang='lat' dir='ltr'><strong>promoveri</strong></span> <span class='ocrx_word' id='word_1_505' title='bbox 597 3987 665 4042; x_wconf 90' lang='lat' dir='ltr'><strong>ad</strong></span> <span class='ocrx_word' id='word_1_506' title='bbox 711 3988 1028 4043; x_wconf 89' lang='lat' dir='ltr'><strong>diaconatus</strong></span> <span class='ocrx_word' id='word_1_507' title='bbox 1065 3985 1321 4052; x_wconf 82' lang='lat' dir='ltr'><strong>cilicium,</strong></span> <span class='ocrx_word' id='word_1_508' title='bbox 1369 3989 1460 4056; x_wconf 91' lang='lat' dir='ltr'><strong>qui</strong></span> <span class='ocrx_word' id='word_1_509' title='bbox 1508 4002 1698 4042; x_wconf 86' lang='lat' dir='ltr'><strong>revera</strong></span> <span class='ocrx_word' id='word_1_510' title='bbox 1757 3986 1830 4040; x_wconf 90' lang='lat' dir='ltr'><strong>ita</strong></span> 
     </span>
    </p>
   </div>
   <div class='ocr_carea' id='block_1_71' title="bbox 235 4076 1833 4148">
    <p class='ocr_par' dir='ltr' id='par_1_71' title="bbox 235 4076 1833 4148">
     <span class='ocr_line' id='line_1_71' title="bbox 235 4076 1833 4148; baseline -0.001 -16"><span class='ocrx_word' id='word_1_511' title='bbox 235 4079 548 4148; x_wconf 88' lang='lat' dir='ltr'><strong>obsequens</strong></span> <span class='ocrx_word' id='word_1_512' title='bbox 623 4079 910 4134; x_wconf 82' lang='lat' dir='ltr'><strong>exstiterat</strong></span> <span class='ocrx_word' id='word_1_513' title='bbox 970 4077 1288 4134; x_wconf 91' lang='lat' dir='ltr'><strong>inferiorum</strong></span> <span class='ocrx_word' id='word_1_514' title='bbox 1380 4076 1833 4146; x_wconf 60' lang='lat' dir='ltr'><strong>praeceptionibns</strong></span> 
     </span>
    </p>
   </div>
   <div class='ocr_carea' id='block_1_72' title="bbox 236 4170 1832 4242">
    <p class='ocr_par' dir='ltr' id='par_1_72' title="bbox 236 4170 1832 4242">
     <span class='ocr_line' id='line_1_72' title="bbox 236 4170 1832 4242; baseline -0.002 -17"><span class='ocrx_word' id='word_1_515' title='bbox 236 4172 525 4241; x_wconf 85' lang='lat' dir='ltr'><strong>graduum,</strong></span> <span class='ocrx_word' id='word_1_516' title='bbox 555 4180 615 4225; x_wconf 91' lang='lat' dir='ltr'><strong>ut</strong></span> <span class='ocrx_word' id='word_1_517' title='bbox 651 4180 812 4226; x_wconf 76' lang='lat' dir='ltr'><strong>etiam</strong></span> <span class='ocrx_word' id='word_1_518' title='bbox 849 4172 980 4242; x_wconf 85' lang='lat' dir='ltr'><strong>ipsis</strong></span> <span class='ocrx_word' id='word_1_519' title='bbox 1008 4171 1384 4226; x_wconf 90' lang='lat' dir='ltr'><strong>sacerdotibus</strong></span> <span class='ocrx_word' id='word_1_520' title='bbox 1413 4170 1672 4224; x_wconf 88' lang='lat' dir='ltr'><strong>imitabile</strong></span> <span class='ocrx_word' id='word_1_521' title='bbox 1692 4170 1832 4224; x_wconf 86' lang='lat' dir='ltr'><strong>foret</strong></span> 
     </span>
    </p>
   </div>
   <div class='ocr_carea' id='block_1_73' title="bbox 236 4262 1834 4334">
    <p class='ocr_par' dir='ltr' id='par_1_73' title="bbox 236 4262 1834 4334">
     <span class='ocr_line' id='line_1_73' title="bbox 236 4262 1834 4334; baseline -0.001 -17"><span class='ocrx_word' id='word_1_522' title='bbox 236 4265 520 4334; x_wconf 85' lang='lat' dir='ltr'><strong>exemplar</strong></span> <span class='ocrx_word' id='word_1_523' title='bbox 565 4265 630 4318; x_wconf 90' lang='lat' dir='ltr'><strong>ad</strong></span> <span class='ocrx_word' id='word_1_524' title='bbox 669 4265 772 4319; x_wconf 90' lang='lat' dir='ltr'><strong>iter</strong></span> <span class='ocrx_word' id='word_1_525' title='bbox 813 4264 1180 4334; x_wconf 87' lang='lat' dir='ltr'><strong>arripiendum</strong></span> <span class='ocrx_word' id='word_1_526' title='bbox 1225 4273 1419 4318; x_wconf 90' lang='lat' dir='ltr'><strong>tutum.</strong></span> <span class='ocrx_word' id='word_1_527' title='bbox 1475 4262 1580 4318; x_wconf 89' lang='lat' dir='ltr'><strong>Sed</strong></span> <span class='ocrx_word' id='word_1_528' title='bbox 1638 4263 1834 4333; x_wconf 64' lang='lat' dir='ltr'><strong>praedi-</strong></span> 
     </span>
    </p>
   </div>
   <div class='ocr_carea' id='block_1_74' title="bbox 239 4355 1834 4425">
    <p class='ocr_par' dir='ltr' id='par_1_74' title="bbox 239 4355 1834 4425">
     <span class='ocr_line' id='line_1_74' title="bbox 239 4355 1834 4425; baseline 0.001 -17"><span class='ocrx_word' id='word_1_529' title='bbox 239 4363 350 4409; x_wconf 91' lang='lat' dir='ltr'><strong>tum</strong></span> <span class='ocrx_word' id='word_1_530' title='bbox 394 4356 786 4410; x_wconf 89' lang='lat' dir='ltr'><strong>monasterium</strong></span> <span class='ocrx_word' id='word_1_531' title='bbox 832 4357 884 4410; x_wconf 92' lang='lat' dir='ltr'><strong>in</strong></span> <span class='ocrx_word' id='word_1_532' title='bbox 947 4355 1306 4411; x_wconf 87' lang='lat' dir='ltr'><strong>Vercellensis</strong></span> <span class='ocrx_word' id='word_1_533' title='bbox 1351 4356 1503 4410; x_wconf 90' lang='lat' dir='ltr'><strong>urbis</strong></span> <span class='ocrx_word' id='word_1_534' title='bbox 1556 4355 1834 4425; x_wconf 90' lang='lat' dir='ltr'><strong>episcopio</strong></span> 
     </span>
    </p>
   </div>
   <div class='ocr_carea' id='block_1_75' title="bbox 1931 3164 3512 3236">
    <p class='ocr_par' dir='ltr' id='par_1_75' title="bbox 1931 3164 3512 3236">
     <span class='ocr_line' id='line_1_75' title="bbox 1931 3164 3512 3236; baseline -0.001 -16"><span class='ocrx_word' id='word_1_535' title='bbox 1931 3182 2183 3235; x_wconf 84' lang='lat' dir='ltr'><strong>egressus</strong></span> <span class='ocrx_word' id='word_1_536' title='bbox 2223 3167 2424 3236; x_wconf 88' lang='lat' dir='ltr'><strong>reperit</strong></span> <span class='ocrx_word' id='word_1_537' title='bbox 2467 3179 2588 3219; x_wconf 90' lang='lat' dir='ltr'><strong>eum</strong></span> <span class='ocrx_word' id='word_1_538' title='bbox 2625 3165 2676 3218; x_wconf 90' lang='lat' dir='ltr'><strong>in</strong></span> <span class='ocrx_word' id='word_1_539' title='bbox 2711 3166 2830 3219; x_wconf 88' lang='lat' dir='ltr'><strong>loco</strong></span> <span class='ocrx_word' id='word_1_540' title='bbox 2877 3164 2968 3218; x_wconf 92' lang='lat' dir='ltr'><strong>ubi</strong></span> <span class='ocrx_word' id='word_1_541' title='bbox 3012 3178 3253 3235; x_wconf 62' lang='lat' dir='ltr'><strong>prmceps</strong></span> <span class='ocrx_word' id='word_1_542' title='bbox 3307 3173 3512 3228; x_wconf 88' lang='lat' dir='ltr'><strong>ruerat,</strong></span> 
     </span>
    </p>
   </div>
   <div class='ocr_carea' id='block_1_76' title="bbox 1931 3253 3518 3321">
    <p class='ocr_par' dir='ltr' id='par_1_76' title="bbox 1931 3253 3518 3321">
     <span class='ocr_line' id='line_1_76' title="bbox 1931 3253 3518 3321; baseline -0.004 -8"><span class='ocrx_word' id='word_1_543' title='bbox 1931 3267 2163 3313; x_wconf 75' lang='lat' dir='ltr'><strong>stantem</strong></span> <span class='ocrx_word' id='word_1_544' title='bbox 2203 3258 2548 3321; x_wconf 83' lang='lat' dir='ltr'><strong>incolumem,</strong></span> <span class='ocrx_word' id='word_1_545' title='bbox 2590 3256 2658 3310; x_wconf 85' lang='lat' dir='ltr'><strong>ita</strong></span> <span class='ocrx_word' id='word_1_546' title='bbox 2693 3263 2750 3308; x_wconf 91' lang='lat' dir='ltr'><strong>ut</strong></span> <span class='ocrx_word' id='word_1_547' title='bbox 2779 3254 2926 3309; x_wconf 87' lang='lat' dir='ltr'><strong>nulla</strong></span> <span class='ocrx_word' id='word_1_548' title='bbox 2972 3255 3194 3308; x_wconf 84' lang='lat' dir='ltr'><strong>onmiuo</strong></span> <span class='ocrx_word' id='word_1_549' title='bbox 3225 3253 3414 3308; x_wconf 70' lang='lat' dir='ltr'><strong>lmsura</strong></span> <span class='ocrx_word' id='word_1_550' title='bbox 3465 3254 3518 3307; x_wconf 86' lang='lat' dir='ltr'><strong>in</strong></span> 
     </span>
    </p>
   </div>
   <div class='ocr_carea' id='block_1_77' title="bbox 1929 3340 3520 3418">
    <p class='ocr_par' dir='ltr' id='par_1_77' title="bbox 1929 3340 3520 3418">
     <span class='ocr_line' id='line_1_77' title="bbox 1929 3340 3520 3418; baseline -0.004 -11"><span class='ocrx_word' id='word_1_551' title='bbox 1929 3340 1994 3407; x_wconf 68' lang='lat' dir='ltr'><strong>eo</strong></span> <span class='ocrx_word' id='word_1_552' title='bbox 2027 3353 2327 3414; x_wconf 85' lang='lat' dir='ltr'><strong>videretur,</strong></span> <span class='ocrx_word' id='word_1_553' title='bbox 2360 3350 2453 3405; x_wconf 88' lang='lat' dir='ltr'><strong>sed</strong></span> <span class='ocrx_word' id='word_1_554' title='bbox 2504 3363 2677 3418; x_wconf 91' lang='lat' dir='ltr'><strong>neque</strong></span> <span class='ocrx_word' id='word_1_555' title='bbox 2725 3348 2778 3401; x_wconf 92' lang='lat' dir='ltr'><strong>in</strong></span> <span class='ocrx_word' id='word_1_556' title='bbox 2834 3347 2966 3403; x_wconf 89' lang='lat' dir='ltr'><strong>loris</strong></span> <span class='ocrx_word' id='word_1_557' title='bbox 3007 3356 3102 3401; x_wconf 89' lang='lat' dir='ltr'><strong>aut</strong></span> <span class='ocrx_word' id='word_1_558' title='bbox 3153 3347 3296 3415; x_wconf 77' lang='lat' dir='ltr'><strong>ligno</strong></span> <span class='ocrx_word' id='word_1_559' title='bbox 3334 3345 3520 3402; x_wconf 71' lang='lat' dir='ltr'><strong>sedilis</strong></span> 
     </span>
    </p>
   </div>
   <div class='ocr_carea' id='block_1_78' title="bbox 1932 3438 3518 3514">
    <p class='ocr_par' dir='ltr' id='par_1_78' title="bbox 1932 3438 3518 3514">
     <span class='ocr_line' id='line_1_78' title="bbox 1932 3438 3518 3514; baseline -0.003 -17"><span class='ocrx_word' id='word_1_560' title='bbox 1932 3444 2110 3514; x_wconf 88' lang='lat' dir='ltr'><strong>aliqua</strong></span> <span class='ocrx_word' id='word_1_561' title='bbox 2147 3443 2354 3497; x_wconf 91' lang='lat' dir='ltr'><strong>attritio</strong></span> <span class='ocrx_word' id='word_1_562' title='bbox 2406 3449 2714 3512; x_wconf 90' lang='lat' dir='ltr'><strong>appareret.</strong></span> <span class='ocrx_word' id='word_1_563' title='bbox 2777 3438 3058 3509; x_wconf 89' lang='lat' dir='ltr'><strong>Siquidem</strong></span> <span class='ocrx_word' id='word_1_564' title='bbox 3097 3454 3220 3493; x_wconf 90' lang='lat' dir='ltr'><strong>cum</strong></span> <span class='ocrx_word' id='word_1_565' title='bbox 3267 3438 3518 3492; x_wconf 84' lang='lat' dir='ltr'><strong>milliaria</strong></span> 
     </span>
    </p>
   </div>
   <div class='ocr_carea' id='block_1_79' title="bbox 1931 3530 3525 3604">
    <p class='ocr_par' dir='ltr' id='par_1_79' title="bbox 1931 3530 3525 3604">
     <span class='ocr_line' id='line_1_79' title="bbox 1931 3530 3525 3604; baseline -0.004 -12"><span class='ocrx_word' id='word_1_566' title='bbox 1931 3539 2058 3601; x_wconf 90' lang='lat' dir='ltr'><strong>duo,</strong></span> <span class='ocrx_word' id='word_1_567' title='bbox 2088 3545 2143 3590; x_wconf 92' lang='lat' dir='ltr'><strong>et</strong></span> <span class='ocrx_word' id='word_1_568' title='bbox 2175 3551 2240 3589; x_wconf 90' lang='lat' dir='ltr'><strong>eo</strong></span> <span class='ocrx_word' id='word_1_569' title='bbox 2277 3534 2534 3604; x_wconf 87' lang='lat' dir='ltr'><strong>amplius,</strong></span> <span class='ocrx_word' id='word_1_570' title='bbox 2566 3550 2596 3587; x_wconf 92' lang='lat' dir='ltr'><strong>a</strong></span> <span class='ocrx_word' id='word_1_571' title='bbox 2635 3532 2752 3586; x_wconf 91' lang='lat' dir='ltr'><strong>loco</strong></span> <span class='ocrx_word' id='word_1_572' title='bbox 2783 3533 2928 3586; x_wconf 91' lang='lat' dir='ltr'><strong>unde</strong></span> <span class='ocrx_word' id='word_1_573' title='bbox 2951 3530 3160 3586; x_wconf 89' lang='lat' dir='ltr'><strong>ruinam</strong></span> <span class='ocrx_word' id='word_1_574' title='bbox 3187 3540 3403 3599; x_wconf 85' lang='lat' dir='ltr'><strong>ceperat</strong></span> <span class='ocrx_word' id='word_1_575' title='bbox 3434 3547 3525 3585; x_wconf 87' lang='lat' dir='ltr'><strong>us-</strong></span> 
     </span>
    </p>
   </div>
   <div class='ocr_carea' id='block_1_80' title="bbox 1931 3620 3522 3697">
    <p class='ocr_par' dir='ltr' id='par_1_80' title="bbox 1931 3620 3522 3697">
     <span class='ocr_line' id='line_1_80' title="bbox 1931 3620 3522 3697; baseline -0.003 -17"><span class='ocrx_word' id='word_1_576' title='bbox 1931 3644 2036 3697; x_wconf 88' lang='lat' dir='ltr'><strong>que</strong></span> <span class='ocrx_word' id='word_1_577' title='bbox 2069 3628 2123 3681; x_wconf 93' lang='lat' dir='ltr'><strong>in</strong></span> <span class='ocrx_word' id='word_1_578' title='bbox 2149 3626 2342 3680; x_wconf 88' lang='lat' dir='ltr'><strong>vallem</strong></span> <span class='ocrx_word' id='word_1_579' title='bbox 2394 3625 2484 3679; x_wconf 92' lang='lat' dir='ltr'><strong>ubi</strong></span> <span class='ocrx_word' id='word_1_580' title='bbox 2513 3625 2859 3688; x_wconf 90' lang='lat' dir='ltr'><strong>substiterat,</strong></span> <span class='ocrx_word' id='word_1_581' title='bbox 2911 3629 3312 3690; x_wconf 89' lang='lat' dir='ltr'><strong>computentur.</strong></span> <span class='ocrx_word' id='word_1_582' title='bbox 3346 3620 3522 3676; x_wconf 76' lang='lat' dir='ltr'><strong>Rece-</strong></span> 
     </span>
    </p>
   </div>
   <div class='ocr_carea' id='block_1_81' title="bbox 1931 3711 3524 3791">
    <p class='ocr_par' dir='ltr' id='par_1_81' title="bbox 1931 3711 3524 3791">
     <span class='ocr_line' id='line_1_81' title="bbox 1931 3711 3524 3791; baseline -0.005 -17"><span class='ocrx_word' id='word_1_583' title='bbox 1931 3730 2133 3791; x_wconf 90' lang='lat' dir='ltr'><strong>ptoque</strong></span> <span class='ocrx_word' id='word_1_584' title='bbox 2167 3719 2258 3788; x_wconf 90' lang='lat' dir='ltr'><strong>qui</strong></span> <span class='ocrx_word' id='word_1_585' title='bbox 2303 3717 2501 3770; x_wconf 89' lang='lat' dir='ltr'><strong>missus</strong></span> <span class='ocrx_word' id='word_1_586' title='bbox 2537 3716 2735 3779; x_wconf 88' lang='lat' dir='ltr'><strong>fuerat,</strong></span> <span class='ocrx_word' id='word_1_587' title='bbox 2793 3729 2956 3782; x_wconf 85' lang='lat' dir='ltr'><strong>equo,</strong></span> <span class='ocrx_word' id='word_1_588' title='bbox 2988 3713 3035 3766; x_wconf 89' lang='lat' dir='ltr'><strong>ei</strong></span> <span class='ocrx_word' id='word_1_589' title='bbox 3080 3712 3386 3782; x_wconf 76' lang='lat' dir='ltr'><strong>qui‘autisit</strong></span> <span class='ocrx_word' id='word_1_590' title='bbox 3424 3711 3524 3785; x_wconf 81' lang='grc' dir='ltr'><strong>[αι.</strong></span> 
     </span>
    </p>
   </div>
   <div class='ocr_carea' id='block_1_82' title="bbox 1932 3805 3529 3883">
    <p class='ocr_par' dir='ltr' id='par_1_82' title="bbox 1932 3805 3529 3883">
     <span class='ocr_line' id='line_1_82' title="bbox 1932 3805 3529 3883; baseline -0.003 -17"><span class='ocrx_word' id='word_1_591' title='bbox 1932 3810 2158 3883; x_wconf 89' lang='lat' dir='ltr'><strong>dimisit]</strong></span> <span class='ocrx_word' id='word_1_592' title='bbox 2214 3809 2448 3865; x_wconf 75' lang='lat' dir='ltr'><strong>reduxit.</strong></span> <span class='ocrx_word' id='word_1_593' title='bbox 2498 3808 2568 3862; x_wconf 85' lang='lat' dir='ltr'><strong>At</strong></span> <span class='ocrx_word' id='word_1_594' title='bbox 2600 3808 2732 3878; x_wconf 85' lang='lat' dir='ltr'><strong>ipse,</strong></span> <span class='ocrx_word' id='word_1_595' title='bbox 2769 3807 2971 3878; x_wconf 85' lang='lat' dir='ltr'><strong>gratias</strong></span> <span class='ocrx_word' id='word_1_596' title='bbox 3008 3807 3364 3877; x_wconf 84' lang='lat' dir='ltr'><strong>omn&#39;potenti</strong></span> <span class='ocrx_word' id='word_1_597' title='bbox 3415 3805 3529 3861; x_wconf 88' lang='lat' dir='ltr'><strong>Deo</strong></span> 
     </span>
    </p>
   </div>
   <div class='ocr_carea' id='block_1_83' title="bbox 1933 3896 3528 3965">
    <p class='ocr_par' dir='ltr' id='par_1_83' title="bbox 1933 3896 3528 3965">
     <span class='ocr_line' id='line_1_83' title="bbox 1933 3896 3528 3965; baseline -0.004 -8"><span class='ocrx_word' id='word_1_598' title='bbox 1933 3900 2196 3965; x_wconf 88' lang='lat' dir='ltr'><strong>referens,</strong></span> <span class='ocrx_word' id='word_1_599' title='bbox 2243 3900 2424 3955; x_wconf 88' lang='lat' dir='ltr'><strong>alacer</strong></span> <span class='ocrx_word' id='word_1_600' title='bbox 2475 3899 2541 3953; x_wconf 89' lang='lat' dir='ltr'><strong>ad</strong></span> <span class='ocrx_word' id='word_1_601' title='bbox 2568 3897 2959 3952; x_wconf 83' lang='lat' dir='ltr'><strong>monasterium</strong></span> <span class='ocrx_word' id='word_1_602' title='bbox 3021 3897 3198 3950; x_wconf 87' lang='lat' dir='ltr'><strong>rediit.</strong></span> <span class='ocrx_word' id='word_1_603' title='bbox 3256 3896 3386 3962; x_wconf 75' lang='lat' dir='ltr'><strong>Qua:</strong></span> <span class='ocrx_word' id='word_1_604' title='bbox 3441 3910 3528 3950; x_wconf 90' lang='lat' dir='ltr'><strong>res</strong></span> 
     </span>
    </p>
   </div>
   <div class='ocr_carea' id='block_1_84' title="bbox 1933 3986 3528 4063">
    <p class='ocr_par' dir='ltr' id='par_1_84' title="bbox 1933 3986 3528 4063">
     <span class='ocr_line' id='line_1_84' title="bbox 1933 3986 3528 4063; baseline -0.006 -15"><span class='ocrx_word' id='word_1_605' title='bbox 1933 4001 2082 4063; x_wconf 83' lang='lat' dir='ltr'><strong>gesta</strong></span> <span class='ocrx_word' id='word_1_606' title='bbox 2125 3991 2372 4062; x_wconf 88' lang='lat' dir='ltr'><strong>plurimis</strong></span> <span class='ocrx_word' id='word_1_607' title='bbox 2412 3990 2829 4044; x_wconf 88' lang='lat' dir='ltr'><strong>admirationem</strong></span> <span class='ocrx_word' id='word_1_608' title='bbox 2884 3987 3141 4063; x_wconf 66' lang='lat' dir='ltr'><strong>prtebuit,</strong></span> <span class='ocrx_word' id='word_1_609' title='bbox 3180 3995 3342 4056; x_wconf 85' lang='lat' dir='ltr'><strong>atque</strong></span> <span class='ocrx_word' id='word_1_610' title='bbox 3387 3986 3528 4039; x_wconf 72' lang='lat' dir='ltr'><strong>indi-</strong></span> 
     </span>
    </p>
   </div>
   <div class='ocr_carea' id='block_1_85' title="bbox 1934 4059 3142 4136">
    <p class='ocr_par' dir='ltr' id='par_1_85' title="bbox 1934 4059 3142 4136">
     <span class='ocr_line' id='line_1_85' title="bbox 1934 4059 3142 4136; baseline -0.002 0"><span class='ocrx_word' id='word_1_611' title='bbox 1934 4083 2080 4136; x_wconf 91' lang='lat' dir='ltr'><strong>cium</strong></span> <span class='ocrx_word' id='word_1_612' title='bbox 2113 4080 2439 4136; x_wconf 89' lang='lat' dir='ltr'><strong>sanctitatis.</strong></span> <span class='ocrx_word' id='word_1_613' title='bbox 3113 4059 3142 4088; x_wconf 70' lang='grc'><strong><em>⁸</em></strong></span> 
     </span>
    </p>
   </div>
   <div class='ocr_carea' id='block_1_86' title="bbox 2005 4167 3528 4241">
    <p class='ocr_par' dir='ltr' id='par_1_86' title="bbox 2005 4167 3528 4241">
     <span class='ocr_line' id='line_1_86' title="bbox 2005 4167 3528 4241; baseline -0.005 -12"><span class='ocrx_word' id='word_1_614' title='bbox 2005 4174 2058 4229; x_wconf 89' lang='grc'><strong>9.</strong></span> <span class='ocrx_word' id='word_1_615' title='bbox 2117 4173 2430 4228; x_wconf 87' lang='lat' dir='ltr'><strong>Cluniacum</strong></span> <span class='ocrx_word' id='word_1_616' title='bbox 2491 4171 2703 4241; x_wconf 88' lang='lat' dir='ltr'><strong>migrat.</strong></span> <span class='ocrx_word' id='word_1_617' title='bbox 2758 4167 3126 4224; x_wconf 84' lang='lat' dir='ltr'><strong>Sacerdotium</strong></span> <span class='ocrx_word' id='word_1_618' title='bbox 3177 4178 3408 4223; x_wconf 82' lang='lat' dir='ltr'><strong>recusat.</strong></span> <span class='ocrx_word' id='word_1_619' title='bbox 3455 4197 3528 4208; x_wconf 88' lang='lat'><strong>—-</strong></span> 
     </span>
    </p>
   </div>
   <div class='ocr_carea' id='block_1_87' title="bbox 1935 4260 3534 4332">
    <p class='ocr_par' dir='ltr' id='par_1_87' title="bbox 1935 4260 3534 4332">
     <span class='ocr_line' id='line_1_87' title="bbox 1935 4260 3534 4332; baseline -0.006 -12"><span class='ocrx_word' id='word_1_620' title='bbox 1935 4265 2214 4328; x_wconf 82' lang='lat' dir='ltr'><strong>Audierat,</strong></span> <span class='ocrx_word' id='word_1_621' title='bbox 2240 4261 2354 4332; x_wconf 91' lang='lat' dir='ltr'><strong>jam</strong></span> <span class='ocrx_word' id='word_1_622' title='bbox 2386 4263 2528 4316; x_wconf 91' lang='lat' dir='ltr'><strong>fama</strong></span> <span class='ocrx_word' id='word_1_623' title='bbox 2557 4260 2835 4331; x_wconf 90' lang='lat' dir='ltr'><strong>multiplici</strong></span> <span class='ocrx_word' id='word_1_624' title='bbox 2867 4267 3224 4330; x_wconf 88' lang='lat' dir='ltr'><strong>personante,</strong></span> <span class='ocrx_word' id='word_1_625' title='bbox 3255 4271 3534 4314; x_wconf 80' lang='lat' dir='ltr'><strong>monaS&#39;e-</strong></span> 
     </span>
    </p>
   </div>
   <div class='ocr_carea' id='block_1_88' title="bbox 1938 4351 3531 4434">
    <p class='ocr_par' dir='ltr' id='par_1_88' title="bbox 1938 4351 3531 4434">
     <span class='ocr_line' id='line_1_88' title="bbox 1938 4351 3531 4434; baseline -0.004 -22"><span class='ocrx_word' id='word_1_626' title='bbox 1938 4359 2075 4412; x_wconf 88' lang='lat' dir='ltr'><strong>rium</strong></span> <span class='ocrx_word' id='word_1_627' title='bbox 2106 4371 2244 4420; x_wconf 90' lang='lat' dir='ltr'><strong>esse,</strong></span> <span class='ocrx_word' id='word_1_628' title='bbox 2280 4361 2636 4425; x_wconf 88' lang='lat' dir='ltr'><strong>cognomento</strong></span> <span class='ocrx_word' id='word_1_629' title='bbox 2674 4351 3013 4434; x_wconf 70' lang='lat' dir='ltr'><strong>Qluniacum,</strong></span> <span class='ocrx_word' id='word_1_630' title='bbox 3043 4353 3098 4408; x_wconf 92' lang='lat' dir='ltr'><strong>in</strong></span> <span class='ocrx_word' id='word_1_631' title='bbox 3127 4352 3370 4423; x_wconf 87' lang='lat' dir='ltr'><strong>partibus</strong></span> <span class='ocrx_word' id='word_1_632' title='bbox 3395 4351 3531 4406; x_wconf 83' lang='lat' dir='ltr'><strong>Bur-</strong></span> 
     </span>
    </p>
   </div>
   <div class='ocr_carea' id='block_1_89' title="bbox 237 4445 3535 4524">
    <p class='ocr_par' dir='ltr' id='par_1_89' title="bbox 237 4445 3535 4524">
     <span class='ocr_line' id='line_1_89' title="bbox 237 4445 3535 4524; baseline -0.001 -23"><span class='ocrx_word' id='word_1_633' title='bbox 237 4447 421 4510; x_wconf 85' lang='lat' dir='ltr'><strong>situm,</strong></span> <span class='ocrx_word' id='word_1_634' title='bbox 472 4455 638 4516; x_wconf 89' lang='lat' dir='ltr'><strong>atque</strong></span> <span class='ocrx_word' id='word_1_635' title='bbox 675 4445 916 4515; x_wconf 89' lang='lat' dir='ltr'><strong>ejusdem</strong></span> <span class='ocrx_word' id='word_1_636' title='bbox 965 4446 1205 4517; x_wconf 87' lang='lat' dir='ltr'><strong>episcopi</strong></span> <span class='ocrx_word' id='word_1_637' title='bbox 1256 4445 1446 4500; x_wconf 89' lang='lat' dir='ltr'><strong>ditioni</strong></span> <span class='ocrx_word' id='word_1_638' title='bbox 1494 4447 1829 4515; x_wconf 86' lang='lat' dir='ltr'><strong>subjacebat.</strong></span> <span class='ocrx_word' id='word_1_639' title='bbox 1865 4463 1914 4523; x_wconf 79' lang='lat' dir='ltr'><strong>D</strong></span> <span class='ocrx_word' id='word_1_640' title='bbox 1937 4452 2169 4524; x_wconf 71' lang='lat' dir='ltr'><strong>gundize,</strong></span> <span class='ocrx_word' id='word_1_641' title='bbox 2199 4449 2351 4519; x_wconf 88' lang='lat' dir='ltr'><strong>cujus</strong></span> <span class='ocrx_word' id='word_1_642' title='bbox 2384 4447 2687 4504; x_wconf 87' lang='lat' dir='ltr'><strong>sanctitatis</strong></span> <span class='ocrx_word' id='word_1_643' title='bbox 2717 4447 2870 4510; x_wconf 88' lang='lat' dir='ltr'><strong>ordo,</strong></span> <span class='ocrx_word' id='word_1_644' title='bbox 2903 4462 2976 4506; x_wconf 44' lang='lat' dir='ltr'><strong>.ac</strong></span> <span class='ocrx_word' id='word_1_645' title='bbox 3022 4445 3291 4502; x_wconf 89' lang='lat' dir='ltr'><strong>districtio</strong></span> <span class='ocrx_word' id='word_1_646' title='bbox 3315 4445 3535 4516; x_wconf 82' lang='lat' dir='ltr'><strong>regula-</strong></span> 
     </span>
    </p>
   </div>
   <div class='ocr_carea' id='block_1_90' title="bbox 237 4539 1834 4611">
    <p class='ocr_par' dir='ltr' id='par_1_90' title="bbox 237 4539 1834 4611">
     <span class='ocr_line' id='line_1_90' title="bbox 237 4539 1834 4611; baseline 0.001 -18"><span class='ocrx_word' id='word_1_647' title='bbox 237 4539 541 4595; x_wconf 88' lang='lat' dir='ltr'><strong>lnoleverat</strong></span> <span class='ocrx_word' id='word_1_648' title='bbox 569 4541 733 4594; x_wconf 87' lang='lat' dir='ltr'><strong>etiam</strong></span> <span class='ocrx_word' id='word_1_649' title='bbox 774 4540 914 4594; x_wconf 86' lang='lat' dir='ltr'><strong>male</strong></span> <span class='ocrx_word' id='word_1_650' title='bbox 960 4549 1192 4611; x_wconf 71' lang='lat' dir='ltr'><strong>arrepta:</strong></span> <span class='ocrx_word' id='word_1_651' title='bbox 1231 4541 1643 4596; x_wconf 90' lang='lat' dir='ltr'><strong>consuetudinis</strong></span> <span class='ocrx_word' id='word_1_652' title='bbox 1683 4557 1834 4607; x_wconf 89' lang='lat' dir='ltr'><strong>usus,</strong></span> 
     </span>
    </p>
   </div>
   <div class='ocr_carea' id='block_1_91' title="bbox 238 4629 1835 4702">
    <p class='ocr_par' dir='ltr' id='par_1_91' title="bbox 238 4629 1835 4702">
     <span class='ocr_line' id='line_1_91' title="bbox 238 4629 1835 4702; baseline 0.003 -20"><span class='ocrx_word' id='word_1_653' title='bbox 238 4641 298 4684; x_wconf 92' lang='lat' dir='ltr'><strong>ut</strong></span> <span class='ocrx_word' id='word_1_654' title='bbox 326 4631 508 4685; x_wconf 89' lang='lat' dir='ltr'><strong>nullus</strong></span> <span class='ocrx_word' id='word_1_655' title='bbox 545 4629 774 4685; x_wconf 85' lang='lat' dir='ltr'><strong>fratrum</strong></span> <span class='ocrx_word' id='word_1_656' title='bbox 807 4630 908 4686; x_wconf 88' lang='lat' dir='ltr'><strong>loci</strong></span> <span class='ocrx_word' id='word_1_657' title='bbox 948 4631 1091 4686; x_wconf 88' lang='lat' dir='ltr'><strong>illius</strong></span> <span class='ocrx_word' id='word_1_658' title='bbox 1122 4630 1327 4686; x_wconf 87' lang='lat' dir='ltr'><strong>levitici</strong></span> <span class='ocrx_word' id='word_1_659' title='bbox 1365 4631 1573 4686; x_wconf 89' lang='lat' dir='ltr'><strong>ordinis</strong></span> <span class='ocrx_word' id='word_1_660' title='bbox 1609 4631 1835 4702; x_wconf 87' lang='lat' dir='ltr'><strong>gradum</strong></span> 
     </span>
    </p>
   </div>
   <div class='ocr_carea' id='block_1_92' title="bbox 239 4722 1838 4794">
    <p class='ocr_par' dir='ltr' id='par_1_92' title="bbox 239 4722 1838 4794">
     <span class='ocr_line' id='line_1_92' title="bbox 239 4722 1838 4794; baseline 0 -18"><span class='ocrx_word' id='word_1_661' title='bbox 239 4722 391 4792; x_wconf 88' lang='lat' dir='ltr'><strong>prius</strong></span> <span class='ocrx_word' id='word_1_662' title='bbox 431 4723 756 4792; x_wconf 89' lang='lat' dir='ltr'><strong>susciperet,</strong></span> <span class='ocrx_word' id='word_1_663' title='bbox 779 4739 942 4792; x_wconf 88' lang='lat' dir='ltr'><strong>quam</strong></span> <span class='ocrx_word' id='word_1_664' title='bbox 973 4738 1092 4777; x_wconf 88' lang='lat' dir='ltr'><strong>sese</strong></span> <span class='ocrx_word' id='word_1_665' title='bbox 1129 4724 1433 4778; x_wconf 86' lang='lat' dir='ltr'><strong>assertione</strong></span> <span class='ocrx_word' id='word_1_666' title='bbox 1461 4722 1677 4791; x_wconf 89' lang='lat' dir='ltr'><strong>jurandi</strong></span> <span class='ocrx_word' id='word_1_667' title='bbox 1713 4739 1838 4794; x_wconf 89' lang='lat' dir='ltr'><strong>pro-</strong></span> 
     </span>
    </p>
   </div>
   <div class='ocr_carea' id='block_1_93' title="bbox 243 4814 1828 4885">
    <p class='ocr_par' dir='ltr' id='par_1_93' title="bbox 243 4814 1828 4885">
     <span class='ocr_line' id='line_1_93' title="bbox 243 4814 1828 4885; baseline -0.001 -17"><span class='ocrx_word' id='word_1_668' title='bbox 243 4815 486 4870; x_wconf 87' lang='lat' dir='ltr'><strong>mitteret</strong></span> <span class='ocrx_word' id='word_1_669' title='bbox 517 4824 861 4870; x_wconf 82' lang='lat' dir='ltr'><strong>servaturum</strong></span> <span class='ocrx_word' id='word_1_670' title='bbox 896 4815 1206 4869; x_wconf 86' lang='lat' dir='ltr'><strong>tidelitatem</strong></span> <span class='ocrx_word' id='word_1_671' title='bbox 1237 4815 1509 4884; x_wconf 78' lang='lat' dir='ltr'><strong>episcopo.</strong></span> <span class='ocrx_word' id='word_1_672' title='bbox 1541 4814 1655 4869; x_wconf 90' lang='lat' dir='ltr'><strong>Hoc</strong></span> <span class='ocrx_word' id='word_1_673' title='bbox 1689 4832 1828 4885; x_wconf 82' lang='lat' dir='ltr'><strong>quo-</strong></span> 
     </span>
    </p>
   </div>
   <div class='ocr_carea' id='block_1_94' title="bbox 247 4907 1835 4980">
    <p class='ocr_par' dir='ltr' id='par_1_94' title="bbox 247 4907 1835 4980">
     <span class='ocr_line' id='line_1_94' title="bbox 247 4907 1835 4980; baseline 0.002 -21"><span class='ocrx_word' id='word_1_674' title='bbox 247 4923 354 4979; x_wconf 87' lang='lat' dir='ltr'><strong>que</strong></span> <span class='ocrx_word' id='word_1_675' title='bbox 383 4909 509 4963; x_wconf 90' lang='lat' dir='ltr'><strong>dum</strong></span> <span class='ocrx_word' id='word_1_676' title='bbox 535 4917 845 4980; x_wconf 83' lang='lat' dir='ltr'><strong>suggestum</strong></span> <span class='ocrx_word' id='word_1_677' title='bbox 861 4907 1335 4963; x_wconf 83' lang='lat' dir='ltr'><strong>fuissetWillelmo</strong></span> <span class='ocrx_word' id='word_1_678' title='bbox 1354 4918 1413 4962; x_wconf 90' lang='lat' dir='ltr'><strong>ut</strong></span> <span class='ocrx_word' id='word_1_679' title='bbox 1437 4909 1590 4979; x_wconf 80' lang='lat' dir='ltr'><strong>juxta</strong></span> <span class='ocrx_word' id='word_1_680' title='bbox 1623 4908 1835 4962; x_wconf 84' lang='lat' dir='ltr'><strong>illorum</strong></span> 
     </span>
    </p>
   </div>
   <div class='ocr_carea' id='block_1_95' title="bbox 241 5000 1837 5072">
    <p class='ocr_par' dir='ltr' id='par_1_95' title="bbox 241 5000 1837 5072">
     <span class='ocr_line' id='line_1_95' title="bbox 241 5000 1837 5072; baseline 0 -19"><span class='ocrx_word' id='word_1_681' title='bbox 241 5015 456 5056; x_wconf 88' lang='lat' dir='ltr'><strong>morem</strong></span> <span class='ocrx_word' id='word_1_682' title='bbox 490 5000 716 5064; x_wconf 89' lang='lat' dir='ltr'><strong>faceret,</strong></span> <span class='ocrx_word' id='word_1_683' title='bbox 761 5009 819 5054; x_wconf 92' lang='lat' dir='ltr'><strong>ut</strong></span> <span class='ocrx_word' id='word_1_684' title='bbox 850 5009 967 5054; x_wconf 87' lang='lat' dir='ltr'><strong>erat</strong></span> <span class='ocrx_word' id='word_1_685' title='bbox 1011 5000 1286 5072; x_wconf 84' lang='lat' dir='ltr'><strong>eleganter</strong></span> <span class='ocrx_word' id='word_1_686' title='bbox 1323 5000 1577 5066; x_wconf 78' lang='lat' dir='ltr'><strong>affabilis,</strong></span> <span class='ocrx_word' id='word_1_687' title='bbox 1617 5017 1837 5070; x_wconf 78' lang='lat' dir='ltr'><strong>l‘CSpOll-</strong></span> 
     </span>
    </p>
   </div>
   <div class='ocr_carea' id='block_1_96' title="bbox 240 5092 1836 5164">
    <p class='ocr_par' dir='ltr' id='par_1_96' title="bbox 240 5092 1836 5164">
     <span class='ocr_line' id='line_1_96' title="bbox 240 5092 1836 5164; baseline -0.002 -16"><span class='ocrx_word' id='word_1_688' title='bbox 240 5095 372 5148; x_wconf 88' lang='lat' dir='ltr'><strong>dens</strong></span> <span class='ocrx_word' id='word_1_689' title='bbox 400 5094 537 5148; x_wconf 83' lang='lat' dir='ltr'><strong>dixit</strong></span> <span class='ocrx_word' id='word_1_690' title='bbox 558 5109 617 5149; x_wconf 92' lang='lat' dir='ltr'><strong>se</strong></span> <span class='ocrx_word' id='word_1_691' title='bbox 645 5109 749 5147; x_wconf 91' lang='lat' dir='ltr'><strong>non</strong></span> <span class='ocrx_word' id='word_1_692' title='bbox 784 5108 942 5162; x_wconf 89' lang='lat' dir='ltr'><strong>posse</strong></span> <span class='ocrx_word' id='word_1_693' title='bbox 965 5092 1260 5148; x_wconf 88' lang='lat' dir='ltr'><strong>salubriter</strong></span> <span class='ocrx_word' id='word_1_694' title='bbox 1286 5094 1612 5162; x_wconf 87' lang='lat' dir='ltr'><strong>respondere</strong></span> <span class='ocrx_word' id='word_1_695' title='bbox 1647 5092 1836 5164; x_wconf 78' lang='lat' dir='ltr'><strong>[Boll.,</strong></span> 
     </span>
    </p>
   </div>
   <div class='ocr_carea' id='block_1_97' title="bbox 740 5181 1421 5210">
    <p class='ocr_par' dir='ltr' id='par_1_97' title="bbox 740 5181 1421 5210">
     <span class='ocr_line' id='line_1_97' title="bbox 740 5181 1421 5210; baseline 0 0"><span class='ocrx_word' id='word_1_696' title='bbox 740 5198 837 5210; x_wconf 53' lang='grc' dir='ltr'><strong>...ιι</strong></span> <span class='ocrx_word' id='word_1_697' title='bbox 975 5200 1088 5210; x_wconf 62' lang='grc' dir='ltr'><strong>’.ι-Μ</strong></span> <span class='ocrx_word' id='word_1_698' title='bbox 1120 5181 1286 5210; x_wconf 64' lang='grc' dir='ltr'><strong>ηηιῖιιδ</strong></span> 
     </span>
    </p>
   </div>
   <div class='ocr_carea' id='block_1_98' title="bbox 239 5184 1807 5210">
    <p class='ocr_par' dir='ltr' id='par_1_98' title="bbox 239 5184 1807 5210">
     <span class='ocr_line' id='line_1_98' title="bbox 239 5184 1807 5210; baseline 0 0"><span class='ocrx_word' id='word_1_699' title='bbox 239 5184 597 5210; x_wconf 60' lang='grc' dir='ltr'><strong>ιλιι-..Α-ιιοιΑιι-ΛἸ</strong></span> <span class='ocrx_word' id='word_1_700' title='bbox 633 5194 685 5210; x_wconf 66' lang='grc' dir='ltr'><strong>..Ι</strong></span> <span class='ocrx_word' id='word_1_701' title='bbox 740 5198 837 5210; x_wconf 37' lang='grc' dir='ltr'><strong>σι’-γι</strong></span> <span class='ocrx_word' id='word_1_702' title='bbox 871 5184 949 5210; x_wconf 53' lang='grc' dir='ltr'><strong>λεδ</strong></span> <span class='ocrx_word' id='word_1_703' title='bbox 975 5200 1088 5210; x_wconf 60' lang='grc' dir='ltr'><strong>ιιι-ενι</strong></span> <span class='ocrx_word' id='word_1_704' title='bbox 1120 5184 1286 5210; x_wconf 61' lang='grc' dir='ltr'><strong>ηηιῖιιη</strong></span> <span class='ocrx_word' id='word_1_705' title='bbox 1460 5184 1686 5210; x_wconf 54' lang='grc' dir='ltr'><strong>εηδηΛ-κξιι</strong></span> <span class='ocrx_word' id='word_1_706' title='bbox 1719 5200 1807 5210; x_wconf 63' lang='grc' dir='ltr'><strong>ηιιλ</strong></span> 
     </span>
    </p>
   </div>
   <div class='ocr_carea' id='block_1_99' title="bbox 1941 4535 3534 4610">
    <p class='ocr_par' dir='ltr' id='par_1_99' title="bbox 1941 4535 3534 4610">
     <span class='ocr_line' id='line_1_99' title="bbox 1941 4535 3534 4610; baseline -0.006 -13"><span class='ocrx_word' id='word_1_707' title='bbox 1941 4543 2035 4608; x_wconf 93' lang='lat' dir='ltr'><strong>ris,</strong></span> <span class='ocrx_word' id='word_1_708' title='bbox 2061 4551 2343 4610; x_wconf 88' lang='lat' dir='ltr'><strong>materque</strong></span> <span class='ocrx_word' id='word_1_709' title='bbox 2364 4540 2624 4593; x_wconf 89' lang='lat' dir='ltr'><strong>virtutum</strong></span> <span class='ocrx_word' id='word_1_710' title='bbox 2652 4536 2930 4603; x_wconf 88' lang='lat' dir='ltr'><strong>discretio,</strong></span> <span class='ocrx_word' id='word_1_711' title='bbox 2957 4551 3068 4605; x_wconf 71' lang='lat' dir='ltr'><strong>pra:</strong></span> <span class='ocrx_word' id='word_1_712' title='bbox 3090 4535 3299 4591; x_wconf 86' lang='lat' dir='ltr'><strong>cunctis</strong></span> <span class='ocrx_word' id='word_1_713' title='bbox 3325 4537 3534 4591; x_wconf 86' lang='lat' dir='ltr'><strong>incom-</strong></span> 
     </span>
    </p>
   </div>
   <div class='ocr_carea' id='block_1_100' title="bbox 1938 4627 3531 4705">
    <p class='ocr_par' dir='ltr' id='par_1_100' title="bbox 1938 4627 3531 4705">
     <span class='ocr_line' id='line_1_100' title="bbox 1938 4627 3531 4705; baseline -0.004 -18"><span class='ocrx_word' id='word_1_714' title='bbox 1938 4633 2255 4705; x_wconf 89' lang='lat' dir='ltr'><strong>parabiliter</strong></span> <span class='ocrx_word' id='word_1_715' title='bbox 2292 4631 2579 4702; x_wconf 84' lang='lat' dir='ltr'><strong>viguerant</strong></span> <span class='ocrx_word' id='word_1_716' title='bbox 2606 4627 2675 4682; x_wconf 87' lang='lat' dir='ltr'><strong>ab</strong></span> <span class='ocrx_word' id='word_1_717' title='bbox 2702 4629 2885 4693; x_wconf 90' lang='lat' dir='ltr'><strong>initio;</strong></span> <span class='ocrx_word' id='word_1_718' title='bbox 2931 4629 2995 4680; x_wconf 89' lang='lat' dir='ltr'><strong>ad</strong></span> <span class='ocrx_word' id='word_1_719' title='bbox 3039 4628 3181 4697; x_wconf 90' lang='lat' dir='ltr'><strong>quod</strong></span> <span class='ocrx_word' id='word_1_720' title='bbox 3222 4627 3384 4681; x_wconf 90' lang='lat' dir='ltr'><strong>etiam</strong></span> <span class='ocrx_word' id='word_1_721' title='bbox 3416 4627 3531 4691; x_wconf 89' lang='lat' dir='ltr'><strong>ire,</strong></span> 
     </span>
    </p>
   </div>
   <div class='ocr_carea' id='block_1_101' title="bbox 1941 4720 3531 4792">
    <p class='ocr_par' dir='ltr' id='par_1_101' title="bbox 1941 4720 3531 4792">
     <span class='ocr_line' id='line_1_101' title="bbox 1941 4720 3531 4792; baseline -0.005 -12"><span class='ocrx_word' id='word_1_722' title='bbox 1941 4725 2067 4780; x_wconf 91' lang='lat' dir='ltr'><strong>illud</strong></span> <span class='ocrx_word' id='word_1_723' title='bbox 2100 4726 2332 4779; x_wconf 87' lang='lat' dir='ltr'><strong>invisere</strong></span> <span class='ocrx_word' id='word_1_724' title='bbox 2373 4732 2483 4778; x_wconf 91' lang='lat' dir='ltr'><strong>toto</strong></span> <span class='ocrx_word' id='word_1_725' title='bbox 2516 4724 2713 4777; x_wconf 89' lang='lat' dir='ltr'><strong>mentis</strong></span> <span class='ocrx_word' id='word_1_726' title='bbox 2738 4720 2994 4792; x_wconf 83' lang='lat' dir='ltr'><strong>flagrabat</strong></span> <span class='ocrx_word' id='word_1_727' title='bbox 3022 4720 3310 4775; x_wconf 83' lang='lat' dir='ltr'><strong>desiderio.</strong></span> <span class='ocrx_word' id='word_1_728' title='bbox 3342 4720 3531 4774; x_wconf 80' lang='lat' dir='ltr'><strong>Conti-</strong></span> 
     </span>
    </p>
   </div>
   <div class='ocr_carea' id='block_1_102' title="bbox 1939 4815 3534 4890">
    <p class='ocr_par' dir='ltr' id='par_1_102' title="bbox 1939 4815 3534 4890">
     <span class='ocr_line' id='line_1_102' title="bbox 1939 4815 3534 4890; baseline -0.004 -18"><span class='ocrx_word' id='word_1_729' title='bbox 1939 4820 2016 4890; x_wconf 89' lang='lat' dir='ltr'><strong>git</strong></span> <span class='ocrx_word' id='word_1_730' title='bbox 2045 4833 2281 4888; x_wconf 85' lang='lat' dir='ltr'><strong>quoque,</strong></span> <span class='ocrx_word' id='word_1_731' title='bbox 2312 4819 2438 4871; x_wconf 90' lang='lat' dir='ltr'><strong>dum</strong></span> <span class='ocrx_word' id='word_1_732' title='bbox 2473 4817 2574 4870; x_wconf 90' lang='lat' dir='ltr'><strong>hoc</strong></span> <span class='ocrx_word' id='word_1_733' title='bbox 2612 4816 2967 4870; x_wconf 88' lang='lat' dir='ltr'><strong>meditaretur</strong></span> <span class='ocrx_word' id='word_1_734' title='bbox 2988 4826 3178 4880; x_wconf 79' lang='lat' dir='ltr'><strong>agere,</strong></span> <span class='ocrx_word' id='word_1_735' title='bbox 3211 4821 3269 4863; x_wconf 93' lang='lat' dir='ltr'><strong>ut</strong></span> <span class='ocrx_word' id='word_1_736' title='bbox 3298 4815 3534 4868; x_wconf 80' lang='lat' dir='ltr'><strong>sanctis-</strong></span> 
     </span>
    </p>
   </div>
   <div class='ocr_carea' id='block_1_103' title="bbox 1942 4901 3537 4976">
    <p class='ocr_par' dir='ltr' id='par_1_103' title="bbox 1942 4901 3537 4976">
     <span class='ocr_line' id='line_1_103' title="bbox 1942 4901 3537 4976; baseline -0.004 -12"><span class='ocrx_word' id='word_1_737' title='bbox 1942 4911 2112 4964; x_wconf 88' lang='lat' dir='ltr'><strong>simus</strong></span> <span class='ocrx_word' id='word_1_738' title='bbox 2142 4910 2278 4965; x_wconf 87' lang='lat' dir='ltr'><strong>abba</strong></span> <span class='ocrx_word' id='word_1_739' title='bbox 2311 4908 2552 4976; x_wconf 63' lang='lat' dir='ltr'><strong>praedicti</strong></span> <span class='ocrx_word' id='word_1_740' title='bbox 2585 4907 2687 4962; x_wconf 90' lang='lat' dir='ltr'><strong>loci</strong></span> <span class='ocrx_word' id='word_1_741' title='bbox 2720 4905 2968 4967; x_wconf 86' lang='lat' dir='ltr'><strong>Maiolus,</strong></span> <span class='ocrx_word' id='word_1_742' title='bbox 2993 4917 3148 4957; x_wconf 85' lang='lat' dir='ltr'><strong>sacra</strong></span> <span class='ocrx_word' id='word_1_743' title='bbox 3181 4901 3537 4958; x_wconf 81' lang='lat' dir='ltr'><strong>ecclesiarum</strong></span> 
     </span>
    </p>
   </div>
   <div class='ocr_carea' id='block_1_104' title="bbox 1943 4992 3542 5064">
    <p class='ocr_par' dir='ltr' id='par_1_104' title="bbox 1943 4992 3542 5064">
     <span class='ocr_line' id='line_1_104' title="bbox 1943 4992 3542 5064; baseline -0.006 -6"><span class='ocrx_word' id='word_1_744' title='bbox 1943 5003 2058 5058; x_wconf 89' lang='lat' dir='ltr'><strong>loca</strong></span> <span class='ocrx_word' id='word_1_745' title='bbox 2104 5015 2169 5055; x_wconf 85' lang='lat' dir='ltr'><strong>ex</strong></span> <span class='ocrx_word' id='word_1_746' title='bbox 2203 5016 2354 5055; x_wconf 89' lang='lat' dir='ltr'><strong>more</strong></span> <span class='ocrx_word' id='word_1_747' title='bbox 2380 5001 2607 5055; x_wconf 88' lang='lat' dir='ltr'><strong>visitans</strong></span> <span class='ocrx_word' id='word_1_748' title='bbox 2628 5041 2642 5064; x_wconf 96' lang='lat'><strong>,</strong></span> <span class='ocrx_word' id='word_1_749' title='bbox 2677 4997 2743 5052; x_wconf 90' lang='lat' dir='ltr'><strong>ad</strong></span> <span class='ocrx_word' id='word_1_750' title='bbox 2774 4995 3079 5050; x_wconf 63' lang='lat' dir='ltr'><strong>coenobium</strong></span> <span class='ocrx_word' id='word_1_751' title='bbox 3113 4992 3411 5050; x_wconf 90' lang='lat' dir='ltr'><strong>Luciacum</strong></span> <span class='ocrx_word' id='word_1_752' title='bbox 3457 4997 3542 5049; x_wconf 93' lang='lat' dir='ltr'><strong>di—</strong></span> 
     </span>
    </p>
   </div>
   <div class='ocr_carea' id='block_1_105' title="bbox 1941 5083 3545 5159">
    <p class='ocr_par' dir='ltr' id='par_1_105' title="bbox 1941 5083 3545 5159">
     <span class='ocr_line' id='line_1_105' title="bbox 1941 5083 3545 5159; baseline -0.004 -10"><span class='ocrx_word' id='word_1_753' title='bbox 1941 5103 2200 5150; x_wconf 85' lang='lat' dir='ltr'><strong>vertet‘et.</strong></span> <span class='ocrx_word' id='word_1_754' title='bbox 2243 5091 2402 5159; x_wconf 83' lang='lat' dir='ltr'><strong>Quod</strong></span> <span class='ocrx_word' id='word_1_755' title='bbox 2438 5105 2666 5146; x_wconf 87' lang='lat' dir='ltr'><strong>cernens</strong></span> <span class='ocrx_word' id='word_1_756' title='bbox 2704 5087 2938 5141; x_wconf 82' lang='lat' dir='ltr'><strong>famulus</strong></span> <span class='ocrx_word' id='word_1_757' title='bbox 2967 5085 3169 5140; x_wconf 84' lang='lat' dir='ltr'><strong>Christi</strong></span> <span class='ocrx_word' id='word_1_758' title='bbox 3201 5083 3545 5152; x_wconf 84' lang='lat' dir='ltr'><strong>Willeltnus,</strong></span> 
     </span>
    </p>
   </div>
   <div class='ocr_carea' id='block_1_106' title="bbox 2392 5173 3549 5210">
    <p class='ocr_par' dir='ltr' id='par_1_106' title="bbox 2392 5173 3549 5210">
     <span class='ocr_line' id='line_1_106' title="bbox 2392 5173 3549 5210; baseline 0 0"><span class='ocrx_word' id='word_1_759' title='bbox 2392 5196 2544 5210; x_wconf 69' lang='lat' dir='ltr'><strong>nlo-Im</strong></span> <span class='ocrx_word' id='word_1_760' title='bbox 2577 5193 2602 5210; x_wconf 71' lang='grc' dir='ltr'>η</span> <span class='ocrx_word' id='word_1_761' title='bbox 2639 5181 2750 5210; x_wconf 65' lang='lat' dir='ltr'><strong>“an</strong></span> <span class='ocrx_word' id='word_1_762' title='bbox 2782 5175 3105 5210; x_wconf 63' lang='grc' dir='ltr'><strong>ιιυοῖιιοιηῖηῐη</strong></span> <span class='ocrx_word' id='word_1_763' title='bbox 3152 5173 3412 5210; x_wconf 63' lang='grc' dir='ltr'><strong>οηηιηιονῖ</strong></span> <span class='ocrx_word' id='word_1_764' title='bbox 3458 5177 3549 5210; x_wconf 72' lang='grc' dir='ltr'><strong>,Ιη-</strong></span> 
     </span>
    </p>
   </div>
   <div class='ocr_carea' id='block_1_107' title="bbox 1942 5185 2357 5210">
    <p class='ocr_par' dir='ltr' id='par_1_107' title="bbox 1942 5185 2357 5210">
     <span class='ocr_line' id='line_1_107' title="bbox 1942 5185 2357 5210; baseline 0 0"><span class='ocrx_word' id='word_1_765' title='bbox 1942 5185 2357 5210; x_wconf 60' lang='lat' dir='ltr'><strong>:..I;.&quot;:n-A..Aroaln</strong></span> 
     </span>
    </p>
   </div>
  </div>
