3992 5338
474 156 579 214 707

1463 158 1762 218 RODCLFI
1801 157 2053 220 CLABRI
2090 162 2405 220 MONACIII
2443 162 2763 232 CLUNIAC.

3655 168 3765 226 708

470 276 581 332 viui
605 276 787 359 operis
807 275 954 333 cultu
977 273 1294 329 decreverat
1312 257 1590 331 eiercere.
1607 276 1815 332 Dehinc
1834 276 2065 332 Romam
2092 283 2142 342 Α
2171 287 2229 331 ιιι
2274 278 2406 348 ipsis
2453 286 2823 343 convenerat,
2878 287 3239 350 praeceptore,
3290 260 3641 336 Cluniacensi
3695 299 3767 337 ex

473 383 729 440 pergens,
750 367 975 438 perinde
1001 366 1299 435 rediturus,
1329 375 1388 421 ut
1409 381 1594 422 secum
1615 368 1681 422 ad
1710 368 1798 423 diu
1820 377 2067 438 optatum

475 461 652 516 locum
685 459 832 514 illum
865 459 1176 515 deduceret.
1218 458 1438 513 interim
1467 473 1600 515 vero
1630 458 1934 516 Wil'lelmus
1972 461 2061 515 de-

474 551 713 606 liberans
740 551 1039 621 prudenter
1083 551 1149 606 de
1179 551 1431 606 omnibus
1460 566 1582 621 qua:
1614 551 1681 606 ad
1713 568 1771 607 se
1797 552 2072 621 pertinere

436 706 443 710 _
476 641 819 706 videbantur,
850 656 916 697 ac
960 641 1006 696 si
1041 641 1097 695 in
1136 640 1418 712 procinctu
1453 640 1610 697 miles
1637 643 1955 713 expeditus,
2003 657 2073 698 ne

409 757 413 761 -
475 733 618 787 forte
650 731 718 786 ad
747 732 868 786 fidei
899 740 1173 786 certamen
1205 730 1254 786 ei
1281 739 1640 801 properaturo
1671 732 1758 786 res
1784 732 1873 787 diu
1905 733 2073 787 licen-

478 832 564 878 ter
594 836 734 888 usae,
776 837 882 877 non
927 822 1227 877 necessitas
1256 832 1569 893 parentum,
1618 831 1713 877 aut
1757 823 2076 894 speciositas

478 913 777 967 carnalium
810 911 1067 978 fratrum,
1095 928 1189 968 seu
1218 912 1323 968 vici
1354 927 1416 967 ac
1446 913 1747 979 latifundia,
1779 923 1943 984 atque
1979 929 2074 969 ca-

479 1003 633 1059 stella
677 1018 864 1058 eorum
907 1018 1027 1071 quae
1058 1002 1309 1073 perplura
1336 1010 1511 1067 erant,
1545 1018 1652 1058 non
1680 1003 1872 1058 saltem
1901 1004 2076 1074 pietas

482 1098 650 1152 nativi
694 1097 814 1161 soli,
847 1096 932 1152 vel
979 1097 1247 1167 generalis
1296 1112 1451 1151 amor
1488 1105 1810 1153 cunctorum
1846 1099 2077 1153 obsiste—

481 1197 624 1252 rent,
651 1189 746 1244 sed
776 1196 835 1242 ut
863 1189 930 1243 ab
959 1187 1046 1242 his
1071 1188 1321 1242 omnibus
1350 1186 1487 1243 liber
1532 1196 1695 1256 atque
1748 1198 2076 1244 exoneratus

480 1278 624 1333 viam
653 1277 1034 1333 mandatorum
1078 1277 1195 1342 Dei,
1242 1286 1402 1346 prout
1444 1277 1806 1348 disposuerat,
1854 1293 2077 1334 currere

482 1371 709 1433 valeret,
742 1377 914 1448 totum
946 1384 1005 1424 se
1033 1369 1227 1425 divinae
1255 1369 1529 1424 commisit
1556 1370 1925 1439 providentiae.
1966 1370 2077 1425 Re-

483 1463 768 1536 grediente
815 1461 980 1534 igitur
1026 1477 1056 1515 a
1086 1460 1258 1517 Roma
1304 1461 1422 1516 viro
1463 1460 1560 1516 Dei
1608 1460 1838 1529 Maiolo,
1871 1477 2080 1517 memor

482 1565 712 1625 uterque
735 1553 965 1624 propriae
999 1552 1329 1621 sponsionis,
1375 1552 1614 1624 suscepit
1654 1552 1989 1608 Willelmum
2020 1553 2076 1607 in

2169 381 2347 429 more.
2368 366 2660 423 Enimvero
2685 368 2945 438 quidquid
2974 368 3190 423 illorum
3218 380 3338 424 erat
3367 368 3590 440 peculii,
3620 386 3771 425 com-

2171 458 2352 511 munis
2391 456 2446 511 in
2479 456 2709 512 ecclesia
2748 472 2966 513 eremus
2998 474 3118 513 esse
3155 457 3467 524 videbatur;
3500 468 3666 530 atque
3694 462 3773 515 is-

2172 546 2319 612 dem,
2378 558 2665 618 postquam
2722 549 2789 604 ad
2846 550 3057 620 potiora
3089 550 3394 607 Willelmus
3444 552 3769 610 sublimatus

2173 634 2385 701 fuisset,
2422 637 2626 694 referre
2649 648 2766 694 erat
2789 640 2978 695 solitus
3013 656 3279 710 nusquam
3318 656 3379 697 se
3410 642 3591 697 locum
3618 652 3769 713 opta-

2171 719 2420 788 bilio’rem
2454 736 2718 803 reperisse
2756 733 2825 787 ad
2863 748 3010 798 eam,
3036 749 3202 803 quam
3230 733 3478 789 obtinere
3502 734 3770 791 delibas-

2173 831 2344 887 verat,
2396 823 2707 893 pauperiem
2738 822 3019 893 consequi,
3060 823 3143 878 vel
3185 823 3594 879 extremitatem
3643 836 3768 884 san-

2175 915 2405 970 ctitatis.

2244 1006 2331 1061 ll.
2383 1004 2517 1061 Tum
2561 1008 2878 1062 monasterio
2920 1006 2981 1064 S.
3025 1007 3269 1080 Benigm'.
3313 1038 3386 1050 --
3430 1008 3770 1067 Memorabili

2176 1094 2341 1166 igitur
2382 1095 2522 1165 patri
2567 1094 2761 1152 Maiolo
2795 1099 2896 1153 sub
2941 1100 3131 1155 eodem
3165 1108 3405 1170 tempore
3454 1109 3771 1172 suggestum

2174 1192 2259 1239 est
2284 1199 2313 1240 a
2347 1183 2621 1251 Brunone,
2654 1187 2976 1243 veneranda:
3005 1190 3281 1245 memoriae
3307 1189 3573 1262 Lingonis
3597 1192 3775 1261 ponti-

2175 1273 2301 1340 ficc,
2332 1283 2392 1330 ut
2421 1277 2812 1333 monasterium
2838 1280 3044 1348 egregii
3073 1280 3328 1352 martyris
3352 1280 3609 1353 Benigni,
3631 1285 3772 1352 quod

2170 1364 2327 1436 juxta
2373 1367 2700 1425 Divionense
2729 1382 2970 1425 castrum
3004 1370 3667 1441 autiquitus'veneratur,
3702 1374 3771 1428 ad

2179 1454 2656 1557 redintegrandum
2683 1459 2848 1513 divini
2873 1459 3049 1515 cultus
3096 1461 3343 1557 ordinem
3374 1462 3468 1532 qui
3496 1463 3556 1516 in
3583 1465 3772 1521 eodem

2179 1543 2297 1601 loco
2325 1547 2546 1601 omnino
2574 1548 2872 1616 defecerat,
2903 1543 3230 1621 suscipereT;
3256 1561 3333 1619 et,
3364 1553 3512 1608 sicut
3533 1569 3634 1624 per
3663 1554 3774 1625 pln-

483 1645 815 1718 spiritualem
852 1644 1054 1701 Christi
1101 1645 1449 1712 filiationem,
1499 1662 1562 1701 ac
1609 1646 1764 1700 duxit
1809 1645 1956 1701 illum
2004 1646 2074 1701 ad

2182 1637 2316 1691 rima
2356 1638 2605 1693 emnobia
2645 1637 2966 1710 jamdudum
3009 1658 3172 1716 agere
3201 1655 3589 1711 consueverat,
3623 1647 3695 1701 ita
3719 1656 3774 1702 et

485 1737 727 1793 locorum
778 1735 1180 1791 sanctissimum
1234 1734 1571 1791 Cluniacum.
1625 1735 1706 1790 Ad
1755 1735 1900 1805 quod
1947 1750 2071 1790 cum

482 1827 754 1891 venisset,
799 1825 946 1880 misit
977 1834 1105 1901 ante
1135 1840 1193 1880 se
1237 1841 1303 1880 ex
1339 1827 1452 1895 suis
1498 1841 1696 1890 unum,
1749 1825 2075 1880 denuntians

485 1917 750 1973 fratribus
779 1926 837 1971 ut
861 1916 1075 1972 obviam
1111 1917 1159 1971 ei
1200 1932 1266 1972 ex
1309 1932 1460 1973 more
1484 1917 1661 1972 ornati
1687 1918 2073 1987 procederent,

483 2010 739 2080 quoniam
768 2007 1045 2079 excepturi
1073 2016 1232 2062 erant
1260 2008 1550 2076 quemdam
1577 2022 1761 2063 secum
1789 2007 2076 2063 adveniens

485 2110 619 2163 tem,
650 2099 734 2154 cui
771 2098 949 2153 honor
970 2097 1229 2152 divinitus
1268 2097 1586 2154 debebatur.
1616 2097 1887 2167 Exceptus
1919 2097 2103 2151 deni«'

483 2203 611 2258 que,
634 2196 693 2242 ut
721 2197 941 2242 sanctus
967 2187 1342 2252 mandaverat,
1380 2187 1605 2242 solemni
1635 2196 1920 2258 apparatu,
1954 2202 2079 2256 pro-

482 2278 654 2333 movit
682 2292 806 2333 eum
839 2277 1137 2334 honorifice
1162 2293 1283 2331 cum
1314 2277 1542 2332 consilio
1572 2278 1828 2342 fratrum;
1853 2278 2077 2347 quippe-

481 2370 607 2424 dum
641 2385 744 2423 una
767 2384 986 2424 sensere
1012 2369 1065 2423 in
1094 2368 1188 2423 illo
1210 2367 1335 2423 vita:
1358 2369 1633 2423 meritum.
1670 2367 1803 2423 Nam
1832 2377 1885 2423 et
1907 2369 2075 2422 isdem

482 2460 567 2513 vir
583 2457 676 2515 Dei
694 2457 920 2513 Maiolus
942 2458 1214 2528 peculiare
1241 2458 1574 2527 frequentius
1591 2474 1710 2513 eum
1734 2458 1920 2513 eodem
1938 2456 2075 2512 Wil-

483 2553 650 2608 lelmo
680 2552 746 2608 de
771 2552 858 2607 his
888 2567 1008 2622 qua:
1041 2567 1182 2607 vera:
1211 2551 1400 2607 salutis
1428 2562 1554 2607 sunt
1578 2554 1869 2609 exercebat
1911 2554 2077 2610 collo-

483 2650 695 2720 quium.
742 2649 972 2720 Jamque
1014 2651 1227 2720 expleto
1264 2651 1317 2725 ip
1348 2651 1536 2706 eodem
1583 2650 1701 2705 loco
1734 2650 1855 2720 plus
1900 2651 2079 2707 minus

483 2756 628 2795 anno
659 2743 901 2813 integro,
950 2741 1072 2812 plus
1106 2743 1317 2797 cunctis
1360 2741 1695 2798 admirabilis
1724 2742 2079 2797 venerabilis-

485 2849 632 2902 que,
689 2850 899 2891 necnon
959 2835 1359 2890 bonestioribns
1423 2835 1704 2890 imitabilis
1755 2836 2074 2891 habebatur.

493 2927 649 2981 Tunc
678 2942 913 2997 namque
947 2927 1244 2998 spiritualis
1272 2926 1434 2981 Pater
1454 2924 1718 2994 judicavit
1744 2942 1865 2982 eum
1898 2943 2077 2983 sacer-

487 3016 633 3072 dolio
663 3016 807 3086 fungi
837 3018 1246 3086 dignissimum;
1299 3015 1406 3085 jam
1445 3017 1589 3072 enim
1634 3026 1878 3073 sacratus
1905 3017 2084 3073 fuerat

485 3108 704 3164 levitico
731 3109 1032 3165 ministerio
1069 3127 1082 3162 :
1114 3118 1170 3163 at
1196 3108 1285 3162 ille
1323 3107 1599 3163 humiliter
1643 3110 1993 3178 paveitdoqiie
2022 3124 2082 3165 se

486 3202 835 3267 subtrahens,
867 3202 1051 3256 dicens
1081 3215 1139 3256 se
1163 3199 1384 3255 omnino
1413 3214 1518 3254 non
1551 3214 1671 3255 esse
1711 3200 1824 3270 (29)
1861 3201 2079 3271 dignum

487 3300 729 3347 tractare
763 3292 897 3345 tanti
936 3290 1183 3361 mystsrii
1215 3299 1640 3345 sacramentum.
1689 3289 1920 3345 Sanctus
1948 3304 2080 3360 quo-

487 3396 613 3452 que,
643 3381 832 3437 nolens
859 3380 1136 3452 placerem
1172 3380 1340 3435 animi
1369 3379 1486 3450 ejus
1519 3379 1767 3443 turbare,
1805 3382 2083 3436 consensit

488 3478 547 3524 ut
575 3469 767 3525 voluit.

564 3563 650 3619 10.
682 3562 741 3618 S.
776 3562 1059 3619 Saturnini
1081 3573 1399 3618 monasterio
1434 3563 1743 3632 pur/icitur.
1775 3593 1845 3603 —
1873 3562 2079 3620 Interea

488 3654 638 3710 venit
662 3655 879 3724 quidam
909 3654 1077 3708 frater
1105 3654 1423 3724 prmpositus
1453 3653 1686 3709 emnohii
1729 3654 1900 3708 sancti
1940 3670 2083 3708 mar-

489 3747 625 3818 tyris
674 3736 954 3800 Saturnini
1005 3744 1153 3816 (50),
1203 3744 1348 3815 quod
1386 3753 1469 3797 est
1516 3758 1679 3813 super
1726 3742 2078 3809 Rhodanum,

489 3847 815 3907 precaturus
869 3844 1115 3893 sanctum
1173 3835 1347 3889 virum
1399 3830 1650 3886 Maiolum
1708 3842 1979 3902 quatenus
2030 3833 2081 3886 ei

489 3926 728 3997 aliquem
757 3941 788 3980 e
819 3924 935 3980 stis
963 3923 1360 3988 commodaret,
1391 3922 1484 3993 qui
1515 3934 1638 3977 eum
1667 3937 1789 3976 eum
1822 3921 2083 3978 fratribus

485 4017 585 4073 sibi
615 4018 919 4073 commissis
962 4017 1029 4071 ad
1076 4016 1265 4071 salutis
1309 4017 1450 4070 viam
1499 4017 1897 4088 agnoseendam
1929 4017 2083 4071 insti-

487 4116 641 4162 tuere
668 4107 890 4162 valeret.
939 4106 1007 4160 At
1043 4108 1127 4161 vir
1163 4107 1548 4161 misericordiae
1586 4108 1802 4177 gemina
1837 4107 2081 4161 conside-

485 4200 695 4253 ratione
745 4200 1099 4270 prospiciens,
1132 4200 1293 4254 unius
1323 4199 1576 4255 videlicet
1614 4199 1896 4270 juvamen,
1944 4199 2079 4253 alte-

486 4289 602 4344 rius
645 4304 857 4359 quoque
903 4290 1228 4346 obeditionis
1258 4293 1667 4362 probationem,
1717 4294 1976 4349 domuum
2023 4293 2074 4348 ei

485 4382 735 4451 protinus
763 4382 1033 4437 commisit
1062 4383 1413 4440 Willelmum.
1438 4386 1538 4453 Qui
1566 4386 1789 4441 omnino
1818 4385 1892 4440 nil
1920 4385 2078 4440 dubi-

489 4484 610 4527 tans
635 4482 728 4526 aut
754 4474 1011 4541 renitens,
1041 4478 1279 4546 perrexit
1313 4479 1588 4533 humiliter
1612 4480 1678 4533 ad
1702 4478 1881 4534 Patris
1906 4479 2077 4551 impe-

487 4565 627 4618 rium
676 4565 726 4619 ei
764 4565 1144 4632 obsecuturus,
1175 4568 1267 4637 qui
1313 4569 1380 4623 ad
1429 4569 1531 4624 hoc
1574 4579 1797 4624 venerat
1826 4568 2075 4624 utilitatis

487 4657 681 4711 animae
740 4657 935 4728 gratia.
988 4657 1232 4714 Habebat
1275 4661 1420 4715 enim
1469 4660 1725 4731 prmfatus
1767 4661 1851 4716 vir
1893 4661 2075 4731 plures

488 4748 687 4803 fratres
711 4766 893 4805 secum
926 4750 1083 4805 simul
1129 4753 1412 4822 degentes,
1450 4768 1557 4806 una
1605 4763 1781 4808 tamen
1827 4752 2075 4807 voluntas

488 4839 728 4894 omnium
756 4880 770 4907 ,
820 4857 920 4911 par
953 4857 1278 4908 consensus,
1326 4843 1521 4898 similis
1564 4844 1838 4913 operatio,
1887 4844 2080 4899 modus

488 4940 679 4993 orandi
734 4954 797 4993 ac
826 4940 1085 5009 psallendi
1130 4949 1295 5010 atque
1337 4941 1566 5006 edendi,
1624 4950 1680 4996 et
1707 4949 1851 4995 totus
1885 4941 2077 4995 borum

491 5026 713 5084 habitus
737 5029 1019 5085 charitatis
1045 5031 1218 5098 gratia
1240 5030 1544 5097 uniformis,
1566 5030 1843 5087 Willelmo
1866 5046 2076 5097 revera,

564 5206 678 5275 (29)
708 5206 764 5260 In
812 5207 1025 5278 levitieo
1054 5209 1222 5278 gradu
1268 5209 1356 5263 diu
1392 5208 1758 5277 perseveravit
1786 5206 2076 5262 modestis-

494 5274 667 5329 simus
709 5278 896 5331 abbas.
938 5274 1087 5333 Unde
1138 5278 1335 5333 litteris
1381 5274 1648 5333 Brunonis
1695 5278 1931 5338 episcopi
1978 5292 2076 5338 DI'O

2178 1726 2322 1782 istud
2349 1728 2402 1782 in
2434 1728 2626 1786 melius
2652 1730 2953 1789 reformare
2981 1745 3276 1805 satageret.
3310 1738 3383 1792 At
3411 1737 3497 1792 vir
3528 1749 3772 1809 sanctus,

2178 1828 2358 1874 motus
2404 1818 2638 1889 pietate,
2684 1823 2747 1876 ad
2792 1838 2984 1893 preces
3028 1825 3300 1895 pontiﬁcis
3334 1827 3487 1882 misit
3515 1828 3775 1884 continuo

2178 1911 2269 1981 qui
2300 1913 2367 1966 ad
2398 1926 2460 1966 se
2484 1912 2808 1968 reducerent
2835 1914 3183 1970 Willelmum.
3211 1915 3334 1972 Jam
3364 1919 3513 1973 enim
3541 1934 3776 1974 eumeu-

2180 2003 2303 2058 dem
2347 2001 2537 2069 fratre,
2570 2004 2657 2059 cui
2704 2003 2852 2059 illum
2893 2008 3261 2075 commiserat,
3292 2024 3497 2064 annum
3527 2018 3589 2065 et
3615 2010 3777 2067 semis

2177 2095 2266 2164 pie
2301 2094 2530 2150 vivendo
2560 2094 2893 2166 expleverat.
2936 2096 3033 2152 Cui
3067 2100 3251 2169 utique
3281 2103 3349 2156 ad
3379 2115 3442 2156 se
3483 2111 3773 2168 revocato,

2179 2186 2422 2258 praedicti
2471 2188 2646 2242 sancti
2692 2189 2950 2259 martyris
2988 2190 3305 2245 monasterii
3352 2190 3498 2245 dulci
3552 2191 3778 2261 imperio

2178 2288 2463 2348 paternam
2491 2277 2649 2333 ovilis
2679 2277 2882 2334 Christi
2912 2294 3100 2334 curam
3143 2281 3437 2337 commisit.
3471 2280 3778 2353 Spopondit

2181 2367 2404 2438 insuper
2450 2376 2509 2422 ut
2553 2369 2812 2440 quidquid
2852 2369 3149 2441 juvamiuis
3185 2374 3254 2428 ad
3288 2374 3593 2444 spiritualis
3620 2375 3777 2444 hujus

2181 2459 2381 2530 negotii
2440 2459 2831 2516 incrementum
2881 2473 3122 2532 optaret,
3180 2464 3294 2535 ipse
3346 2465 3545 2522 libenti
3596 2468 3776 2522 animo

2179 2551 2606 2620 atquipenderet.
2628 2552 2897 2624 Episcopo
2919 2555 3291 2623 nihilominus,
3312 2557 3367 2612 in
3384 2557 3481 2614 Dei
3507 2559 3615 2615 fide
3636 2560 3775 2631 pari-

2183 2653 2265 2699 ter
2306 2654 2360 2700 et
2402 2662 2520 2713 sua,
2567 2657 2907 2704 contestatus
2946 2660 3030 2705 est
3068 2660 3128 2705 ut
3162 2651 3255 2716 illi,
3289 2666 3442 2707 more
3474 2652 3770 2708 dulcissimi

2180 2737 2386 2802 Patris,
2410 2739 2705 2794 advocatus
2734 2751 2787 2795 et
2804 2751 3007 2805 custos,
3032 2742 3247 2813 adjulor
3270 2753 3437 2814 atque
3464 2745 3775 2801 consolator

2182 2829 2236 2884 in
2267 2831 2519 2886 onmibus
2544 2840 2705 2886 esset.
2745 2832 2844 2900 Qui
2871 2833 3219 2905 integerrima
3249 2836 3638 2892 observatione
3667 2852 3776 2891 mo-

2184 2921 2319 2975 nitui
2345 2922 2461 2992 ejus
2494 2922 2812 2988 obaudiens,
2846 2923 2983 2977 ultra
3007 2939 3169 2994 quam
3199 2925 3348 2982 credi
3389 2928 3594 2997 potuit,
3630 2927 3773 2981 illum

2186 3009 2238 3063 in
2270 3012 2379 3064 vita
2405 3011 2616 3065 dilexit.
2648 3010 2899 3069 Clemens
2930 3014 3093 3085 igitur
3117 3016 3348 3071 domnus
3375 3015 3691 3073 Willelmus
3711 3018 3775 3072 ad

2183 3100 2285 3155 sibi
2310 3100 2638 3155 destinatum
2671 3103 2999 3174 suscipiendi
3032 3122 3095 3162 ac
3132 3107 3349 3176 regendi
3375 3109 3554 3179 gratia
3588 3123 3774 3166 mona-

2184 3191 2430 3257 sterium,
2462 3192 2643 3247 missis
2672 3209 2794 3248 cum
2826 3211 2891 3249 eo
2932 3212 2960 3249 a
2994 3206 3180 3252 sancto
3217 3197 3411 3254 Maiolo
3450 3201 3775 3270 quihusdam

2182 3295 2248 3334 ex
2280 3280 2684 3338 honestior-ibus
2704 3282 2943 3341 Cluniaci
2973 3285 3249 3353 fratribus,
3273 3288 3457 3358 ibique
3480 3290 3777 3346 honorifice

2182 3382 2472 3442 exceptus,
2521 3384 2685 3445 atque
2715 3378 2782 3431 ab
2813 3379 3002 3432 eodem
3048 3378 3275 3449 praesule
3303 3379 3563 3436 Brunone
3594 3398 3777 3439 mona-

2184 3462 2408 3517 chorum
2437 3463 2598 3519 Pater
2627 3476 2709 3519 est
2735 3482 2800 3521 ex
2830 3484 2980 3523 more
3009 3479 3377 3526 consecratus.

2254 3554 2342 3607 42.
2387 3552 2708 3611 Versiacensi
2738 3557 2925 3612 deinde
2945 3569 2993 3612 et
3016 3558 3287 3614 Besuensi.
3317 3560 3452 3629 Ejus
3479 3561 3773 3616 humilitas.

2182 3644 2516 3717 —-Cnmque
2557 3649 2822 3703 acerrime
2854 3665 2917 3704 ac
2944 3649 3190 3721 vigilanti
3232 3652 3410 3706 studio
3456 3668 3519 3706 se
3568 3652 3777 3725 sibique

2183 3735 2502 3791 connnissos
2524 3752 2622 3808 pro
2645 3738 2739 3792 Dei
2765 3753 2950 3794 amore
2971 3738 3268 3810 disciplinis
3288 3740 3635 3812 regularibus
3654 3743 3777 3799 sub-

2183 3826 2367 3892 deret,
2419 3842 2525 3882 non
2577 3828 2746 3883 multo
2772 3841 2892 3899 post
2926 3832 3274 3887 commissum
3319 3832 3371 3888 ei
3415 3832 3488 3888 ab
3541 3835 3775 3892 Henrico

2181 3919 2476 3973 venerabili
2520 3920 2656 3975 duce
2694 3922 3081 3977 monasterium
3126 3924 3289 3978 etiam
3329 3924 3580 3981 Veniaci
3610 3927 3773 3983 castri

2183 4024 2249 4063 ex
2282 4010 2452 4065 latere
2479 4011 2664 4076 situm,
2705 4013 2793 4068 ubi
2822 4014 3076 4084 antiquus
3104 4015 3385 4071 confessor
3412 4015 3624 4072 Christi
3657 4034 3777 4074 san-

2183 4114 2306 4159 ctus
2348 4105 2640 4174 requiescit
2691 4104 2987 4162 Viventius.
3032 4107 3165 4162 Illud
3199 4124 3436 4178 quoque,
3466 4110 3643 4166 veluti
3667 4110 3775 4182 pri-

2186 4212 2355 4259 mum,
2388 4196 2757 4252 moderamine
2787 4198 3019 4266 regulari
3049 4209 3169 4253 erat
3203 4201 3549 4268 destitutum,
3580 4203 3777 4274 illoque

2183 4285 2236 4340 in
2289 4287 2478 4341 melius
2528 4285 2842 4353 reformato,
2903 4291 3063 4343 tertio
3120 4290 3471 4345 nihilominus
3514 4292 3773 4348 destituto

2183 4392 2249 4431 ac
2286 4386 2429 4432 recta
2469 4377 2680 4431 vivendi
2717 4377 2854 4447 lege,
2901 4394 3064 4449 super
3092 4377 3297 4433 fontem
3344 4380 3536 4435 Bcsute
3576 4386 3769 4453 posito,

2186 4470 2660 4541 apostolorumque
2681 4471 2907 4540 principi
2930 4483 3169 4537 sacrato,
3203 4473 3270 4526 ab
3299 4472 3490 4527 eodem
3521 4474 3773 4530 Brunonc

2185 4562 2438 4631 pontifice
2464 4563 2811 4618 constituitur
2840 4563 3020 4620 Pater.
3061 4564 3192 4619 Erat
3215 4565 3685 4635 antiquissimum,
3714 4583 3772 4620 ac

2185 4655 2382 4724 stcpius
2423 4671 2755 4727 paganorum
2786 4670 2879 4711 seu
2921 4657 3278 4727 pessimorum
3325 4674 3772 4731 quorumcueqie

2183 4749 2459 4804 hominum
2510 4748 2854 4804 infestatioue
2885 4750 3204 4805 desolatum.
3252 4751 3333 4803 Ad
3377 4750 3541 4818 hujus
3586 4768 3771 4820 nempe

2182 4838 2696 4909 redintegrationem
2747 4839 2874 4894 dum
2930 4850 3042 4895 toto
3097 4841 3386 4896 conamine
3433 4842 3766 4903 decertaret.

2181 4933 2410 5004 contigit
2459 4943 2517 4987 ut
2569 4933 2856 5002 praedictus
2902 4933 3186 5004 cpiscopus
3215 4949 3339 4988 cmn
3389 4935 3593 4989 comite
3640 4932 3767 5006 (3i)

2181 5025 2429 5079 maximae
2450 5024 2621 5079 partis
2643 5023 2966 5095 Burgundize
2992 5023 3283 5090 Willelmo,
3312 5026 3406 5096 qui
3436 5028 3604 5080 etiam
3630 5023 3769 5094 ejus-

2182 5203 2367 5338 n.(f’ftilj
2411 5270 2568 5326 Modo
2610 5272 2883 5338 prioratus
2931 5280 3017 5326 est
3064 5273 3395 5327 monasterio
3444 5270 3774 5328 Ambrouia-
