3992 5338
211 338 320 394 709

1352 336 1514 394 VITA
1552 333 1610 388 S.
1653 327 2028 386 GClLLlSLMI
2067 327 2316 384 illV'lON.

3391 327 3496 387 7|0
3551 305 3562 312 ’

207 455 331 510 dem
389 450 567 521 patris
599 449 666 504 de
710 462 818 521 quo
865 465 1047 505 sermo
1080 458 1163 506 est
1219 452 1506 505 exstiterat
1556 448 1814 502 affinitate
1842 453 1890 509 Α
1918 445 2079 500 nobia
2121 445 2225 501 sibi
2267 444 2557 501 commissa
2607 441 3031 508 conﬂuentibus,
3084 440 3369 514 nullusque
3407 445 3503 516 qui

204 543 583 615 propinquus,
628 539 745 610 ipso
778 539 938 594 Patre
976 548 1261 608 praesente,
1307 538 1633 607 colloquium
1663 535 1810 604 pacis

206 635 462 689 haberet.
495 630 626 686 Post
653 639 851 685 cmtera
882 630 1019 684 dixit
1048 629 1240 699 praesul
1274 630 1326 683 in
1353 644 1483 682 aure
1509 628 1720 691 comiti,
1753 635 1812 681 ut

207 725 416 788 abbati,
451 734 638 793 utpote
663 724 965 794 propinquo
1003 723 1210 776 scilicet
1239 738 1356 780 suo.
1389 721 1582 776 leniter
1614 735 1808 790 sugge-

208 827 360 872 reret
405 826 485 880 ut,
540 814 828 868 elationem
893 829 961 868 ne
1005 813 1144 867 forte
1193 830 1290 884 pro
1335 812 1592 865 virtutum
1640 811 1812 880 gratia

207 907 296 960 vel
333 921 515 960 rerum
547 905 700 974 copia
735 903 1057 972 surriperet,
1091 911 1327 957 caveret.
1371 901 1460 955 Ille
1487 915 1700 970 quoque
1730 913 1817 953 re-

211 1005 470 1050 verenter
517 995 800 1056 accedens,
836 995 972 1048 dixit
1022 1003 1080 1046 ut
1129 994 1366 1047 munitus
1417 992 1608 1047 fuerat.
1662 991 1816 1044 Tunc

208 1099 370 1157 pater
395 1087 697 1142 Willeluius
720 1086 869 1139 vultu
899 1085 1065 1139 alacri
1089 1084 1264 1138 eidem
1295 1083 1478 1137 comiti
1512 1081 1814 1150 hujusmodi

209 1192 537 1247 responsura
561 1176 815 1246 protulit:
841 1174 921 1239 Si,
947 1175 1216 1243 inquiens,
1265 1187 1594 1244 cognoscere
1625 1181 1817 1241 potero

210 1269 366 1337 quod
399 1277 750 1336 augmentum
795 1275 1134 1320 terrenarum
1182 1281 1343 1334 opum
1392 1264 1473 1319 vel
1524 1265 1818 1334 possessio-

217 1371 351 1410 num
382 1357 544 1410 unius
577 1365 785 1410 tantum
827 1355 932 1408 diei
984 1365 1182 1408 nostra:
1215 1356 1339 1408 vitae
1382 1356 1664 1424 protrahat
1697 1369 1818 1422 spa-

214 1448 389 1510 tium,
439 1448 758 1517 persuaderi
807 1461 912 1500 non
966 1447 1096 1500 mihi
1142 1455 1319 1515 potest
1358 1447 1486 1515 quin
1525 1447 1590 1499 ad
1627 1447 1817 1498 horum

216 1538 456 1593 extollar
482 1539 898 1592 incrementum.
953 1535 1063 1591 lloc
1107 1548 1285 1590 autem
1341 1551 1658 1606 responsum
1691 1535 1816 1589 dum

217 1645 412 1686 comes
461 1631 742 1686 retulisset
772 1631 1077 1714 gpiscnpo,
1125 1628 1376 1682 admirati
1424 1638 1550 1682 sunt
1594 1638 1819 1696 uterque

221 1720 345 1791 ejus
375 1721 744 1791 prudentiam,
773 1725 1082 1791 pariterque
1121 1719 1281 1773 laetati
1315 1728 1535 1789 propter
1562 1718 1819 1773 humilem

217 1814 365 1869 illius
397 1812 742 1883 sapientiam.

288 1905 380 1960 15.
412 1904 739 1958 Monasterio
764 1901 1128 1957 Fiscamneusi
1149 1898 1682 1970 prcrﬁcitur.—Cum
1715 1899 1814 1967 igi-

219 2007 311 2050 tur
370 1994 517 2048 fama
567 1995 877 2051 sanctitatis
927 1993 1069 2048 illius
1101 1993 1213 2062 jam
1271 1992 1434 2046 latius
1486 1990 1812 2053 deferretur,

219 2086 623 2141 Normanorum
654 2087 762 2140 dux
790 2083 1116 2140 venerabilis
1162 2083 1306 2136 illam
1334 2082 1677 2152 comperiens
1720 2082 1815 2134 lti-

219 2179 479 2242 chardus,
509 2178 663 2232 misit
689 2177 754 2231 ad
783 2191 930 2238 eam,
967 2185 1279 2230 reverenter
1302 2174 1611 2244 supplicans
1648 2182 1706 2226 ut
1748 2173 1815 2225 ail

219 2285 280 2324 se
309 2269 543 2324 veniret.
595 2267 697 2334 Qui
733 2267 946 2322 tandem
988 2266 1241 2329 libenter,
1275 2274 1335 2319 ut
1368 2275 1586 2335 rogatus
1613 2263 1814 2330 fuerat,

219 2375 455 2429 pergens
482 2359 634 2414 venit
671 2359 736 2412 ad
765 2372 921 2422 eum;
955 2373 983 2410 a
1015 2373 1122 2426 quo
1157 2357 1344 2418 etiam,
1375 2355 1534 2409 sicuti
1569 2355 1813 2420 dceelat,

221 2452 526 2507 honorifice
577 2459 862 2521 susceptus
913 2462 1015 2505 est.
1062 2448 1226 2516 Cujus
1279 2448 1641 2502 sanctissimis
1692 2461 1814 2502 cum

221 2554 522 2609 recreatus,
565 2552 626 2599 ut
652 2553 769 2598 erat
817 2543 980 2597 totius
1024 2543 1147 2596 boni
1197 2551 1431 2604 amator,
1483 2540 1591 2593 dux
1629 2539 1818 2592 fuisset

221 2636 477 2705 eloquiis,
511 2635 807 2690 obsecrans
838 2633 986 2687 illum
1011 2642 1069 2686 ut
1092 2633 1380 2687 ecclesiam
1422 2642 1625 2685 sancta:
1651 2640 1707 2684 et
1732 2631 1814 2684 in.

225 2726 460 2780 dividua:
491 2725 776 2780 Trinitatis
801 2724 1004 2778 nomini
1034 2732 1085 2777 et
1113 2723 1302 2777 honori
1328 2723 1585 2786 dicatam,
1618 2722 1672 2774 iii
1699 2722 1816 2776 loco

223 2818 600 2872 Fiscamnensi
631 2826 989 2887 cognomento
1022 2815 1325 2884 antiquitus
1360 2825 1754 2878 construmam,
1785 2830 1816 2868 a

223 2924 325 2963 suo
354 2921 534 2963 tamen
565 2918 719 2978 patre
749 2907 1024 2961 Ricbardo
1066 2905 1516 2960 honorificentius
1557 2907 1817 2960 referim-

227 3011 367 3068 tam,
395 3003 588 3057 ordine
617 3001 1006 3054 monachorum
1030 2997 1334 3067 suscipiens
1353 2997 1655 3051 decoraret.
1686 2997 1817 3051 Erat

222 3095 370 3148 enim
401 3093 510 3146 illic
543 3106 693 3145 more
720 3091 904 3144 vivens
930 3088 1158 3151 carnali,
1185 3087 1316 3157 jugo
1341 3086 1514 3141 soiuta
1560 3085 1814 3157 regulari.

225 3189 553 3243 clericorum
601 3186 738 3240 levis
781 3183 1048 3239 conciola.
1093 3182 1338 3237 Cernens
1383 3181 1616 3249 denique
1661 3181 1817 3234 Pater

226 3277 537 3332 Willelmus
570 3277 713 3330 illius
742 3274 907 3328 animi
940 3273 1308 3335 devotionem,
1333 3271 1583 3340 promisit
1608 3285 1664 3323 se
1694 3285 1818 3323 eum

228 3369 324 3423 Dei
360 3368 629 3438 adjutorio
680 3365 808 3420 illud
837 3365 980 3434 quod
1010 3364 1266 3432 poscebat
1314 3361 1682 3430 impleturum.
1717 3357 1822 3423 Qui

227 3462 434 3532 pariter
456 3459 740 3513 venientes
761 3457 827 3510 ad
856 3453 1174 3524 prazdictum
1201 3451 1400 3514 locum,
1433 3448 1563 3502 satis
1595 3447 1825 3501 sublime

228 3565 294 3604 ac
323 3549 640 3604 solemniter
666 3545 936 3601 commisit
963 3544 1014 3597 ei
1044 3542 1213 3596 isdem
1244 3539 1349 3593 dux
1383 3553 1506 3592 cum
1551 3536 1826 3604 aliquibus

228 3641 501 3711 episcopis
535 3636 837 3693 dominium
872 3645 928 3690 et
958 3648 1143 3689 curam
1175 3629 1455 3701 reginiinis
1494 3629 1660 3682 totius
1701 3625 1822 3680 loci.

232 3734 372 3789 Tum
414 3734 499 3787 vir
541 3730 756 3785 Domini
793 3728 1142 3800 congregavit
1194 3725 1390 3780 ibidem
1443 3721 1828 3778 monachorum

232 3826 542 3895 regularem
574 3832 874 3886 catervam,
906 3822 977 3874 ita
1013 3817 1264 3873 videlicet
1296 3815 1543 3886 personis
1577 3825 1831 3866 numero-

234 3933 352 3972 sam
384 3931 450 3972 ac
501 3915 768 3969 bonorum
819 3913 1012 3966 studiis
1058 3913 1355 3979 copiosam,
1396 3917 1454 3960 ut
1502 3905 1698 3975 triplici
1746 3901 1829 3958 sui

236 4022 470 4063 numero
496 4005 895 4077 prmteritorum
949 4015 1239 4055 numerum
1271 3997 1562 4053 excelleret
1605 3995 1831 4049 clerico-

234 4117 381 4154 rum.
441 4097 594 4166 Quod
647 4110 878 4152 cernens
918 4092 1030 4162 jam
1079 4092 1256 4147 dictus
1308 4089 1578 4159 princeps,
1637 4083 1834 4139 multo-

233 4207 357 4247 rum
383 4192 648 4245 donorum
694 4203 756 4240 ac
787 4184 1186 4255 possessionum
1211 4179 1584 4250 largitionibus
1612 4175 1834 4245 amplia-

232 4283 316 4338 vit
347 4282 544 4336 locum.
599 4279 806 4333 Monuit
851 4279 1013 4331 etiam
1050 4285 1158 4328 tam
1202 4271 1452 4326 abbatem
1484 4283 1647 4338 quam
1676 4273 1836 4321 caete-

233 4389 328 4429 ros
355 4372 552 4426 fratres
583 4368 780 4438 sa‘pius
810 4375 866 4420 ut
894 4366 961 4420 ab
989 4365 1082 4418 illo
1119 4368 1370 4433 peterent
1411 4356 1667 4428 quidquid
1712 4369 1836 4410 suo-

234 4479 358 4519 rum
407 4461 625 4516 utilitati
668 4458 924 4529 expedire
959 4463 1202 4518 nossent,
1253 4458 1439 4520 utpote
1473 4448 1728 4518 quoniam
1769 4445 1836 4500 de

237 4554 341 4609 hac
370 4568 426 4607 re
454 4549 756 4605 secundum
788 4546 923 4600 velle
967 4550 1296 4615 provenerat
1319 4541 1367 4594 ei
1393 4549 1447 4593 et
1476 4551 1655 4608 posse.

309 4645 398 4700 14.
441 4641 669 4699 Scholas
697 4639 769 4692 ibi
791 4627 1333 4692 instituit.—lnlerea
1359 4646 1589 4687 cernens
1614 4627 1839 4698 vigilan-

241 4737 487 4793 tissimus
515 4733 682 4787 Pater
721 4731 975 4801 quoniam
1014 4744 1118 4782 non
1160 4726 1331 4780 solum
1361 4724 1453 4779 illo
1483 4724 1536 4777 in
1561 4722 1698 4786 loco,
1744 4717 1840 4774 sed

237 4833 404 4885 etiam
438 4843 536 4898 per
567 4836 736 4881 totam
762 4823 1100 4894 provinciam
1124 4820 1407 4885 illam,uec
1433 4832 1537 4872 non
1560 4831 1655 4886 per
1673 4823 1836 4868 lotam

238 4920 492 4983 Galliam,
526 4919 581 4971 in
633 4913 861 4986 plebeiis
909 4912 1146 4966 maxime
1177 4910 1460 4965 scientiam
1485 4905 1744 4977 psallendi
1777 4919 1838 4958 ac

237 5011 453 5084 legendi
480 5010 724 5067 deficere
740 5015 796 5062 et
822 5004 1089 5060 annullari
1121 5000 1604 5068 clericis,iustituit
1625 4999 1838 5053 scholas

235 5105 379 5161 sacri
433 5097 754 5163 ministerii,
803 5096 1000 5166 quibus
1028 5108 1126 5162 pro
1155 5092 1247 5145 Dei
1293 5105 1482 5148 amore
1523 5088 1722 5142 assidui
1757 5088 1837 5140 in-

232 5204 450 5250 starent
503 5191 711 5247 fratres
766 5185 924 5254 hujus
970 5183 1131 5240 otlicii
1195 5183 1358 5252 docti,
1417 5171 1512 5233 ubi
1569 5179 1835 5247 siquidem

232 5290 405 5332 oralic
438 5287 736 5332 largiretur
762 5280 970 5332 cunctis
997 5275 1258 5331 doctrinae
1278 5271 1610 5332 beneficium
1638 5271 1704 5324 ad
1727 5286 1841 5326 cce-

1916 535 1984 590 ad
2026 535 2141 589 haec
2183 535 2344 590 vellet
2395 535 2654 589 accedere
2705 534 3118 604 prohiberetur:
3157 535 3285 603 quin
3326 537 3506 606 potius

1917 636 2026 682 tam
2055 627 2226 681 servis
2251 643 2414 696 quam
2446 627 2652 692 liberis,
2684 626 2943 680 divitibus
2973 641 3095 680 eum
3139 629 3346 696 egenis,
3377 629 3504 684 uni-

1915 719 2087 774 forme
2113 721 2400 774 charitatis
2441 721 2846 789 impenderetur
2867 719 3270 773 documentum.
3316 717 3504 774 Plures

1914 812 2076 866 etiam
2108 827 2172 865 ex
2218 811 2466 881 ipsis,ex
2512 809 2800 874 crenobiis,
2855 818 3038 878 utpote
3061 824 3240 864 rerum
3293 817 3505 870 tenues.

1916 904 2255 973 accipiebant
2286 905 2506 958 victum.
2560 902 2638 956 Ex
2669 903 2866 972 quibus
2916 917 3131 972 quoque
3165 900 3407 955 nonnulli
3451 902 3505 955 iu

1916 1007 2116 1050 sancta:
2172 995 2602 1050 conversationis
2657 994 3044 1047 monachorum
3097 993 3362 1047 devenere
3413 993 3508 1046 ha-

1919 1090 2110 1144 bitum.
2160 1089 2324 1157 Cujus
2361 1089 2594 1156 denique
2667 1087 3024 1142 institutionis
3074 1085 3226 1139 labor
3279 1085 3509 1140 nimium

1918 1179 2208 1249 optabilem
2239 1181 2470 1234 diversis
2509 1179 2757 1235 ecclesiis
2804 1178 3030 1233 contulit
3061 1176 3317 1231 fructum.
3374 1176 3508 1230 Nam

1919 1270 2222 1341 praafatum,
2256 1282 2315 1323 ut
2343 1270 2523 1325 dicere
2553 1284 2918 1337 cmperamus,
2953 1268 3126 1321 locum
3156 1266 3335 1320 taliter
3357 1265 3507 1320 clau-

1920 1364 2050 1416 stris
2073 1373 2234 1432 atque
2257 1362 2487 1416 officinis
2512 1363 2870 1432 regularibus,
2895 1362 3213 1428 ueterisque
3239 1361 3508 1411 bonorum

1920 1453 2090 1522 copiis
2138 1453 2439 1516 adornavit,
2498 1461 2556 1506 ut
2598 1468 2709 1522 pra:
2759 1452 2974 1505 czeteris
3032 1450 3174 1504 illius
3217 1449 3510 1518 provincia:

1919 1544 2167 1599 felicibus
2199 1559 2412 1614 semper
2440 1544 2631 1599 floreat
2655 1544 3028 1598 incrementis.

1993 1637 2081 1690 15.
2127 1634 2398 1705 Templum
2451 1634 2508 1689 S.
2556 1634 2780 1705 Benigni
2824 1643 3104 1687 restaurat.
3151 1631 3315 1702 Cujus
3340 1631 3514 1701 sepul-

1921 1743 2070 1780 crum
2101 1727 2386 1795 detegi!.-——
2403 1726 2644 1794 Contigit
2692 1741 2823 1795 ergo
2859 1726 3199 1795 postmodum
3242 1735 3515 1813 quatenus

1850 1837 1890 1894 Β
1922 1833 2050 1886 pars
2097 1819 2340 1873 ecclesiae
2384 1818 2528 1872 beati
2565 1818 2819 1888 martyris
2858 1815 3103 1888 Benigui,
3138 1817 3246 1880 cui,
3293 1829 3514 1871 auctore

1919 1909 2052 1974 Deo,
2081 1909 2336 1977 primitus
2374 1917 2530 1978 pater
2566 1909 2724 1962 datus
2765 1907 2964 1970 fuerat,
2995 1907 3206 1961 ruinam
3250 1921 3515 1959 corruens

1921 1999 2096 2052 daret.
2123 1999 2296 2063 Quam
2329 2013 2454 2050 cum
2483 1996 2780 2051 reformare
2824 2005 3089 2066 cuperent
3131 1995 3370 2049 artifices
3401 2010 3508 2048 ca:-

1920 2091 2194 2154 mentarii,
2221 2089 2528 2160 graviorem
2550 2105 2678 2159 pars
2699 2089 2886 2142 eadem
2910 2088 3056 2142 dedit
3087 2088 3322 2140 ruinam.
3357 2085 3512 2152 Quod

1920 2199 2150 2238 cernens
2200 2184 2287 2237 vir
2331 2183 2444 2237 Deo
2489 2183 2736 2246 devotus,
2785 2179 3051 2234 intellexit
3095 2177 3355 2232 divinitus
3408 2175 3514 2230 sibi

1919 2273 2037 2328 dari
2069 2274 2325 2328 indicium
2368 2273 2510 2342 quod
2544 2281 2712 2325 totum
2758 2286 2788 2323 a
2834 2270 3202 2324 fundamentis
3259 2266 3514 2323 renovari

1917 2365 2526 2432 convenirettemplum.
2552 2363 2807 2431 Illicoque
2835 2376 3047 2416 summo
3081 2361 3276 2414 mentis
3296 2360 3516 2430 ingenio

1918 2458 2084 2526 cmpit
2134 2457 2302 2527 ipsius
2346 2455 2592 2511 ecclesia:
2638 2455 2997 2510 reformandae
3039 2453 3326 2507 mirificum
3379 2467 3512 2506 con-

1919 2555 2132 2599 struere
2186 2555 2548 2614 apparatum:
2591 2559 2753 2613 quam
2808 2543 3043 2611 denique
3094 2557 3218 2596 cum
3261 2540 3516 2610 cmpisset

1919 2637 2252 2691 reaedilicare
2282 2636 2548 2706 positione
2576 2634 2832 2697 mirabili,
2867 2634 3028 2688 valde
3056 2633 3301 2703 longiore
3329 2648 3393 2686 ac
3438 2629 3515 2684 la-

1919 2726 2056 2780 tiore
2081 2741 2242 2796 quam
2283 2725 2491 2790 fuerat;
2532 2726 2744 2796 ignotus
2771 2735 2953 2778 tamen
2989 2733 3108 2778 erat
3138 2723 3407 2778 universis
3438 2721 3517 2775 lo-

1918 2819 2084 2873 cellus
2139 2827 2246 2887 quo
2289 2819 2514 2888 pretiosi
2549 2818 2807 2888 martyris
2847 2817 3089 2870 membra
3128 2815 3518 2869 claudebantur

1918 2909 2161 2979 Benigni,
2191 2909 2317 2978 quia
2358 2909 2542 2964 solerti
2593 2926 2723 2964 cura
2774 2909 2954 2963 taliter
2980 2908 3282 2978 antiquitus
3338 2905 3518 2960 fuerat

1920 3001 2248 3064 reconditus,
2303 3008 2361 3054 ut
2406 3000 2496 3054 illo
2547 2999 2871 3054 fiducialiter
2905 3008 3261 3054 veneraretur
3307 3006 3518 3068 martyr

1919 3109 2014 3163 per
2041 3109 2240 3156 (ovum,
2273 3093 2359 3146 ubi
2390 3092 2531 3146 felici
2565 3102 2738 3145 morte
2771 3091 3026 3145 occubuit
3057 3100 3277 3160 propter
3300 3088 3470 3143 Deum
3499 3107 3512 3143 :

1849 3207 1890 3267 ε
1923 3186 2016 3238 sed
2045 3203 2075 3240 a
2117 3185 2437 3254 quibusdam
2493 3183 2725 3237 incautis
2770 3182 3053 3236 dicebatur
3087 3181 3255 3235 etiam
3284 3180 3356 3234 ibi
3406 3195 3514 3234 non

1930 3279 2138 3334 haberi.
2193 3276 2358 3344 Cujus
2406 3277 2674 3344 ignoratio
2733 3279 2811 3329 rei
2866 3274 3090 3327 nimium
3135 3273 3521 3328 moestificabat

1929 3369 2166 3422 animum
2197 3367 2374 3420 Patris
2400 3364 2678 3421 Willeltni.
2716 3365 2832 3419 Tali
2864 3381 3081 3434 quoque
3109 3363 3321 3419 defectu
3351 3365 3518 3417 anxio

1931 3457 2226 3511 revelatum
2276 3465 2361 3511 est
2403 3457 2614 3510 visione
2665 3455 3033 3524 pulcherrima
3065 3470 3162 3524 per
3199 3454 3375 3522 ipsum
3421 3452 3518 3505 Dei

1931 3558 2223 3621 martyrem
2257 3549 2426 3618 ipsius
2463 3547 2783 3604 honorabile
2826 3546 3157 3615 sepulcrum.
3187 3545 3316 3598 Erat
3351 3544 3517 3608 enim,

1931 3650 1990 3694 ut
2016 3639 2512 3694 beatusmultorum
2546 3647 2859 3694 sanctorum
2883 3639 3186 3708 descriptor
3214 3635 3515 3691 miraculo-

1934 3750 2052 3788 rum
2075 3734 2373 3804 Grcgorius
2395 3734 2738 3788 Turonorum
2784 3731 3025 3800 pontifex
3059 3731 3224 3786 refert
3247 3729 3380 3800 (52),
3405 3743 3522 3800 per-

1932 3825 2154 3894 grandis
2177 3840 2302 3879 arca
2335 3824 2531 3892 lapidei
2562 3822 2878 3893 sarcOphagi
2911 3823 3198 3876 continens
3231 3818 3520 3874 illum.Pro

1933 3915 2085 3984 cujus
2108 3917 2226 3985 (rei)
2246 3915 2622 3969 incredulitate
2653 3922 2838 3968 narrat
2867 3913 3006 3966 idem
3038 3919 3258 3968 sanctus
3285 3909 3519 3964 alterum

1934 4008 2105 4062 sancti
2139 4006 2372 4059 nominis
2403 4005 2724 4075 Gregorium
2761 4004 3157 4072 Lingonensem
3206 4004 3520 4074 episcopum

1935 4096 2116 4150 acrius
2145 4094 2416 4164 quondam
2460 4093 2626 4146 fuisse
2662 4092 3022 4161 increpatum.
3074 4083 3239 4163 Cujus
3289 4106 3522 4160 namque

1935 4187 2258 4258 positionem
2307 4186 2406 4240 loci
2447 4187 2669 4256 antiqua
2700 4195 2943 4240 vetustas
2972 4187 3230 4242 occuluit.
3262 4184 3394 4239 Nam
3427 4200 3522 4239 co-

1937 4295 2053 4333 ram
2108 4279 2380 4348 prmcipuo
2426 4278 2568 4332 illius
2619 4277 2930 4331 monasterii
2987 4277 3144 4331 altari
3201 4274 3523 4346 profundius

1935 4369 2236 4424 habebatur
2279 4367 2550 4423 defossum
2584 4378 2940 4422 memoratum
2989 4370 3317 4438 sepulcrum.
3370 4365 3523 4432 Quod

1937 4459 2192 4515 continuo
2239 4461 2524 4530 requirens
2571 4459 2800 4524 invenit,
2834 4459 3192 4530 aperiensque
3224 4459 3351 4513 illud
3388 4474 3523 4512 con-

1862 4571 1914 4631 D
1939 4551 2150 4621 tingere
2181 4551 2379 4605 meruit
2417 4550 2785 4605 sacratissima
2817 4551 3020 4618 egregii
3069 4550 3327 4621 martyris
3373 4564 3521 4612 ossa,

1943 4646 1994 4699 in
2029 4643 2180 4714 cujus
2201 4645 2364 4700 etiam
2396 4644 2643 4708 cerebro,
2667 4642 2809 4710 quod
2839 4642 2894 4695 in
2918 4641 3186 4711 descripta
3215 4642 3382 4710 ipsius
3405 4653 3525 4707 pas-

1939 4737 2090 4790 sione
2115 4736 2312 4806 legitur
2332 4734 2490 4806 (52'),
2519 4735 2712 4788 vulnus
2744 4732 2920 4786 ferreo
2948 4731 3150 4786 illatum
3187 4740 3341 4785 veete
3361 4743 3526 4795 appa-

1942 4826 2086 4880 ruit:
2118 4841 2238 4895 quze
2258 4825 2439 4880 omnia
2473 4825 2684 4894 integro
2712 4836 2938 4876 numero
2968 4820 3327 4890 prmsentibus
3353 4816 3524 4868 hone-

1941 4917 2198 4972 stioribus
2249 4925 2358 4970 tam
2407 4914 2674 4984 episcOpis
2723 4927 2884 4982 quam
2925 4909 3139 4965 caeteris
3189 4911 3529 4964 diversorum

1941 5009 2191 5062 ordinum
2221 5008 2306 5062 vel
2334 5022 2560 5062 sexuum
2589 5019 2714 5060 cum
2760 4999 3048 5055 odoriferis
3081 4992 3540 5070 thymiamatibus

1944 5112 2008 5152 ac
2045 5098 2390 5168 psallentium
2420 5094 2624 5157 choris,
2672 5092 2726 5145 in
2750 5089 2942 5143 eodem
2994 5089 3309 5144 recondidit
3358 5092 3547 5135 sarco-

1942 5189 2154 5260 phago;
2187 5189 2420 5255 indeque
2450 5182 2728 5252 paululum
2774 5179 2841 5232 ad
2875 5180 3150 5234 orientem
3193 5180 3344 5234 illum
3399 5183 3553 5222 amo-

1942 5294 2097 5332 vens.
2143 5280 2197 5332 in
2254 5274 2621 5332 pulcherrimo
2662 5280 2823 5332 atque
2877 5269 3304 5331 incomparabili
3352 5259 3557 5315 locavit
