3992 5338
482 229 578 283 7H

1471 221 1773 282 RODULFI
1814 217 2064 280 GLABlll
2108 217 2412 276 MONACIII
2452 214 2771 278 CLUNIAC.

3640 224 3758 277 752

485 339 710 396 tumulo.
747 339 950 394 Dehinc
979 354 1214 408 namque
1261 338 1422 394 Pater
1461 340 1828 404 venerandus,
1876 335 2075 393 acriori
2103 336 2154 396 Α
2181 332 2377 389 fecisse
2409 373 2425 400 ,
2470 334 2743 389 aedificare
2797 332 3078 402 inciperet.
3143 334 3296 390 Tunc
3351 334 3514 390 etiam
3547 377 3561 401 ,
3607 344 3756 408 quod

483 445 749 485 accensus
785 430 1092 495 devotione,
1133 430 1493 486 reformanda:
1527 445 1677 501 ,opus
1705 429 1944 484 basilicae
1994 427 2077 482 in-

485 535 714 592 stanter,
749 525 1205 595 quemadmodum
1236 527 1569 590 decreverat,
1596 524 1936 580 accelerabat
1960 539 2078 593 pcr-

484 621 666 675 ficere.
714 619 1001 686 Quoniam,
1037 629 1092 672 ut
1119 619 1377 684 diximus,
1403 629 1458 674 et
1492 627 1691 688 praesto
1718 626 1802 672 est
1827 632 2075 680 cernere,

482 714 651 767 totius
688 710 875 766 Galliae
913 711 1156 765 basilicis
1207 711 1597 766 mirabiliorem
1644 720 1809 780 atque
1861 709 2079 780 propria

485 805 754 874 positione
787 801 1272 872 incomparabilem
1299 802 1562 872 perficere
1592 803 1933 871 disponebat.

561 896 647 948 16.
695 893 1082 948 Monasterinm
1117 892 1175 948 S.
1226 893 1436 963 Amulli
1469 894 1623 948 Meti;
1661 895 1933 962 reformat.
1977 891 2082 946 Ro—

488 1001 628 1037 mam
650 984 794 1055 petit.
826 981 894 1037 In
924 983 1089 1036 reditu
1122 992 1435 1052 wgrotat.-_-
1457 981 1856 1052 Omnipotentis
1880 981 2079 1035 etenim

489 1076 582 1130 Dei
615 1075 790 1144 gratia
815 1075 870 1129 in
901 1074 1016 1144 ipso
1048 1084 1399 1145 cooperante,
1433 1075 1596 1144 coepit
1623 1073 1767 1128 illius
1790 1073 1934 1127 fama
1960 1088 2084 1127 san-

489 1169 694 1222 ctitatis
727 1168 934 1222 circum
966 1166 1278 1236 adjaceutes
1309 1181 1404 1220 seu
1441 1165 1764 1236 longinquas
1792 1172 2083 1235 penetrare

487 1259 819 1331 provincias.
851 1257 987 1312 Nam
1018 1257 1214 1327 praesul
1246 1256 1566 1312 Metensium
1595 1255 1891 1321 Adalbero,
1923 1269 2082 1309 reve-

491 1364 678 1407 renter
717 1351 851 1406 satis
892 1350 1041 1406 illum
1071 1365 1325 1414 evocans,
1365 1349 1641 1405 commisit
1685 1349 1860 1404 eidem
1907 1347 2082 1403 sancti

492 1442 761 1514 Arnulphi
786 1442 1118 1498 confessoris
1145 1442 1440 1509 regendum
1476 1456 1540 1497 ac
1567 1441 1980 1506 meliorandum,
2025 1451 2086 1494 ut

491 1549 655 1604 agerc
702 1542 1076 1594 consueverat,
1131 1534 1542 1588 monasterium.
1597 1532 1912 1602 Suscipicns
1954 1546 2085 1602 ergo

493 1624 643 1688 illud,
669 1624 818 1678 brevi
851 1634 1088 1694 tempore
1120 1623 1354 1679 reddidit
1378 1624 1745 1678 emendatum.
1764 1623 1918 1678 Tunc
1937 1624 2081 1678 enim

2177 426 2520 495 potissimum
2579 425 2726 492 fult,
2785 425 2893 480 duo
2948 425 3118 496 ipsius
3169 429 3411 497 germani
3443 468 3459 492 ,
3511 430 3761 488 videlicet

2177 516 2516 573 Godefredus
2544 527 2707 587 atque
2753 516 3026 579 Nitardus,
3063 518 3176 593 viri
3207 520 3550 590 spectabiles,
3577 535 3757 580 secre-

2143 607 2290 664 .tius
2341 607 2489 661 illum
2534 623 2655 661 cum
2705 608 2906 662 comite
2955 609 3202 664 maximze
3233 612 3404 680 partis
3447 612 3758 683 Bnrgundim

2181 698 2473 765 Willelmo,
2505 701 2597 769 qui
2642 700 2804 754 etiam
2841 701 3080 770 ejusdem
3117 704 3308 771 patris,
3341 705 3409 758 de
3443 719 3548 774 quo
3580 721 3758 762 sermo

2181 800 2305 856 est,
2381 791 2668 847 exstiterat
2737 790 2996 848 aﬂinitate
3063 795 3440 864 propinquus,
3507 797 3668 852 adeun
3691 815 3760 854 es

2182 881 2589 952 spoponderunt
2623 898 2681 938 se
2727 883 3041 939 saecularem
3090 886 3374 942 relicturos
3406 889 3662 950 militiam,
3689 907 3758 945 ac

2181 985 2241 1026 se
2297 987 2500 1042 suaque
2550 973 2732 1027 omnia
2786 972 2839 1026 iu
2918 974 3305 1043 omnipotentis
3350 976 3758 1047 Deipeculiare

2184 1060 2484 1115 dominium
2535 1061 2811 1118 devenire.
2837 1061 2936 1118 His
2985 1064 3206 1130 auditis,
3255 1066 3350 1120 Dei
3401 1067 3578 1121 cultor
3623 1069 3761 1124 illico

2182 1152 2506 1209 tiducialitcr
2575 1155 2741 1224 ctepit
2813 1163 3048 1210 tractare
3133 1157 3201 1211 de
3283 1160 3516 1213 coenobii
3559 1199 3575 1224 ,
3626 1162 3762 1216 unde

2185 1242 2518 1314 rogabatur,
2573 1245 3022 1311 constructione;
3087 1247 3180 1316 qui
3248 1250 3452 1316 pariter
3499 1253 3762 1306 commoti

2185 1335 2410 1390 consilio
2433 1345 2488 1390 et
2509 1336 2785 1392 voluntate
2809 1337 2986 1394 locum
3011 1351 3335 1409 quaerentes,
3362 1358 3439 1396 rei
3465 1343 3759 1411 hujustnodi

2183 1438 2367 1498 aptum
2419 1444 2672 1498 reperere
2716 1431 2770 1485 in
2815 1446 2942 1486 rure
2985 1441 3214 1502 paterno
3248 1448 3276 1487 a
3304 1433 3455 1490 Pado
3483 1423 3760 1492 distantem

2183 1521 2405 1578 flumine
2434 1533 2705 1594 quaterno
2733 1524 3005 1592 milliario,
3044 1527 3369 1609 solitarium,
3417 1542 3763 1599 cognomento

2184 1616 2687 1674 Fructuariensem.
2759 1619 2836 1675 lbi
2902 1635 3137 1689 namque
3200 1621 3457 1678 collccari
3520 1626 3764 1694 pr.ccepit

492 1718 686 1773 devota
735 1719 983 1789 concepit
1040 1728 1221 1773 mente
1274 1727 1334 1773 ut
1385 1717 1751 1789 apostolorum
1825 1717 2085 1787 principis
2115 1704 2161 1764 Β
2190 1709 2490 1777 basilicam,
2533 1726 2695 1780 quam
2727 1721 2998 1783 prtesente
3042 1713 3284 1768 Arduino
3317 1715 3454 1785 (35')
3500 1731 3622 1784 rege
3648 1731 3762 1769 cum

493 1805 642 1862 Petri
697 1808 1029 1864 sanctissimi
1078 1808 1263 1864 limina
1312 1809 1630 1864 visitaturus
1669 1809 1860 1864 adiret.
1905 1807 2081 1862 Stabi-

493 1900 632 1956 licns
670 1917 865 1971 nempe
891 1901 1140 1956 coenobia
1168 1902 1268 1958 sibi
1313 1901 1600 1956 commissa
1645 1901 1853 1955 idoneis
1879 1914 2087 1969 praepo-

494 1994 722 2047 sitorum
752 2009 846 2048 seu
876 2003 1200 2050 cancrorum
1230 1993 1532 2049 ciliciorum
1578 1992 1845 2064 personis,
1893 2001 1953 2047 ut
1996 1992 2089 2046 de-

495 2094 767 2151 creverat,
812 2085 1041 2141 Romam
1085 2087 1274 2141 orandi
1327 2088 1500 2158 gratia
1533 2086 1791 2157 perrexit.
1843 2083 2088 2140 Visitatis

497 2193 722 2248 quoque,
758 2188 1071 2234 sanctorum
1120 2180 1384 2250 sepulcris
1438 2181 1521 2236 vel
1582 2181 1857 2246 oratoriis,
1914 2181 2090 2235 sacris

497 2271 658 2325 etiam
688 2271 972 2326 missarum
1002 2287 1099 2342 per
1122 2281 1295 2326 semet
1325 2273 1615 2328 celebratis
1639 2273 1919 2329 solemniis
1941 2274 2089 2343 (nam

496 2365 758 2436 praefatus
793 2366 975 2421 Bruno
999 2366 1288 2437 episcopus
1316 2367 1682 2422 sacerdotium
1722 2366 1795 2422 illi
1824 2367 2094 2435 imposue-

498 2458 631 2527 rat),
657 2473 779 2512 cum
799 2457 1097 2528 apostolica
1119 2457 1499 2513 benedictione
1524 2457 1835 2513 consolatus
1857 2456 2096 2524 regredi-

499 2558 588 2602 tur
637 2550 703 2604 ad
763 2550 1016 2619 patriam,
1068 2549 1234 2618 cmpit
1277 2547 1597 2604 febricitans
1635 2557 1923 2618 aegrotare.
1972 2547 2094 2602 Jam

489 2639 717 2710 jamque
785 2639 852 2694 ad
930 2638 1240 2693 ccenobium
1312 2647 1514 2693 sanctae
1574 2637 1802 2708 virginis
1869 2637 2096 2694 Christi-

500 2747 585 2786 nae
613 2732 726 2802 (53)
761 2730 1103 2800 perveniens,
1143 2731 1196 2785 in
1226 2729 1424 2784 lectum
1455 2730 1729 2786 decubuit.
1773 2729 1872 2796 Qui
1901 2730 2096 2799 paulu-

504 2822 621 2876 lum
652 2821 1037 2884 convalcscens
1069 2821 1342 2876 Vercellas
1371 2821 1610 2886 devenit,
1651 2836 1949 2892 rursusque
1991 2822 2098 2878 ibi-

505 2915 628 2970 dem
657 2914 874 2984 gravius
901 2913 1197 2984 periclitari
1227 2913 1413 2983 cmpit.
1441 2913 1840 2983 Tuncquoque,
1872 2923 1930 2969 ιιι
1957 2914 2099 2969 idem

506 3007 717 3062 referre
746 3016 865 3061 erat
891 3006 1102 3071 solitus,
1124 3014 1180 3061 et
1204 3008 1367 3063 etiam
1391 3008 1547 3062 bona:
1575 3007 1850 3062 memoria:
1875 3007 2100 3063 Gerbal—

506 3101 632 3165 dus,
670 3098 796 3153 almi
844 3099 1013 3169 patris
1051 3098 1228 3153 Maioli
1278 3100 1598 3163 monachus,
1625 3114 1690 3155 ac
1712 3098 1954 3168 pnedicti
1991 3116 2103 3155 caa-

509 3191 658 3246 nobii
703 3202 904 3246 sanctae
949 3190 1238 3246 Chrislina:
1289 3190 1455 3246 abbas
1499 3189 1842 3261 perhibebat,
1880 3191 2005 3245 dum
2050 3191 2105 3244 in

509 3279 744 3337 ecclesia
774 3281 945 3336 sancti
972 3277 1180 3348 jaceret
1206 3279 1423 3335 Eusebii
1453 3281 1720 3351 praesulis,
1750 3297 1847 3351 per
1875 3290 2110 3350 quatuor

512 3371 599 3426 vel
643 3371 884 3442 quinque
917 3371 1173 3426 horarum
1210 3371 1380 3440 spatia
1409 3371 1482 3426 ita
1513 3371 1687 3426 factus
1709 3381 1793 3427 est
1819 3372 2106 3438 exanimis,

513 3470 576 3516 ut
619 3461 824 3517 nullum
856 3461 1079 3516 omnino
1107 3461 1379 3530 spiramen
1412 3461 1464 3517 in
1509 3462 1627 3532 ipso
1670 3473 2107 3532 cognosceretur.

517 3551 624 3606 Sed
657 3561 837 3606 tamen
866 3550 1149 3622 ignoratur
1183 3551 1311 3630 quid
1346 3560 1472 3606 tunc
1501 3551 1798 3606 divinitatis
1815 3567 2112 3621 pnescnsc-

522 3645 617 3708 rit,
640 3644 895 3714 quoniam
919 3642 1194 3713 paululum
1224 3644 1279 3699 in
1305 3659 1364 3699 se
1385 3659 1656 3711 reversus,
1683 3659 1815 3700 voce
1842 3659 1945 3713 qua
1965 3655 2114 3713 pote-

527 3743 636 3798 rat,
657 3735 835 3803 lingua
863 3733 1148 3805 palpitans,
1164 3735 1279 3790 haec
1295 3736 1621 3805 personabat
1643 3736 1804 3792 verba
1821 3751 1874 3802 ει
1889 3738 2112 3792 Domine

515 3825 548 3880 J
555 3842 646 3880 esu
660 3825 896 3894 Christe,
913 3841 1011 3881 rex
1036 3834 1254 3881 aeternae
1280 3827 1485 3898 gloriae,
1501 3829 1714 3899 suscipe
1733 3843 1842 3894 me,
1856 3829 1898 3884 si
1913 3827 2108 3898 placet,

521 3919 776 3987 quoniam
789 3918 965 3973 bonus
979 3933 1058 3984 es;
1077 3933 1182 3972 non
1197 3919 1379 3975 dubito
1391 3921 1456 3974 ad
1473 3932 1522 3975 te
1534 3936 1599 3975 ex
1616 3923 1716 3976 hoc
1728 3935 1956 3990 corpore
1971 3930 2114 3974 tran-

518 4008 650 4063 sire.
680 4027 699 4061 ι
734 4007 1028 4077 Sciendum
1051 4023 1181 4063 vero
1203 4019 1286 4064 cst
1323 4010 1575 4080 quoniam
1609 4011 1763 4066 istius
1785 4026 1933 4065 mora
1959 4013 2113 4082 aegri-

520 4099 750 4164 tudinis,
773 4110 832 4154 ut
857 4109 1083 4156 eventus
1111 4102 1189 4156 rei
1217 4104 1598 4173 subsequentis
1623 4105 1974 4168 demonstrat,
2007 4121 2112 4159 non

519 4191 619 4244 fuit
637 4191 1078 4260 impcdimentmn
1099 4200 1305 4246 tantum
1320 4208 1479 4262 quam
1495 4195 1667 4263 gratia
1681 4194 1939 4264 spiritalis
1953 4195 2110 4249 lucri.

593 4282 680 4335 17.
720 4279 1138 4337 Fructuariense
1173 4286 1551 4338 monasterium
1584 4287 1776 4339 condit.
1811 4315 1882 4326 —-
1907 4284 2112 4340 Occur-

2188 1800 2457 1871 aliquibus
2476 1803 2746 1874 episcopis
2773 1806 2976 1860 sacrari
3001 1805 3161 1874 jussit
3185 1806 3240 1860 in
3270 1807 3477 1861 honore
3499 1808 3644 1879 genit
3671 1807 3688 1862 i
3725 1810 3767 1863 Es

2187 1893 2283 1951 Dei
2341 1895 2566 1963 Mariae,
2620 1898 2906 1969 sanctique
2968 1897 3193 1970 Benigni
3271 1902 3571 1972 martyris,
3618 1913 3767 1970 atque

2189 1987 2433 2042 omnium
2481 1997 2816 2043 sanctorum.
2859 1988 2917 2044 lu
2962 2005 3069 2058 qua
3117 1991 3281 2045 etiam
3327 1991 3499 2046 isdem
3534 2009 3625 2047 rex
3650 2007 3764 2047 cum

2191 2093 2286 2133 sua
2331 2081 2558 2149 conjuge
2601 2090 2658 2137 et
2705 2080 2831 2137 ﬁliis
2876 2081 3134 2138 humatus
3181 2083 3437 2154 quiescit.
3492 2085 3577 2138 Ad
3619 2101 3766 2153 quam

2191 2173 2565 2241 nihilominus,
2596 2184 2758 2230 tama
2808 2174 3049 2231 Romana
3096 2177 3230 2232 urbe
3277 2193 3443 2248 quam
3481 2195 3512 2232 a
3557 2179 3771 2234 diversis

2197 2263 2470 2333 partibus,
2504 2265 2737 2334 plurima
2768 2267 3117 2337 congregavit
3147 2277 3461 2322 sanctorum
3485 2280 3772 2340 martyrum

2193 2374 2442 2430 corpora.
2487 2359 2645 2416 Brevi
2678 2377 2914 2432 namque
2961 2364 3014 2418 in
3046 2365 3221 2435 spatio
3265 2367 3533 2435 temporis
3565 2367 3774 2423 collecta

2193 2458 2280 2504 est
2333 2449 2528 2506 ibidem
2592 2468 2880 2509 numerosa
2943 2451 3173 2510 fratrum
3220 2458 3580 2528 cmgregatio
3623 2458 3775 2512 Deum

2198 2539 2524 2607 timentium,
2549 2542 2794 2598 instituta
2822 2545 2964 2600 beati
2995 2545 3270 2602 Benedicti
3293 2547 3511 2604 abbatis
3535 2551 3777 2620 pracipui

2197 2647 2519 2701 servantes,
2570 2654 2692 2708 quae
2743 2639 2913 2695 isdem
2971 2649 3130 2710 pater
3176 2640 3481 2698 Willehnus
3533 2659 3565 2696 a
3601 2653 3779 2698 sancto

2199 2728 2396 2784 Maiolo
2424 2730 2666 2787 Cluniaci
2697 2731 2980 2786 didicerat.

2273 2824 2358 2880 l8.
2397 2823 2458 2880 S.
2496 2823 2712 2878 Odilmn'
2743 2824 3020 2894 persuadet
3049 2827 3352 2880 monasterii
3386 2827 3699 2897 ingresrum.
3723 2857 3784 2866 —

2200 2913 2502 2969 Revertens
2549 2914 2711 2983 igitur
2761 2923 2883 2983 post
2930 2914 3045 2969 inec
3088 2916 3156 2969 ab
3198 2913 3371 2978 Italia.
3416 2919 3569 2971 omni
3620 2919 3787 2973 studio

2204 3006 2484 3076 satagebat
2532 3021 2562 3060 e
2606 3005 2836 3061 diversis
2901 3008 3147 3076 partibus
3221 3017 3494 3064 terrarum
3544 3011 3788 3082 colligere

2204 3099 2350 3152 viros
2378 3098 2627 3153 servituti
2677 3097 2876 3153 Christi
2927 3099 3187 3166 idoneos,
3237 3102 3515 3156 suadendo
3567 3105 3650 3158 eis
3680 3105 3791 3157 vita

2206 3190 2444 3246 caelestis
2469 3191 2722 3260 gloriam,
2749 3193 3063 3262 pariterque
3112 3197 3456 3249 comminans
3497 3193 3790 3252 inferorum

2207 3285 2488 3355 supplicia.
2534 3285 2764 3340 Tantam
2805 3287 2950 3341 enim
3002 3289 3049 3342 ei
3098 3289 3360 3345 Dominus
3410 3306 3535 3345 cum
3589 3295 3792 3348 caeteris

2209 3375 2502 3432 virtutibus
2547 3377 2804 3432 virtutem
2853 3379 3108 3433 salutaris
3163 3381 3310 3435 verbi
3358 3385 3685 3448 concessit,
3741 3395 3795 3438 ut

2209 3469 2513 3539 quibusque
2543 3469 2845 3525 doctrinam
2893 3470 3035 3526 illius
3079 3473 3505 3543 suscipientibus
3535 3492 3794 3531 summam

2209 3561 2481 3616 conferret
2533 3560 2655 3616 iidci
2699 3561 3052 3630 firmitatem,
3107 3563 3488 3636 bonarumque
3542 3570 3792 3622 virtutum

2211 3666 2584 3726 augmentum,
2620 3671 2684 3712 ac
2733 3658 2987 3712 vitiorum
3033 3660 3488 3717 emendationem.
3544 3663 3800 3720 Omnibus

2211 3748 2400 3812 enim,
2454 3747 2613 3802 sicuti
2661 3748 2917 3817 expedire
2966 3759 3212 3814 noverat,
3269 3751 3384 3806 sive
3435 3753 3662 3820 leniter,
3714 3771 3799 3810 seu

2211 3839 2535 3906 asperrime,
2567 3839 2888 3894 charitative
2917 3848 3097 3895 tamen
3141 3842 3449 3912 hujusmodi
3491 3847 3798 3903 exhibebat.

2212 3927 2452 3998 Contigit
2504 3944 2636 4000 ergo
2681 3930 2830 3984 illum
2885 3931 3175 4000 aliquando
3204 3949 3326 3988 cum
3356 3936 3472 3991 viro
3503 3954 3604 4008 per
3631 3941 3799 3995 omnia

2215 4019 2581 4084 desiderabili,
2619 4021 2819 4075 douuio
2865 4021 3074 4077 scilicet
3119 4021 3368 4090 0dilone,
3409 4027 3596 4084 adhuc
3633 4031 3723 4085 illo
3753 4032 3799 4086 in

2215 4111 2514 4166 canonicali
2548 4111 2735 4167 habitu
2763 4113 3009 4182 degente,
3039 4114 3105 4169 de
3132 4129 3256 4170 vera
3286 4117 3598 4175 animarum
3643 4124 3804 4176 salute

2216 4201 2473 4256 habuisse
2512 4202 2863 4273 colloquium.
2910 4203 3218 4274 lntclligens
3262 4222 3392 4262 vero
3431 4207 3586 4263 illum
3622 4214 3719 4268 niti
3745 4215 3801 4266 ad

2219 4293 2524 4348 sanctitatis
2555 4294 2814 4360 culmina,
2848 4297 3011 4365 cmpit
3041 4296 3114 4350 illi
3158 4299 3422 4355 attentius
3467 4305 3706 4364 suadere
3734 4318 3802 4371 ut,

521 4381 708 4427 rentes
750 4374 800 4428 ei
845 4375 1079 4444 denique
1109 4375 1234 4429 illnc
1283 4383 1392 4430 tres
1421 4375 1591 4446 ipsius
1617 4377 1861 4447 germani
1889 4376 2106 4443 fratres,
2136 4409 2192 4472 Β
2217 4387 2359 4457 quod
2391 4386 2733 4457 potissimum
2767 4387 2881 4443 fore
2907 4389 3170 4456 creditur,
3219 4394 3554 4462 quantocius
3597 4399 3804 4470 explere

523 4465 630 4519 levi
671 4467 952 4521 evcctione
980 4468 1322 4522 deduxerunt
1350 4469 1498 4523 illum
1531 4469 1596 4524 ad
1625 4469 1707 4524 sui
1733 4467 1872 4538 juris
1910 4471 2112 4541 praedia

525 4557 964 4626 confovendum;
1013 4561 1268 4616 ardenter
1313 4563 1457 4617 enim
1505 4561 1888 4618 desiderabant
1930 4565 2115 4620 videre

526 4649 720 4717 illum,
778 4651 1036 4720 quoniam
1102 4654 1500 4723 compungebat
1561 4655 1726 4710 corda
1796 4657 2112 4712 eorumdem

523 4742 723 4797 divinae
753 4742 997 4797 absentia
1034 4741 1269 4812 pietatis.
1317 4742 1742 4802 Convalescente
1786 4761 2001 4820 quoque
2050 4762 2115 4802 eo

525 4835 596 4891 ab
624 4835 966 4906 aegritudine,
999 4843 1120 4905 post
1166 4836 1373 4905 aliquot
1411 4837 1624 4893 dierum
1659 4839 1895 4910 spatium
1923 4855 2118 4896 conve-

526 4941 660 4982 nere
710 4925 776 4979 ad
828 4921 976 4980 illum
1025 4930 1227 4997 quique
1282 4944 1505 4984 suorum
1559 4944 1624 4984 ac
1675 4931 1860 4999 plures
1913 4932 2117 4987 domini

526 5017 810 5071 civitatum
863 5017 1206 5084 vicinarum,
1273 5028 1329 5074 et
1379 5020 1609 5075 suadere
1676 5021 1753 5075 illi
1813 5033 2114 5093 cmperunt,

523 5107 908 5174 promittentes
942 5124 1000 5163 se
1023 5109 1179 5179 plura
1219 5110 1516 5181 largiturus
1543 5112 1586 5168 si
1629 5111 1682 5165 in
1729 5115 1912 5168 nativa
1943 5117 2117 5186 patria

523 5198 840 5252 coenobium
890 5201 1035 5267 sibi,
1077 5202 1218 5255 sicut
1264 5202 1317 5256 in
1363 5212 1587 5258 externa
1618 5203 1940 5261 audiverant
1967 5207 2115 5262 illum

2217 4491 2516 4562 satageret;
2574 4483 2806 4550 negotiis
2852 4483 3106 4538 videlicet
3145 4486 3325 4540 saeculi
3373 4487 3534 4546 istius
3565 4493 3803 4562 abjcctis,

2217 4555 2493 4628 Christum
2525 4573 2708 4629 Jcsum
2742 4575 2893 4642 sequi
2945 4574 3132 4631 liceret
3179 4581 3510 4650 expeditius.
3541 4555 3808 4658 Compare

2218 4673 2338 4719 ctus
2385 4663 2531 4719 illico
2560 4666 2641 4722 vir
2684 4665 2864 4721 clarus
2909 4666 3139 4722 libenter
3171 4685 3231 4724 se
3261 4669 3538 4728 facturum
3569 4679 3809 4744 promisit

2217 4759 2358 4827 quod
2389 4757 2550 4811 Pater
2580 4767 2824 4813 suaserat
2849 4760 3173 4816 Willelmus.
3197 4761 3332 4818 Nam
3357 4776 3484 4834 post
3507 4770 3804 4838 paululum,

2221 4851 2287 4903 ad
2319 4850 2625 4904 cmnobium
2657 4852 3146 4907 nominatissimum
3191 4856 3490 4914 honoriticc
3519 4861 3810 4917 deveniens

2221 4937 2583 5004 Cluniacum,
2637 4939 2818 5008 ibique
2879 4958 2909 4994 a
2982 4952 3170 4999 sancto
3247 4943 3442 5000 Maiclo
3497 4959 3588 5004 est
3636 4951 3810 5007 devote

2221 5040 2551 5101 Susceptus,
2602 5033 2848 5101 atquein
2896 5031 3080 5088 habitu
3131 5047 3336 5092 sancta:
3382 5045 3811 5098 conversationis

2224 5121 2522 5176 monachus
2568 5137 2633 5176 ex
2666 5137 2818 5177 more
2865 5135 3110 5180 sacratus
3152 5136 3257 5184 est.
3290 5127 3459 5198 Cujus
3497 5137 3669 5189 etiam
3701 5153 3812 5190 con-

2221 5211 2461 5266 versatio
2505 5211 2560 5265 in
2609 5220 2816 5267 tantum
2868 5215 3074 5270 exsutit
3121 5217 3287 5272 chara
3338 5219 3450 5277 Deo
3479 5263 3496 5288 ,
3551 5235 3611 5280 et
3660 5227 3814 5281 dulcis
