  <div class='ocr_page' id='page_1' title='image "/cluster/home/n/w/nwhite01/storage/ocr_20150623/142/hvd.32044015471808/362.png"; bbox 0 0 3992 5338; ppageno 0'>
   <div class='ocr_carea' id='block_1_1' title="bbox 254 226 372 299">
    <p class='ocr_par' dir='ltr' id='par_1_1' title="bbox 254 226 372 299">
     <span class='ocr_line' id='line_1_1' title="bbox 254 226 372 299; baseline 0 0"><span class='ocrx_word' id='word_1_1' title='bbox 254 226 372 299; x_wconf 62' lang='grc' dir='ltr'><strong>ἤιε</strong></span> 
     </span>
    </p>
   </div>
   <div class='ocr_carea' id='block_1_2' title="bbox 1372 239 2423 302">
    <p class='ocr_par' dir='ltr' id='par_1_2' title="bbox 1372 239 2423 302">
     <span class='ocr_line' id='line_1_2' title="bbox 1372 239 2423 302; baseline 0.006 -6"><span class='ocrx_word' id='word_1_2' title='bbox 1372 239 1462 299; x_wconf 80' lang='lat' dir='ltr'><strong>DE</strong></span> <span class='ocrx_word' id='word_1_3' title='bbox 1504 239 1655 298; x_wconf 69' lang='lat' dir='ltr'><strong>ViTA</strong></span> <span class='ocrx_word' id='word_1_4' title='bbox 1691 240 1750 296; x_wconf 88' lang='lat' dir='ltr'><strong>S.</strong></span> <span class='ocrx_word' id='word_1_5' title='bbox 1782 240 2155 298; x_wconf 70' lang='lat' dir='ltr'><strong>GUILLELMI</strong></span> <span class='ocrx_word' id='word_1_6' title='bbox 2193 242 2423 302; x_wconf 67' lang='lat' dir='ltr'><strong>DlVlON</strong></span> 
     </span>
    </p>
   </div>
   <div class='ocr_carea' id='block_1_3' title="bbox 3436 249 3542 308">
    <p class='ocr_par' dir='ltr' id='par_1_3' title="bbox 3436 249 3542 308">
     <span class='ocr_line' id='line_1_3' title="bbox 3436 249 3542 308; baseline 0.047 -5"><span class='ocrx_word' id='word_1_7' title='bbox 3436 249 3542 308; x_wconf 77' lang='lat' dir='ltr'><strong>7H</strong></span> 
     </span>
    </p>
   </div>
   <div class='ocr_carea' id='block_1_4' title="bbox 263 351 3541 430">
    <p class='ocr_par' dir='ltr' id='par_1_4' title="bbox 263 351 3541 430">
     <span class='ocr_line' id='line_1_4' title="bbox 263 351 3541 430; baseline 0 -18"><span class='ocrx_word' id='word_1_8' title='bbox 263 356 439 412; x_wconf 79' lang='lat' dir='ltr'><strong>Deum</strong></span> <span class='ocrx_word' id='word_1_9' title='bbox 475 352 842 425; x_wconf 85' lang='lat' dir='ltr'><strong>diligentibus,</strong></span> <span class='ocrx_word' id='word_1_10' title='bbox 891 359 951 407; x_wconf 96' lang='grc' dir='ltr'><strong>ιιι</strong></span> <span class='ocrx_word' id='word_1_11' title='bbox 993 351 1163 410; x_wconf 78' lang='lat' dir='ltr'><strong>isdem</strong></span> <span class='ocrx_word' id='word_1_12' title='bbox 1206 354 1584 410; x_wconf 80' lang='lat' dir='ltr'><strong>sanctissimus</strong></span> <span class='ocrx_word' id='word_1_13' title='bbox 1630 352 1855 408; x_wconf 69' lang='lat' dir='ltr'><strong>hlaiulus</strong></span> <span class='ocrx_word' id='word_1_14' title='bbox 1881 365 1926 420; x_wconf 78' lang='grc' dir='ltr'><strong>Α</strong></span> <span class='ocrx_word' id='word_1_15' title='bbox 1959 352 2158 418; x_wconf 98' lang='lat' dir='ltr'><strong>fuerat,</strong></span> <span class='ocrx_word' id='word_1_16' title='bbox 2187 355 2330 423; x_wconf 90' lang='lat' dir='ltr'><strong>quod</strong></span> <span class='ocrx_word' id='word_1_17' title='bbox 2359 352 2599 408; x_wconf 87' lang='lat' dir='ltr'><strong>Brunoni</strong></span> <span class='ocrx_word' id='word_1_18' title='bbox 2643 352 2903 422; x_wconf 66' lang='lat' dir='ltr'><strong>praedicto</strong></span> <span class='ocrx_word' id='word_1_19' title='bbox 2939 351 3237 426; x_wconf 77' lang='lat' dir='ltr'><strong>Lingonum</strong></span> <span class='ocrx_word' id='word_1_20' title='bbox 3264 357 3541 430; x_wconf 82' lang='lat' dir='ltr'><strong>episcopo,</strong></span> 
     </span>
    </p>
   </div>
   <div class='ocr_carea' id='block_1_5' title="bbox 262 442 1854 516">
    <p class='ocr_par' dir='ltr' id='par_1_5' title="bbox 262 442 1854 516">
     <span class='ocr_line' id='line_1_5' title="bbox 262 442 1854 516; baseline -0.001 -16"><span class='ocrx_word' id='word_1_21' title='bbox 262 444 368 500; x_wconf 85' lang='lat' dir='ltr'><strong>sibi</strong></span> <span class='ocrx_word' id='word_1_22' title='bbox 399 445 691 498; x_wconf 88' lang='lat' dir='ltr'><strong>commisso</strong></span> <span class='ocrx_word' id='word_1_23' title='bbox 730 442 878 514; x_wconf 81' lang='lat' dir='ltr'><strong>gregi</strong></span> <span class='ocrx_word' id='word_1_24' title='bbox 910 442 1151 516; x_wconf 87' lang='lat' dir='ltr'><strong>allegans</strong></span> <span class='ocrx_word' id='word_1_25' title='bbox 1197 443 1344 497; x_wconf 90' lang='lat' dir='ltr'><strong>illum</strong></span> <span class='ocrx_word' id='word_1_26' title='bbox 1374 444 1427 498; x_wconf 89' lang='lat' dir='ltr'><strong>in</strong></span> <span class='ocrx_word' id='word_1_27' title='bbox 1459 445 1590 509; x_wconf 87' lang='lat' dir='ltr'><strong>vita,</strong></span> <span class='ocrx_word' id='word_1_28' title='bbox 1621 443 1854 512; x_wconf 78' lang='lat' dir='ltr'><strong>qualiter</strong></span> 
     </span>
    </p>
   </div>
   <div class='ocr_carea' id='block_1_6' title="bbox 262 535 1851 608">
    <p class='ocr_par' dir='ltr' id='par_1_6' title="bbox 262 535 1851 608">
     <span class='ocr_line' id='line_1_6' title="bbox 262 535 1851 608; baseline -0.003 -14"><span class='ocrx_word' id='word_1_29' title='bbox 262 547 388 608; x_wconf 85' lang='lat' dir='ltr'><strong>post</strong></span> <span class='ocrx_word' id='word_1_30' title='bbox 414 537 582 608; x_wconf 82' lang='lat' dir='ltr'><strong>ipsius</strong></span> <span class='ocrx_word' id='word_1_31' title='bbox 609 537 815 591; x_wconf 84' lang='lat' dir='ltr'><strong>obitum</strong></span> <span class='ocrx_word' id='word_1_32' title='bbox 851 537 1110 591; x_wconf 87' lang='lat' dir='ltr'><strong>haberent</strong></span> <span class='ocrx_word' id='word_1_33' title='bbox 1133 535 1346 590; x_wconf 84' lang='lat' dir='ltr'><strong>Patrem</strong></span> <span class='ocrx_word' id='word_1_34' title='bbox 1369 545 1532 608; x_wconf 90' lang='lat' dir='ltr'><strong>atque</strong></span> <span class='ocrx_word' id='word_1_35' title='bbox 1555 548 1851 606; x_wconf 87' lang='lat' dir='ltr'><strong>pastorem.</strong></span> 
     </span>
    </p>
   </div>
   <div class='ocr_carea' id='block_1_7' title="bbox 263 627 1852 698">
    <p class='ocr_par' dir='ltr' id='par_1_7' title="bbox 263 627 1852 698">
     <span class='ocr_line' id='line_1_7' title="bbox 263 627 1852 698; baseline -0.001 -16"><span class='ocrx_word' id='word_1_36' title='bbox 263 627 420 696; x_wconf 84' lang='lat' dir='ltr'><strong>Quod</strong></span> <span class='ocrx_word' id='word_1_37' title='bbox 472 628 545 682; x_wconf 85' lang='lat' dir='ltr'><strong>ita</strong></span> <span class='ocrx_word' id='word_1_38' title='bbox 598 627 1038 683; x_wconf 78' lang='lat' dir='ltr'><strong>manifestissime</strong></span> <span class='ocrx_word' id='word_1_39' title='bbox 1084 637 1140 682; x_wconf 91' lang='lat' dir='ltr'><strong>et</strong></span> <span class='ocrx_word' id='word_1_40' title='bbox 1187 628 1394 683; x_wconf 90' lang='lat' dir='ltr'><strong>utiliter</strong></span> <span class='ocrx_word' id='word_1_41' title='bbox 1435 629 1554 684; x_wconf 88' lang='lat' dir='ltr'><strong>lleri</strong></span> <span class='ocrx_word' id='word_1_42' title='bbox 1603 628 1852 698; x_wconf 87' lang='lat' dir='ltr'><strong>contigit.</strong></span> 
     </span>
    </p>
   </div>
   <div class='ocr_carea' id='block_1_8' title="bbox 263 717 1852 786">
    <p class='ocr_par' dir='ltr' id='par_1_8' title="bbox 263 717 1852 786">
     <span class='ocr_line' id='line_1_8' title="bbox 263 717 1852 786; baseline 0.001 -16"><span class='ocrx_word' id='word_1_43' title='bbox 263 719 439 785; x_wconf 83' lang='lat' dir='ltr'><strong>Quam</strong></span> <span class='ocrx_word' id='word_1_44' title='bbox 483 717 630 772; x_wconf 90' lang='lat' dir='ltr'><strong>enim</strong></span> <span class='ocrx_word' id='word_1_45' title='bbox 659 717 1066 786; x_wconf 64' lang='lat' dir='ltr'><strong>praemaximam</strong></span> <span class='ocrx_word' id='word_1_46' title='bbox 1112 718 1330 785; x_wconf 79' lang='lat' dir='ltr'><strong>exinde,</strong></span> <span class='ocrx_word' id='word_1_47' title='bbox 1359 719 1487 773; x_wconf 91' lang='lat' dir='ltr'><strong>dum</strong></span> <span class='ocrx_word' id='word_1_48' title='bbox 1515 719 1852 784; x_wconf 89' lang='lat' dir='ltr'><strong>adviverent,</strong></span> 
     </span>
    </p>
   </div>
   <div class='ocr_carea' id='block_1_9' title="bbox 263 809 1852 875">
    <p class='ocr_par' dir='ltr' id='par_1_9' title="bbox 263 809 1852 875">
     <span class='ocr_line' id='line_1_9' title="bbox 263 809 1852 875; baseline -0.001 -10"><span class='ocrx_word' id='word_1_49' title='bbox 263 809 614 865; x_wconf 85' lang='lat' dir='ltr'><strong>dilectionem</strong></span> <span class='ocrx_word' id='word_1_50' title='bbox 646 811 788 865; x_wconf 89' lang='lat' dir='ltr'><strong>inter</strong></span> <span class='ocrx_word' id='word_1_51' title='bbox 822 823 880 864; x_wconf 90' lang='lat' dir='ltr'><strong>se</strong></span> <span class='ocrx_word' id='word_1_52' title='bbox 907 809 1166 875; x_wconf 82' lang='lat' dir='ltr'><strong>habuere,</strong></span> <span class='ocrx_word' id='word_1_53' title='bbox 1200 811 1327 865; x_wconf 89' lang='lat' dir='ltr'><strong>dum</strong></span> <span class='ocrx_word' id='word_1_54' title='bbox 1373 811 1511 865; x_wconf 82' lang='lat' dir='ltr'><strong>alter</strong></span> <span class='ocrx_word' id='word_1_55' title='bbox 1540 817 1852 872; x_wconf 91' lang='lat' dir='ltr'><strong>eornmdem</strong></span> 
     </span>
    </p>
   </div>
   <div class='ocr_carea' id='block_1_10' title="bbox 264 899 1856 976">
    <p class='ocr_par' dir='ltr' id='par_1_10' title="bbox 264 899 1856 976">
     <span class='ocr_line' id='line_1_10' title="bbox 264 899 1856 976; baseline 0.006 -22"><span class='ocrx_word' id='word_1_56' title='bbox 264 899 501 956; x_wconf 86' lang='lat' dir='ltr'><strong>alterum</strong></span> <span class='ocrx_word' id='word_1_57' title='bbox 550 902 655 957; x_wconf 85' lang='lat' dir='ltr'><strong>sibi</strong></span> <span class='ocrx_word' id='word_1_58' title='bbox 702 913 990 972; x_wconf 91' lang='lat' dir='ltr'><strong>utrumque</strong></span> <span class='ocrx_word' id='word_1_59' title='bbox 1021 902 1334 974; x_wconf 69' lang='lat' dir='ltr'><strong>praeferens,</strong></span> <span class='ocrx_word' id='word_1_60' title='bbox 1366 905 1596 976; x_wconf 72' lang='lat' dir='ltr'><strong>esprimi</strong></span> <span class='ocrx_word' id='word_1_61' title='bbox 1627 924 1732 964; x_wconf 91' lang='lat' dir='ltr'><strong>non</strong></span> <span class='ocrx_word' id='word_1_62' title='bbox 1763 924 1856 964; x_wconf 88' lang='lat' dir='ltr'><strong>va-</strong></span> 
     </span>
    </p>
   </div>
   <div class='ocr_carea' id='block_1_11' title="bbox 263 989 519 1062">
    <p class='ocr_par' dir='ltr' id='par_1_11' title="bbox 263 989 519 1062">
     <span class='ocr_line' id='line_1_11' title="bbox 263 989 519 1062; baseline 0.004 -18"><span class='ocrx_word' id='word_1_63' title='bbox 263 989 339 1044; x_wconf 87' lang='lat' dir='ltr'><strong>let</strong></span> <span class='ocrx_word' id='word_1_64' title='bbox 379 991 519 1062; x_wconf 71' lang='lat' dir='ltr'><strong>(at).</strong></span> 
     </span>
    </p>
   </div>
   <div class='ocr_carea' id='block_1_12' title="bbox 335 1080 1852 1156">
    <p class='ocr_par' dir='ltr' id='par_1_12' title="bbox 335 1080 1852 1156">
     <span class='ocr_line' id='line_1_12' title="bbox 335 1080 1852 1156; baseline 0.005 -20"><span class='ocrx_word' id='word_1_65' title='bbox 335 1082 422 1136; x_wconf 79' lang='lat' dir='ltr'><strong>l9.</strong></span> <span class='ocrx_word' id='word_1_66' title='bbox 457 1080 802 1151; x_wconf 81' lang='lat' dir='ltr'><strong>l’ontiﬁcibus</strong></span> <span class='ocrx_word' id='word_1_67' title='bbox 826 1080 1077 1139; x_wconf 75' lang='lat' dir='ltr'><strong>Romanis</strong></span> <span class='ocrx_word' id='word_1_68' title='bbox 1105 1094 1181 1141; x_wconf 90' lang='lat' dir='ltr'><strong>est</strong></span> <span class='ocrx_word' id='word_1_69' title='bbox 1203 1096 1462 1156; x_wconf 81' lang='lat' dir='ltr'><strong>acceptus.</strong></span> <span class='ocrx_word' id='word_1_70' title='bbox 1492 1118 1562 1128; x_wconf 91' lang='lat'><strong>-—</strong></span> <span class='ocrx_word' id='word_1_71' title='bbox 1585 1087 1852 1145; x_wconf 65' lang='lat' dir='ltr'><strong>Praeterea</strong></span> 
     </span>
    </p>
   </div>
   <div class='ocr_carea' id='block_1_13' title="bbox 261 1172 1856 1248">
    <p class='ocr_par' dir='ltr' id='par_1_13' title="bbox 261 1172 1856 1248">
     <span class='ocr_line' id='line_1_13' title="bbox 261 1172 1856 1248; baseline 0.006 -22"><span class='ocrx_word' id='word_1_72' title='bbox 261 1173 614 1244; x_wconf 87' lang='lat' dir='ltr'><strong>pontificibus</strong></span> <span class='ocrx_word' id='word_1_73' title='bbox 644 1172 902 1228; x_wconf 83' lang='lat' dir='ltr'><strong>Romanis</strong></span> <span class='ocrx_word' id='word_1_74' title='bbox 927 1175 1088 1231; x_wconf 87' lang='lat' dir='ltr'><strong>Pater</strong></span> <span class='ocrx_word' id='word_1_75' title='bbox 1117 1175 1440 1240; x_wconf 83' lang='lat' dir='ltr'><strong>Willelinus,</strong></span> <span class='ocrx_word' id='word_1_76' title='bbox 1470 1178 1561 1248; x_wconf 92' lang='lat' dir='ltr'><strong>qui</strong></span> <span class='ocrx_word' id='word_1_77' title='bbox 1592 1193 1692 1234; x_wconf 92' lang='lat' dir='ltr'><strong>suo</strong></span> <span class='ocrx_word' id='word_1_78' title='bbox 1724 1190 1856 1235; x_wconf 85' lang='lat' dir='ltr'><strong>tem-</strong></span> 
     </span>
    </p>
   </div>
   <div class='ocr_carea' id='block_1_14' title="bbox 260 1263 1853 1333">
    <p class='ocr_par' dir='ltr' id='par_1_14' title="bbox 260 1263 1853 1333">
     <span class='ocr_line' id='line_1_14' title="bbox 260 1263 1853 1333; baseline 0.004 -16"><span class='ocrx_word' id='word_1_79' title='bbox 260 1276 395 1333; x_wconf 85' lang='lat' dir='ltr'><strong>pore</strong></span> <span class='ocrx_word' id='word_1_80' title='bbox 441 1263 728 1331; x_wconf 61' lang='lat' dir='ltr'><strong>praefuere,</strong></span> <span class='ocrx_word' id='word_1_81' title='bbox 758 1264 811 1318; x_wconf 89' lang='lat' dir='ltr'><strong>in</strong></span> <span class='ocrx_word' id='word_1_82' title='bbox 863 1273 1014 1319; x_wconf 88' lang='lat' dir='ltr'><strong>tanta</strong></span> <span class='ocrx_word' id='word_1_83' title='bbox 1043 1267 1394 1322; x_wconf 86' lang='lat' dir='ltr'><strong>veneratione</strong></span> <span class='ocrx_word' id='word_1_84' title='bbox 1437 1282 1503 1323; x_wconf 89' lang='lat' dir='ltr'><strong>ac</strong></span> <span class='ocrx_word' id='word_1_85' title='bbox 1547 1269 1853 1324; x_wconf 87' lang='lat' dir='ltr'><strong>reverentia</strong></span> 
     </span>
    </p>
   </div>
   <div class='ocr_carea' id='block_1_15' title="bbox 261 1353 1854 1432">
    <p class='ocr_par' dir='ltr' id='par_1_15' title="bbox 261 1353 1854 1432">
     <span class='ocr_line' id='line_1_15' title="bbox 261 1353 1854 1432; baseline 0.003 -20"><span class='ocrx_word' id='word_1_86' title='bbox 261 1363 347 1412; x_wconf 82' lang='lat' dir='ltr'><strong>est</strong></span> <span class='ocrx_word' id='word_1_87' title='bbox 375 1353 617 1420; x_wconf 87' lang='lat' dir='ltr'><strong>habitus,</strong></span> <span class='ocrx_word' id='word_1_88' title='bbox 649 1364 711 1410; x_wconf 91' lang='lat' dir='ltr'><strong>ut</strong></span> <span class='ocrx_word' id='word_1_89' title='bbox 741 1356 1002 1426; x_wconf 88' lang='lat' dir='ltr'><strong>quidquid</strong></span> <span class='ocrx_word' id='word_1_90' title='bbox 1049 1357 1154 1413; x_wconf 91' lang='lat' dir='ltr'><strong>illis</strong></span> <span class='ocrx_word' id='word_1_91' title='bbox 1196 1360 1572 1431; x_wconf 85' lang='lat' dir='ltr'><strong>snggcssisset,</strong></span> <span class='ocrx_word' id='word_1_92' title='bbox 1614 1361 1729 1417; x_wconf 90' lang='lat' dir='ltr'><strong>sive</strong></span> <span class='ocrx_word' id='word_1_93' title='bbox 1757 1376 1854 1432; x_wconf 86' lang='lat' dir='ltr'><strong>per</strong></span> 
     </span>
    </p>
   </div>
   <div class='ocr_carea' id='block_1_16' title="bbox 259 1447 1852 1518">
    <p class='ocr_par' dir='ltr' id='par_1_16' title="bbox 259 1447 1852 1518">
     <span class='ocr_line' id='line_1_16' title="bbox 259 1447 1852 1518; baseline 0.004 -16"><span class='ocrx_word' id='word_1_94' title='bbox 259 1459 344 1511; x_wconf 84' lang='lat' dir='ltr'><strong>se,</strong></span> <span class='ocrx_word' id='word_1_95' title='bbox 373 1447 489 1502; x_wconf 89' lang='lat' dir='ltr'><strong>sive</strong></span> <span class='ocrx_word' id='word_1_96' title='bbox 535 1461 632 1517; x_wconf 86' lang='lat' dir='ltr'><strong>per</strong></span> <span class='ocrx_word' id='word_1_97' title='bbox 664 1447 900 1518; x_wconf 85' lang='lat' dir='ltr'><strong>aliquam</strong></span> <span class='ocrx_word' id='word_1_98' title='bbox 946 1448 1270 1518; x_wconf 75' lang='lat' dir='ltr'><strong>legationem</strong></span> <span class='ocrx_word' id='word_1_99' title='bbox 1296 1490 1313 1516; x_wconf 95' lang='lat'><strong>,</strong></span> <span class='ocrx_word' id='word_1_100' title='bbox 1361 1452 1718 1509; x_wconf 88' lang='lat' dir='ltr'><strong>libentissime</strong></span> <span class='ocrx_word' id='word_1_101' title='bbox 1747 1454 1852 1508; x_wconf 91' lang='lat' dir='ltr'><strong>im-</strong></span> 
     </span>
    </p>
   </div>
   <div class='ocr_carea' id='block_1_17' title="bbox 259 1537 1852 1614">
    <p class='ocr_par' dir='ltr' id='par_1_17' title="bbox 259 1537 1852 1614">
     <span class='ocr_line' id='line_1_17' title="bbox 259 1537 1852 1614; baseline 0.006 -23"><span class='ocrx_word' id='word_1_102' title='bbox 259 1537 415 1609; x_wconf 89' lang='lat' dir='ltr'><strong>plere</strong></span> <span class='ocrx_word' id='word_1_103' title='bbox 443 1537 752 1594; x_wconf 86' lang='lat' dir='ltr'><strong>studebant.</strong></span> <span class='ocrx_word' id='word_1_104' title='bbox 789 1539 924 1595; x_wconf 82' lang='lat' dir='ltr'><strong>Nam</strong></span> <span class='ocrx_word' id='word_1_105' title='bbox 958 1550 1014 1595; x_wconf 88' lang='lat' dir='ltr'><strong>et</strong></span> <span class='ocrx_word' id='word_1_106' title='bbox 1040 1540 1302 1597; x_wconf 83' lang='lat' dir='ltr'><strong>Joannem</strong></span> <span class='ocrx_word' id='word_1_107' title='bbox 1330 1558 1523 1613; x_wconf 81' lang='lat' dir='ltr'><strong>papam</strong></span> <span class='ocrx_word' id='word_1_108' title='bbox 1549 1545 1852 1614; x_wconf 89' lang='lat' dir='ltr'><strong>spiritualia</strong></span> 
     </span>
    </p>
   </div>
   <div class='ocr_carea' id='block_1_18' title="bbox 262 1631 1852 1710">
    <p class='ocr_par' dir='ltr' id='par_1_18' title="bbox 262 1631 1852 1710">
     <span class='ocr_line' id='line_1_18' title="bbox 262 1631 1852 1710; baseline 0.006 -24"><span class='ocrx_word' id='word_1_109' title='bbox 262 1631 406 1686; x_wconf 90' lang='lat' dir='ltr'><strong>dona</strong></span> <span class='ocrx_word' id='word_1_110' title='bbox 439 1647 540 1702; x_wconf 89' lang='lat' dir='ltr'><strong>per</strong></span> <span class='ocrx_word' id='word_1_111' title='bbox 563 1633 772 1700; x_wconf 84' lang='lat' dir='ltr'><strong>orbein,</strong></span> <span class='ocrx_word' id='word_1_112' title='bbox 805 1635 1040 1689; x_wconf 82' lang='lat' dir='ltr'><strong>maxime</strong></span> <span class='ocrx_word' id='word_1_113' title='bbox 1087 1633 1351 1702; x_wconf 92' lang='lat' dir='ltr'><strong>Italicum,</strong></span> <span class='ocrx_word' id='word_1_114' title='bbox 1377 1639 1495 1693; x_wconf 88' lang='lat' dir='ltr'><strong>auri</strong></span> <span class='ocrx_word' id='word_1_115' title='bbox 1524 1636 1608 1692; x_wconf 85' lang='lat' dir='ltr'><strong>vel</strong></span> <span class='ocrx_word' id='word_1_116' title='bbox 1644 1639 1852 1710; x_wconf 89' lang='lat' dir='ltr'><strong>argenti</strong></span> 
     </span>
    </p>
   </div>
   <div class='ocr_carea' id='block_1_19' title="bbox 1953 442 3544 520">
    <p class='ocr_par' dir='ltr' id='par_1_19' title="bbox 1953 442 3544 520">
     <span class='ocr_line' id='line_1_19' title="bbox 1953 442 3544 520; baseline 0.006 -24"><span class='ocrx_word' id='word_1_117' title='bbox 1953 443 2046 512; x_wconf 91' lang='lat' dir='ltr'><strong>qui</strong></span> <span class='ocrx_word' id='word_1_118' title='bbox 2094 444 2204 514; x_wconf 87' lang='lat' dir='ltr'><strong>regi</strong></span> <span class='ocrx_word' id='word_1_119' title='bbox 2258 444 2438 498; x_wconf 90' lang='lat' dir='ltr'><strong>minus</strong></span> <span class='ocrx_word' id='word_1_120' title='bbox 2485 442 2902 512; x_wconf 88' lang='lat' dir='ltr'><strong>acquiescebat,</strong></span> <span class='ocrx_word' id='word_1_121' title='bbox 2955 443 3081 498; x_wconf 88' lang='lat' dir='ltr'><strong>talia</strong></span> <span class='ocrx_word' id='word_1_122' title='bbox 3128 447 3380 503; x_wconf 81' lang='lat' dir='ltr'><strong>suaderet</strong></span> <span class='ocrx_word' id='word_1_123' title='bbox 3421 466 3544 520; x_wconf 70' lang='lat' dir='ltr'><strong>qua:</strong></span> 
     </span>
    </p>
   </div>
   <div class='ocr_carea' id='block_1_20' title="bbox 1953 532 3544 604">
    <p class='ocr_par' dir='ltr' id='par_1_20' title="bbox 1953 532 3544 604">
     <span class='ocr_line' id='line_1_20' title="bbox 1953 532 3544 604; baseline 0.003 -16"><span class='ocrx_word' id='word_1_124' title='bbox 1953 533 2120 604; x_wconf 79' lang='lat' dir='ltr'><strong>regali</strong></span> <span class='ocrx_word' id='word_1_125' title='bbox 2163 534 2273 604; x_wconf 89' lang='lat' dir='ltr'><strong>juri</strong></span> <span class='ocrx_word' id='word_1_126' title='bbox 2317 533 2543 588; x_wconf 90' lang='lat' dir='ltr'><strong>nimium</strong></span> <span class='ocrx_word' id='word_1_127' title='bbox 2597 533 2933 588; x_wconf 86' lang='lat' dir='ltr'><strong>resisterent.</strong></span> <span class='ocrx_word' id='word_1_128' title='bbox 2987 532 3080 586; x_wconf 88' lang='lat' dir='ltr'><strong>Ille</strong></span> <span class='ocrx_word' id='word_1_129' title='bbox 3125 549 3256 590; x_wconf 89' lang='lat' dir='ltr'><strong>vero</strong></span> <span class='ocrx_word' id='word_1_130' title='bbox 3290 537 3449 591; x_wconf 84' lang='lat' dir='ltr'><strong>simul</strong></span> <span class='ocrx_word' id='word_1_131' title='bbox 3485 548 3544 593; x_wconf 88' lang='lat' dir='ltr'><strong>ct</strong></span> 
     </span>
    </p>
   </div>
   <div class='ocr_carea' id='block_1_21' title="bbox 1954 623 3543 695">
    <p class='ocr_par' dir='ltr' id='par_1_21' title="bbox 1954 623 3543 695">
     <span class='ocr_line' id='line_1_21' title="bbox 1954 623 3543 695; baseline 0.004 -16"><span class='ocrx_word' id='word_1_132' title='bbox 1954 625 2140 695; x_wconf 78' lang='lat' dir='ltr'><strong>regina</strong></span> <span class='ocrx_word' id='word_1_133' title='bbox 2162 625 2358 695; x_wconf 76' lang='lat' dir='ltr'><strong>conjux</strong></span> <span class='ocrx_word' id='word_1_134' title='bbox 2389 624 2533 678; x_wconf 92' lang='lat' dir='ltr'><strong>illius</strong></span> <span class='ocrx_word' id='word_1_135' title='bbox 2559 633 2780 694; x_wconf 83' lang='lat' dir='ltr'><strong>prepter</strong></span> <span class='ocrx_word' id='word_1_136' title='bbox 2808 625 2910 681; x_wconf 92' lang='lat' dir='ltr'><strong>boc</strong></span> <span class='ocrx_word' id='word_1_137' title='bbox 2938 623 3015 680; x_wconf 87' lang='lat' dir='ltr'><strong>illi</strong></span> <span class='ocrx_word' id='word_1_138' title='bbox 3045 625 3195 690; x_wconf 88' lang='lat' dir='ltr'><strong>irati,</strong></span> <span class='ocrx_word' id='word_1_139' title='bbox 3224 628 3543 685; x_wconf 87' lang='lat' dir='ltr'><strong>comminati</strong></span> 
     </span>
    </p>
   </div>
   <div class='ocr_carea' id='block_1_22' title="bbox 1953 715 3542 786">
    <p class='ocr_par' dir='ltr' id='par_1_22' title="bbox 1953 715 3542 786">
     <span class='ocr_line' id='line_1_22' title="bbox 1953 715 3542 786; baseline 0.003 -16"><span class='ocrx_word' id='word_1_140' title='bbox 1953 726 2081 771; x_wconf 87' lang='lat' dir='ltr'><strong>sunt</strong></span> <span class='ocrx_word' id='word_1_141' title='bbox 2107 716 2393 786; x_wconf 85' lang='lat' dir='ltr'><strong>aliquoties</strong></span> <span class='ocrx_word' id='word_1_142' title='bbox 2421 715 2683 770; x_wconf 75' lang='lat' dir='ltr'><strong>creuobiis</strong></span> <span class='ocrx_word' id='word_1_143' title='bbox 2705 715 2822 784; x_wconf 87' lang='lat' dir='ltr'><strong>ejus</strong></span> <span class='ocrx_word' id='word_1_144' title='bbox 2844 717 3102 773; x_wconf 87' lang='lat' dir='ltr'><strong>damnum</strong></span> <span class='ocrx_word' id='word_1_145' title='bbox 3131 717 3332 773; x_wconf 89' lang='lat' dir='ltr'><strong>inferre</strong></span> <span class='ocrx_word' id='word_1_146' title='bbox 3351 721 3507 776; x_wconf 74' lang='lat' dir='ltr'><strong>.maxi</strong></span> <span class='ocrx_word' id='word_1_147' title='bbox 3534 749 3542 762; x_wconf 73' lang='grc' dir='ltr'><strong>ι</strong></span> 
     </span>
    </p>
   </div>
   <div class='ocr_carea' id='block_1_23' title="bbox 1954 808 3538 882">
    <p class='ocr_par' dir='ltr' id='par_1_23' title="bbox 1954 808 3538 882">
     <span class='ocr_line' id='line_1_23' title="bbox 1954 808 3538 882; baseline 0.001 -17"><span class='ocrx_word' id='word_1_148' title='bbox 1954 825 2123 865; x_wconf 85' lang='lat' dir='ltr'><strong>mum.</strong></span> <span class='ocrx_word' id='word_1_149' title='bbox 2153 811 2354 865; x_wconf 82' lang='lat' dir='ltr'><strong>Adiens</strong></span> <span class='ocrx_word' id='word_1_150' title='bbox 2378 824 2508 880; x_wconf 88' lang='lat' dir='ltr'><strong>ergo</strong></span> <span class='ocrx_word' id='word_1_151' title='bbox 2532 808 3142 877; x_wconf 85' lang='lat' dir='ltr'><strong>intrepidus-amborum</strong></span> <span class='ocrx_word' id='word_1_152' title='bbox 3171 813 3538 882; x_wconf 56' lang='lat' dir='ltr'><strong>praesentiam,</strong></span> 
     </span>
    </p>
   </div>
   <div class='ocr_carea' id='block_1_24' title="bbox 1954 899 3546 972">
    <p class='ocr_par' dir='ltr' id='par_1_24' title="bbox 1954 899 3546 972">
     <span class='ocr_line' id='line_1_24' title="bbox 1954 899 3546 972; baseline 0.003 -17"><span class='ocrx_word' id='word_1_153' title='bbox 1954 901 2028 956; x_wconf 89' lang='lat' dir='ltr'><strong>ita</strong></span> <span class='ocrx_word' id='word_1_154' title='bbox 2059 901 2272 955; x_wconf 91' lang='lat' dir='ltr'><strong>illorum</strong></span> <span class='ocrx_word' id='word_1_155' title='bbox 2301 900 2467 954; x_wconf 93' lang='lat' dir='ltr'><strong>divini</strong></span> <span class='ocrx_word' id='word_1_156' title='bbox 2499 899 2648 954; x_wconf 83' lang='lat' dir='ltr'><strong>verbi</strong></span> <span class='ocrx_word' id='word_1_157' title='bbox 2683 901 2881 956; x_wconf 89' lang='lat' dir='ltr'><strong>virtute</strong></span> <span class='ocrx_word' id='word_1_158' title='bbox 2925 901 3062 956; x_wconf 90' lang='lat' dir='ltr'><strong>iram</strong></span> <span class='ocrx_word' id='word_1_159' title='bbox 3101 904 3450 972; x_wconf 84' lang='lat' dir='ltr'><strong>compescuit,</strong></span> <span class='ocrx_word' id='word_1_160' title='bbox 3485 913 3546 959; x_wconf 85' lang='grc' dir='ltr'><strong>ιιι</strong></span> 
     </span>
    </p>
   </div>
   <div class='ocr_carea' id='block_1_25' title="bbox 1952 991 3544 1065">
    <p class='ocr_par' dir='ltr' id='par_1_25' title="bbox 1952 991 3544 1065">
     <span class='ocr_line' id='line_1_25' title="bbox 1952 991 3544 1065; baseline 0.002 -17"><span class='ocrx_word' id='word_1_161' title='bbox 1952 994 2118 1048; x_wconf 88' lang='lat' dir='ltr'><strong>etiam</strong></span> <span class='ocrx_word' id='word_1_162' title='bbox 2165 1009 2431 1047; x_wconf 85' lang='lat' dir='ltr'><strong>summam</strong></span> <span class='ocrx_word' id='word_1_163' title='bbox 2477 991 2760 1062; x_wconf 85' lang='lat' dir='ltr'><strong>dignitatis</strong></span> <span class='ocrx_word' id='word_1_164' title='bbox 2806 993 3034 1063; x_wconf 83' lang='lat' dir='ltr'><strong>gratiam</strong></span> <span class='ocrx_word' id='word_1_165' title='bbox 3080 995 3220 1065; x_wconf 87' lang='lat' dir='ltr'><strong>apud</strong></span> <span class='ocrx_word' id='word_1_166' title='bbox 3249 994 3366 1051; x_wconf 90' lang='lat' dir='ltr'><strong>illos</strong></span> <span class='ocrx_word' id='word_1_167' title='bbox 3396 997 3544 1052; x_wconf 76' lang='lat' dir='ltr'><strong>oliti-</strong></span> 
     </span>
    </p>
   </div>
   <div class='ocr_carea' id='block_1_26' title="bbox 1955 1085 3546 1159">
    <p class='ocr_par' dir='ltr' id='par_1_26' title="bbox 1955 1085 3546 1159">
     <span class='ocr_line' id='line_1_26' title="bbox 1955 1085 3546 1159; baseline 0 -19"><span class='ocrx_word' id='word_1_168' title='bbox 1955 1095 2127 1140; x_wconf 88' lang='lat' dir='ltr'><strong>neret.</strong></span> <span class='ocrx_word' id='word_1_169' title='bbox 2181 1085 2314 1139; x_wconf 83' lang='lat' dir='ltr'><strong>Nam</strong></span> <span class='ocrx_word' id='word_1_170' title='bbox 2341 1099 2463 1139; x_wconf 89' lang='lat' dir='ltr'><strong>cum</strong></span> <span class='ocrx_word' id='word_1_171' title='bbox 2514 1085 2728 1140; x_wconf 90' lang='lat' dir='ltr'><strong>illorum</strong></span> <span class='ocrx_word' id='word_1_172' title='bbox 2775 1085 2935 1146; x_wconf 88' lang='lat' dir='ltr'><strong>lilins,</strong></span> <span class='ocrx_word' id='word_1_173' title='bbox 2970 1086 3072 1159; x_wconf 73' lang='lat' dir='ltr'><strong>qui</strong></span> <span class='ocrx_word' id='word_1_174' title='bbox 3091 1101 3190 1156; x_wconf 88' lang='lat' dir='ltr'><strong>pro</strong></span> <span class='ocrx_word' id='word_1_175' title='bbox 3219 1103 3329 1142; x_wconf 69' lang='lat' dir='ltr'><strong>sua:</strong></span> <span class='ocrx_word' id='word_1_176' title='bbox 3351 1087 3546 1156; x_wconf 80' lang='lat' dir='ltr'><strong>juven-</strong></span> 
     </span>
    </p>
   </div>
   <div class='ocr_carea' id='block_1_27' title="bbox 1957 1174 3545 1249">
    <p class='ocr_par' dir='ltr' id='par_1_27' title="bbox 1957 1174 3545 1249">
     <span class='ocr_line' id='line_1_27' title="bbox 1957 1174 3545 1249; baseline 0.003 -20"><span class='ocrx_word' id='word_1_177' title='bbox 1957 1175 2092 1230; x_wconf 92' lang='lat' dir='ltr'><strong>tutis</strong></span> <span class='ocrx_word' id='word_1_178' title='bbox 2117 1174 2383 1246; x_wconf 83' lang='lat' dir='ltr'><strong>elegantia</strong></span> <span class='ocrx_word' id='word_1_179' title='bbox 2411 1190 2476 1229; x_wconf 89' lang='lat' dir='ltr'><strong>ac</strong></span> <span class='ocrx_word' id='word_1_180' title='bbox 2525 1175 2852 1229; x_wconf 84' lang='lat' dir='ltr'><strong>liberalitate</strong></span> <span class='ocrx_word' id='word_1_181' title='bbox 2903 1175 3056 1245; x_wconf 83' lang='lat' dir='ltr'><strong>Hugo</strong></span> <span class='ocrx_word' id='word_1_182' title='bbox 3081 1176 3308 1247; x_wconf 79' lang='lat' dir='ltr'><strong>Magnus</strong></span> <span class='ocrx_word' id='word_1_183' title='bbox 3337 1192 3545 1249; x_wconf 74' lang='lat' dir='ltr'><strong>cogno-</strong></span> 
     </span>
    </p>
   </div>
   <div class='ocr_carea' id='block_1_28' title="bbox 1954 1267 3549 1342">
    <p class='ocr_par' dir='ltr' id='par_1_28' title="bbox 1954 1267 3549 1342">
     <span class='ocr_line' id='line_1_28' title="bbox 1954 1267 3549 1342; baseline 0.003 -19"><span class='ocrx_word' id='word_1_184' title='bbox 1954 1268 2286 1332; x_wconf 84' lang='lat' dir='ltr'><strong>minabatur,</strong></span> <span class='ocrx_word' id='word_1_185' title='bbox 2313 1268 2426 1338; x_wconf 87' lang='lat' dir='ltr'><strong>jam</strong></span> <span class='ocrx_word' id='word_1_186' title='bbox 2476 1267 2529 1321; x_wconf 91' lang='lat' dir='ltr'><strong>in</strong></span> <span class='ocrx_word' id='word_1_187' title='bbox 2580 1283 2756 1334; x_wconf 81' lang='lat' dir='ltr'><strong>regem</strong></span> <span class='ocrx_word' id='word_1_188' title='bbox 2810 1277 3006 1322; x_wconf 88' lang='lat' dir='ltr'><strong>unctus</strong></span> <span class='ocrx_word' id='word_1_189' title='bbox 3053 1271 3441 1342; x_wconf 80' lang='lat' dir='ltr'><strong>obiissct(56),</strong></span> <span class='ocrx_word' id='word_1_190' title='bbox 3481 1286 3549 1327; x_wconf 79' lang='lat' dir='ltr'><strong>ac</strong></span> 
     </span>
    </p>
   </div>
   <div class='ocr_carea' id='block_1_29' title="bbox 1955 1360 3547 1431">
    <p class='ocr_par' dir='ltr' id='par_1_29' title="bbox 1955 1360 3547 1431">
     <span class='ocr_line' id='line_1_29' title="bbox 1955 1360 3547 1431; baseline 0.003 -17"><span class='ocrx_word' id='word_1_191' title='bbox 1955 1375 2156 1431; x_wconf 88' lang='lat' dir='ltr'><strong>parens</strong></span> <span class='ocrx_word' id='word_1_192' title='bbox 2187 1368 2417 1429; x_wconf 89' lang='lat' dir='ltr'><strong>uterque</strong></span> <span class='ocrx_word' id='word_1_193' title='bbox 2443 1375 2542 1429; x_wconf 92' lang='lat' dir='ltr'><strong>pro</strong></span> <span class='ocrx_word' id='word_1_194' title='bbox 2573 1367 2744 1414; x_wconf 84' lang='lat' dir='ltr'><strong>morte</strong></span> <span class='ocrx_word' id='word_1_195' title='bbox 2778 1360 2944 1430; x_wconf 88' lang='lat' dir='ltr'><strong>ipsius</strong></span> <span class='ocrx_word' id='word_1_196' title='bbox 2975 1375 3111 1428; x_wconf 91' lang='lat' dir='ltr'><strong>pene</strong></span> <span class='ocrx_word' id='word_1_197' title='bbox 3136 1376 3308 1429; x_wconf 85' lang='lat' dir='ltr'><strong>usque</strong></span> <span class='ocrx_word' id='word_1_198' title='bbox 3347 1363 3400 1417; x_wconf 93' lang='lat' dir='ltr'><strong>in</strong></span> <span class='ocrx_word' id='word_1_199' title='bbox 3431 1363 3547 1418; x_wconf 80' lang='lat' dir='ltr'><strong>sni-</strong></span> 
     </span>
    </p>
   </div>
   <div class='ocr_carea' id='block_1_30' title="bbox 1956 1449 3548 1521">
    <p class='ocr_par' dir='ltr' id='par_1_30' title="bbox 1956 1449 3548 1521">
     <span class='ocr_line' id='line_1_30' title="bbox 1956 1449 3548 1521; baseline 0.003 -16"><span class='ocrx_word' id='word_1_200' title='bbox 1956 1460 2070 1505; x_wconf 88' lang='lat' dir='ltr'><strong>met</strong></span> <span class='ocrx_word' id='word_1_201' title='bbox 2098 1466 2285 1506; x_wconf 87' lang='lat' dir='ltr'><strong>necem</strong></span> <span class='ocrx_word' id='word_1_202' title='bbox 2313 1451 2495 1504; x_wconf 90' lang='lat' dir='ltr'><strong>cordis</strong></span> <span class='ocrx_word' id='word_1_203' title='bbox 2519 1449 2706 1505; x_wconf 84' lang='lat' dir='ltr'><strong>dolore</strong></span> <span class='ocrx_word' id='word_1_204' title='bbox 2735 1460 2786 1504; x_wconf 90' lang='lat' dir='ltr'><strong>et</strong></span> <span class='ocrx_word' id='word_1_205' title='bbox 2827 1450 2972 1504; x_wconf 83' lang='lat' dir='ltr'><strong>luctu</strong></span> <span class='ocrx_word' id='word_1_206' title='bbox 3002 1450 3386 1521; x_wconf 69' lang='lat' dir='ltr'><strong>afﬂigerentur,</strong></span> <span class='ocrx_word' id='word_1_207' title='bbox 3421 1462 3548 1508; x_wconf 88' lang='lat' dir='ltr'><strong>tunc</strong></span> 
     </span>
    </p>
   </div>
   <div class='ocr_carea' id='block_1_31' title="bbox 1956 1542 3548 1613">
    <p class='ocr_par' dir='ltr' id='par_1_31' title="bbox 1956 1542 3548 1613">
     <span class='ocr_line' id='line_1_31' title="bbox 1956 1542 3548 1613; baseline 0 -15"><span class='ocrx_word' id='word_1_208' title='bbox 1956 1543 2193 1599; x_wconf 77' lang='lat' dir='ltr'><strong>accessit</strong></span> <span class='ocrx_word' id='word_1_209' title='bbox 2220 1543 2286 1598; x_wconf 89' lang='lat' dir='ltr'><strong>ad</strong></span> <span class='ocrx_word' id='word_1_210' title='bbox 2315 1558 2411 1598; x_wconf 87' lang='lat' dir='ltr'><strong>eos</strong></span> <span class='ocrx_word' id='word_1_211' title='bbox 2441 1542 2702 1613; x_wconf 87' lang='lat' dir='ltr'><strong>spiritalis</strong></span> <span class='ocrx_word' id='word_1_212' title='bbox 2729 1543 2988 1606; x_wconf 89' lang='lat' dir='ltr'><strong>medicus,</strong></span> <span class='ocrx_word' id='word_1_213' title='bbox 3017 1552 3073 1596; x_wconf 92' lang='lat' dir='ltr'><strong>et</strong></span> <span class='ocrx_word' id='word_1_214' title='bbox 3109 1542 3184 1597; x_wconf 89' lang='lat' dir='ltr'><strong>ait</strong></span> <span class='ocrx_word' id='word_1_215' title='bbox 3213 1557 3227 1596; x_wconf 88' lang='lat'><strong>:</strong></span> <span class='ocrx_word' id='word_1_216' title='bbox 3259 1543 3384 1598; x_wconf 83' lang='lat' dir='ltr'><strong>Non</strong></span> <span class='ocrx_word' id='word_1_217' title='bbox 3411 1542 3548 1612; x_wconf 78' lang='lat' dir='ltr'><strong>infe-</strong></span> 
     </span>
    </p>
   </div>
   <div class='ocr_carea' id='block_1_32' title="bbox 1955 1635 3549 1706">
    <p class='ocr_par' dir='ltr' id='par_1_32' title="bbox 1955 1635 3549 1706">
     <span class='ocr_line' id='line_1_32' title="bbox 1955 1635 3549 1706; baseline 0.001 -16"><span class='ocrx_word' id='word_1_218' title='bbox 1955 1637 2080 1692; x_wconf 85' lang='lat' dir='ltr'><strong>lices</strong></span> <span class='ocrx_word' id='word_1_219' title='bbox 2119 1638 2257 1692; x_wconf 88' lang='lat' dir='ltr'><strong>enim</strong></span> <span class='ocrx_word' id='word_1_220' title='bbox 2291 1653 2380 1690; x_wconf 81' lang='lat' dir='ltr'><strong>vos</strong></span> <span class='ocrx_word' id='word_1_221' title='bbox 2410 1645 2595 1706; x_wconf 87' lang='lat' dir='ltr'><strong>putare</strong></span> <span class='ocrx_word' id='word_1_222' title='bbox 2633 1635 2846 1700; x_wconf 86' lang='lat' dir='ltr'><strong>debetis,</strong></span> <span class='ocrx_word' id='word_1_223' title='bbox 2878 1637 3016 1706; x_wconf 86' lang='lat' dir='ltr'><strong>quod</strong></span> <span class='ocrx_word' id='word_1_224' title='bbox 3059 1635 3215 1691; x_wconf 84' lang='lat' dir='ltr'><strong>talem</strong></span> <span class='ocrx_word' id='word_1_225' title='bbox 3253 1637 3549 1703; x_wconf 83' lang='lat' dir='ltr'><strong>amisistis;</strong></span> 
     </span>
    </p>
   </div>
   <div class='ocr_carea' id='block_1_33' title="bbox 258 1723 3545 1803">
    <p class='ocr_par' dir='ltr' id='par_1_33' title="bbox 258 1723 3545 1803">
     <span class='ocr_line' id='line_1_33' title="bbox 258 1723 3545 1803; baseline 0.006 -26"><span class='ocrx_word' id='word_1_226' title='bbox 258 1723 443 1793; x_wconf 90' lang='lat' dir='ltr'><strong>pretio</strong></span> <span class='ocrx_word' id='word_1_227' title='bbox 490 1724 753 1780; x_wconf 86' lang='lat' dir='ltr'><strong>distracta</strong></span> <span class='ocrx_word' id='word_1_228' title='bbox 802 1726 978 1782; x_wconf 92' lang='lat' dir='ltr'><strong>minus</strong></span> <span class='ocrx_word' id='word_1_229' title='bbox 1027 1737 1305 1784; x_wconf 89' lang='lat' dir='ltr'><strong>curantem</strong></span> <span class='ocrx_word' id='word_1_230' title='bbox 1329 1768 1345 1794; x_wconf 95' lang='lat'><strong>,</strong></span> <span class='ocrx_word' id='word_1_231' title='bbox 1401 1732 1493 1785; x_wconf 88' lang='lat' dir='ltr'><strong>tali</strong></span> <span class='ocrx_word' id='word_1_232' title='bbox 1547 1733 1852 1791; x_wconf 85' lang='lat' dir='ltr'><strong>invectione</strong></span> <span class='ocrx_word' id='word_1_233' title='bbox 1881 1743 1926 1803; x_wconf 83' lang='grc' dir='ltr'><strong>Β</strong></span> <span class='ocrx_word' id='word_1_234' title='bbox 1953 1728 2078 1799; x_wconf 71' lang='lat' dir='ltr'><strong>quin</strong></span> <span class='ocrx_word' id='word_1_235' title='bbox 2107 1729 2282 1799; x_wconf 67' lang='grc' dir='ltr'><strong>Ροείιιδ</strong></span> <span class='ocrx_word' id='word_1_236' title='bbox 2310 1725 2487 1796; x_wconf 72' lang='grc' dir='ltr'><strong>Ῑείίσιδ</strong></span> <span class='ocrx_word' id='word_1_237' title='bbox 2519 1725 2689 1792; x_wconf 60' lang='lat' dir='ltr'><strong>valde.</strong></span> <span class='ocrx_word' id='word_1_238' title='bbox 2715 1727 2842 1796; x_wconf 59' lang='lat' dir='ltr'><strong>quia</strong></span> <span class='ocrx_word' id='word_1_239' title='bbox 2873 1728 3027 1780; x_wconf 65' lang='grc' dir='ltr'><strong>ίαίεηθ</strong></span> <span class='ocrx_word' id='word_1_240' title='bbox 3047 1725 3238 1780; x_wconf 57' lang='lat' dir='ltr'><strong><em>&quot;ab?&quot;</em></strong></span> <span class='ocrx_word' id='word_1_241' title='bbox 3261 1725 3545 1781; x_wconf 69' lang='grc' dir='ltr'><strong>ἠεναίειδδο</strong></span> 
     </span>
    </p>
   </div>
   <div class='ocr_carea' id='block_1_34' title="bbox 261 1817 1849 1890">
    <p class='ocr_par' dir='ltr' id='par_1_34' title="bbox 261 1817 1849 1890">
     <span class='ocr_line' id='line_1_34' title="bbox 261 1817 1849 1890; baseline 0.009 -21"><span class='ocrx_word' id='word_1_242' title='bbox 261 1829 490 1872; x_wconf 87' lang='lat' dir='ltr'><strong>monere</strong></span> <span class='ocrx_word' id='word_1_243' title='bbox 535 1817 744 1872; x_wconf 90' lang='lat' dir='ltr'><strong>studuit</strong></span> <span class='ocrx_word' id='word_1_244' title='bbox 790 1832 888 1889; x_wconf 91' lang='lat' dir='ltr'><strong>per</strong></span> <span class='ocrx_word' id='word_1_245' title='bbox 932 1820 1212 1890; x_wconf 89' lang='lat' dir='ltr'><strong>epistolam</strong></span> <span class='ocrx_word' id='word_1_246' title='bbox 1238 1863 1254 1887; x_wconf 95' lang='lat'><strong>,</strong></span> <span class='ocrx_word' id='word_1_247' title='bbox 1300 1821 1414 1880; x_wconf 71' lang='lat' dir='ltr'><strong>haec</strong></span> <span class='ocrx_word' id='word_1_248' title='bbox 1442 1825 1849 1883; x_wconf 87' lang='lat' dir='ltr'><strong>continentem:</strong></span> 
     </span>
    </p>
   </div>
   <div class='ocr_carea' id='block_1_35' title="bbox 261 1907 1853 1985">
    <p class='ocr_par' dir='ltr' id='par_1_35' title="bbox 261 1907 1853 1985">
     <span class='ocr_line' id='line_1_35' title="bbox 261 1907 1853 1985; baseline 0.008 -23"><span class='ocrx_word' id='word_1_249' title='bbox 261 1907 379 1980; x_wconf 78' lang='grc'>(55)</span> <span class='ocrx_word' id='word_1_250' title='bbox 403 1907 636 1976; x_wconf 79' lang='lat' dir='ltr'><strong>Parcite,</strong></span> <span class='ocrx_word' id='word_1_251' title='bbox 663 1928 860 1982; x_wconf 75' lang='lat' dir='ltr'><strong>qua’so,</strong></span> <span class='ocrx_word' id='word_1_252' title='bbox 890 1914 1108 1980; x_wconf 84' lang='lat' dir='ltr'><strong>parcite,</strong></span> <span class='ocrx_word' id='word_1_253' title='bbox 1139 1915 1230 1985; x_wconf 90' lang='lat' dir='ltr'><strong>qui</strong></span> <span class='ocrx_word' id='word_1_254' title='bbox 1250 1915 1489 1970; x_wconf 87' lang='lat' dir='ltr'><strong>dicimini</strong></span> <span class='ocrx_word' id='word_1_255' title='bbox 1518 1917 1599 1972; x_wconf 90' lang='lat' dir='ltr'><strong>sal</strong></span> <span class='ocrx_word' id='word_1_256' title='bbox 1625 1929 1777 1974; x_wconf 72' lang='lat' dir='ltr'><strong>terra:</strong></span> <span class='ocrx_word' id='word_1_257' title='bbox 1802 1929 1853 1976; x_wconf 84' lang='lat' dir='ltr'><strong>et</strong></span> 
     </span>
    </p>
   </div>
   <div class='ocr_carea' id='block_1_36' title="bbox 258 2000 1852 2076">
    <p class='ocr_par' dir='ltr' id='par_1_36' title="bbox 258 2000 1852 2076">
     <span class='ocr_line' id='line_1_36' title="bbox 258 2000 1852 2076; baseline 0.009 -22"><span class='ocrx_word' id='word_1_258' title='bbox 258 2000 359 2056; x_wconf 71' lang='lat' dir='ltr'><strong>lus</strong></span> <span class='ocrx_word' id='word_1_259' title='bbox 385 2003 588 2056; x_wconf 84' lang='lat' dir='ltr'><strong>mundi.</strong></span> <span class='ocrx_word' id='word_1_260' title='bbox 619 2002 858 2073; x_wconf 71' lang='lat' dir='ltr'><strong>Suﬁiciat</strong></span> <span class='ocrx_word' id='word_1_261' title='bbox 901 2006 1200 2061; x_wconf 70' lang='lat' dir='ltr'><strong>[caminibus</strong></span> <span class='ocrx_word' id='word_1_262' title='bbox 1231 2007 1347 2076; x_wconf 86' lang='lat' dir='ltr'><strong>jam</strong></span> <span class='ocrx_word' id='word_1_263' title='bbox 1383 2011 1542 2064; x_wconf 87' lang='lat' dir='ltr'><strong>semel</strong></span> <span class='ocrx_word' id='word_1_264' title='bbox 1579 2009 1852 2068; x_wconf 73' lang='lat' dir='ltr'><strong>Christum</strong></span> 
     </span>
    </p>
   </div>
   <div class='ocr_carea' id='block_1_37' title="bbox 258 2093 1849 2164">
    <p class='ocr_par' dir='ltr' id='par_1_37' title="bbox 258 2093 1849 2164">
     <span class='ocr_line' id='line_1_37' title="bbox 258 2093 1849 2164; baseline 0.008 -19"><span class='ocrx_word' id='word_1_265' title='bbox 258 2093 434 2162; x_wconf 72' lang='lat' dir='ltr'><strong>fuisse</strong></span> <span class='ocrx_word' id='word_1_266' title='bbox 480 2093 747 2148; x_wconf 76' lang='lat' dir='ltr'><strong>venditum</strong></span> <span class='ocrx_word' id='word_1_267' title='bbox 780 2112 875 2164; x_wconf 89' lang='lat' dir='ltr'><strong>pro</strong></span> <span class='ocrx_word' id='word_1_268' title='bbox 924 2098 1190 2151; x_wconf 85' lang='lat' dir='ltr'><strong>communi</strong></span> <span class='ocrx_word' id='word_1_269' title='bbox 1249 2098 1421 2154; x_wconf 88' lang='lat' dir='ltr'><strong>salute</strong></span> <span class='ocrx_word' id='word_1_270' title='bbox 1467 2101 1849 2158; x_wconf 77' lang='lat' dir='ltr'><strong>universorum.</strong></span> 
     </span>
    </p>
   </div>
   <div class='ocr_carea' id='block_1_38' title="bbox 257 2185 1850 2264">
    <p class='ocr_par' dir='ltr' id='par_1_38' title="bbox 257 2185 1850 2264">
     <span class='ocr_line' id='line_1_38' title="bbox 257 2185 1850 2264; baseline 0.005 -22"><span class='ocrx_word' id='word_1_271' title='bbox 257 2187 389 2242; x_wconf 76' lang='lat' dir='ltr'><strong>1am</strong></span> <span class='ocrx_word' id='word_1_272' title='bbox 415 2185 550 2241; x_wconf 83' lang='lat' dir='ltr'><strong>enim</strong></span> <span class='ocrx_word' id='word_1_273' title='bbox 586 2187 783 2259; x_wconf 75' lang='lat' dir='ltr'><strong>refuga:</strong></span> <span class='ocrx_word' id='word_1_274' title='bbox 809 2190 914 2244; x_wconf 81' lang='lat' dir='ltr'><strong>reri</strong></span> <span class='ocrx_word' id='word_1_275' title='bbox 951 2189 1184 2255; x_wconf 87' lang='lat' dir='ltr'><strong>luminis,</strong></span> <span class='ocrx_word' id='word_1_276' title='bbox 1215 2192 1326 2246; x_wconf 89' lang='lat' dir='ltr'><strong>solo</strong></span> <span class='ocrx_word' id='word_1_277' title='bbox 1355 2194 1561 2248; x_wconf 83' lang='lat' dir='ltr'><strong>nomine</strong></span> <span class='ocrx_word' id='word_1_278' title='bbox 1591 2205 1850 2264; x_wconf 79' lang='lat' dir='ltr'><strong>pastores,</strong></span> 
     </span>
    </p>
   </div>
   <div class='ocr_carea' id='block_1_39' title="bbox 259 2273 1852 2353">
    <p class='ocr_par' dir='ltr' id='par_1_39' title="bbox 259 2273 1852 2353">
     <span class='ocr_line' id='line_1_39' title="bbox 259 2273 1852 2353; baseline 0.008 -26"><span class='ocrx_word' id='word_1_279' title='bbox 259 2273 398 2328; x_wconf 70' lang='lat' dir='ltr'><strong>erile</strong></span> <span class='ocrx_word' id='word_1_280' title='bbox 424 2273 644 2341; x_wconf 83' lang='lat' dir='ltr'><strong>Christi,</strong></span> <span class='ocrx_word' id='word_1_281' title='bbox 675 2277 780 2330; x_wconf 91' lang='lat' dir='ltr'><strong>imo</strong></span> <span class='ocrx_word' id='word_1_282' title='bbox 826 2278 1056 2333; x_wconf 83' lang='lat' dir='ltr'><strong>membra</strong></span> <span class='ocrx_word' id='word_1_283' title='bbox 1096 2279 1261 2346; x_wconf 85' lang='lat' dir='ltr'><strong>illius,</strong></span> <span class='ocrx_word' id='word_1_284' title='bbox 1289 2281 1455 2335; x_wconf 80' lang='lat' dir='ltr'><strong>videte</strong></span> <span class='ocrx_word' id='word_1_285' title='bbox 1486 2292 1601 2352; x_wconf 85' lang='lat' dir='ltr'><strong>post</strong></span> <span class='ocrx_word' id='word_1_286' title='bbox 1636 2301 1723 2338; x_wconf 82' lang='lat' dir='ltr'><strong>vos</strong></span> <span class='ocrx_word' id='word_1_287' title='bbox 1749 2301 1852 2353; x_wconf 84' lang='lat' dir='ltr'><strong>quo</strong></span> 
     </span>
    </p>
   </div>
   <div class='ocr_carea' id='block_1_40' title="bbox 258 2365 1852 2448">
    <p class='ocr_par' dir='ltr' id='par_1_40' title="bbox 258 2365 1852 2448">
     <span class='ocr_line' id='line_1_40' title="bbox 258 2365 1852 2448; baseline 0.007 -27"><span class='ocrx_word' id='word_1_288' title='bbox 258 2376 412 2421; x_wconf 80' lang='lat' dir='ltr'><strong>eunt.</strong></span> <span class='ocrx_word' id='word_1_289' title='bbox 479 2365 538 2423; x_wconf 86' lang='lat' dir='ltr'><strong>Si</strong></span> <span class='ocrx_word' id='word_1_290' title='bbox 579 2368 740 2439; x_wconf 74' lang='lat' dir='ltr'><strong>juxta</strong></span> <span class='ocrx_word' id='word_1_291' title='bbox 786 2369 983 2439; x_wconf 73' lang='lat' dir='ltr'><strong>fontem</strong></span> <span class='ocrx_word' id='word_1_292' title='bbox 1014 2379 1148 2442; x_wconf 83' lang='lat' dir='ltr'><strong>tepet</strong></span> <span class='ocrx_word' id='word_1_293' title='bbox 1203 2374 1365 2438; x_wconf 82' lang='lat' dir='ltr'><strong>rivus,</strong></span> <span class='ocrx_word' id='word_1_294' title='bbox 1405 2375 1461 2428; x_wconf 87' lang='lat' dir='ltr'><strong>in</strong></span> <span class='ocrx_word' id='word_1_295' title='bbox 1510 2375 1852 2448; x_wconf 87' lang='lat' dir='ltr'><strong>longinquum</strong></span> 
     </span>
    </p>
   </div>
   <div class='ocr_carea' id='block_1_41' title="bbox 260 2457 1852 2536">
    <p class='ocr_par' dir='ltr' id='par_1_41' title="bbox 260 2457 1852 2536">
     <span class='ocr_line' id='line_1_41' title="bbox 260 2457 1852 2536; baseline 0.007 -24"><span class='ocrx_word' id='word_1_296' title='bbox 260 2457 429 2527; x_wconf 71' lang='lat' dir='ltr'><strong>fetere</strong></span> <span class='ocrx_word' id='word_1_297' title='bbox 463 2457 594 2514; x_wconf 84' lang='lat' dir='ltr'><strong>nulli</strong></span> <span class='ocrx_word' id='word_1_298' title='bbox 618 2460 834 2514; x_wconf 86' lang='lat' dir='ltr'><strong>dubium</strong></span> <span class='ocrx_word' id='word_1_299' title='bbox 865 2471 961 2516; x_wconf 88' lang='lat' dir='ltr'><strong>est.</strong></span> <span class='ocrx_word' id='word_1_300' title='bbox 996 2461 1204 2517; x_wconf 83' lang='lat' dir='ltr'><strong>Idcirco</strong></span> <span class='ocrx_word' id='word_1_301' title='bbox 1230 2481 1356 2519; x_wconf 90' lang='lat' dir='ltr'><strong>cura</strong></span> <span class='ocrx_word' id='word_1_302' title='bbox 1389 2467 1702 2536; x_wconf 80' lang='lat' dir='ltr'><strong>quibusdam</strong></span> <span class='ocrx_word' id='word_1_303' title='bbox 1729 2486 1852 2524; x_wconf 76' lang='lat' dir='ltr'><strong>ren-</strong></span> 
     </span>
    </p>
   </div>
   <div class='ocr_carea' id='block_1_42' title="bbox 260 2549 1852 2628">
    <p class='ocr_par' dir='ltr' id='par_1_42' title="bbox 260 2549 1852 2628">
     <span class='ocr_line' id='line_1_42' title="bbox 260 2549 1852 2628; baseline 0.006 -26"><span class='ocrx_word' id='word_1_304' title='bbox 260 2549 414 2602; x_wconf 72' lang='lat' dir='ltr'><strong>ditur</strong></span> <span class='ocrx_word' id='word_1_305' title='bbox 437 2549 506 2603; x_wconf 88' lang='lat' dir='ltr'><strong>ad</strong></span> <span class='ocrx_word' id='word_1_306' title='bbox 544 2566 696 2604; x_wconf 86' lang='lat' dir='ltr'><strong>suum</strong></span> <span class='ocrx_word' id='word_1_307' title='bbox 732 2551 1020 2606; x_wconf 87' lang='lat' dir='ltr'><strong>interitum.</strong></span> <span class='ocrx_word' id='word_1_308' title='bbox 1060 2551 1190 2608; x_wconf 83' lang='lat' dir='ltr'><strong>Volo</strong></span> <span class='ocrx_word' id='word_1_309' title='bbox 1213 2571 1302 2609; x_wconf 86' lang='lat' dir='ltr'><strong>vos</strong></span> <span class='ocrx_word' id='word_1_310' title='bbox 1331 2567 1564 2626; x_wconf 83' lang='lat' dir='ltr'><strong>pastores</strong></span> <span class='ocrx_word' id='word_1_311' title='bbox 1589 2575 1650 2611; x_wconf 91' lang='lat' dir='ltr'><strong>ac</strong></span> <span class='ocrx_word' id='word_1_312' title='bbox 1673 2559 1852 2628; x_wconf 85' lang='lat' dir='ltr'><strong>ponti-</strong></span> 
     </span>
    </p>
   </div>
   <div class='ocr_carea' id='block_1_43' title="bbox 261 2638 1852 2719">
    <p class='ocr_par' dir='ltr' id='par_1_43' title="bbox 261 2638 1852 2719">
     <span class='ocr_line' id='line_1_43' title="bbox 261 2638 1852 2719; baseline 0.008 -26"><span class='ocrx_word' id='word_1_313' title='bbox 261 2638 390 2707; x_wconf 77' lang='lat' dir='ltr'><strong>fices</strong></span> <span class='ocrx_word' id='word_1_314' title='bbox 419 2656 594 2697; x_wconf 89' lang='lat' dir='ltr'><strong>omnes</strong></span> <span class='ocrx_word' id='word_1_315' title='bbox 637 2642 694 2696; x_wconf 85' lang='lat' dir='ltr'><strong>in</strong></span> <span class='ocrx_word' id='word_1_316' title='bbox 739 2658 1010 2698; x_wconf 82' lang='lat' dir='ltr'><strong>commune</strong></span> <span class='ocrx_word' id='word_1_317' title='bbox 1049 2641 1248 2713; x_wconf 85' lang='lat' dir='ltr'><strong>judicis</strong></span> <span class='ocrx_word' id='word_1_318' title='bbox 1301 2650 1523 2701; x_wconf 79' lang='lat' dir='ltr'><strong>securim</strong></span> <span class='ocrx_word' id='word_1_319' title='bbox 1579 2652 1852 2719; x_wconf 74' lang='lat' dir='ltr'><strong>gestantis,</strong></span> 
     </span>
    </p>
   </div>
   <div class='ocr_carea' id='block_1_44' title="bbox 263 2730 1852 2810">
    <p class='ocr_par' dir='ltr' id='par_1_44' title="bbox 263 2730 1852 2810">
     <span class='ocr_line' id='line_1_44' title="bbox 263 2730 1852 2810; baseline 0.008 -27"><span class='ocrx_word' id='word_1_320' title='bbox 263 2738 391 2786; x_wconf 83' lang='lat' dir='ltr'><strong>ante</strong></span> <span class='ocrx_word' id='word_1_321' title='bbox 429 2730 655 2801; x_wconf 79' lang='lat' dir='ltr'><strong>jaauam</strong></span> <span class='ocrx_word' id='word_1_322' title='bbox 698 2734 987 2788; x_wconf 81' lang='lat' dir='ltr'><strong>assistentis</strong></span> <span class='ocrx_word' id='word_1_323' title='bbox 1035 2752 1305 2791; x_wconf 87' lang='lat' dir='ltr'><strong>memores.</strong></span> <span class='ocrx_word' id='word_1_324' title='bbox 1347 2737 1519 2804; x_wconf 85' lang='lat' dir='ltr'><strong>Quam</strong></span> <span class='ocrx_word' id='word_1_325' title='bbox 1569 2740 1852 2810; x_wconf 81' lang='lat' dir='ltr'><strong>epistolam</strong></span> 
     </span>
    </p>
   </div>
   <div class='ocr_carea' id='block_1_45' title="bbox 262 2821 1854 2898">
    <p class='ocr_par' dir='ltr' id='par_1_45' title="bbox 262 2821 1854 2898">
     <span class='ocr_line' id='line_1_45' title="bbox 262 2821 1854 2898; baseline 0.01 -25"><span class='ocrx_word' id='word_1_326' title='bbox 262 2834 407 2890; x_wconf 88' lang='lat' dir='ltr'><strong>papa</strong></span> <span class='ocrx_word' id='word_1_327' title='bbox 458 2821 690 2878; x_wconf 90' lang='lat' dir='ltr'><strong>libenter</strong></span> <span class='ocrx_word' id='word_1_328' title='bbox 736 2824 1089 2893; x_wconf 88' lang='lat' dir='ltr'><strong>amplectens,</strong></span> <span class='ocrx_word' id='word_1_329' title='bbox 1126 2837 1310 2898; x_wconf 79' lang='lat' dir='ltr'><strong>grates</strong></span> <span class='ocrx_word' id='word_1_330' title='bbox 1353 2845 1416 2884; x_wconf 92' lang='lat' dir='ltr'><strong>ac</strong></span> <span class='ocrx_word' id='word_1_331' title='bbox 1449 2830 1854 2888; x_wconf 85' lang='lat' dir='ltr'><strong>benedictioncs</strong></span> 
     </span>
    </p>
   </div>
   <div class='ocr_carea' id='block_1_46' title="bbox 268 2911 1708 2992">
    <p class='ocr_par' dir='ltr' id='par_1_46' title="bbox 268 2911 1708 2992">
     <span class='ocr_line' id='line_1_46' title="bbox 268 2911 1708 2992; baseline 0.008 -27"><span class='ocrx_word' id='word_1_332' title='bbox 268 2919 426 2967; x_wconf 86' lang='lat' dir='ltr'><strong>tanto</strong></span> <span class='ocrx_word' id='word_1_333' title='bbox 452 2911 597 2968; x_wconf 87' lang='lat' dir='ltr'><strong>Patri</strong></span> <span class='ocrx_word' id='word_1_334' title='bbox 627 2913 834 2978; x_wconf 90' lang='lat' dir='ltr'><strong>retulit,</strong></span> <span class='ocrx_word' id='word_1_335' title='bbox 865 2913 1143 2989; x_wconf 88' lang='lat' dir='ltr'><strong>Deumque</strong></span> <span class='ocrx_word' id='word_1_336' title='bbox 1167 2918 1220 2972; x_wconf 90' lang='lat' dir='ltr'><strong>in</strong></span> <span class='ocrx_word' id='word_1_337' title='bbox 1252 2919 1341 2974; x_wconf 90' lang='lat' dir='ltr'><strong>illo</strong></span> <span class='ocrx_word' id='word_1_338' title='bbox 1369 2920 1708 2992; x_wconf 84' lang='lat' dir='ltr'><strong>glorilicavit.</strong></span> 
     </span>
    </p>
   </div>
   <div class='ocr_carea' id='block_1_47' title="bbox 336 3001 1852 3076">
    <p class='ocr_par' dir='ltr' id='par_1_47' title="bbox 336 3001 1852 3076">
     <span class='ocr_line' id='line_1_47' title="bbox 336 3001 1852 3076; baseline 0.009 -20"><span class='ocrx_word' id='word_1_339' title='bbox 336 3001 433 3060; x_wconf 70' lang='lat'><strong>20.</strong></span> <span class='ocrx_word' id='word_1_340' title='bbox 471 3002 763 3060; x_wconf 81' lang='lat' dir='ltr'><strong>Henricum</strong></span> <span class='ocrx_word' id='word_1_341' title='bbox 802 3007 1165 3076; x_wconf 83' lang='lat' dir='ltr'><strong>imperatorem</strong></span> <span class='ocrx_word' id='word_1_342' title='bbox 1211 3011 1309 3064; x_wconf 84' lang='lat' dir='ltr'><strong>sibi</strong></span> <span class='ocrx_word' id='word_1_343' title='bbox 1353 3013 1616 3067; x_wconf 84' lang='lat' dir='ltr'><strong>conciliat.</strong></span> <span class='ocrx_word' id='word_1_344' title='bbox 1648 3043 1719 3055; x_wconf 89' lang='lat'><strong>--</strong></span> <span class='ocrx_word' id='word_1_345' title='bbox 1747 3013 1852 3070; x_wconf 88' lang='lat' dir='ltr'><strong>Sed</strong></span> 
     </span>
    </p>
   </div>
   <div class='ocr_carea' id='block_1_48' title="bbox 1953 1816 3549 1890">
    <p class='ocr_par' dir='ltr' id='par_1_48' title="bbox 1953 1816 3549 1890">
     <span class='ocr_line' id='line_1_48' title="bbox 1953 1816 3549 1890; baseline -0.001 -17"><span class='ocrx_word' id='word_1_346' title='bbox 1953 1818 2070 1890; x_wconf 85' lang='lat' dir='ltr'><strong>Ego</strong></span> <span class='ocrx_word' id='word_1_347' title='bbox 2095 1858 2112 1886; x_wconf 93' lang='lat'><strong>,</strong></span> <span class='ocrx_word' id='word_1_348' title='bbox 2167 1818 2418 1889; x_wconf 85' lang='lat' dir='ltr'><strong>inquiens</strong></span> <span class='ocrx_word' id='word_1_349' title='bbox 2444 1857 2461 1885; x_wconf 88' lang='lat'><strong>,</strong></span> <span class='ocrx_word' id='word_1_350' title='bbox 2503 1833 2568 1871; x_wconf 76' lang='lat' dir='ltr'><strong>ex</strong></span> <span class='ocrx_word' id='word_1_351' title='bbox 2619 1816 2728 1870; x_wconf 89' lang='lat' dir='ltr'><strong>ullo</strong></span> <span class='ocrx_word' id='word_1_352' title='bbox 2773 1817 3040 1871; x_wconf 79' lang='lat' dir='ltr'><strong>hominum</strong></span> <span class='ocrx_word' id='word_1_353' title='bbox 3088 1819 3258 1888; x_wconf 85' lang='lat' dir='ltr'><strong>gradu</strong></span> <span class='ocrx_word' id='word_1_354' title='bbox 3297 1831 3402 1872; x_wconf 88' lang='lat' dir='ltr'><strong>non</strong></span> <span class='ocrx_word' id='word_1_355' title='bbox 3438 1829 3549 1872; x_wconf 88' lang='lat' dir='ltr'><strong>tant</strong></span> 
     </span>
    </p>
   </div>
   <div class='ocr_carea' id='block_1_49' title="bbox 1951 1907 3546 1981">
    <p class='ocr_par' dir='ltr' id='par_1_49' title="bbox 1951 1907 3546 1981">
     <span class='ocr_line' id='line_1_49' title="bbox 1951 1907 3546 1981; baseline -0.001 -18"><span class='ocrx_word' id='word_1_356' title='bbox 1951 1909 2297 1981; x_wconf 86' lang='lat' dir='ltr'><strong>paucissimos</strong></span> <span class='ocrx_word' id='word_1_357' title='bbox 2333 1907 2506 1962; x_wconf 80' lang='lat' dir='ltr'><strong>salvos</strong></span> <span class='ocrx_word' id='word_1_358' title='bbox 2537 1907 2746 1976; x_wconf 77' lang='lat' dir='ltr'><strong>futuros</strong></span> <span class='ocrx_word' id='word_1_359' title='bbox 2775 1908 2976 1961; x_wconf 76' lang='lat' dir='ltr'><strong>wstimo</strong></span> <span class='ocrx_word' id='word_1_360' title='bbox 2999 1946 3015 1972; x_wconf 96' lang='lat'><strong>,</strong></span> <span class='ocrx_word' id='word_1_361' title='bbox 3064 1908 3200 1961; x_wconf 86' lang='lat' dir='ltr'><strong>sicut</strong></span> <span class='ocrx_word' id='word_1_362' title='bbox 3243 1907 3308 1961; x_wconf 90' lang='lat' dir='ltr'><strong>de</strong></span> <span class='ocrx_word' id='word_1_363' title='bbox 3345 1923 3546 1979; x_wconf 88' lang='lat' dir='ltr'><strong>regum.</strong></span> 
     </span>
    </p>
   </div>
   <div class='ocr_carea' id='block_1_50' title="bbox 1951 1998 3545 2069">
    <p class='ocr_par' dir='ltr' id='par_1_50' title="bbox 1951 1998 3545 2069">
     <span class='ocr_line' id='line_1_50' title="bbox 1951 1998 3545 2069; baseline -0.001 -14"><span class='ocrx_word' id='word_1_364' title='bbox 1951 2000 2054 2069; x_wconf 87' lang='lat' dir='ltr'><strong>Qui</strong></span> <span class='ocrx_word' id='word_1_365' title='bbox 2103 2015 2229 2055; x_wconf 89' lang='lat' dir='ltr'><strong>cum</strong></span> <span class='ocrx_word' id='word_1_366' title='bbox 2273 1998 2488 2053; x_wconf 88' lang='lat' dir='ltr'><strong>attoniti</strong></span> <span class='ocrx_word' id='word_1_367' title='bbox 2542 1999 2935 2069; x_wconf 89' lang='lat' dir='ltr'><strong>responderent</strong></span> <span class='ocrx_word' id='word_1_368' title='bbox 2984 2012 3000 2052; x_wconf 91' lang='lat'><strong>:</strong></span> <span class='ocrx_word' id='word_1_369' title='bbox 3059 1998 3200 2064; x_wconf 84' lang='lat' dir='ltr'><strong>Quid</strong></span> <span class='ocrx_word' id='word_1_370' title='bbox 3249 1999 3346 2052; x_wconf 78' lang='lat' dir='ltr'><strong>hoc</strong></span> <span class='ocrx_word' id='word_1_371' title='bbox 3391 1999 3545 2063; x_wconf 87' lang='lat' dir='ltr'><strong>dicis,</strong></span> 
     </span>
    </p>
   </div>
   <div class='ocr_carea' id='block_1_51' title="bbox 1953 2089 3548 2162">
    <p class='ocr_par' dir='ltr' id='par_1_51' title="bbox 1953 2089 3548 2162">
     <span class='ocr_line' id='line_1_51' title="bbox 1953 2089 3548 2162; baseline -0.003 -15"><span class='ocrx_word' id='word_1_372' title='bbox 1953 2091 2119 2147; x_wconf 89' lang='lat' dir='ltr'><strong>Pater</strong></span> <span class='ocrx_word' id='word_1_373' title='bbox 2143 2092 2169 2144; x_wconf 75' lang='lat' dir='ltr'><strong>l’</strong></span> <span class='ocrx_word' id='word_1_374' title='bbox 2221 2089 2520 2162; x_wconf 79' lang='lat' dir='ltr'><strong>Respondit</strong></span> <span class='ocrx_word' id='word_1_375' title='bbox 2558 2107 2575 2145; x_wconf 89' lang='lat'><strong>:</strong></span> <span class='ocrx_word' id='word_1_376' title='bbox 2617 2089 2741 2144; x_wconf 86' lang='lat' dir='ltr'><strong>Non</strong></span> <span class='ocrx_word' id='word_1_377' title='bbox 2778 2089 3024 2155; x_wconf 87' lang='lat' dir='ltr'><strong>audistis,</strong></span> <span class='ocrx_word' id='word_1_378' title='bbox 3053 2090 3250 2160; x_wconf 85' lang='lat' dir='ltr'><strong>inquit,</strong></span> <span class='ocrx_word' id='word_1_379' title='bbox 3283 2106 3431 2145; x_wconf 87' lang='lat' dir='ltr'><strong>sacer</strong></span> <span class='ocrx_word' id='word_1_380' title='bbox 3457 2107 3548 2144; x_wconf 90' lang='lat' dir='ltr'><strong>ca-</strong></span> 
     </span>
    </p>
   </div>
   <div class='ocr_carea' id='block_1_52' title="bbox 1952 2180 3547 2250">
    <p class='ocr_par' dir='ltr' id='par_1_52' title="bbox 1952 2180 3547 2250">
     <span class='ocr_line' id='line_1_52' title="bbox 1952 2180 3547 2250; baseline -0.001 -15"><span class='ocrx_word' id='word_1_381' title='bbox 1952 2198 2058 2235; x_wconf 88' lang='lat' dir='ltr'><strong>non</strong></span> <span class='ocrx_word' id='word_1_382' title='bbox 2086 2182 2347 2250; x_wconf 87' lang='lat' dir='ltr'><strong>quomodo</strong></span> <span class='ocrx_word' id='word_1_383' title='bbox 2375 2182 2555 2250; x_wconf 79' lang='lat' dir='ltr'><strong>refert,</strong></span> <span class='ocrx_word' id='word_1_384' title='bbox 2577 2180 2664 2233; x_wconf 70' lang='lat' dir='ltr'><strong>vix</strong></span> <span class='ocrx_word' id='word_1_385' title='bbox 2690 2190 2792 2233; x_wconf 90' lang='lat' dir='ltr'><strong>tres</strong></span> <span class='ocrx_word' id='word_1_386' title='bbox 2819 2180 3116 2250; x_wconf 89' lang='lat' dir='ltr'><strong>detriginta</strong></span> <span class='ocrx_word' id='word_1_387' title='bbox 3150 2180 3354 2249; x_wconf 86' lang='lat' dir='ltr'><strong>regibus</strong></span> <span class='ocrx_word' id='word_1_388' title='bbox 3385 2181 3547 2234; x_wconf 85' lang='lat' dir='ltr'><strong>bonos</strong></span> 
     </span>
    </p>
   </div>
   <div class='ocr_carea' id='block_1_53' title="bbox 1949 2272 3546 2342">
    <p class='ocr_par' dir='ltr' id='par_1_53' title="bbox 1949 2272 3546 2342">
     <span class='ocr_line' id='line_1_53' title="bbox 1949 2272 3546 2342; baseline -0.002 -14"><span class='ocrx_word' id='word_1_389' title='bbox 1949 2275 2258 2328; x_wconf 75' lang='lat' dir='ltr'><strong>exstitisse?</strong></span> <span class='ocrx_word' id='word_1_390' title='bbox 2305 2273 2516 2327; x_wconf 80' lang='lat' dir='ltr'><strong>Idcirco</strong></span> <span class='ocrx_word' id='word_1_391' title='bbox 2573 2282 2768 2326; x_wconf 82' lang='lat' dir='ltr'><strong>cessate</strong></span> <span class='ocrx_word' id='word_1_392' title='bbox 2794 2312 2810 2338; x_wconf 90' lang='lat'><strong>,</strong></span> <span class='ocrx_word' id='word_1_393' title='bbox 2852 2288 3028 2342; x_wconf 71' lang='lat' dir='ltr'><strong>qua’so</strong></span> <span class='ocrx_word' id='word_1_394' title='bbox 3053 2311 3068 2336; x_wconf 96' lang='lat'><strong>,</strong></span> <span class='ocrx_word' id='word_1_395' title='bbox 3111 2272 3252 2325; x_wconf 85' lang='lat' dir='ltr'><strong>hunc</strong></span> <span class='ocrx_word' id='word_1_396' title='bbox 3295 2272 3546 2342; x_wconf 83' lang='lat' dir='ltr'><strong>juvenem</strong></span> 
     </span>
    </p>
   </div>
   <div class='ocr_carea' id='block_1_54' title="bbox 1951 2363 3546 2436">
    <p class='ocr_par' dir='ltr' id='par_1_54' title="bbox 1951 2363 3546 2436">
     <span class='ocr_line' id='line_1_54' title="bbox 1951 2363 3546 2436; baseline -0.002 -17"><span class='ocrx_word' id='word_1_397' title='bbox 1951 2367 2079 2436; x_wconf 79' lang='lat' dir='ltr'><strong>ﬂere</strong></span> <span class='ocrx_word' id='word_1_398' title='bbox 2117 2376 2410 2430; x_wconf 89' lang='lat' dir='ltr'><strong>mortuum,</strong></span> <span class='ocrx_word' id='word_1_399' title='bbox 2447 2364 2538 2418; x_wconf 86' lang='lat' dir='ltr'><strong>sed</strong></span> <span class='ocrx_word' id='word_1_400' title='bbox 2571 2363 2744 2433; x_wconf 82' lang='lat' dir='ltr'><strong>potius</strong></span> <span class='ocrx_word' id='word_1_401' title='bbox 2792 2363 3232 2434; x_wconf 84' lang='lat' dir='ltr'><strong>congratulamini</strong></span> <span class='ocrx_word' id='word_1_402' title='bbox 3271 2365 3350 2429; x_wconf 85' lang='lat' dir='ltr'><strong>ei,</strong></span> <span class='ocrx_word' id='word_1_403' title='bbox 3389 2365 3546 2416; x_wconf 89' lang='lat' dir='ltr'><strong>sicuti</strong></span> 
     </span>
    </p>
   </div>
   <div class='ocr_carea' id='block_1_55' title="bbox 1953 2449 3546 2527">
    <p class='ocr_par' dir='ltr' id='par_1_55' title="bbox 1953 2449 3546 2527">
     <span class='ocr_line' id='line_1_55' title="bbox 1953 2449 3546 2527; baseline -0.001 -17"><span class='ocrx_word' id='word_1_404' title='bbox 1953 2457 2150 2527; x_wconf 81' lang='lat' dir='ltr'><strong>requiei</strong></span> <span class='ocrx_word' id='word_1_405' title='bbox 2190 2457 2373 2510; x_wconf 87' lang='lat' dir='ltr'><strong>datum</strong></span> <span class='ocrx_word' id='word_1_406' title='bbox 2414 2465 2462 2509; x_wconf 90' lang='lat' dir='ltr'><strong>et</strong></span> <span class='ocrx_word' id='word_1_407' title='bbox 2496 2472 2528 2509; x_wconf 90' lang='lat' dir='ltr'><strong>a</strong></span> <span class='ocrx_word' id='word_1_408' title='bbox 2576 2453 2730 2507; x_wconf 89' lang='lat' dir='ltr'><strong>malis</strong></span> <span class='ocrx_word' id='word_1_409' title='bbox 2777 2449 3075 2507; x_wconf 40' lang='lat' dir='ltr'><strong>lib-erutum.</strong></span> <span class='ocrx_word' id='word_1_410' title='bbox 3125 2453 3221 2510; x_wconf 83' lang='lat' dir='ltr'><strong>His</strong></span> <span class='ocrx_word' id='word_1_411' title='bbox 3271 2453 3429 2508; x_wconf 89' lang='lat' dir='ltr'><strong>dictis</strong></span> <span class='ocrx_word' id='word_1_412' title='bbox 3467 2453 3546 2508; x_wconf 83' lang='lat' dir='ltr'><strong>ita</strong></span> 
     </span>
    </p>
   </div>
   <div class='ocr_carea' id='block_1_56' title="bbox 1954 2545 3544 2618">
    <p class='ocr_par' dir='ltr' id='par_1_56' title="bbox 1954 2545 3544 2618">
     <span class='ocr_line' id='line_1_56' title="bbox 1954 2545 3544 2618; baseline -0.004 -14"><span class='ocrx_word' id='word_1_413' title='bbox 1954 2549 2238 2604; x_wconf 90' lang='lat' dir='ltr'><strong>consolans</strong></span> <span class='ocrx_word' id='word_1_414' title='bbox 2268 2549 2386 2603; x_wconf 90' lang='lat' dir='ltr'><strong>illos</strong></span> <span class='ocrx_word' id='word_1_415' title='bbox 2412 2547 2706 2618; x_wconf 85' lang='lat' dir='ltr'><strong>placabiles</strong></span> <span class='ocrx_word' id='word_1_416' title='bbox 2743 2545 2907 2611; x_wconf 87' lang='lat' dir='ltr'><strong>fecit,</strong></span> <span class='ocrx_word' id='word_1_417' title='bbox 2963 2555 3020 2599; x_wconf 91' lang='lat' dir='ltr'><strong>ut</strong></span> <span class='ocrx_word' id='word_1_418' title='bbox 3063 2546 3378 2600; x_wconf 75' lang='lat' dir='ltr'><strong>viderentur</strong></span> <span class='ocrx_word' id='word_1_419' title='bbox 3433 2560 3544 2600; x_wconf 91' lang='lat' dir='ltr'><strong>non</strong></span> 
     </span>
    </p>
   </div>
   <div class='ocr_carea' id='block_1_57' title="bbox 1953 2637 3546 2711">
    <p class='ocr_par' dir='ltr' id='par_1_57' title="bbox 1953 2637 3546 2711">
     <span class='ocr_line' id='line_1_57' title="bbox 1953 2637 3546 2711; baseline -0.002 -15"><span class='ocrx_word' id='word_1_420' title='bbox 1953 2641 2153 2696; x_wconf 86' lang='lat' dir='ltr'><strong>habere</strong></span> <span class='ocrx_word' id='word_1_421' title='bbox 2181 2641 2324 2711; x_wconf 91' lang='lat' dir='ltr'><strong>quod</strong></span> <span class='ocrx_word' id='word_1_422' title='bbox 2357 2641 2694 2711; x_wconf 86' lang='lat' dir='ltr'><strong>plangereut,</strong></span> <span class='ocrx_word' id='word_1_423' title='bbox 2727 2647 2780 2694; x_wconf 91' lang='lat' dir='ltr'><strong>et</strong></span> <span class='ocrx_word' id='word_1_424' title='bbox 2810 2640 2977 2694; x_wconf 90' lang='lat' dir='ltr'><strong>Deum</strong></span> <span class='ocrx_word' id='word_1_425' title='bbox 3020 2638 3266 2694; x_wconf 89' lang='lat' dir='ltr'><strong>dicerent</strong></span> <span class='ocrx_word' id='word_1_426' title='bbox 3295 2637 3546 2694; x_wconf 85' lang='lat' dir='ltr'><strong>visitasse</strong></span> 
     </span>
    </p>
   </div>
   <div class='ocr_carea' id='block_1_58' title="bbox 1955 2731 2710 2803">
    <p class='ocr_par' dir='ltr' id='par_1_58' title="bbox 1955 2731 2710 2803">
     <span class='ocr_line' id='line_1_58' title="bbox 1955 2731 2710 2803; baseline -0.003 -16"><span class='ocrx_word' id='word_1_427' title='bbox 1955 2731 2074 2787; x_wconf 89' lang='lat' dir='ltr'><strong>illos</strong></span> <span class='ocrx_word' id='word_1_428' title='bbox 2103 2748 2197 2803; x_wconf 91' lang='lat' dir='ltr'><strong>per</strong></span> <span class='ocrx_word' id='word_1_429' title='bbox 2225 2744 2474 2788; x_wconf 85' lang='lat' dir='ltr'><strong>sanctum</strong></span> <span class='ocrx_word' id='word_1_430' title='bbox 2509 2733 2710 2786; x_wconf 90' lang='lat' dir='ltr'><strong>virum.</strong></span> 
     </span>
    </p>
   </div>
   <div class='ocr_carea' id='block_1_59' title="bbox 2021 2821 3540 2893">
    <p class='ocr_par' dir='ltr' id='par_1_59' title="bbox 2021 2821 3540 2893">
     <span class='ocr_line' id='line_1_59' title="bbox 2021 2821 3540 2893; baseline -0.002 -15"><span class='ocrx_word' id='word_1_431' title='bbox 2021 2825 2112 2878; x_wconf 68' lang='lat'><strong>9.2.</strong></span> <span class='ocrx_word' id='word_1_432' title='bbox 2155 2823 2490 2877; x_wconf 81' lang='lat' dir='ltr'><strong>Hermannus</strong></span> <span class='ocrx_word' id='word_1_433' title='bbox 2511 2825 2669 2893; x_wconf 86' lang='lat' dir='ltr'><strong>episc.</strong></span> <span class='ocrx_word' id='word_1_434' title='bbox 2696 2823 2980 2879; x_wconf 84' lang='lat' dir='ltr'><strong>monachos</strong></span> <span class='ocrx_word' id='word_1_435' title='bbox 3005 2821 3356 2893; x_wconf 85' lang='lat' dir='ltr'><strong>persequitur,</strong></span> <span class='ocrx_word' id='word_1_436' title='bbox 3382 2821 3540 2892; x_wconf 89' lang='lat' dir='ltr'><strong>perit.</strong></span> 
     </span>
    </p>
   </div>
   <div class='ocr_carea' id='block_1_60' title="bbox 1953 2907 3548 2984">
    <p class='ocr_par' dir='ltr' id='par_1_60' title="bbox 1953 2907 3548 2984">
     <span class='ocr_line' id='line_1_60' title="bbox 1953 2907 3548 2984; baseline -0.001 -17"><span class='ocrx_word' id='word_1_437' title='bbox 1953 2945 2024 2955; x_wconf 94' lang='lat'><strong>—</strong></span> <span class='ocrx_word' id='word_1_438' title='bbox 2049 2907 2417 2982; x_wconf 79' lang='lat' dir='ltr'><strong>Quorumdam</strong></span> <span class='ocrx_word' id='word_1_439' title='bbox 2459 2916 2660 2969; x_wconf 89' lang='lat' dir='ltr'><strong>etenim</strong></span> <span class='ocrx_word' id='word_1_440' title='bbox 2703 2915 2922 2969; x_wconf 90' lang='lat' dir='ltr'><strong>nomina</strong></span> <span class='ocrx_word' id='word_1_441' title='bbox 2952 2915 3246 2983; x_wconf 87' lang='lat' dir='ltr'><strong>aliquando</strong></span> <span class='ocrx_word' id='word_1_442' title='bbox 3277 2913 3548 2984; x_wconf 80' lang='lat' dir='ltr'><strong>interpre-</strong></span> 
     </span>
    </p>
   </div>
   <div class='ocr_carea' id='block_1_61' title="bbox 1957 3005 3544 3075">
    <p class='ocr_par' dir='ltr' id='par_1_61' title="bbox 1957 3005 3544 3075">
     <span class='ocr_line' id='line_1_61' title="bbox 1957 3005 3544 3075; baseline -0.004 -13"><span class='ocrx_word' id='word_1_443' title='bbox 1957 3007 2195 3073; x_wconf 89' lang='lat' dir='ltr'><strong>tabatur,</strong></span> <span class='ocrx_word' id='word_1_444' title='bbox 2234 3007 2349 3061; x_wconf 85' lang='lat' dir='ltr'><strong>sive</strong></span> <span class='ocrx_word' id='word_1_445' title='bbox 2393 3006 2460 3060; x_wconf 90' lang='lat' dir='ltr'><strong>ad</strong></span> <span class='ocrx_word' id='word_1_446' title='bbox 2501 3006 2828 3075; x_wconf 86' lang='lat' dir='ltr'><strong>profectum,</strong></span> <span class='ocrx_word' id='word_1_447' title='bbox 2881 3006 2995 3060; x_wconf 84' lang='lat' dir='ltr'><strong>sive</strong></span> <span class='ocrx_word' id='word_1_448' title='bbox 3038 3007 3105 3059; x_wconf 91' lang='lat' dir='ltr'><strong>ad</strong></span> <span class='ocrx_word' id='word_1_449' title='bbox 3153 3005 3544 3059; x_wconf 89' lang='lat' dir='ltr'><strong>detrimentum</strong></span> 
     </span>
    </p>
   </div>
   <div class='ocr_carea' id='block_1_62' title="bbox 263 3090 3546 3168">
    <p class='ocr_par' dir='ltr' id='par_1_62' title="bbox 263 3090 3546 3168">
     <span class='ocr_line' id='line_1_62' title="bbox 263 3090 3546 3168; baseline 0.001 -22"><span class='ocrx_word' id='word_1_450' title='bbox 263 3099 323 3146; x_wconf 87' lang='lat' dir='ltr'><strong>et</strong></span> <span class='ocrx_word' id='word_1_451' title='bbox 346 3090 478 3146; x_wconf 85' lang='lat' dir='ltr'><strong>illud</strong></span> <span class='ocrx_word' id='word_1_452' title='bbox 506 3092 740 3162; x_wconf 88' lang='lat' dir='ltr'><strong>denique</strong></span> <span class='ocrx_word' id='word_1_453' title='bbox 767 3093 818 3147; x_wconf 91' lang='lat' dir='ltr'><strong>in</strong></span> <span class='ocrx_word' id='word_1_454' title='bbox 847 3095 1034 3150; x_wconf 89' lang='lat' dir='ltr'><strong>eodem</strong></span> <span class='ocrx_word' id='word_1_455' title='bbox 1068 3095 1229 3152; x_wconf 85' lang='lat' dir='ltr'><strong>Patre</strong></span> <span class='ocrx_word' id='word_1_456' title='bbox 1258 3095 1361 3151; x_wconf 91' lang='lat' dir='ltr'><strong>fuit</strong></span> <span class='ocrx_word' id='word_1_457' title='bbox 1387 3099 1539 3153; x_wconf 85' lang='lat' dir='ltr'><strong>valde</strong></span> <span class='ocrx_word' id='word_1_458' title='bbox 1580 3115 1852 3156; x_wconf 87' lang='lat' dir='ltr'><strong>memora-</strong></span> <span class='ocrx_word' id='word_1_459' title='bbox 1880 3097 1929 3157; x_wconf 67' lang='grc' dir='ltr'>(ι</span> <span class='ocrx_word' id='word_1_460' title='bbox 1960 3097 2368 3168; x_wconf 86' lang='lat' dir='ltr'><strong>ipsorum.Cum</strong></span> <span class='ocrx_word' id='word_1_461' title='bbox 2393 3098 2558 3168; x_wconf 83' lang='lat' dir='ltr'><strong>igitur</strong></span> <span class='ocrx_word' id='word_1_462' title='bbox 2578 3107 2700 3167; x_wconf 86' lang='lat' dir='ltr'><strong>post</strong></span> <span class='ocrx_word' id='word_1_463' title='bbox 2723 3106 2952 3151; x_wconf 89' lang='lat' dir='ltr'><strong>mortem</strong></span> <span class='ocrx_word' id='word_1_464' title='bbox 2977 3095 3245 3150; x_wconf 77' lang='lat' dir='ltr'><strong>Bertoaltii</strong></span> <span class='ocrx_word' id='word_1_465' title='bbox 3271 3094 3546 3150; x_wconf 84' lang='lat' dir='ltr'><strong>Tullensis</strong></span> 
     </span>
    </p>
   </div>
   <div class='ocr_carea' id='block_1_63' title="bbox 265 3181 1850 3253">
    <p class='ocr_par' dir='ltr' id='par_1_63' title="bbox 265 3181 1850 3253">
     <span class='ocr_line' id='line_1_63' title="bbox 265 3181 1850 3253; baseline 0.007 -16"><span class='ocrx_word' id='word_1_466' title='bbox 265 3181 403 3247; x_wconf 87' lang='lat' dir='ltr'><strong>bile,</strong></span> <span class='ocrx_word' id='word_1_467' title='bbox 426 3182 568 3253; x_wconf 90' lang='lat' dir='ltr'><strong>quod</strong></span> <span class='ocrx_word' id='word_1_468' title='bbox 598 3182 754 3237; x_wconf 92' lang='lat' dir='ltr'><strong>multi</strong></span> <span class='ocrx_word' id='word_1_469' title='bbox 785 3192 895 3239; x_wconf 91' lang='lat' dir='ltr'><strong>tum</strong></span> <span class='ocrx_word' id='word_1_470' title='bbox 931 3187 1094 3241; x_wconf 89' lang='lat' dir='ltr'><strong>etiam</strong></span> <span class='ocrx_word' id='word_1_471' title='bbox 1121 3188 1329 3243; x_wconf 88' lang='lat' dir='ltr'><strong>nobiles</strong></span> <span class='ocrx_word' id='word_1_472' title='bbox 1354 3191 1634 3246; x_wconf 87' lang='lat' dir='ltr'><strong>venenatis</strong></span> <span class='ocrx_word' id='word_1_473' title='bbox 1665 3191 1850 3248; x_wconf 90' lang='lat' dir='ltr'><strong>infecti</strong></span> 
     </span>
    </p>
   </div>
   <div class='ocr_carea' id='block_1_64' title="bbox 267 3273 1853 3338">
    <p class='ocr_par' dir='ltr' id='par_1_64' title="bbox 267 3273 1853 3338">
     <span class='ocr_line' id='line_1_64' title="bbox 267 3273 1853 3338; baseline 0.007 -11"><span class='ocrx_word' id='word_1_474' title='bbox 267 3273 453 3328; x_wconf 84' lang='lat' dir='ltr'><strong>verbis</strong></span> <span class='ocrx_word' id='word_1_475' title='bbox 489 3274 773 3337; x_wconf 88' lang='lat' dir='ltr'><strong>malorum,</strong></span> <span class='ocrx_word' id='word_1_476' title='bbox 809 3275 936 3332; x_wconf 91' lang='lat' dir='ltr'><strong>dum</strong></span> <span class='ocrx_word' id='word_1_477' title='bbox 989 3278 1249 3335; x_wconf 88' lang='lat' dir='ltr'><strong>adversus</strong></span> <span class='ocrx_word' id='word_1_478' title='bbox 1296 3281 1447 3336; x_wconf 89' lang='lat' dir='ltr'><strong>illum</strong></span> <span class='ocrx_word' id='word_1_479' title='bbox 1497 3284 1853 3338; x_wconf 85' lang='lat' dir='ltr'><strong>contumelia-</strong></span> 
     </span>
    </p>
   </div>
   <div class='ocr_carea' id='block_1_65' title="bbox 267 3365 1853 3442">
    <p class='ocr_par' dir='ltr' id='par_1_65' title="bbox 267 3365 1853 3442">
     <span class='ocr_line' id='line_1_65' title="bbox 267 3365 1853 3442; baseline 0.008 -25"><span class='ocrx_word' id='word_1_480' title='bbox 267 3377 395 3418; x_wconf 87' lang='lat' dir='ltr'><strong>rum</strong></span> <span class='ocrx_word' id='word_1_481' title='bbox 423 3365 584 3419; x_wconf 83' lang='lat' dir='ltr'><strong>verba</strong></span> <span class='ocrx_word' id='word_1_482' title='bbox 616 3365 846 3420; x_wconf 90' lang='lat' dir='ltr'><strong>dicenda</strong></span> <span class='ocrx_word' id='word_1_483' title='bbox 881 3369 1274 3438; x_wconf 89' lang='lat' dir='ltr'><strong>concepissent,</strong></span> <span class='ocrx_word' id='word_1_484' title='bbox 1307 3384 1399 3425; x_wconf 91' lang='lat' dir='ltr'><strong>seu</strong></span> <span class='ocrx_word' id='word_1_485' title='bbox 1428 3371 1606 3442; x_wconf 83' lang='lat' dir='ltr'><strong>jurgia</strong></span> <span class='ocrx_word' id='word_1_486' title='bbox 1635 3372 1853 3430; x_wconf 91' lang='lat' dir='ltr'><strong>ultionis</strong></span> 
     </span>
    </p>
   </div>
   <div class='ocr_carea' id='block_1_66' title="bbox 270 3456 1853 3531">
    <p class='ocr_par' dir='ltr' id='par_1_66' title="bbox 270 3456 1853 3531">
     <span class='ocr_line' id='line_1_66' title="bbox 270 3456 1853 3531; baseline 0.006 -19"><span class='ocrx_word' id='word_1_487' title='bbox 270 3456 397 3513; x_wconf 82' lang='lat' dir='ltr'><strong>vice</strong></span> <span class='ocrx_word' id='word_1_488' title='bbox 443 3456 769 3524; x_wconf 90' lang='lat' dir='ltr'><strong>referenda,</strong></span> <span class='ocrx_word' id='word_1_489' title='bbox 816 3468 876 3514; x_wconf 88' lang='lat' dir='ltr'><strong>ut</strong></span> <span class='ocrx_word' id='word_1_490' title='bbox 921 3461 989 3515; x_wconf 89' lang='lat' dir='ltr'><strong>ad</strong></span> <span class='ocrx_word' id='word_1_491' title='bbox 1041 3471 1393 3531; x_wconf 81' lang='lat' dir='ltr'><strong>conspectum</strong></span> <span class='ocrx_word' id='word_1_492' title='bbox 1440 3464 1583 3521; x_wconf 90' lang='lat' dir='ltr'><strong>illius</strong></span> <span class='ocrx_word' id='word_1_493' title='bbox 1632 3477 1853 3521; x_wconf 77' lang='lat' dir='ltr'><strong>ventum</strong></span> 
     </span>
    </p>
   </div>
   <div class='ocr_carea' id='block_1_67' title="bbox 268 3549 1854 3626">
    <p class='ocr_par' dir='ltr' id='par_1_67' title="bbox 268 3549 1854 3626">
     <span class='ocr_line' id='line_1_67' title="bbox 268 3549 1854 3626; baseline 0.007 -22"><span class='ocrx_word' id='word_1_494' title='bbox 268 3549 484 3616; x_wconf 78' lang='lat' dir='ltr'><strong>fuisset,</strong></span> <span class='ocrx_word' id='word_1_495' title='bbox 513 3552 698 3607; x_wconf 89' lang='lat' dir='ltr'><strong>statim</strong></span> <span class='ocrx_word' id='word_1_496' title='bbox 749 3553 1089 3609; x_wconf 90' lang='lat' dir='ltr'><strong>mirabantur</strong></span> <span class='ocrx_word' id='word_1_497' title='bbox 1117 3564 1291 3610; x_wconf 89' lang='lat' dir='ltr'><strong>semet</strong></span> <span class='ocrx_word' id='word_1_498' title='bbox 1319 3557 1386 3611; x_wconf 90' lang='lat' dir='ltr'><strong>ab</strong></span> <span class='ocrx_word' id='word_1_499' title='bbox 1415 3557 1500 3612; x_wconf 88' lang='lat' dir='ltr'><strong>his</strong></span> <span class='ocrx_word' id='word_1_500' title='bbox 1529 3573 1648 3626; x_wconf 75' lang='lat' dir='ltr'><strong>qua:</strong></span> <span class='ocrx_word' id='word_1_501' title='bbox 1684 3559 1854 3615; x_wconf 87' lang='lat' dir='ltr'><strong>inten-</strong></span> 
     </span>
    </p>
   </div>
   <div class='ocr_carea' id='block_1_68' title="bbox 267 3641 1847 3718">
    <p class='ocr_par' dir='ltr' id='par_1_68' title="bbox 267 3641 1847 3718">
     <span class='ocr_line' id='line_1_68' title="bbox 267 3641 1847 3718; baseline 0.006 -22"><span class='ocrx_word' id='word_1_502' title='bbox 267 3641 466 3696; x_wconf 82' lang='lat' dir='ltr'><strong>derant</strong></span> <span class='ocrx_word' id='word_1_503' title='bbox 491 3642 823 3713; x_wconf 79' lang='lat' dir='ltr'><strong>exprimere,</strong></span> <span class='ocrx_word' id='word_1_504' title='bbox 851 3643 1116 3699; x_wconf 88' lang='lat' dir='ltr'><strong>alienatos</strong></span> <span class='ocrx_word' id='word_1_505' title='bbox 1141 3644 1341 3710; x_wconf 85' lang='lat' dir='ltr'><strong>fuisse;</strong></span> <span class='ocrx_word' id='word_1_506' title='bbox 1371 3649 1676 3718; x_wconf 86' lang='lat' dir='ltr'><strong>amissaque</strong></span> <span class='ocrx_word' id='word_1_507' title='bbox 1705 3649 1847 3706; x_wconf 86' lang='lat' dir='ltr'><strong>fero-</strong></span> 
     </span>
    </p>
   </div>
   <div class='ocr_carea' id='block_1_69' title="bbox 265 3731 1856 3810">
    <p class='ocr_par' dir='ltr' id='par_1_69' title="bbox 265 3731 1856 3810">
     <span class='ocr_line' id='line_1_69' title="bbox 265 3731 1856 3810; baseline 0.006 -22"><span class='ocrx_word' id='word_1_508' title='bbox 265 3731 439 3788; x_wconf 79' lang='lat' dir='ltr'><strong>citate</strong></span> <span class='ocrx_word' id='word_1_509' title='bbox 467 3733 544 3787; x_wconf 88' lang='lat' dir='ltr'><strong>rei</strong></span> <span class='ocrx_word' id='word_1_510' title='bbox 573 3733 883 3803; x_wconf 52' lang='lat' dir='ltr'><strong>praeteritae,</strong></span> <span class='ocrx_word' id='word_1_511' title='bbox 912 3735 1170 3805; x_wconf 88' lang='lat' dir='ltr'><strong>quidquid</strong></span> <span class='ocrx_word' id='word_1_512' title='bbox 1216 3737 1268 3792; x_wconf 92' lang='lat' dir='ltr'><strong>id</strong></span> <span class='ocrx_word' id='word_1_513' title='bbox 1297 3748 1438 3803; x_wconf 88' lang='lat' dir='ltr'><strong>erat,</strong></span> <span class='ocrx_word' id='word_1_514' title='bbox 1470 3748 1637 3794; x_wconf 89' lang='lat' dir='ltr'><strong>totum</strong></span> <span class='ocrx_word' id='word_1_515' title='bbox 1670 3755 1856 3810; x_wconf 84' lang='lat' dir='ltr'><strong>proce-</strong></span> 
     </span>
    </p>
   </div>
   <div class='ocr_carea' id='block_1_70' title="bbox 269 3821 1854 3901">
    <p class='ocr_par' dir='ltr' id='par_1_70' title="bbox 269 3821 1854 3901">
     <span class='ocr_line' id='line_1_70' title="bbox 269 3821 1854 3901; baseline 0.006 -25"><span class='ocrx_word' id='word_1_516' title='bbox 269 3821 439 3877; x_wconf 87' lang='lat' dir='ltr'><strong>debat</strong></span> <span class='ocrx_word' id='word_1_517' title='bbox 483 3837 553 3878; x_wconf 71' lang='grc' dir='ltr'>ει</span> <span class='ocrx_word' id='word_1_518' title='bbox 585 3825 1016 3879; x_wconf 87' lang='lat' dir='ltr'><strong>mansuetudine.</strong></span> <span class='ocrx_word' id='word_1_519' title='bbox 1056 3824 1290 3884; x_wconf 83' lang='lat' dir='ltr'><strong>Henrico</strong></span> <span class='ocrx_word' id='word_1_520' title='bbox 1321 3829 1586 3898; x_wconf 83' lang='lat' dir='ltr'><strong>siquidem</strong></span> <span class='ocrx_word' id='word_1_521' title='bbox 1621 3831 1854 3901; x_wconf 84' lang='lat' dir='ltr'><strong>impera-</strong></span> 
     </span>
    </p>
   </div>
   <div class='ocr_carea' id='block_1_71' title="bbox 267 3913 1850 3994">
    <p class='ocr_par' dir='ltr' id='par_1_71' title="bbox 267 3913 1850 3994">
     <span class='ocr_line' id='line_1_71' title="bbox 267 3913 1850 3994; baseline 0.008 -27"><span class='ocrx_word' id='word_1_522' title='bbox 267 3913 376 3968; x_wconf 81' lang='lat' dir='ltr'><strong>tori</strong></span> <span class='ocrx_word' id='word_1_523' title='bbox 427 3913 494 3972; x_wconf 88' lang='lat' dir='ltr'><strong>de</strong></span> <span class='ocrx_word' id='word_1_524' title='bbox 541 3929 607 3970; x_wconf 87' lang='lat' dir='ltr'><strong>eo</strong></span> <span class='ocrx_word' id='word_1_525' title='bbox 659 3927 966 3986; x_wconf 86' lang='lat' dir='ltr'><strong>suggestum</strong></span> <span class='ocrx_word' id='word_1_526' title='bbox 1027 3916 1224 3986; x_wconf 86' lang='lat' dir='ltr'><strong>fuerat,</strong></span> <span class='ocrx_word' id='word_1_527' title='bbox 1254 3921 1396 3990; x_wconf 90' lang='lat' dir='ltr'><strong>quod</strong></span> <span class='ocrx_word' id='word_1_528' title='bbox 1443 3922 1514 3975; x_wconf 91' lang='lat' dir='ltr'><strong>illi</strong></span> <span class='ocrx_word' id='word_1_529' title='bbox 1566 3925 1850 3994; x_wconf 86' lang='lat' dir='ltr'><strong>derogans,</strong></span> 
     </span>
    </p>
   </div>
   <div class='ocr_carea' id='block_1_72' title="bbox 269 4003 1852 4086">
    <p class='ocr_par' dir='ltr' id='par_1_72' title="bbox 269 4003 1852 4086">
     <span class='ocr_line' id='line_1_72' title="bbox 269 4003 1852 4086; baseline 0.009 -28"><span class='ocrx_word' id='word_1_530' title='bbox 269 4003 529 4076; x_wconf 90' lang='lat' dir='ltr'><strong>illumque</strong></span> <span class='ocrx_word' id='word_1_531' title='bbox 557 4010 1007 4064; x_wconf 84' lang='lat' dir='ltr'><strong>contemnendum</strong></span> <span class='ocrx_word' id='word_1_532' title='bbox 1037 4011 1366 4080; x_wconf 77' lang='lat' dir='ltr'><strong>atljndicans,</strong></span> <span class='ocrx_word' id='word_1_533' title='bbox 1390 4013 1613 4068; x_wconf 86' lang='lat' dir='ltr'><strong>Ardnini</strong></span> <span class='ocrx_word' id='word_1_534' title='bbox 1639 4032 1852 4086; x_wconf 83' lang='lat' dir='ltr'><strong>quoque</strong></span> 
     </span>
    </p>
   </div>
   <div class='ocr_carea' id='block_1_73' title="bbox 265 4097 1849 4173">
    <p class='ocr_par' dir='ltr' id='par_1_73' title="bbox 265 4097 1849 4173">
     <span class='ocr_line' id='line_1_73' title="bbox 265 4097 1849 4173; baseline 0.007 -23"><span class='ocrx_word' id='word_1_535' title='bbox 265 4097 434 4166; x_wconf 86' lang='lat' dir='ltr'><strong>parti,</strong></span> <span class='ocrx_word' id='word_1_536' title='bbox 467 4097 558 4167; x_wconf 90' lang='lat' dir='ltr'><strong>qui</strong></span> <span class='ocrx_word' id='word_1_537' title='bbox 605 4097 709 4153; x_wconf 90' lang='lat' dir='ltr'><strong>sibi</strong></span> <span class='ocrx_word' id='word_1_538' title='bbox 753 4097 919 4154; x_wconf 79' lang='lat' dir='ltr'><strong>Italia:</strong></span> <span class='ocrx_word' id='word_1_539' title='bbox 967 4116 1190 4171; x_wconf 85' lang='lat' dir='ltr'><strong>regnum</strong></span> <span class='ocrx_word' id='word_1_540' title='bbox 1218 4103 1588 4173; x_wconf 68' lang='lat' dir='ltr'><strong>prieripuerat,</strong></span> <span class='ocrx_word' id='word_1_541' title='bbox 1622 4105 1849 4172; x_wconf 81' lang='lat' dir='ltr'><strong>faveret,</strong></span> 
     </span>
    </p>
   </div>
   <div class='ocr_carea' id='block_1_74' title="bbox 269 4184 1852 4265">
    <p class='ocr_par' dir='ltr' id='par_1_74' title="bbox 269 4184 1852 4265">
     <span class='ocr_line' id='line_1_74' title="bbox 269 4184 1852 4265; baseline 0.008 -27"><span class='ocrx_word' id='word_1_542' title='bbox 269 4184 529 4255; x_wconf 91' lang='lat' dir='ltr'><strong>illumque</strong></span> <span class='ocrx_word' id='word_1_543' title='bbox 558 4201 658 4255; x_wconf 89' lang='lat' dir='ltr'><strong>pro</strong></span> <span class='ocrx_word' id='word_1_544' title='bbox 687 4201 848 4256; x_wconf 91' lang='lat' dir='ltr'><strong>posse</strong></span> <span class='ocrx_word' id='word_1_545' title='bbox 872 4187 1242 4246; x_wconf 89' lang='lat' dir='ltr'><strong>defensitaret.</strong></span> <span class='ocrx_word' id='word_1_546' title='bbox 1270 4193 1345 4246; x_wconf 80' lang='lat' dir='ltr'><strong>Ex</strong></span> <span class='ocrx_word' id='word_1_547' title='bbox 1379 4193 1481 4249; x_wconf 87' lang='lat' dir='ltr'><strong>hoc</strong></span> <span class='ocrx_word' id='word_1_548' title='bbox 1511 4195 1707 4265; x_wconf 87' lang='lat' dir='ltr'><strong>quippe</strong></span> <span class='ocrx_word' id='word_1_549' title='bbox 1737 4199 1852 4252; x_wconf 85' lang='lat' dir='ltr'><strong>viro</strong></span> 
     </span>
    </p>
   </div>
   <div class='ocr_carea' id='block_1_75' title="bbox 267 4273 1852 4345">
    <p class='ocr_par' dir='ltr' id='par_1_75' title="bbox 267 4273 1852 4345">
     <span class='ocr_line' id='line_1_75' title="bbox 267 4273 1852 4345; baseline 0.009 -16"><span class='ocrx_word' id='word_1_550' title='bbox 267 4273 388 4338; x_wconf 87' lang='lat' dir='ltr'><strong>Dei,</strong></span> <span class='ocrx_word' id='word_1_551' title='bbox 420 4277 668 4344; x_wconf 87' lang='lat' dir='ltr'><strong>quamvis</strong></span> <span class='ocrx_word' id='word_1_552' title='bbox 697 4276 766 4330; x_wconf 91' lang='lat' dir='ltr'><strong>ab</strong></span> <span class='ocrx_word' id='word_1_553' title='bbox 795 4293 874 4345; x_wconf 88' lang='lat' dir='ltr'><strong>re,</strong></span> <span class='ocrx_word' id='word_1_554' title='bbox 909 4277 1080 4334; x_wconf 89' lang='lat' dir='ltr'><strong>iratus</strong></span> <span class='ocrx_word' id='word_1_555' title='bbox 1104 4280 1298 4336; x_wconf 83' lang='lat' dir='ltr'><strong>fuerat.</strong></span> <span class='ocrx_word' id='word_1_556' title='bbox 1329 4282 1420 4338; x_wconf 93' lang='lat' dir='ltr'><strong>llle</strong></span> <span class='ocrx_word' id='word_1_557' title='bbox 1462 4299 1592 4339; x_wconf 86' lang='lat' dir='ltr'><strong>vero</strong></span> <span class='ocrx_word' id='word_1_558' title='bbox 1620 4297 1678 4340; x_wconf 93' lang='lat' dir='ltr'><strong>ut</strong></span> <span class='ocrx_word' id='word_1_559' title='bbox 1704 4303 1852 4342; x_wconf 88' lang='lat' dir='ltr'><strong>com-</strong></span> 
     </span>
    </p>
   </div>
   <div class='ocr_carea' id='block_1_76' title="bbox 266 4365 1851 4450">
    <p class='ocr_par' dir='ltr' id='par_1_76' title="bbox 266 4365 1851 4450">
     <span class='ocr_line' id='line_1_76' title="bbox 266 4365 1851 4450; baseline 0.011 -32"><span class='ocrx_word' id='word_1_560' title='bbox 266 4366 431 4436; x_wconf 82' lang='lat' dir='ltr'><strong>perit,</strong></span> <span class='ocrx_word' id='word_1_561' title='bbox 459 4365 525 4421; x_wconf 89' lang='lat' dir='ltr'><strong>ad</strong></span> <span class='ocrx_word' id='word_1_562' title='bbox 551 4367 703 4422; x_wconf 90' lang='lat' dir='ltr'><strong>illum</strong></span> <span class='ocrx_word' id='word_1_563' title='bbox 730 4383 980 4440; x_wconf 87' lang='lat' dir='ltr'><strong>pergens,</strong></span> <span class='ocrx_word' id='word_1_564' title='bbox 1010 4372 1086 4426; x_wconf 88' lang='lat' dir='ltr'><strong>rei</strong></span> <span class='ocrx_word' id='word_1_565' title='bbox 1119 4375 1400 4430; x_wconf 88' lang='lat' dir='ltr'><strong>veritatem</strong></span> <span class='ocrx_word' id='word_1_566' title='bbox 1427 4392 1547 4432; x_wconf 91' lang='lat' dir='ltr'><strong>sese</strong></span> <span class='ocrx_word' id='word_1_567' title='bbox 1576 4381 1851 4450; x_wconf 89' lang='lat' dir='ltr'><strong>purgando</strong></span> 
     </span>
    </p>
   </div>
   <div class='ocr_carea' id='block_1_77' title="bbox 1958 3185 3547 3261">
    <p class='ocr_par' dir='ltr' id='par_1_77' title="bbox 1958 3185 3547 3261">
     <span class='ocr_line' id='line_1_77' title="bbox 1958 3185 3547 3261; baseline -0.003 -17"><span class='ocrx_word' id='word_1_568' title='bbox 1958 3191 2251 3261; x_wconf 86' lang='lat' dir='ltr'><strong>pontilicis,</strong></span> <span class='ocrx_word' id='word_1_569' title='bbox 2301 3190 2395 3259; x_wconf 90' lang='lat' dir='ltr'><strong>qui</strong></span> <span class='ocrx_word' id='word_1_570' title='bbox 2436 3190 2487 3243; x_wconf 87' lang='lat' dir='ltr'><strong>ei</strong></span> <span class='ocrx_word' id='word_1_571' title='bbox 2522 3190 2917 3244; x_wconf 88' lang='lat' dir='ltr'><strong>monasterium</strong></span> <span class='ocrx_word' id='word_1_572' title='bbox 2959 3187 3134 3242; x_wconf 88' lang='lat' dir='ltr'><strong>sancti</strong></span> <span class='ocrx_word' id='word_1_573' title='bbox 3167 3187 3296 3258; x_wconf 86' lang='lat' dir='ltr'><strong>Apri</strong></span> <span class='ocrx_word' id='word_1_574' title='bbox 3329 3185 3547 3240; x_wconf 84' lang='lat' dir='ltr'><strong>confes-</strong></span> 
     </span>
    </p>
   </div>
   <div class='ocr_carea' id='block_1_78' title="bbox 1957 3275 3549 3350">
    <p class='ocr_par' dir='ltr' id='par_1_78' title="bbox 1957 3275 3549 3350">
     <span class='ocr_line' id='line_1_78' title="bbox 1957 3275 3549 3350; baseline -0.004 -13"><span class='ocrx_word' id='word_1_575' title='bbox 1957 3283 2097 3337; x_wconf 89' lang='lat' dir='ltr'><strong>soris</strong></span> <span class='ocrx_word' id='word_1_576' title='bbox 2140 3283 2512 3347; x_wconf 90' lang='lat' dir='ltr'><strong>commiserat,</strong></span> <span class='ocrx_word' id='word_1_577' title='bbox 2560 3281 2736 3336; x_wconf 87' lang='lat' dir='ltr'><strong>eidem</strong></span> <span class='ocrx_word' id='word_1_578' title='bbox 2782 3279 3116 3350; x_wconf 84' lang='lat' dir='ltr'><strong>episcopatui</strong></span> <span class='ocrx_word' id='word_1_579' title='bbox 3153 3278 3370 3346; x_wconf 87' lang='lat' dir='ltr'><strong>quidam</strong></span> <span class='ocrx_word' id='word_1_580' title='bbox 3412 3275 3549 3331; x_wconf 83' lang='lat' dir='ltr'><strong>Her-</strong></span> 
     </span>
    </p>
   </div>
   <div class='ocr_carea' id='block_1_79' title="bbox 1956 3368 3547 3442">
    <p class='ocr_par' dir='ltr' id='par_1_79' title="bbox 1956 3368 3547 3442">
     <span class='ocr_line' id='line_1_79' title="bbox 1956 3368 3547 3442; baseline -0.004 -16"><span class='ocrx_word' id='word_1_581' title='bbox 1956 3387 2189 3426; x_wconf 88' lang='lat' dir='ltr'><strong>mannus</strong></span> <span class='ocrx_word' id='word_1_582' title='bbox 2243 3370 2441 3442; x_wconf 64' lang='lat' dir='ltr'><strong>praesul</strong></span> <span class='ocrx_word' id='word_1_583' title='bbox 2497 3372 2656 3425; x_wconf 89' lang='lat' dir='ltr'><strong>datus</strong></span> <span class='ocrx_word' id='word_1_584' title='bbox 2709 3369 2947 3436; x_wconf 85' lang='lat' dir='ltr'><strong>fuisset,</strong></span> <span class='ocrx_word' id='word_1_585' title='bbox 3011 3369 3085 3423; x_wconf 90' lang='lat' dir='ltr'><strong>ita</strong></span> <span class='ocrx_word' id='word_1_586' title='bbox 3134 3368 3300 3436; x_wconf 85' lang='lat' dir='ltr'><strong>coepit</strong></span> <span class='ocrx_word' id='word_1_587' title='bbox 3349 3381 3547 3423; x_wconf 75' lang='lat' dir='ltr'><strong>exesos</strong></span> 
     </span>
    </p>
   </div>
   <div class='ocr_carea' id='block_1_80' title="bbox 1956 3459 3544 3532">
    <p class='ocr_par' dir='ltr' id='par_1_80' title="bbox 1956 3459 3544 3532">
     <span class='ocr_line' id='line_1_80' title="bbox 1956 3459 3544 3532; baseline -0.004 -13"><span class='ocrx_word' id='word_1_588' title='bbox 1956 3462 2118 3532; x_wconf 82' lang='lat' dir='ltr'><strong>hujus</strong></span> <span class='ocrx_word' id='word_1_589' title='bbox 2139 3461 2318 3518; x_wconf 86' lang='lat' dir='ltr'><strong>Patris</strong></span> <span class='ocrx_word' id='word_1_590' title='bbox 2341 3462 2543 3519; x_wconf 89' lang='lat' dir='ltr'><strong>habere</strong></span> <span class='ocrx_word' id='word_1_591' title='bbox 2570 3461 2868 3517; x_wconf 89' lang='lat' dir='ltr'><strong>monachos</strong></span> <span class='ocrx_word' id='word_1_592' title='bbox 2897 3476 3020 3515; x_wconf 88' lang='lat' dir='ltr'><strong>eum</strong></span> <span class='ocrx_word' id='word_1_593' title='bbox 3054 3474 3150 3514; x_wconf 87' lang='lat' dir='ltr'><strong>sua</strong></span> <span class='ocrx_word' id='word_1_594' title='bbox 3178 3459 3544 3525; x_wconf 84' lang='lat' dir='ltr'><strong>institutione,</strong></span> 
     </span>
    </p>
   </div>
   <div class='ocr_carea' id='block_1_81' title="bbox 1955 3549 3548 3618">
    <p class='ocr_par' dir='ltr' id='par_1_81' title="bbox 1955 3549 3548 3618">
     <span class='ocr_line' id='line_1_81' title="bbox 1955 3549 3548 3618; baseline -0.003 -8"><span class='ocrx_word' id='word_1_595' title='bbox 1955 3565 2018 3610; x_wconf 90' lang='lat' dir='ltr'><strong>ut</strong></span> <span class='ocrx_word' id='word_1_596' title='bbox 2058 3555 2226 3612; x_wconf 90' lang='lat' dir='ltr'><strong>etiam</strong></span> <span class='ocrx_word' id='word_1_597' title='bbox 2282 3554 2729 3611; x_wconf 86' lang='lat' dir='ltr'><strong>honestissimum</strong></span> <span class='ocrx_word' id='word_1_598' title='bbox 2785 3552 3048 3618; x_wconf 89' lang='lat' dir='ltr'><strong>fratrem,</strong></span> <span class='ocrx_word' id='word_1_599' title='bbox 3095 3549 3400 3606; x_wconf 87' lang='lat' dir='ltr'><strong>Widricum</strong></span> <span class='ocrx_word' id='word_1_600' title='bbox 3450 3566 3548 3605; x_wconf 77' lang='lat' dir='ltr'><strong>no-</strong></span> 
     </span>
    </p>
   </div>
   <div class='ocr_carea' id='block_1_82' title="bbox 1957 3638 3543 3714">
    <p class='ocr_par' dir='ltr' id='par_1_82' title="bbox 1957 3638 3543 3714">
     <span class='ocr_line' id='line_1_82' title="bbox 1957 3638 3543 3714; baseline -0.004 -14"><span class='ocrx_word' id='word_1_601' title='bbox 1957 3645 2123 3712; x_wconf 90' lang='lat' dir='ltr'><strong>mine,</strong></span> <span class='ocrx_word' id='word_1_602' title='bbox 2175 3644 2266 3714; x_wconf 91' lang='lat' dir='ltr'><strong>qui</strong></span> <span class='ocrx_word' id='word_1_603' title='bbox 2314 3653 2434 3714; x_wconf 87' lang='lat' dir='ltr'><strong>post</strong></span> <span class='ocrx_word' id='word_1_604' title='bbox 2482 3644 2631 3697; x_wconf 91' lang='lat' dir='ltr'><strong>illum</strong></span> <span class='ocrx_word' id='word_1_605' title='bbox 2673 3643 2916 3712; x_wconf 89' lang='lat' dir='ltr'><strong>ejusdem</strong></span> <span class='ocrx_word' id='word_1_606' title='bbox 2963 3641 3066 3694; x_wconf 92' lang='lat' dir='ltr'><strong>loci</strong></span> <span class='ocrx_word' id='word_1_607' title='bbox 3110 3638 3277 3695; x_wconf 89' lang='lat' dir='ltr'><strong>Pater</strong></span> <span class='ocrx_word' id='word_1_608' title='bbox 3314 3640 3543 3694; x_wconf 87' lang='lat' dir='ltr'><strong>devotus</strong></span> 
     </span>
    </p>
   </div>
   <div class='ocr_carea' id='block_1_83' title="bbox 1955 3731 3548 3805">
    <p class='ocr_par' dir='ltr' id='par_1_83' title="bbox 1955 3731 3548 3805">
     <span class='ocr_line' id='line_1_83' title="bbox 1955 3731 3548 3805; baseline -0.005 -11"><span class='ocrx_word' id='word_1_609' title='bbox 1955 3739 2199 3805; x_wconf 85' lang='lat' dir='ltr'><strong>exstitit,</strong></span> <span class='ocrx_word' id='word_1_610' title='bbox 2252 3739 2338 3794; x_wconf 93' lang='lat' dir='ltr'><strong>cui</strong></span> <span class='ocrx_word' id='word_1_611' title='bbox 2385 3749 2514 3793; x_wconf 88' lang='lat' dir='ltr'><strong>tunc</strong></span> <span class='ocrx_word' id='word_1_612' title='bbox 2559 3744 2884 3792; x_wconf 76' lang='lat' dir='ltr'><strong>czeterorum</strong></span> <span class='ocrx_word' id='word_1_613' title='bbox 2916 3750 3046 3789; x_wconf 87' lang='lat' dir='ltr'><strong>cura</strong></span> <span class='ocrx_word' id='word_1_614' title='bbox 3080 3731 3418 3799; x_wconf 89' lang='lat' dir='ltr'><strong>imminebat,</strong></span> <span class='ocrx_word' id='word_1_615' title='bbox 3448 3733 3548 3787; x_wconf 87' lang='lat' dir='ltr'><strong>ba-</strong></span> 
     </span>
    </p>
   </div>
   <div class='ocr_carea' id='block_1_84' title="bbox 1954 3823 3545 3898">
    <p class='ocr_par' dir='ltr' id='par_1_84' title="bbox 1954 3823 3545 3898">
     <span class='ocr_line' id='line_1_84' title="bbox 1954 3823 3545 3898; baseline -0.003 -12"><span class='ocrx_word' id='word_1_616' title='bbox 1954 3832 2077 3887; x_wconf 90' lang='lat' dir='ltr'><strong>culo</strong></span> <span class='ocrx_word' id='word_1_617' title='bbox 2122 3831 2506 3886; x_wconf 90' lang='lat' dir='ltr'><strong>verberaturus</strong></span> <span class='ocrx_word' id='word_1_618' title='bbox 2534 3844 2656 3886; x_wconf 89' lang='lat' dir='ltr'><strong>eum</strong></span> <span class='ocrx_word' id='word_1_619' title='bbox 2686 3827 2994 3898; x_wconf 87' lang='lat' dir='ltr'><strong>impegerit.</strong></span> <span class='ocrx_word' id='word_1_620' title='bbox 3027 3826 3182 3893; x_wconf 83' lang='lat' dir='ltr'><strong>Quod</strong></span> <span class='ocrx_word' id='word_1_621' title='bbox 3221 3826 3349 3880; x_wconf 87' lang='lat' dir='ltr'><strong>dum</strong></span> <span class='ocrx_word' id='word_1_622' title='bbox 3392 3823 3545 3881; x_wconf 89' lang='lat' dir='ltr'><strong>Patri</strong></span> 
     </span>
    </p>
   </div>
   <div class='ocr_carea' id='block_1_85' title="bbox 1957 3915 3542 3986">
    <p class='ocr_par' dir='ltr' id='par_1_85' title="bbox 1957 3915 3542 3986">
     <span class='ocr_line' id='line_1_85' title="bbox 1957 3915 3542 3986; baseline -0.004 -11"><span class='ocrx_word' id='word_1_623' title='bbox 1957 3921 2185 3975; x_wconf 86' lang='lat' dir='ltr'><strong>relatum</strong></span> <span class='ocrx_word' id='word_1_624' title='bbox 2255 3919 2469 3986; x_wconf 84' lang='lat' dir='ltr'><strong>fuisset,</strong></span> <span class='ocrx_word' id='word_1_625' title='bbox 2534 3919 2600 3973; x_wconf 90' lang='lat' dir='ltr'><strong>ad</strong></span> <span class='ocrx_word' id='word_1_626' title='bbox 2667 3933 2864 3972; x_wconf 90' lang='lat' dir='ltr'><strong>nomen</strong></span> <span class='ocrx_word' id='word_1_627' title='bbox 2921 3916 3066 3972; x_wconf 91' lang='lat' dir='ltr'><strong>illius</strong></span> <span class='ocrx_word' id='word_1_628' title='bbox 3119 3915 3365 3970; x_wconf 84' lang='lat' dir='ltr'><strong>alludens</strong></span> <span class='ocrx_word' id='word_1_629' title='bbox 3414 3915 3542 3971; x_wconf 88' lang='lat' dir='ltr'><strong>ait:</strong></span> 
     </span>
    </p>
   </div>
   <div class='ocr_carea' id='block_1_86' title="bbox 1963 4007 3543 4078">
    <p class='ocr_par' dir='ltr' id='par_1_86' title="bbox 1963 4007 3543 4078">
     <span class='ocr_line' id='line_1_86' title="bbox 1963 4007 3543 4078; baseline -0.001 -14"><span class='ocrx_word' id='word_1_630' title='bbox 1963 4031 1980 4064; x_wconf 83' lang='grc' dir='ltr'><strong>ι</strong></span> <span class='ocrx_word' id='word_1_631' title='bbox 2013 4011 2321 4067; x_wconf 89' lang='lat' dir='ltr'><strong>Secundum</strong></span> <span class='ocrx_word' id='word_1_632' title='bbox 2350 4027 2506 4066; x_wconf 92' lang='lat' dir='ltr'><strong>suum</strong></span> <span class='ocrx_word' id='word_1_633' title='bbox 2534 4023 2756 4074; x_wconf 88' lang='lat' dir='ltr'><strong>nomen,</strong></span> <span class='ocrx_word' id='word_1_634' title='bbox 2791 4009 3064 4078; x_wconf 87' lang='lat' dir='ltr'><strong>inquiens,</strong></span> <span class='ocrx_word' id='word_1_635' title='bbox 3095 4008 3225 4062; x_wconf 89' lang='lat' dir='ltr'><strong>facit</strong></span> <span class='ocrx_word' id='word_1_636' title='bbox 3255 4007 3543 4076; x_wconf 81' lang='lat' dir='ltr'><strong>episcopus</strong></span> 
     </span>
    </p>
   </div>
   <div class='ocr_carea' id='block_1_87' title="bbox 1954 4099 3541 4172">
    <p class='ocr_par' dir='ltr' id='par_1_87' title="bbox 1954 4099 3541 4172">
     <span class='ocr_line' id='line_1_87' title="bbox 1954 4099 3541 4172; baseline -0.006 -12"><span class='ocrx_word' id='word_1_637' title='bbox 1954 4103 2081 4160; x_wconf 88' lang='lat' dir='ltr'><strong>iste.</strong></span> <span class='ocrx_word' id='word_1_638' title='bbox 2115 4123 2133 4155; x_wconf 82' lang='grc' dir='ltr'><strong>ι</strong></span> <span class='ocrx_word' id='word_1_639' title='bbox 2166 4101 2301 4157; x_wconf 84' lang='lat' dir='ltr'><strong>Nam</strong></span> <span class='ocrx_word' id='word_1_640' title='bbox 2335 4102 2516 4172; x_wconf 85' lang='lat' dir='ltr'><strong>lingua</strong></span> <span class='ocrx_word' id='word_1_641' title='bbox 2545 4101 2777 4156; x_wconf 87' lang='lat' dir='ltr'><strong>barbara</strong></span> <span class='ocrx_word' id='word_1_642' title='bbox 2809 4099 3046 4153; x_wconf 85' lang='lat' dir='ltr'><strong>Ilerman</strong></span> <span class='ocrx_word' id='word_1_643' title='bbox 3076 4099 3345 4152; x_wconf 80' lang='lat' dir='ltr'><strong>in&#39;nostra</strong></span> <span class='ocrx_word' id='word_1_644' title='bbox 3384 4100 3541 4151; x_wconf 79' lang='lat' dir='ltr'><strong>homo</strong></span> 
     </span>
    </p>
   </div>
   <div class='ocr_carea' id='block_1_88' title="bbox 1953 4189 3542 4261">
    <p class='ocr_par' dir='ltr' id='par_1_88' title="bbox 1953 4189 3542 4261">
     <span class='ocr_line' id='line_1_88' title="bbox 1953 4189 3542 4261; baseline -0.004 -12"><span class='ocrx_word' id='word_1_645' title='bbox 1953 4209 2135 4250; x_wconf 87' lang='lat' dir='ltr'><strong>errans</strong></span> <span class='ocrx_word' id='word_1_646' title='bbox 2166 4194 2382 4248; x_wconf 90' lang='lat' dir='ltr'><strong>dicitur.</strong></span> <span class='ocrx_word' id='word_1_647' title='bbox 2415 4194 2492 4246; x_wconf 80' lang='lat' dir='ltr'><strong>Ac</strong></span> <span class='ocrx_word' id='word_1_648' title='bbox 2523 4192 2756 4246; x_wconf 87' lang='lat' dir='ltr'><strong>deinde:</strong></span> <span class='ocrx_word' id='word_1_649' title='bbox 2794 4208 2812 4242; x_wconf 81' lang='grc' dir='ltr'><strong>ι</strong></span> <span class='ocrx_word' id='word_1_650' title='bbox 2844 4191 2901 4244; x_wconf 89' lang='lat' dir='ltr'><strong>Si</strong></span> <span class='ocrx_word' id='word_1_651' title='bbox 2939 4190 3084 4244; x_wconf 89' lang='lat' dir='ltr'><strong>enim</strong></span> <span class='ocrx_word' id='word_1_652' title='bbox 3119 4189 3321 4244; x_wconf 88' lang='lat' dir='ltr'><strong>Cbristi</strong></span> <span class='ocrx_word' id='word_1_653' title='bbox 3353 4198 3542 4261; x_wconf 88' lang='lat' dir='ltr'><strong>pastor</strong></span> 
     </span>
    </p>
   </div>
   <div class='ocr_carea' id='block_1_89' title="bbox 1955 4281 3534 4351">
    <p class='ocr_par' dir='ltr' id='par_1_89' title="bbox 1955 4281 3534 4351">
     <span class='ocr_line' id='line_1_89' title="bbox 1955 4281 3534 4351; baseline -0.003 -12"><span class='ocrx_word' id='word_1_654' title='bbox 1955 4285 2179 4351; x_wconf 87' lang='lat' dir='ltr'><strong>fuisset,</strong></span> <span class='ocrx_word' id='word_1_655' title='bbox 2237 4285 2381 4339; x_wconf 91' lang='lat' dir='ltr'><strong>illius</strong></span> <span class='ocrx_word' id='word_1_656' title='bbox 2433 4283 2674 4338; x_wconf 86' lang='lat' dir='ltr'><strong>oviculas</strong></span> <span class='ocrx_word' id='word_1_657' title='bbox 2731 4282 2954 4337; x_wconf 90' lang='lat' dir='ltr'><strong>minime</strong></span> <span class='ocrx_word' id='word_1_658' title='bbox 3009 4281 3296 4337; x_wconf 80' lang='lat' dir='ltr'><strong>laceraret.</strong></span> <span class='ocrx_word' id='word_1_659' title='bbox 3356 4281 3534 4337; x_wconf 80' lang='lat' dir='ltr'><strong>Sinite</strong></span> 
     </span>
    </p>
   </div>
   <div class='ocr_carea' id='block_1_90' title="bbox 1955 4373 3539 4444">
    <p class='ocr_par' dir='ltr' id='par_1_90' title="bbox 1955 4373 3539 4444">
     <span class='ocr_line' id='line_1_90' title="bbox 1955 4373 3539 4444; baseline -0.002 -14"><span class='ocrx_word' id='word_1_660' title='bbox 1955 4377 2105 4431; x_wconf 91' lang='lat' dir='ltr'><strong>illum</strong></span> <span class='ocrx_word' id='word_1_661' title='bbox 2136 4394 2147 4429; x_wconf 93' lang='lat'><strong>:</strong></span> <span class='ocrx_word' id='word_1_662' title='bbox 2180 4392 2338 4430; x_wconf 86' lang='lat' dir='ltr'><strong>verus</strong></span> <span class='ocrx_word' id='word_1_663' title='bbox 2369 4373 2561 4430; x_wconf 86' lang='lat' dir='ltr'><strong>Pastor</strong></span> <span class='ocrx_word' id='word_1_664' title='bbox 2591 4375 2764 4442; x_wconf 87' lang='lat' dir='ltr'><strong>novit,</strong></span> <span class='ocrx_word' id='word_1_665' title='bbox 2794 4385 2848 4430; x_wconf 88' lang='lat' dir='ltr'><strong>et</strong></span> <span class='ocrx_word' id='word_1_666' title='bbox 2877 4375 2989 4444; x_wconf 87' lang='lat' dir='ltr'><strong>ipse</strong></span> <span class='ocrx_word' id='word_1_667' title='bbox 3012 4389 3131 4442; x_wconf 64' lang='lat' dir='ltr'><strong>quae</strong></span> <span class='ocrx_word' id='word_1_668' title='bbox 3161 4390 3257 4428; x_wconf 90' lang='lat' dir='ltr'><strong>sua</strong></span> <span class='ocrx_word' id='word_1_669' title='bbox 3287 4382 3413 4430; x_wconf 89' lang='lat' dir='ltr'><strong>sunt</strong></span> <span class='ocrx_word' id='word_1_670' title='bbox 3433 4373 3539 4429; x_wconf 81' lang='lat' dir='ltr'><strong>eol-</strong></span> 
     </span>
    </p>
   </div>
   <div class='ocr_carea' id='block_1_91' title="bbox 265 4450 3531 4537">
    <p class='ocr_par' dir='ltr' id='par_1_91' title="bbox 265 4450 3531 4537">
     <span class='ocr_line' id='line_1_91' title="bbox 265 4450 3531 4537; baseline 0.002 -29"><span class='ocrx_word' id='word_1_671' title='bbox 265 4455 475 4525; x_wconf 85' lang='lat' dir='ltr'><strong>pandit,</strong></span> <span class='ocrx_word' id='word_1_672' title='bbox 503 4469 664 4528; x_wconf 88' lang='lat' dir='ltr'><strong>atque</strong></span> <span class='ocrx_word' id='word_1_673' title='bbox 693 4459 740 4514; x_wconf 89' lang='lat' dir='ltr'><strong>si</strong></span> <span class='ocrx_word' id='word_1_674' title='bbox 786 4461 915 4529; x_wconf 91' lang='lat' dir='ltr'><strong>quid</strong></span> <span class='ocrx_word' id='word_1_675' title='bbox 963 4471 1080 4517; x_wconf 88' lang='lat' dir='ltr'><strong>erat</strong></span> <span class='ocrx_word' id='word_1_676' title='bbox 1109 4464 1215 4519; x_wconf 94' lang='lat' dir='ltr'><strong>odii</strong></span> <span class='ocrx_word' id='word_1_677' title='bbox 1248 4481 1279 4520; x_wconf 89' lang='lat' dir='ltr'><strong>a</strong></span> <span class='ocrx_word' id='word_1_678' title='bbox 1310 4467 1472 4522; x_wconf 90' lang='lat' dir='ltr'><strong>corde</strong></span> <span class='ocrx_word' id='word_1_679' title='bbox 1501 4455 1851 4524; x_wconf 31' lang='lat' dir='ltr'><strong>illius‘deter-</strong></span> <span class='ocrx_word' id='word_1_680' title='bbox 1881 4450 1926 4509; x_wconf 75' lang='grc' dir='ltr'><strong>θ</strong></span> <span class='ocrx_word' id='word_1_681' title='bbox 1952 4466 2130 4537; x_wconf 66' lang='lat' dir='ltr'><strong>liget.»</strong></span> <span class='ocrx_word' id='word_1_682' title='bbox 2154 4463 2451 4520; x_wconf 86' lang='lat' dir='ltr'><strong>Noumnlto</strong></span> <span class='ocrx_word' id='word_1_683' title='bbox 2472 4465 3078 4535; x_wconf 82' lang='lat' dir='ltr'><strong>postdeniquepergeus</strong></span> <span class='ocrx_word' id='word_1_684' title='bbox 3101 4465 3153 4518; x_wconf 90' lang='lat' dir='ltr'><strong>in</strong></span> <span class='ocrx_word' id='word_1_685' title='bbox 3177 4464 3531 4536; x_wconf 87' lang='lat' dir='ltr'><strong>longinquum</strong></span> 
     </span>
    </p>
   </div>
   <div class='ocr_carea' id='block_1_92' title="bbox 267 4545 1847 4628">
    <p class='ocr_par' dir='ltr' id='par_1_92' title="bbox 267 4545 1847 4628">
     <span class='ocr_line' id='line_1_92' title="bbox 267 4545 1847 4628; baseline 0.01 -29"><span class='ocrx_word' id='word_1_686' title='bbox 267 4545 362 4600; x_wconf 86' lang='lat' dir='ltr'><strong>sit.</strong></span> <span class='ocrx_word' id='word_1_687' title='bbox 420 4546 696 4603; x_wconf 88' lang='lat' dir='ltr'><strong>Intantum</strong></span> <span class='ocrx_word' id='word_1_688' title='bbox 728 4549 890 4605; x_wconf 88' lang='lat' dir='ltr'><strong>etiam</strong></span> <span class='ocrx_word' id='word_1_689' title='bbox 946 4552 1114 4608; x_wconf 88' lang='lat' dir='ltr'><strong>isdem</strong></span> <span class='ocrx_word' id='word_1_690' title='bbox 1165 4555 1460 4626; x_wconf 90' lang='lat' dir='ltr'><strong>imperator</strong></span> <span class='ocrx_word' id='word_1_691' title='bbox 1506 4562 1847 4628; x_wconf 82' lang='lat' dir='ltr'><strong>postmodum</strong></span> 
     </span>
    </p>
   </div>
   <div class='ocr_carea' id='block_1_93' title="bbox 267 4633 1848 4718">
    <p class='ocr_par' dir='ltr' id='par_1_93' title="bbox 267 4633 1848 4718">
     <span class='ocr_line' id='line_1_93' title="bbox 267 4633 1848 4718; baseline 0.013 -29"><span class='ocrx_word' id='word_1_692' title='bbox 267 4633 422 4690; x_wconf 87' lang='lat' dir='ltr'><strong>illum</strong></span> <span class='ocrx_word' id='word_1_693' title='bbox 467 4638 697 4704; x_wconf 79' lang='lat' dir='ltr'><strong>dilexit,</strong></span> <span class='ocrx_word' id='word_1_694' title='bbox 744 4647 805 4694; x_wconf 87' lang='lat' dir='ltr'><strong>ut</strong></span> <span class='ocrx_word' id='word_1_695' title='bbox 848 4640 921 4696; x_wconf 91' lang='lat' dir='ltr'><strong>illi</strong></span> <span class='ocrx_word' id='word_1_696' title='bbox 958 4641 1098 4698; x_wconf 89' lang='lat' dir='ltr'><strong>dona</strong></span> <span class='ocrx_word' id='word_1_697' title='bbox 1151 4644 1440 4716; x_wconf 81' lang='lat' dir='ltr'><strong>largiretur</strong></span> <span class='ocrx_word' id='word_1_698' title='bbox 1469 4651 1700 4718; x_wconf 88' lang='lat' dir='ltr'><strong>plurima</strong></span> <span class='ocrx_word' id='word_1_699' title='bbox 1728 4695 1743 4718; x_wconf 90' lang='lat'><strong>,</strong></span> <span class='ocrx_word' id='word_1_700' title='bbox 1791 4661 1848 4710; x_wconf 83' lang='lat' dir='ltr'><strong>et</strong></span> 
     </span>
    </p>
   </div>
   <div class='ocr_carea' id='block_1_94' title="bbox 267 4727 1850 4815">
    <p class='ocr_par' dir='ltr' id='par_1_94' title="bbox 267 4727 1850 4815">
     <span class='ocr_line' id='line_1_94' title="bbox 267 4727 1850 4815; baseline 0.015 -36"><span class='ocrx_word' id='word_1_701' title='bbox 267 4727 533 4799; x_wconf 91' lang='lat' dir='ltr'><strong>quidquid</strong></span> <span class='ocrx_word' id='word_1_702' title='bbox 580 4731 653 4786; x_wconf 89' lang='lat' dir='ltr'><strong>ab</strong></span> <span class='ocrx_word' id='word_1_703' title='bbox 703 4732 894 4788; x_wconf 85' lang='lat' dir='ltr'><strong>eodem</strong></span> <span class='ocrx_word' id='word_1_704' title='bbox 958 4735 1120 4792; x_wconf 85' lang='lat' dir='ltr'><strong>vellet</strong></span> <span class='ocrx_word' id='word_1_705' title='bbox 1174 4736 1291 4793; x_wconf 81' lang='lat' dir='ltr'><strong>fieri</strong></span> <span class='ocrx_word' id='word_1_706' title='bbox 1362 4742 1619 4798; x_wconf 91' lang='lat' dir='ltr'><strong>continuo</strong></span> <span class='ocrx_word' id='word_1_707' title='bbox 1681 4746 1850 4815; x_wconf 91' lang='lat' dir='ltr'><strong>impe-</strong></span> 
     </span>
    </p>
   </div>
   <div class='ocr_carea' id='block_1_95' title="bbox 269 4830 466 4876">
    <p class='ocr_par' dir='ltr' id='par_1_95' title="bbox 269 4830 466 4876">
     <span class='ocr_line' id='line_1_95' title="bbox 269 4830 466 4876; baseline -0.005 -1"><span class='ocrx_word' id='word_1_708' title='bbox 269 4830 355 4875; x_wconf 73' lang='grc' dir='ltr'>ιη</span> <span class='ocrx_word' id='word_1_709' title='bbox 363 4830 466 4876; x_wconf 88' lang='lat' dir='ltr'><strong>ret.</strong></span> 
     </span>
    </p>
   </div>
   <div class='ocr_carea' id='block_1_96' title="bbox 338 4910 1856 5000">
    <p class='ocr_par' dir='ltr' id='par_1_96' title="bbox 338 4910 1856 5000">
     <span class='ocr_line' id='line_1_96' title="bbox 338 4910 1856 5000; baseline 0.013 -34"><span class='ocrx_word' id='word_1_710' title='bbox 338 4911 433 4966; x_wconf 78' lang='grc'><strong>21.</strong></span> <span class='ocrx_word' id='word_1_711' title='bbox 472 4910 542 4966; x_wconf 81' lang='lat' dir='ltr'><strong>Et</strong></span> <span class='ocrx_word' id='word_1_712' title='bbox 569 4911 852 4967; x_wconf 82' lang='lat' dir='ltr'><strong>Robertum</strong></span> <span class='ocrx_word' id='word_1_713' title='bbox 899 4914 1088 4998; x_wconf 70' lang='lat' dir='ltr'><strong>Gallia:</strong></span> <span class='ocrx_word' id='word_1_714' title='bbox 1127 4939 1312 4993; x_wconf 86' lang='lat' dir='ltr'><strong>regem.</strong></span> <span class='ocrx_word' id='word_1_715' title='bbox 1357 4959 1427 4970; x_wconf 90' lang='grc'><strong><em>--</em></strong></span> <span class='ocrx_word' id='word_1_716' title='bbox 1469 4926 1594 4983; x_wconf 85' lang='lat' dir='ltr'><strong>Pari</strong></span> <span class='ocrx_word' id='word_1_717' title='bbox 1625 4946 1856 5000; x_wconf 76' lang='lat' dir='ltr'><strong>namque</strong></span> 
     </span>
    </p>
   </div>
   <div class='ocr_carea' id='block_1_97' title="bbox 266 5003 1852 5090">
    <p class='ocr_par' dir='ltr' id='par_1_97' title="bbox 266 5003 1852 5090">
     <span class='ocr_line' id='line_1_97' title="bbox 266 5003 1852 5090; baseline 0.011 -29"><span class='ocrx_word' id='word_1_718' title='bbox 266 5004 484 5061; x_wconf 86' lang='lat' dir='ltr'><strong>ratione</strong></span> <span class='ocrx_word' id='word_1_719' title='bbox 508 5003 778 5061; x_wconf 82' lang='lat' dir='ltr'><strong>Rotberto</strong></span> <span class='ocrx_word' id='word_1_720' title='bbox 805 5004 1137 5069; x_wconf 89' lang='lat' dir='ltr'><strong>Francorum</strong></span> <span class='ocrx_word' id='word_1_721' title='bbox 1168 5017 1278 5086; x_wconf 80' lang='lat' dir='ltr'><strong>regi</strong></span> <span class='ocrx_word' id='word_1_722' title='bbox 1310 5019 1374 5075; x_wconf 90' lang='lat' dir='ltr'><strong>de</strong></span> <span class='ocrx_word' id='word_1_723' title='bbox 1408 5021 1528 5090; x_wconf 88' lang='lat' dir='ltr'><strong>ipso</strong></span> <span class='ocrx_word' id='word_1_724' title='bbox 1562 5020 1852 5080; x_wconf 87' lang='lat' dir='ltr'><strong>iudicatum</strong></span> 
     </span>
    </p>
   </div>
   <div class='ocr_carea' id='block_1_98' title="bbox 342 5133 1027 5154">
    <p class='ocr_par' dir='ltr' id='par_1_98' title="bbox 342 5133 1027 5154">
     <span class='ocr_line' id='line_1_98' title="bbox 342 5133 1027 5154; baseline 0 0"><span class='ocrx_word' id='word_1_725' title='bbox 342 5133 454 5154; x_wconf 58' lang='grc' dir='ltr'><strong>ΙΠΙᾺ</strong></span> <span class='ocrx_word' id='word_1_726' title='bbox 493 5133 648 5154; x_wconf 72' lang='grc' dir='ltr'><strong>ΙΙ--1Α-</strong></span> <span class='ocrx_word' id='word_1_727' title='bbox 686 5133 771 5154; x_wconf 69' lang='grc' dir='ltr'><strong>ιε-</strong></span> <span class='ocrx_word' id='word_1_728' title='bbox 822 5133 868 5154; x_wconf 42' lang='grc' dir='ltr'><strong>ἓν-</strong></span> <span class='ocrx_word' id='word_1_729' title='bbox 914 5152 922 5153; x_wconf 35' lang='grc' dir='ltr'><em>κ</em></span> <span class='ocrx_word' id='word_1_730' title='bbox 954 5140 984 5154; x_wconf 78' lang='grc' dir='ltr'><strong>ιι</strong></span> <span class='ocrx_word' id='word_1_731' title='bbox 1015 5142 1027 5154; x_wconf 74' lang='grc' dir='ltr'><strong>ο</strong></span> 
     </span>
    </p>
   </div>
   <div class='ocr_carea' id='block_1_99' title="bbox 1951 4557 3531 4629">
    <p class='ocr_par' dir='ltr' id='par_1_99' title="bbox 1951 4557 3531 4629">
     <span class='ocr_line' id='line_1_99' title="bbox 1951 4557 3531 4629; baseline 0.001 -18"><span class='ocrx_word' id='word_1_732' title='bbox 1951 4557 2233 4612; x_wconf 57' lang='lat' dir='ltr'><strong>saecularia</strong></span> <span class='ocrx_word' id='word_1_733' title='bbox 2269 4566 2564 4613; x_wconf 80' lang='lat' dir='ltr'><strong>exacturus</strong></span> <span class='ocrx_word' id='word_1_734' title='bbox 2601 4558 2834 4629; x_wconf 81' lang='lat' dir='ltr'><strong>negotia,</strong></span> <span class='ocrx_word' id='word_1_735' title='bbox 2865 4557 3160 4612; x_wconf 86' lang='lat' dir='ltr'><strong>crudeliter</strong></span> <span class='ocrx_word' id='word_1_736' title='bbox 3187 4558 3343 4624; x_wconf 92' lang='lat' dir='ltr'><strong>obiit,</strong></span> <span class='ocrx_word' id='word_1_737' title='bbox 3369 4571 3531 4628; x_wconf 53' lang='lat' dir='ltr'><strong>pere.</strong></span> 
     </span>
    </p>
   </div>
   <div class='ocr_carea' id='block_1_100' title="bbox 1949 4647 2674 4719">
    <p class='ocr_par' dir='ltr' id='par_1_100' title="bbox 1949 4647 2674 4719">
     <span class='ocr_line' id='line_1_100' title="bbox 1949 4647 2674 4719; baseline 0.001 -19"><span class='ocrx_word' id='word_1_738' title='bbox 1949 4647 2104 4719; x_wconf 91' lang='lat' dir='ltr'><strong>grina</strong></span> <span class='ocrx_word' id='word_1_739' title='bbox 2134 4648 2338 4717; x_wconf 88' lang='lat' dir='ltr'><strong>potitus</strong></span> <span class='ocrx_word' id='word_1_740' title='bbox 2373 4647 2674 4717; x_wconf 89' lang='lat' dir='ltr'><strong>sepultura.</strong></span> 
     </span>
    </p>
   </div>
   <div class='ocr_carea' id='block_1_101' title="bbox 2024 4736 3540 4809">
    <p class='ocr_par' dir='ltr' id='par_1_101' title="bbox 2024 4736 3540 4809">
     <span class='ocr_line' id='line_1_101' title="bbox 2024 4736 3540 4809; baseline 0 -18"><span class='ocrx_word' id='word_1_741' title='bbox 2024 4737 2116 4791; x_wconf 74' lang='grc'><strong>25.</strong></span> <span class='ocrx_word' id='word_1_742' title='bbox 2155 4737 2222 4791; x_wconf 83' lang='lat' dir='ltr'><strong>Et</strong></span> <span class='ocrx_word' id='word_1_743' title='bbox 2253 4738 2357 4792; x_wconf 90' lang='lat' dir='ltr'><strong>Leo</strong></span> <span class='ocrx_word' id='word_1_744' title='bbox 2391 4736 2754 4793; x_wconf 84' lang='lat' dir='ltr'><strong>Vercellensis.</strong></span> <span class='ocrx_word' id='word_1_745' title='bbox 2785 4769 2854 4779; x_wconf 95' lang='lat'><strong>—</strong></span> <span class='ocrx_word' id='word_1_746' title='bbox 2881 4737 3056 4794; x_wconf 90' lang='lat' dir='ltr'><strong>Simili</strong></span> <span class='ocrx_word' id='word_1_747' title='bbox 3094 4739 3296 4796; x_wconf 87' lang='lat' dir='ltr'><strong>invidia</strong></span> <span class='ocrx_word' id='word_1_748' title='bbox 3323 4752 3540 4809; x_wconf 77' lang='lat' dir='ltr'><strong>quoque</strong></span> 
     </span>
    </p>
   </div>
   <div class='ocr_carea' id='block_1_102' title="bbox 1956 4831 3538 4904">
    <p class='ocr_par' dir='ltr' id='par_1_102' title="bbox 1956 4831 3538 4904">
     <span class='ocr_line' id='line_1_102' title="bbox 1956 4831 3538 4904; baseline -0.004 -16"><span class='ocrx_word' id='word_1_749' title='bbox 1956 4833 2066 4888; x_wconf 90' lang='lat' dir='ltr'><strong>Leo</strong></span> <span class='ocrx_word' id='word_1_750' title='bbox 2125 4831 2487 4888; x_wconf 79' lang='lat' dir='ltr'><strong>Vercellensis</strong></span> <span class='ocrx_word' id='word_1_751' title='bbox 2551 4832 2842 4904; x_wconf 83' lang='lat' dir='ltr'><strong>episcopus</strong></span> <span class='ocrx_word' id='word_1_752' title='bbox 2904 4834 2973 4888; x_wconf 88' lang='lat' dir='ltr'><strong>ad</strong></span> <span class='ocrx_word' id='word_1_753' title='bbox 3038 4841 3194 4888; x_wconf 89' lang='lat' dir='ltr'><strong>actus</strong></span> <span class='ocrx_word' id='word_1_754' title='bbox 3251 4833 3538 4886; x_wconf 79' lang='lat' dir='ltr'><strong>universos</strong></span> 
     </span>
    </p>
   </div>
   <div class='ocr_carea' id='block_1_103' title="bbox 1957 4921 3538 4993">
    <p class='ocr_par' dir='ltr' id='par_1_103' title="bbox 1957 4921 3538 4993">
     <span class='ocr_line' id='line_1_103' title="bbox 1957 4921 3538 4993; baseline -0.006 -11"><span class='ocrx_word' id='word_1_755' title='bbox 1957 4927 2113 4982; x_wconf 91' lang='lat' dir='ltr'><strong>istius</strong></span> <span class='ocrx_word' id='word_1_756' title='bbox 2149 4924 2328 4980; x_wconf 89' lang='lat' dir='ltr'><strong>Patris</strong></span> <span class='ocrx_word' id='word_1_757' title='bbox 2373 4925 2660 4980; x_wconf 73' lang='lat' dir='ltr'><strong>exstiterat</strong></span> <span class='ocrx_word' id='word_1_758' title='bbox 2690 4925 2941 4979; x_wconf 86' lang='lat' dir='ltr'><strong>infestus.</strong></span> <span class='ocrx_word' id='word_1_759' title='bbox 2971 4924 3046 4977; x_wconf 90' lang='lat' dir='ltr'><strong>De</strong></span> <span class='ocrx_word' id='word_1_760' title='bbox 3071 4939 3181 4993; x_wconf 90' lang='lat' dir='ltr'><strong>quo</strong></span> <span class='ocrx_word' id='word_1_761' title='bbox 3211 4926 3375 4979; x_wconf 87' lang='lat' dir='ltr'><strong>etiam</strong></span> <span class='ocrx_word' id='word_1_762' title='bbox 3409 4921 3538 4974; x_wconf 86' lang='lat' dir='ltr'><strong>talia</strong></span> 
     </span>
    </p>
   </div>
   <div class='ocr_carea' id='block_1_104' title="bbox 1958 5013 3545 5087">
    <p class='ocr_par' dir='ltr' id='par_1_104' title="bbox 1958 5013 3545 5087">
     <span class='ocr_line' id='line_1_104' title="bbox 1958 5013 3545 5087; baseline -0.006 -14"><span class='ocrx_word' id='word_1_763' title='bbox 1958 5033 2185 5074; x_wconf 88' lang='lat' dir='ltr'><strong>narrare</strong></span> <span class='ocrx_word' id='word_1_764' title='bbox 2214 5017 2444 5071; x_wconf 90' lang='lat' dir='ltr'><strong>solitus:</strong></span> <span class='ocrx_word' id='word_1_765' title='bbox 2479 5033 2498 5066; x_wconf 80' lang='grc' dir='ltr'><strong>ι</strong></span> <span class='ocrx_word' id='word_1_766' title='bbox 2530 5014 2631 5068; x_wconf 85' lang='lat' dir='ltr'><strong>Hic</strong></span> <span class='ocrx_word' id='word_1_767' title='bbox 2661 5029 2790 5087; x_wconf 89' lang='lat' dir='ltr'><strong>ergo</strong></span> <span class='ocrx_word' id='word_1_768' title='bbox 2813 5013 3227 5070; x_wconf 87' lang='lat' dir='ltr'><strong>crudelissimus</strong></span> <span class='ocrx_word' id='word_1_769' title='bbox 3256 5015 3365 5068; x_wconf 88' lang='lat' dir='ltr'><strong>Leo</strong></span> <span class='ocrx_word' id='word_1_770' title='bbox 3399 5019 3545 5063; x_wconf 84' lang='lat' dir='ltr'><strong>totus</strong></span> 
     </span>
    </p>
   </div>
  </div>
