3992 5338
573 286 673 341 715

1543 285 1837 342 RODULFI
1875 286 2120 341 suam
2162 286 2462 344 MONAClll
2497 275 2829 347 cwnisc.‘

3704 289 3806 343 7Ιὸ

570 415 654 459 est
699 404 816 458 sine
862 402 1000 480 Deo,
1048 401 1196 470 quia,
1247 400 1292 455 si
1343 400 1530 454 fuisset
1580 400 1721 455 Deus
1750 416 1872 454 cum
1900 416 1987 466 eo,
2026 416 2147 469 qua:
2175 405 2219 462 Λ
2248 399 2504 465 diximus,
2530 403 2632 458 sub
2657 403 2894 473 ejusdem
2921 401 3214 474 patrocinio
3241 410 3349 455 tam
3387 398 3624 455 maxima
3646 415 3804 469 quam

570 494 716 549 illius
761 499 927 557 sunt,
976 499 1188 544 amaret
1238 505 1337 558 pro
1384 488 1495 551 illo.
1529 507 1546 540 ι
1604 488 1922 543 Allirmabat
1965 500 2145 543 autem

567 591 691 655 post
734 590 965 637 mortem
994 589 1051 636 et
1085 580 1415 637 aeternaliter
1456 581 1606 636 illum
1635 596 1755 637 esse
1790 582 2142 636 damnatum:

528 712 531 715 -
568 654 1010 728 manifestissime
1048 671 1310 740 siquidem
1351 671 1402 725 in
1435 669 1620 725 multis
1647 670 1864 736 claruit,
1886 668 2142 738 quoniam

567 760 820 830 quisquis
871 760 1021 814 illum
1074 760 1200 814 odio
1252 759 1463 824 habuit,
1521 758 1716 813 exinde
1762 773 1953 827 pcenas
2004 756 2140 813 luit:

565 851 755 916 sicuti,
783 850 903 919 vice
931 864 1110 911 versa,
1140 849 1184 903 si
1212 849 1333 917 quis
1365 848 1513 902 illum
1545 848 1749 915 dilexit,
1779 845 2082 909 mercedem
2111 860 2143 899 a

567 940 785 996 Christo
812 940 1053 1010 percepit
1085 939 1230 994 illius
1252 949 1474 994 auctore
1497 939 1822 993 sanctitatis.

633 1030 724 1084 24.
763 1028 964 1085 Prteest
1012 1030 1344 1089 monasteriis
1393 1028 1482 1089 40,
1528 1028 1802 1082 monachis
1865 1025 2020 1081 1200.
2074 1024 2142 1080 In

563 1120 667 1188 ﬁde
714 1117 980 1171 Cuillelmi
1017 1127 1286 1186 precantes
1338 1117 1715 1171 exaudmntur.
1767 1116 1942 1170 Rudes
1990 1117 2139 1170 docet

564 1226 733 1265 orare.
766 1208 931 1279 Ofﬁcii
961 1192 1123 1262 divini
1155 1225 1302 1262 cura.
1332 1208 1676 1263 —Fertilem
1718 1209 1879 1277 igitur
1906 1208 2138 1278 gratiam

563 1318 629 1362 ac
681 1302 821 1361 dona
876 1299 1149 1354 uberrima
1202 1314 1230 1352 a
1278 1298 1540 1355 bonorum
1593 1299 1832 1353 omnium
1883 1299 2140 1370 largitore

563 1391 723 1444 Pater
765 1390 868 1444 iste
906 1387 1271 1458 promeruisse
1316 1388 1725 1443 evidentissima
1773 1388 1975 1457 passim
2026 1388 2138 1442 cla—

564 1481 713 1544 ruit;
764 1478 856 1534 sed
900 1493 1023 1542 nos,
1071 1477 1289 1533 lectoris
1336 1478 1551 1533 taedium
1579 1487 1860 1545 caventes,
1908 1477 2138 1548 plurima

563 1568 776 1624 silentio
822 1568 1071 1638 tegimus.
1126 1567 1298 1622 Erant
1358 1583 1593 1635 namque
1643 1576 1749 1623 tam
1808 1569 2138 1624 monasteria

561 1673 721 1728 quam
753 1657 997 1713 coenobia
1038 1667 1202 1729 atque
1241 1658 1444 1714 cellulae
1489 1660 1882 1716 monachorum
1918 1661 2139 1716 circiter

562 1748 940 1820 quadraginta,
983 1764 1103 1820 quae
1143 1748 1285 1805 illius
1326 1750 1630 1819 patrocinio
1663 1759 1775 1805 tute
1809 1760 2131 1806 cunctorum

561 1840 828 1896 bonorum
866 1838 1154 1909 aflluebaut
1181 1841 1376 1913 cepiis,
1415 1840 1612 1897 fratres
1642 1855 1770 1897 vero
1798 1843 1853 1898 in
1882 1842 2013 1913 ipsis
2036 1843 2130 1897 de-

560 1941 752 2000 gentes
799 1931 988 2002 procul
1041 1931 1207 1987 dubio
1260 1932 1383 2001 plus
1437 1932 1583 1988 mille
1631 1932 1867 1988 ducenti.
1927 1918 2133 2001 Quibus

560 2024 743 2078 inerat
791 2022 926 2078 fides
984 2022 1372 2092 integerrima,
1433 2030 1494 2076 ut
1546 2022 1785 2093 quandiu
1839 2022 1895 2077 id
1941 2024 2133 2077 devote

560 2120 881 2167 exercerent
924 2112 1065 2182 quod
1105 2112 1173 2166 ab
1219 2113 1408 2167 eodem
1476 2111 1638 2187 Patre
1684 2112 2008 2178 didicerant,
2054 2111 2132 2167 nil

559 2200 746 2256 mundi
786 2199 949 2271 hujus
984 2199 1277 2256 formidare
1314 2202 1530 2266 debere,
1562 2210 1655 2256 aut
1689 2204 1988 2273 cuiuspiam
2019 2218 2131 2258 sua:

559 2291 807 2347 utilitatis
834 2293 911 2347 rei
942 2292 1289 2364 indigentiam
1339 2294 1473 2363 pati.
1521 2292 1578 2347 ld
1626 2293 1801 2362 ipsum
1845 2294 1988 2348 enim
2017 2293 2131 2373 suis

557 2382 855 2453 saepissime
915 2381 1222 2438 incnlcabat
1270 2398 1299 2436 a
1354 2382 1464 2437 Deo
1512 2397 1733 2453 sperare
1780 2391 1834 2438 et
1882 2385 2129 2450 credere,

554 2473 701 2542 quod
729 2473 895 2550 etiam
930 2472 1179 2543 plurimis
1214 2473 1513 2543 probavere
1546 2473 1955 2544 caperimentis.
1993 2473 2129 2528 Nam

558 2564 851 2634 aliquando
877 2579 975 2636 per
1002 2565 1213 2619 diversa
1239 2573 1503 2620 terrarum
1534 2576 1724 2622 euntes
1752 2566 1969 2629 itinera,
2000 2565 2128 2621 dum

555 2672 619 2709 ex
651 2667 877 2712 eventus
913 2656 1051 2711 faeie
1086 2657 1390 2726 perturbari
1422 2657 1741 2727 potuissent,
1768 2658 1949 2714 dicere
1970 2665 2129 2713 erant

556 2748 697 2801 soliti
730 2765 742 2801 ε
775 2748 1058 2814 «Domine,
1111 2750 1160 2803 in
1203 2750 1306 2803 fide
1344 2749 1515 2820 patris
1556 2750 1811 2805 Willelmi
1850 2750 1935 2805 fac
1972 2750 2128 2805 nobis

555 2836 699 2891 sicut
739 2837 839 2892 vis.
867 2856 885 2890 ι
930 2838 1037 2894 Nec
1064 2839 1203 2893 ullus
1245 2838 1454 2893 illorum
1505 2855 1742 2910 unquam
1786 2842 1890 2895 hoc
1937 2842 2127 2897 dicens

554 2943 655 2998 ope
673 2928 868 2982 caruit.
886 2928 1119 2983 Instituit
1141 2944 1353 2998 quoque
1381 2929 1799 2998 simplicioribus
1815 2928 1899 2985 vel
1921 2930 2125 2994 idiotis,

522 3037 584 3076 ,υ
627 3018 820 3073 εωευιο
871 3019 937 3072 ad
986 3034 1045 3073 se
1095 3019 1528 3089 confugientibus
1576 3018 1875 3085 fratribus,
1928 3021 2122 3075 orandi

2248 491 2459 545 minora
2507 492 2763 562 perplura
2809 493 3137 548 monasteria
3181 500 3343 560 atque
3380 491 3655 557 emnobia,
3693 507 3808 561 qua:

2242 577 2497 634 videlicet
2542 580 2658 649 ipse
2703 580 2883 636 omnia
2923 589 3018 634 aut
3057 596 3087 633 a
3120 579 3487 635 fundamentis
3536 581 3808 636 innovavit

2243 666 2326 719 vel
2387 667 2698 738 ampliando
2753 668 3084 725 honestavit.
3145 666 3282 721 Nam
3330 668 3509 723 sancti
3558 670 3809 739 martyris

2216 755 2486 828 ,Benigni,
2509 766 2569 812 ut
2588 758 2771 814 dicere
2792 757 3172 828 coapimus,cui
3188 756 3299 813 Deo
3318 766 3543 813 auctore
3562 759 3810 829 primitus

2241 858 2432 918 pastor
2488 848 2750 919 allegatus
2802 847 3023 915 fuerat,
3068 848 3349 904 basilicam
3401 848 3808 919 incomparabili

2240 951 2403 1006 opere
2434 951 2567 1006 pene
2600 936 2893 1007 expletam,
2912 937 3025 1008 jam
3050 939 3300 994 Brunone
3345 939 3626 1003 defuncto,
3658 939 3812 993 Lam.

2241 1026 2509 1095 bertoque
2541 1027 2592 1080 in
2620 1028 2748 1082 sede
2784 1028 2928 1082 illius
2957 1028 3273 1097 subrogato,
3299 1029 3505 1100 placuit
3536 1040 3597 1083 ut
3624 1032 3803 1084 eadem

2237 1115 2460 1172 basilica
2491 1117 2784 1185 pontificali
2809 1132 2875 1172 ex
2899 1133 3050 1174 more
3073 1119 3451 1175 benedictione
3476 1127 3804 1174 sacraretur.

2241 1204 2392 1260 Tunc
2432 1205 2663 1276 denique
2712 1209 2779 1262 ad
2828 1217 3012 1263 votum
3062 1209 3231 1279 ipsius
3278 1208 3468 1264 Patres
3515 1223 3810 1264 convenere

2240 1298 2328 1354 die
2355 1299 2637 1366 designato
2673 1314 2703 1355 e
2732 1299 2963 1355 diversis
2991 1302 3306 1370 provinciis,
3349 1316 3454 1356 non
3490 1301 3669 1355 solum
3699 1300 3808 1370 cpi-

2239 1389 2411 1459 scopi,
2459 1405 2645 1444 verum
2689 1391 2854 1445 etiam
2902 1406 3349 1461 quorumcunque
3390 1391 3647 1447 ordinum
3695 1406 3810 1460 pro-

2239 1479 2458 1534 miscua:
2498 1478 2668 1548 plebis
2703 1480 2985 1535 innumera
3031 1480 3333 1536 multitudo.
3381 1483 3513 1536 Erat
3550 1480 3696 1537 enim
3726 1497 3811 1535 au-

2242 1569 2413 1623 tumni
2459 1569 2575 1623 dies
2621 1570 2814 1625 tertius
2857 1568 3219 1625 Kalendarum
3251 1569 3662 1635 Novembrium,
3691 1580 3809 1623 ante

2238 1659 2492 1715 videlicet
2538 1659 2718 1714 natale
2765 1660 2937 1730 ipsius
2982 1660 3260 1731 martyris,
3288 1660 3378 1730 qui
3408 1662 3594 1715 omnia
3626 1661 3728 1715 rite
3749 1674 3809 1714 ac

2168 1737 2210 1796 Β
2239 1749 2574 1812 solemniter,
2611 1758 2669 1802 ut
2691 1750 2993 1806 condecens
3028 1760 3164 1818 erat,
3195 1750 3498 1822 explentes,
3543 1752 3809 1822 petierunt

2234 1838 2325 1908 qui
2380 1838 2605 1893 aderant
2657 1840 2914 1910 episcopi,
2967 1856 3031 1897 ac
3063 1841 3262 1912 quique
3314 1841 3553 1909 religiosi
3604 1851 3807 1913 patrem

2235 1927 2587 1993 Willelmum,
2619 1938 2679 1982 ut
2702 1928 2755 1983 in
2779 1929 2862 1982 die
2886 1937 3048 1984 tantae
3069 1931 3517 1995 consecrationis,
3550 1942 3662 1986 tam
3687 1932 3808 2001 ipsis

2234 2033 2394 2087 quam
2428 2019 2693 2074 universa:
2722 2019 2884 2089 plebi,
2916 2021 3059 2075 inter
3091 2035 3248 2076 sacra
3279 2022 3570 2077 missarum
3614 2024 3807 2078 solem-

2238 2109 2326 2163 nia
2383 2108 2550 2164 divini
2618 2109 3016 2182 eleemosynam
3072 2112 3407 2182 impenderet
3458 2115 3636 2168 verbi.
3690 2115 3800 2186 Ipse

2235 2218 2385 2267 vero,
2416 2212 2475 2257 ut
2501 2211 2619 2257 erat
2652 2203 2811 2259 bonis
2838 2205 3088 2259 omnibus
3117 2207 3441 2274 obsequens,
3488 2220 3658 2275 agere
3701 2221 3797 2261 non

2233 2292 2458 2356 distulit,
2493 2293 2587 2349 sed
2614 2303 2793 2349 mente
2818 2294 2929 2364 pia,
2959 2295 3120 2350 corde
3146 2294 3405 2361 contrito,
3436 2296 3591 2350 vultu
3616 2296 3801 2360 alacri,

2234 2382 2437 2453 Spiritu
2465 2390 2656 2438 sancto
2685 2382 2901 2453 plenus,
2933 2384 2984 2438 in
3028 2384 3143 2439 haec
3170 2385 3333 2439 verba
3380 2399 3505 2438 cum
3556 2384 3809 2456 lacrymis

2237 2475 2442 2545 erupit:
2465 2494 2482 2525 ι
2503 2474 2864 2540 Convenistis,
2899 2474 3094 2530 fratres
3115 2484 3167 2530 et
3202 2491 3439 2541 sorores,
3472 2491 3612 2547 grex
3641 2481 3806 2550 prttEo

2232 2561 2434 2618 Christi
2479 2563 2758 2635 sanguinis
2799 2564 3137 2634 redemptus;
3170 2566 3525 2632 convenistis,
3571 2568 3801 2636 inquam,

2231 2653 2298 2707 ad
2322 2652 2539 2722 nuptias
2560 2654 2728 2723 ipsius
2752 2668 2982 2724 sponsae,
3017 2656 3312 2724 matrisque
3338 2667 3540 2711 vestrae
3573 2658 3804 2712 cariestis

2233 2758 2299 2797 ac
2343 2744 2687 2813 sempiterna:
2727 2744 3004 2808 Ecclesiae,
3064 2762 3183 2817 qua:
3229 2747 3433 2803 idcirco
3483 2749 3801 2803 universalis

2230 2831 2450 2898 dicitur,
2479 2834 2738 2903 quoniam
2781 2851 2888 2890 non
2934 2833 3107 2890 solum
3139 2837 3282 2906 quod
3316 2837 3367 2890 in
3400 2852 3597 2891 omnes
3627 2838 3802 2892 nnmdi

2198 2922 2494 2977 'terminos
2536 2924 2813 2990 dilatatur,
2861 2924 2953 2980 sed
3009 2924 3170 2978 etiam
3220 2940 3316 2995 pro
3364 2941 3431 2980 eo
3475 2927 3624 2995 quod
3667 2927 3800 2979 nulla

2226 3012 2545 3071 immanitas
2588 3014 2877 3070 criminum
2916 3015 3058 3069 illius
3096 3026 3316 3085 superat
3342 3016 3409 3086 (si
3437 3025 3653 3071 tantum
3681 3017 3803 3071 fides

506 3174 511 3181 ,
554 3111 808 3174 formant,
846 3110 1084 3179 quinque
1126 3111 1355 3165 modulis
1398 3111 1625 3181 mystice
1659 3119 1996 3166 constantem
2024 3126 2038 3165 :
2065 3122 2127 3167 u‘.
2152 3085 2197 3147 (ἶ
2228 3106 2387 3179 adsit)
2432 3107 2574 3162 dona
2617 3106 3134 3162 misericordiarum.
3173 3107 3303 3174 Quae
3337 3108 3545 3163 scilicet
3579 3111 3803 3178 patriar-

554 3200 803 3253 viJelicet
830 3208 962 3268 quot
994 3200 1243 3255 sensibus
1275 3202 1494 3255 humani
1521 3203 1766 3271 corporis
1788 3201 1931 3256 Deus
1954 3200 2122 3256 offen-

552 3289 726 3354 ditur,
782 3289 1001 3344 totidem
1053 3306 1244 3345 vocum
1297 3291 1552 3347 clausulis
1589 3294 1655 3348 ad
1696 3294 2121 3349 misericordiam

504 3444 511 3451 θ
554 3385 852 3444 rogaretur.
898 3376 1028 3431 Erat
1070 3388 1248 3433 autem
1317 3381 1618 3451 hujusmodi
1648 3401 1661 3435 :
1695 3380 1914 3437 Domine
1969 3381 2120 3449 Iesu,

560 3462 665 3517 Rex
691 3465 792 3534 pie,
829 3464 934 3519 Rea:
959 3456 1199 3533 clemens,
1224 3469 1306 3538 pie
1337 3468 1495 3523 Deus.
1531 3470 1967 3540 Subjungehatur
1992 3489 2122 3529 vero

551 3553 792 3622 singulis,
835 3554 1096 3610 Miserere.
1133 3556 1541 3628 Supputabatnr
1570 3575 1801 3630 namque
1831 3560 2030 3627 taliter,
2064 3572 2123 3618 ut

503 3718 509 3725 _
550 3642 616 3707 si,
646 3644 794 3699 verbi
839 3647 1033 3715 gratia,
1078 3647 1131 3701 in
1163 3648 1742 3706 deccmnovennalibus
1770 3653 2120 3709 articulorum

542 3736 847 3804 juncturis,
891 3745 974 3791 ter
1021 3749 1077 3794 et
1114 3739 1403 3810 quinquies
1452 3740 1745 3798 identidem
1800 3743 2122 3799 revolvenda

549 3829 741 3883 devote
801 3829 1117 3898 diceretur,
1180 3831 1422 3902 psalterii
1481 3841 1589 3887 tota
1647 3833 1815 3889 series
1868 3844 2116 3890 mutuata

550 3918 968 3987 persolveretur.
1007 3919 1159 3976 Unde
1201 3922 1364 3978 etiam
1401 3938 1502 3992 pro
1540 3923 1795 3993 psalterio
1834 3926 1973 3995 apud
2002 3925 2121 3982 illus

550 4008 887 4077 habebatur,
936 4018 997 4064 ut
1046 4008 1209 4067 Pater
1253 4013 1458 4081 docuit,
1510 4024 1566 4070 et
1613 4017 2116 4087 cognominabatur.

547 4097 886 4155 Mortificatio
932 4115 1125 4171 nempe
1165 4103 1367 4170 carnis,
1399 4113 1453 4160 et
1489 4105 1720 4176 abjectio
1752 4108 2012 4178 corporis,
2054 4124 2119 4165 ac

547 4191 724 4247 vilitas
767 4194 1020 4260 vestium,
1057 4196 1410 4267 ciborumque
1455 4199 1773 4255 extremitas
1817 4186 1896 4254 vel
1938 4201 2118 4271 parci-

549 4281 751 4347 monia,
777 4283 830 4337 in
857 4298 1075 4339 suorum
1099 4285 1386 4351 universis,
1411 4303 1473 4342 ac
1499 4289 1541 4343 si
1566 4289 1902 4356 naturaliter,
1927 4291 2115 4362 viguit.

505 4450 510 4454 ~
548 4369 718 4438 Ipsius
743 4373 943 4428 etenim
974 4376 1241 4432 sermonis
1273 4376 1533 4433 habitudo
1570 4380 1849 4449 mqualiler
1886 4383 2115 4445 cunctis,

545 4468 705 4531 prout
760 4462 1073 4532 videbatur,
1128 4468 1181 4522 in
1224 4469 1397 4539 gratia
1450 4478 1569 4524 erat
1624 4472 1856 4526 condita.
1921 4473 2113 4529 Pietati

544 4552 760 4620 quidem
811 4562 867 4608 et
910 4556 1295 4613 misericordia:
1353 4559 1556 4630 expleri
1609 4563 1795 4631 nequit
1849 4574 2108 4634 quantum

544 4648 726 4716 aperis
780 4649 963 4704 dabat.
1013 4650 1145 4706 Cum
1205 4669 1452 4723 superna:
1509 4655 1810 4713 dulcedinis
1858 4670 2107 4728 nectare,

499 4737 843 4818 'artiflcialis
900 4740 1063 4795 etiam
1123 4740 1690 4814 musicze‘perdoctus
1750 4763 1812 4802 ac
1863 4760 2110 4819 comptus

543 4831 831 4898 dogmate,
892 4830 1151 4902 quidquid
1212 4835 1264 4890 in
1322 4837 1602 4906 psallendo
1653 4839 1837 4894 choris
1889 4856 2107 4896 suorum

502 4914 507 4919 ’
546 4920 896 4988 psallebatur,
935 4922 1022 4978 die
1057 4939 1122 4978 ac
1157 4935 1316 4982 nocte
1351 4936 1460 4982 tam
1496 4929 1551 4983 in
1599 4928 1912 5000 antiphonis
1948 4934 2111 5000 quam

543 5009 594 5061 in
619 5011 995 5079 responsoriis,
1011 5013 1094 5068 vel
1118 5013 1346 5086 hymnis,
1363 5018 1686 5087 corrigendo
1706 5027 1761 5074 et
1777 5020 2113 5076 emendando

498 5098 505 5106 '
544 5099 609 5152 ad
637 5109 842 5156 tantam
873 5104 1083 5160 derexit
1115 5108 1513 5175 rectitudinem,
1556 5120 1616 5165 ut
1644 5111 1803 5168 nullis
1832 5115 2112 5171 decentius

2146 4429 2196 4488 D

2225 3198 2451 3253 charum
2498 3198 2745 3269 mysticis
2785 3199 3105 3269 prtesignata
3161 3197 3369 3270 figuris,
3413 3200 3799 3269 prephetarum

2223 3297 2442 3344 ostensa
2470 3291 2772 3360 praasagiis,
2801 3290 3165 3360 apostolorum
3190 3291 3515 3344 auctoritate
3540 3305 3605 3345 ac
3627 3291 3800 3345 labore

2225 3388 2563 3445 constructa,
2611 3389 2666 3434 et
2704 3389 3003 3451 martyrum
3051 3379 3312 3449 sanguine
3356 3389 3713 3443 consecrata;
3750 3379 3799 3433 in

2194 3468 2328 3540 'qua
2358 3470 2525 3524 abluti
2565 3484 2629 3523 ac
2667 3470 2908 3525 renovati
2944 3486 2972 3524 a
3018 3469 3174 3539 culpa
3213 3469 3413 3525 veteris
3457 3471 3661 3541 piaculi
3704 3483 3796 3540 per

2224 3560 2478 3616 salutaris
2503 3559 2701 3614 undam
2727 3560 3087 3630 baptismatis,
3111 3560 3293 3631 sicque
3315 3560 3608 3617 induimini
3629 3564 3795 3633 prima

2194 3650 2199 3653 ’
2223 3652 2360 3707 stola
2389 3652 2642 3723 angelica:
2667 3652 3039 3718 beatitudinis,
3071 3667 3233 3723 quam
3259 3651 3521 3708 amisistis
3542 3654 3600 3709 in
3627 3664 3795 3710 trans-

2223 3744 2500 3815 gressione
2548 3744 2792 3814 parentis
2840 3740 2998 3813 primi
3048 3744 3236 3799 incolae
3283 3745 3546 3813 paradisi.
3600 3746 3795 3801 Deinde

2222 3848 2352 3888 vero
2380 3833 2539 3888 editis
2570 3847 2788 3889 carnem
2835 3847 2898 3887 ac
2937 3833 3137 3903 potatis
3166 3835 3482 3904 sanguinem
3514 3834 3661 3890 illius
3685 3851 3792 3889 om-

2221 3922 2515 3992 nipotentis
2547 3923 2706 3995 Agni,
2748 3923 2839 3994 qui
2866 3937 2964 3977 vos
2989 3938 3098 3993 pne
3127 3925 3337 3978 caeteris
3366 3925 3554 3979 mundi
3589 3934 3793 3980 creatu-

2196 4012 2300 4068 ‘ris
2339 4010 2579 4066 formans
2610 4021 2663 4067 et
2691 4012 2984 4079 redimens,
3034 4013 3233 4068 invicta
3270 4014 3612 4084 benignitate
3641 4014 3791 4085 elegit

2221 4103 2288 4157 ad
2339 4103 2422 4159 sui
2474 4112 2636 4172 atque
2677 4102 2855 4158 Patris
2907 4119 3163 4175 regnum,
3222 4104 3505 4173 sanctique
3563 4104 3791 4175 Spiritus

2221 4194 2447 4266 gloriam
2497 4194 2897 4266 possidendam,
2948 4198 3013 4252 ad
3059 4213 3245 4268 quam,
3281 4197 3647 4265 dilectissimi,
3676 4207 3788 4252 ten-

2221 4288 2349 4342 dere
2400 4301 2496 4341 vos
2545 4286 2746 4353 invito,
2809 4301 3028 4354 moneo,
3061 4288 3309 4352 obsecro,
3366 4303 3465 4358 per
3509 4288 3791 4344 charitatis

2222 4379 2429 4449 ignem,
2480 4388 2535 4435 et
2579 4379 2921 4446 humilitatis,
2965 4389 3128 4448 atque
3162 4380 3429 4435 castitatis
3478 4383 3787 4438 continuam

2220 4471 2541 4526 custodiam.
2592 4469 2861 4535 Gaudere,
2918 4471 3116 4540 inquit,
3168 4470 3486 4539 contigisset
3538 4472 3672 4527 mihi
3725 4487 3786 4526 ex

2219 4572 2414 4618 vestra:
2445 4562 2821 4617 unanimitatis
2850 4562 3134 4618 devotione
3158 4561 3315 4631 hujus
3344 4564 3789 4639 sanctificationis

2217 4670 2533 4719 concursus,
2562 4654 2654 4709 sed
2681 4654 2805 4723 quia
2831 4655 3030 4710 nimius
3051 4671 3250 4711 maeror
3279 4667 3515 4717 mentem
3541 4658 3788 4728 deprimit

2216 4761 2279 4801 ex
2319 4746 2490 4814 signis
2531 4745 2765 4811 Satanze,
2817 4760 2939 4815 qua:
2987 4744 3392 4800 evidentissime
3434 4757 3704 4816 apparent
3736 4747 3787 4800 in

2217 4837 2413 4907 populo
2465 4836 2559 4890 Dei
2601 4849 2616 4889 :
2658 4850 2790 4902 non,
2839 4835 3113 4907 inquiens,
3164 4836 3414 4906 aspicitis
3459 4839 3661 4907 quibus
3710 4847 3789 4893 est

2219 4928 2396 4984 adhuc
2426 4942 2579 4983 mens
2602 4927 2808 4993 sanior,
2844 4942 2964 4997 qua:
2993 4929 3243 5001 scissum
3267 4936 3322 4983 et
3351 4929 3789 4986 detruncationes

2217 5017 2448 5071 vestium
2503 5017 2894 5073 rabidissimze?
2930 5033 3049 5087 quae
3093 5027 3388 5074 attonsum:
3425 5034 3523 5089 per
3551 5022 3789 5076 cervices

2217 5102 2491 5160 virorum?
2537 5120 2700 5174 quam
2739 5107 2912 5176 turpis
2944 5108 2997 5161 in
3028 5106 3199 5162 barba
3248 5108 3559 5179 ohripilatio
3597 5110 3789 5165 tnaxiL

2219 5190 2425 5212 Ι-Α--μ-ο
2463 5208 2517 5212 -κγ
2804 5196 2836 5211 ,0
2904 5197 2916 5209 Ι
3297 5200 3309 5210 ι
3668 5208 3677 5211 _
3710 5202 3722 5211 α
