3992 5338
198 305 318 362 717

1269 318 1356 373 DE
1397 315 1555 373 VITA
1597 316 1656 371 ὃ.
1697 310 2072 372 αυηωωιι
2111 314 2362 373 DIVION.

3353 319 3459 375 7l8

185 437 493 479 emersere.
544 423 754 484 Exinde
796 443 1013 502 quoque
1063 432 1284 505 pullulat
1335 433 1485 487 radix
1535 432 1773 487 omnium
1805 434 1852 490 Α
1882 434 2156 504 Jussitquc
2186 436 2298 489 suis
2320 432 2560 489 velocius
2587 432 2853 488 infelicem
2888 432 3055 497 illum,
3084 446 3242 503 quem
3270 450 3463 491 cerne-

186 515 466 571 malorum
490 520 762 588 superbia,
788 531 1212 595 ceterorumque
1233 525 1486 579 vitiorum
1513 523 1767 579 fomenta.

184 607 377 677 Atque
400 625 499 666 vos
530 612 628 680 ipsi
658 613 913 682 iudicate,
944 617 987 673 si
1027 633 1131 673 non
1180 619 1348 689 ipsius
1391 616 1574 671 famuli
1618 617 1770 684 estis,

184 701 351 770 cujus
383 702 616 773 insignia
654 715 709 759 et
751 708 1003 764 stiomata
1035 710 1087 766 in
1119 710 1520 782 vobismetipsis
1560 709 1771 782 geritis.

184 790 330 847 Nam
379 804 437 848 et
484 810 570 849 me
615 800 775 867 pudet
826 801 1008 856 dicere
1063 803 1189 858 dum
1235 803 1465 875 pmnitet
1521 804 1773 871 reticere,

182 885 453 953 quoniam
510 891 873 959 exspectastis
925 892 1264 949 dulcedinem
1323 895 1518 961 vcrhi,
1576 903 1630 950 et
1674 909 1775 968 ego

181 976 427 1049 propino
477 979 626 1035 vobis
677 983 1005 1053 generaliter
1051 987 1465 1043 amaritudinem
1514 988 1775 1058 redargu-

182 1073 378 1130 tionis.
436 1072 629 1130 Moneo
678 1076 844 1131 etiam
906 1062 1097 1146 illum,
1145 1080 1189 1134 si
1240 1081 1364 1151 quis
1415 1089 1501 1136 est
1554 1079 1607 1134 in
1663 1088 1776 1134 tota

182 1166 291 1223 hac
316 1166 500 1237 plebe,
531 1169 621 1238 qui
658 1168 742 1223 vel
781 1169 1023 1240 quinque
1077 1171 1309 1237 solidos,
1361 1188 1454 1227 seu
1500 1172 1775 1243 quippiam

181 1260 260 1338 ad.
276 1260 446 1331 hujus
478 1262 651 1317 sancti
690 1263 946 1334 martyris
969 1264 1165 1319 obtulit
1193 1282 1298 1319 rem
1319 1264 1627 1320 lificandam
1653 1281 1773 1318 mu-

180 1351 338 1406 neris
383 1353 695 1418 ecclesiam,
740 1369 903 1425 quam
935 1370 1050 1426 pra:
1092 1356 1267 1412 oculis
1310 1356 1551 1421 habetis,
1592 1373 1775 1412 coram

180 1442 407 1497 cunctis
427 1445 679 1498 referat.)
700 1444 837 1499 Dum
864 1462 993 1517 ergo
1018 1462 1125 1501 non
1151 1447 1484 1502 inveniretur
1509 1447 1775 1518 quispiam

184 1533 398 1604 aliquid
444 1536 754 1615 contulisse,
809 1555 1000 1595 rursus
1056 1539 1173 1594 ait:
1220 1559 1250 1592 -σ
1285 1538 1478 1595 Videte
1507 1581 1524 1605 ,
1581 1538 1778 1594 fratres

182 1627 578 1694 amantissimi,
624 1629 769 1686 inter
807 1646 946 1701 quas
977 1632 1161 1703 spinas
1190 1641 1351 1701 atque
1379 1632 1627 1687 incendia
1652 1647 1779 1702 pes-

180 1716 455 1772 simorum
496 1719 613 1775 haec
661 1720 783 1775 aula
832 1722 1226 1794 omnipotentis
1261 1723 1354 1778 Dei
1384 1739 1479 1792 per
1508 1723 1665 1778 fidem
1696 1722 1779 1777 sui

110 1849 114 1853 ‹
181 1812 344 1867 testis
395 1812 655 1884 Benigni,
708 1814 777 1869 ad
826 1830 991 1886 quam
1037 1815 1301 1887 elegantia
1352 1816 1614 1881 excrevit,
1660 1816 1777 1886 ipso

182 1911 541 1973 cooperante,
593 1902 832 1976 fastigia.
875 1904 1013 1962 Volo
1054 1922 1174 1973 vos,
1226 1907 1271 1963 si
1317 1908 1513 1977 placet,
1563 1908 1780 1963 assidue

183 2007 308 2049 esse
357 2009 635 2052 memores
672 2011 836 2067 quam
878 1996 1035 2053 velox
1082 1998 1377 2069 unicuique
1400 1999 1470 2054 sit
1496 1999 1781 2053 mundana:

184 2101 335 2143 cum
357 2094 415 2142 et
442 2090 758 2146 ambitionis
786 2091 1072 2163 depositio.
1100 2092 1333 2164 Pr0pter
1357 2095 1499 2163 quod
1529 2094 1778 2158 obsecro,

185 2192 311 2233 cum
344 2179 521 2235 nostri
572 2182 813 2237 auctoris
844 2182 1117 2253 adjutorio
1141 2185 1376 2240 resistite
1407 2185 1555 2240 vitiis
1585 2194 1639 2239 et
1662 2200 1779 2237 ma-

187 2269 337 2341 .igno
369 2271 622 2337 diabolo;
656 2274 889 2331 virtutes
934 2291 1152 2347 quoque
1194 2277 1488 2347 prteclaras
1520 2276 1782 2331 assumite

188 2371 246 2419 et
265 2362 464 2429 colite;
495 2365 887 2437 benignissimo
906 2366 1019 2422 Deo
1041 2366 1320 2423 Conditori
1347 2384 1410 2423 ac
1432 2366 1781 2436 Redemptori

188 2464 379 2511 vestro
418 2456 471 2511 in
511 2458 726 2513 cunctis
774 2457 1028 2514 obaudite
1056 2499 1071 2525 ,
1120 2459 1211 2528 qui
1237 2475 1333 2514 vos
1380 2473 1478 2528 per
1530 2457 1686 2511 fidem
1726 2462 1784 2511 et

190 2544 477 2601 orationes
504 2561 567 2601 ac
592 2546 789 2601 merita
811 2548 1054 2603 omnium
1084 2547 1322 2603 fidelium
1345 2562 1564 2601 suorum
1595 2547 1784 2617 dignos

192 2634 366 2692 faciat
407 2637 789 2693 introducendi
836 2654 960 2694 cum
1001 2639 1083 2695 eis
1127 2639 1182 2694 in
1228 2640 1576 2708 sempiternm
1601 2638 1786 2708 glorias

193 2740 466 2797 regnum,
523 2740 621 2797 per
689 2727 875 2785 Jesum
937 2728 1213 2785 Christum
1278 2730 1532 2785 dilectum
1589 2728 1784 2783 Filium

193 2833 378 2876 suum.
404 2841 422 2872 ι
463 2824 715 2893 Dumque
753 2824 844 2879 ille
875 2824 956 2881 ita
988 2832 1319 2895 perorasset,
1362 2840 1427 2879 ac
1466 2838 1787 2894 responsum

194 2913 263 2968 ab
305 2913 569 2970 omnibus
606 2913 817 2978 fuisset,
856 2916 1059 2981 Amen,
1106 2918 1198 2986 qui
1240 2916 1527 2990 singultus,
1570 2925 1788 2987 quantae

194 3004 478 3079 lacrymoz,
524 3008 615 3079 qui
665 3009 900 3079 gemitus
943 3024 1044 3081 per
1085 3019 1252 3065 totam
1289 3012 1590 3082 agebantur
1617 3010 1791 3065 eccle-

194 3100 358 3165 siam,
383 3101 615 3171 exprimi
649 3118 757 3157 non
786 3102 949 3158 valet.
979 3101 1350 3174 Omnibusque
1380 3103 1482 3157 rite
1512 3101 1785 3172 perfectis,

1876 528 2008 582 bant
2032 540 2063 581 e
2097 527 2249 583 trabe
2284 528 2535 596 pendere,
2561 528 2673 599 jam
2700 529 2961 600 rigentem
2992 528 3263 598 deponere
3293 547 3306 583 :
3345 536 3460 599 ipse

1874 635 2007 675 vero
2039 629 2151 676 toto
2190 628 2498 691 prostratus
2541 606 2769 693 corpore
2810 622 3042 677 orationi
3085 621 3349 678 incubuit.
3390 621 3463 678 At

1872 712 1955 768 illi
1985 713 2262 769 solventes
2287 713 2404 767 lora
2436 720 2631 781 guttur
2661 712 2808 768 illius
2836 713 3128 779 arctantia,
3155 714 3463 769 exauimisi

1878 814 2080 859 terram
2130 804 2348 860 cecidit.
2401 803 2471 858 At
2519 819 2678 875 quem
2723 804 2988 860 accedens
3028 804 3113 859 vir
3148 805 3288 875 pius,
3337 805 3460 860 ait:

1870 890 1904 948 ἰ
1940 896 2135 970 Surge,
2177 896 2373 967 inquit,
2402 895 2662 951 Dominus
2692 896 2943 967 imperat.
2976 916 2994 949 ι
3023 895 3143 966 ipse
3173 912 3305 952 vero
3332 910 3463 968 ape-

1879 990 2026 1045 riens
2046 988 2232 1045 oculos
2253 987 2429 1044 erexit
2452 1001 2530 1051 se,
2555 987 2828 1042 admirans
2854 986 3009 1042 valde
3032 988 3132 1042 sibi
3156 1001 3461 1058 superesse.

1879 1082 1982 1149 Qui
2012 1098 2134 1136 cum
2166 1081 2285 1137 viro
2313 1080 2407 1136 Dei
2450 1079 2752 1151 egrediens,
2794 1080 3191 1135 exsultantibus
3230 1078 3463 1146 cunctis,

1880 1177 1946 1230 ad
1992 1174 2378 1229 monasterium
2409 1172 2592 1243 plures
2632 1180 2818 1242 postea
2863 1171 2999 1225 vixit
3039 1187 3229 1227 annos.
3269 1172 3464 1226 Multos

1881 1281 2076 1337 nempe
2104 1267 2173 1322 ab
2201 1265 2507 1336 huiusmodi
2533 1264 2757 1336 patibuli
2789 1264 3085 1333 suspendio
3116 1280 3180 1319 ac
3209 1280 3340 1322 nece
3367 1282 3465 1336 per

1881 1357 2123 1413 diversas
2173 1357 2483 1427 provincias
2530 1365 2638 1411 tam
2687 1356 2996 1411 interventu
3046 1371 3209 1426 quam
3254 1357 3465 1412 redem-

1881 1449 2084 1522 ptionis
2109 1448 2285 1521 pretio
2315 1448 2567 1505 liberavit

1952 1546 2047 1602 27.
2090 1545 2234 1601 Mitis
2283 1546 2336 1601 in
2382 1546 2653 1602 exactione
2704 1545 2987 1600 redituum.
3044 1545 3267 1600 Auctori
3310 1533 3468 1616 hujus

1892 1635 2025 1690 Viue
2059 1624 2293 1708 apparet.
2326 1667 2390 1680 —-
2435 1634 2568 1689 Nam
2611 1645 2665 1690 et
2712 1634 2972 1703 fratribus
3016 1636 3471 1717 monasteriorum

1884 1729 2204 1786 utilitatibus
2229 1728 2537 1799 prmpositis
2568 1727 2696 1783 illud
2729 1728 2924 1799 saepius
2953 1728 3285 1794 inculcabat,
3322 1738 3381 1783 ut
3412 1728 3468 1783 in

1886 1822 2170 1878 exactione
2242 1821 2342 1877 sibi
2401 1821 2817 1877 commissorum
2873 1820 3053 1877 forent
3101 1820 3348 1890 providi,
3402 1836 3472 1876 ne

1881 1911 2022 1966 forte
2070 1910 2234 1968 nimis
2273 1920 2466 1967 tenues
2495 1926 2593 1982 pro
2632 1926 2828 1966 census
2866 1911 3042 1967 reditu
3081 1911 3470 1983 amigerentur.

1881 2002 2104 2058 Dicebat
2149 2006 2294 2058 enim
2346 2016 2403 2059 se
2447 2002 2619 2072 magis
2662 2001 2801 2057 velle
2849 2001 3034 2071 largiri
3082 2002 3260 2073 egenti
3307 2018 3472 2075 quam

1880 2098 2098 2168 exigere
2126 2096 2402 2167 quidpiam
2433 2097 2502 2152 ab
2548 2096 2839 2167 indigente.
2873 2094 3069 2149 Itinera
3102 2109 3319 2169 quoque
3352 2092 3474 2163 ejus

1882 2204 1978 2259 per
2012 2190 2260 2244 civitates
2287 2196 2343 2243 et
2383 2188 2553 2251 vicos,
2582 2202 2675 2243 seu
2708 2201 2969 2256 quorsum
3006 2186 3253 2249 haberet,
3282 2186 3473 2257 ingens

1882 2292 2177 2349 pauperum
2211 2285 2377 2346 atque
2404 2276 2739 2330 infirmorum
2776 2275 2930 2329 turba
2972 2288 3467 2345 praeoccupaverat.

1882 2369 1953 2422 At
1984 2368 2098 2438 ipse
2128 2366 2368 2422 liberalis
2396 2375 2451 2421 et
2482 2364 2664 2436 largus
2695 2362 3084 2420 beneficiorum
3109 2372 3226 2419 erat
3253 2363 3474 2419 univcr-

1883 2474 2067 2514 sorum
2113 2457 2406 2529 impensor.
2447 2455 2870 2512 Dcsiderahatur
2902 2454 3045 2510 enim
3088 2452 3157 2509 ab
3183 2455 3330 2510 omni
3374 2455 3475 2533 hn-

1885 2549 2091 2604 minum
2142 2548 2338 2604 ordine
2388 2547 2474 2603 vel
2521 2562 2652 2603 sexu
2709 2547 2878 2617 ipsius
2925 2547 3249 2617 praesentia,
3310 2534 3476 2603 sicuti

1884 2641 2047 2695 unius
2074 2656 2106 2696 e
2134 2640 2462 2709 patriarchis
2487 2649 2578 2695 aut
2608 2640 2870 2710 apostolis
2912 2639 3150 2695 Domini.
3199 2637 3475 2708 Aliquanti

1886 2732 2050 2787 etiam
2100 2732 2411 2788 referebant
2459 2732 2608 2787 illum
2656 2732 2755 2786 sibi
2801 2747 2898 2802 per
2938 2733 3115 2788 visum
3159 2731 3212 2786 in
3269 2729 3478 2787 somnis

1888 2824 2224 2892 apparuisse,
2259 2839 2425 2893 seque
2454 2824 2520 2878 de
2548 2822 2732 2894 pravis
2760 2823 2971 2878 actibus
3004 2822 3364 2893 redarguisse.
3392 2820 3480 2874 vel

1888 2914 2164 2969 monuisse
2194 2914 2313 2968 illos
2342 2915 2406 2969 de
2432 2914 2704 2969 communi
2735 2914 3041 2967 animarum
3071 2913 3267 2969 saiute.
3302 2932 3321 2965 ‹
3374 2912 3479 2968 Te-

1890 3015 2005 3059 stor
2032 3020 2156 3075 ego,
2188 3005 2431 3072 inquam,
2466 3006 2636 3074 ipsius
2665 3021 2729 3060 ac
2750 3005 3011 3060 virtutum
3041 3013 3268 3060 matrem
3296 3004 3479 3058 chari-

1894 3103 2081 3160 tatem,
2115 3094 2371 3164 quoniam
2401 3095 2671 3164 qitomlam
2704 3109 2949 3149 meorum
2978 3093 3149 3163 culpis
3179 3093 3478 3148 facinorum

195 3205 322 3247 cum
376 3153 576 3261 gaudio
627 3194 831 3264 quique
879 3194 1092 3250 rediere
1140 3194 1208 3248 ad
1250 3153 1633 3264 propr-imrEx
1695 3193 1789 3249 illo
1815 3153 1862 3218 C
1893 3183 2152 3251 offensus,
2192 3194 2253 3238 ut
2282 3184 2424 3239 sensi
2460 3184 2608 3238 illum
2642 3184 2707 3238 ad
2742 3186 2933 3239 horam
2975 3182 3355 3244 amat-iculum,
3388 3196 3477 3237 sc-

195 3286 402 3342 etenim
438 3286 526 3342 die
568 3280 622 3342 in
663 3287 854 3343 eadem
896 3288 1149 3354 basilica,
1195 3287 1467 3357 praecipue
1503 3287 1570 3341 ad
1615 3295 1792 3341 tumu-

198 3377 311 3433 lum
343 3378 570 3451 gloriosi
596 3383 875 3454 martyris,
922 3380 1080 3437 facta!
1111 3390 1239 3436 sunt
1272 3379 1791 3436 multimodaaeura-

199 3468 385 3524 tiones
413 3470 756 3525 diversarum
792 3471 1196 3534 intirmilatum,
1224 3485 1348 3540 qua:
1368 3469 1533 3524 etiam
1556 3469 1626 3524 ob
1655 3469 1793 3523 mul-

200 3560 545 3631 tiplicitatem
591 3562 759 3619 scribi
802 3572 1098 3634 nequeunt.
1126 3550 1259 3619 'Sed
1305 3570 1363 3617 et
1410 3562 1454 3617 si
1500 3561 1624 3631 quis
1667 3576 1791 3617 cum

204 3649 308 3706 fide
333 3649 497 3721 plena
528 3652 630 3707 sibi
657 3652 957 3723 deposcens
996 3667 1335 3722 quaecunque
1380 3650 1560 3717 utilia,
1610 3651 1794 3721 procul
1846 3701 1862 3719 ,

203 3743 371 3799 dubio
397 3745 740 3814 adipiscitur,
774 3746 818 3799 si
851 3745 974 3801 talis
999 3746 1074 3800 sit
1094 3753 1154 3801 ut
1177 3754 1555 3818 promereatur
1580 3755 1797 3802 sancto-

201 3852 322 3892 rum
347 3839 564 3894 meritis
588 3848 644 3894 et
669 3838 1031 3894 orationibus.

270 3926 370 3983 26.
416 3928 720 3984 Willclmus
773 3928 1046 3984 miraculis
1096 3928 1279 3984 claret.
1331 3929 1502 3983 Morte
1556 3930 1795 3998 punitum

200 4020 450 4075 suscitat.
479 4053 547 4063 -—
576 4021 689 4077 Nec
719 4022 1160 4093 pmtercundum
1195 4022 1354 4076 nobis
1402 4022 1616 4075 videtur
1652 4020 1796 4090 quod

204 4109 333 4166 dum
363 4108 544 4185 Patris
574 4110 834 4167 Willelmi
862 4111 1100 4181 alloquio
1124 4110 1279 4165 multi
1311 4109 1511 4165 fuerint
1536 4110 1590 4165 in
1616 4116 1798 4163 mente

203 4200 468 4268 recreati,
493 4201 677 4273 plures
706 4202 871 4257 etiam
913 4202 967 4257 in
997 4217 1232 4272 corpore
1263 4209 1409 4257 tactu
1445 4200 1685 4272 ejusdem
1717 4214 1800 4256 re-

203 4290 527 4364 dintegrati,
570 4293 822 4350 oratione
866 4294 1175 4357 refocillati,
1222 4292 1534 4349 visitatione
1581 4293 1798 4349 confor-

205 4384 327 4448 tati,
349 4398 418 4438 ac
439 4383 819 4439 benedictione
838 4382 1038 4439 firmati
1058 4400 1073 4446 ;
1096 4391 1154 4438 et
1174 4383 1428 4453 quamvis
1454 4398 1595 4438 nunc
1618 4382 1797 4438 minus

1892 3278 2033 3333 cessi
2064 3277 2118 3332 in
2149 3277 2295 3331 aliud
2326 3277 2629 3332 cmuobium
2664 3278 2834 3348 ipsius
2875 3276 3066 3332 ditioni
3103 3275 3325 3330 minime
3354 3275 3481 3329 sub~

1895 3367 2091 3432 ditum;
2136 3386 2155 3419 ι
2189 3366 2427 3437 dumque
2473 3367 2582 3421 illic
2611 3367 2889 3437 degerem,
2929 3365 3168 3421 astitisse
3210 3362 3343 3418 mihi
3374 3378 3479 3418 una

1894 3466 2059 3514 nocte
2099 3456 2250 3513 visus
2295 3466 2378 3512 cst
2414 3467 2633 3527 aspectu
2681 3456 2915 3527 placido,
2960 3470 3025 3510 ac
3072 3469 3234 3509 manu
3284 3452 3482 3523 injecta

1895 3554 2059 3621 caput
2097 3549 2229 3605 mihi
2259 3549 2570 3605 demulcens
2603 3549 2780 3603 aichat
2806 3566 2821 3604 :
2874 3566 2893 3599 ι
2923 3547 3071 3617 Rogo
3115 3560 3182 3599 ne
3211 3560 3297 3600 mc
3328 3546 3485 3600 dese-

1896 3657 1988 3698 ras
2017 3641 2131 3713 (37)
2161 3642 2204 3696 si
2235 3658 2339 3695 non
2366 3650 2416 3695 te
2444 3655 2629 3695 amare
2655 3640 2896 3711 fingebas
2926 3657 2937 3693 :
2970 3638 3101 3707 quin
3125 3636 3307 3706 potius
3327 3651 3485 3692 excr-

1897 3747 2022 3790 cere
2063 3743 2116 3789 te
2139 3734 2299 3803 cupio
2328 3748 2449 3804 quae
2477 3731 2829 3802 promiseras.
2862 3750 2880 3782 ι
2910 3729 3086 3800 Ipsius
3113 3742 3347 3797 namque
3383 3727 3486 3780 im-

1894 3825 2048 3895 perio
2079 3825 2313 3879 maxima
2339 3822 2452 3893 jam
2483 3840 2546 3878 ev
2574 3831 2731 3892 parte
2760 3829 3080 3877 eventorum
3112 3828 3275 3887 atque
3302 3816 3485 3886 prodi-

1895 3915 2129 3986 giorum,
2162 3931 2283 3985 qua:
2312 3914 2456 3969 circa
2490 3923 2544 3968 ct
2575 3911 2716 3966 infra
2747 3910 3014 3965 inearnati
3058 3908 3355 3963 Salvatoris
3384 3920 3487 3960 ειη-ο

1895 3992 2027 4061 num
2044 4007 2320 4077 contigere
2341 4005 2708 4068 millesimum,
2728 4001 3143 4070 descripseram.
3167 3999 3298 4067 Quzc
3319 3999 3484 4053 etiam

1897 4114 2060 4153 causa
2093 4098 2159 4152 ad
2189 4112 2428 4169 praesens
2452 4110 2588 4165 opus
2632 4107 2719 4147 me
2760 4092 3020 4161 compulit
3049 4088 3323 4145 inﬂectere
3352 4089 3486 4143 arti-

1897 4189 2099 4244 culum.
2139 4186 2347 4242 ldcirco
2392 4200 2579 4241 omnes
2624 4183 2831 4254 pariter
2876 4197 2974 4238 oro
3016 4195 3084 4237 ne
3124 4188 3345 4252 propter
3382 4178 3487 4235 hoc

1896 4282 2269 4355 prmiudicium
2296 4280 2363 4336 de
2390 4295 2478 4335 me
2505 4278 2619 4333 liat.
2980 4286 2984 4291 '

1965 4378 2056 4434 ‘28.
2109 4377 2357 4431 Omnium
2396 4391 2520 4445 ergo
2571 4389 2689 4429 eum
2738 4370 3042 4427 reverentia.
3084 4398 3156 4410 -—
3198 4365 3486 4422 Beatitudo

186 4473 459 4529 'audiatur
501 4474 644 4544 quod
692 4473 822 4529 olim
870 4473 1077 4545 Christi
1122 4474 1450 4546 sequacibus
1498 4472 1619 4528 usui
1668 4471 1790 4539 fuit,
1822 4510 1874 4571 D
1899 4474 2063 4545 igitur
2088 4469 2270 4525 eximii
2296 4467 2491 4571 Patris
2520 4464 2781 4522 Willelmi
2810 4477 2922 4571 Jan:
2956 4462 3490 4571 ad‘tanta‘i‘n'excrc-

205 4565 474 4622 suscitare
520 4576 826 4635 mortuum,
868 4584 1039 4639 pauca
1083 4576 1266 4623 tamen
1310 4567 1378 4623 de
1426 4565 1691 4637 pluribus,
1734 4571 1796 4619 ut

207 4660 386 4716 testati
411 4675 620 4723 sumus,
650 4676 771 4732 quas
799 4661 1061 4735 Dominus
1085 4676 1183 4732 per
1207 4661 1372 4716 istum
1403 4669 1660 4728 operatus
1687 4665 1791 4723 est,

207 4750 471 4809 dicemus.
498 4753 813 4809 Revertenti
838 4769 1071 4822 namque
1098 4753 1173 4808 illi
1196 4752 1469 4821 quondam
1494 4766 1524 4804 a
1546 4751 1795 4806 coenobio

207 4844 385 4899 sancti
410 4844 642 4899 Viventii
667 4844 1021 4912 confessoris,
1053 4859 1175 4898 eum
1196 4841 1310 4911 jam
1334 4842 1797 4912 appropinquaret

208 4937 380 4991 sancti
403 4934 629 5007 Benigni
652 4938 1005 5001 monasterio,
1033 4937 1251 4993 obviam
1281 4934 1471 4989 habuit
1496 4935 1794 5004 promiscui

209 5026 355 5098 vulgi
389 5027 602 5082 turbam
633 5028 981 5097 plangentcm
1012 5043 1075 5083 ac
1121 5024 1472 5095 repedantem
1522 5040 1554 5079 a
1586 5032 1798 5095 specta-

213 5116 329 5144 -.I‘n.
361 5117 634 5144 Αιιεωηιιιιαρ
893 5116 962 5144 ηεξ

1014 5116 1263 5144 ..2.ιη1ἕηη1
1302 5127 1367 5144 Av
1398 5113 1635 5144 ΛῖηολΑιυ.
1681 5129 1772 5144 ’.Α-

1898 4572 2053 4621 vcrat
2092 4559 2489 4624 excellentiam,
2530 4566 2592 4613 ut
2637 4563 2860 4613 cunctas
2898 4554 3034 4609 Latii
3081 4567 3145 4607 ac
3187 4548 3489 4605 Galliarum

1899 4658 2210 4730 provincias
2233 4653 2403 4724 ipsius
2429 4667 2581 4707 amor
2604 4665 2668 4705 ac
2691 4646 2969 4704 veneratio
2996 4639 3489 4730 penetraret.iNam

1902 4729 2060 4821 reges
2092 4755 2151 4803 ut
2192 4755 2427 4815 patrem,
2458 4740 2743 4811 pontifices
2779 4748 2838 4792 ut
2878 4736 3220 4809 magistrum,
3265 4729 3492 4784 ahbatcs

1902 4848 1957 4897 et
1985 4837 2237 4896 monachi
2270 4844 2330 4890 ut
2362 4830 2768 4903 archangelum,
2801 4842 2992 4882 omnes
3022 4825 3074 4878 in
3115 4834 3402 4874 commune
3434 4829 3499 4875 ut

1905 4931 2001 4988 Dei
2030 4929 2267 4986 amicum
2299 4938 2517 4993 sumque
2555 4928 2945 4993 praeceptorem
2976 4911 3165 4970 salutis
3196 4908 3497 4966 habebant.

1903 5025 2036 5095 Quis
2065 5021 2215 5079 enim
2257 5031 2496 5087 unquam
2544 5014 2684 5068 alius
2712 5016 2912 5081 praeter
2952 4998 3508 5095 eumvenetieorum

1904 5085 2117 5144 ἶηηηη..
2166 5108 2220 5144 :n
2253 5085 2362 5144 ιηηζ
2394 5104 2564 5144 ςιιηῐρει
2599 5095 2977 5144 familiaritate.
3006 5087 3230 5144 habuit?
3255 5085 3520 5144 Exagge-
