3992 5338
548 156 652 214 ’119

1703 151 1995 208 SEIFRIDI
2032 150 2324 208 ABBATIS
2359 149 2705 208 TEGERNS.

3711 144 3818 201 ’ἴω

549 256 771 299 manere
817 242 1005 298 suasit.
1051 241 1202 310 Quod
1245 241 1408 297 etiam
1464 240 1530 295 de
1575 240 1759 298 multis
1804 241 1997 298 similis
2044 242 2122 298 rei
2155 252 2201 311 Α
2231 241 2378 298 illum
2423 242 2564 298 itura
2590 243 2657 299 de
2698 239 2917 298 vasculo
2951 239 3154 310 carnis,
3187 240 3241 296 in
3293 254 3391 296 sua
3425 239 3598 311 gloria
3648 239 3818 295 Deum

544 337 722 407 gratia
752 334 1023 405 cognitum
1057 336 1288 389 habetur
1317 334 1530 390 fecisse.

616 426 704 480 99.
729 425 813 479 Ex
834 424 997 479 Italia
1012 428 1065 478 in
1081 423 1310 480 Galliam
1329 426 1513 480 redux.
1531 425 1625 481 Pie
1642 427 1746 481 abit
1768 425 2135 482 Fisramni.—-—

464 518 467 523 ’
541 514 662 570 Jam
688 529 816 570 vero
839 514 890 569 in
913 513 1008 569 Dei
1030 529 1196 584 opere
1216 515 1386 587 magis
1407 516 1655 572 assiduus
1675 533 1833 588 quam
1857 516 2134 588 frequens,

535 622 669 661 cum
692 615 836 662 esset
862 604 1089 661 initalia
1114 622 1276 661 suum
1305 608 1525 663 biennio
1539 607 1861 679 praestolans
1886 624 1916 663 a
1940 607 2137 663 sacculo

547 710 852 759 excessum,
879 695 972 751 sed
1003 710 1184 750 rerum
1212 697 1707 766 opportunitatibus
1728 697 1924 752 exinde
1946 712 2138 753 evoca-

534 794 650 849 tus,
674 786 959 858 aegerrime
980 795 1160 841 tamen
1181 788 1246 841 ad
1267 786 1469 842 Callias
1494 788 1769 843 remeavit.
1789 787 2030 859 Cumque
2051 805 2138 846 re-

545 877 755 931 visendi
783 876 1047 932 charitate
1072 888 1299 933 cunctos
1326 878 1621 935 Gorzicnse
1662 894 1830 949 usque
1859 889 2137 936 monaste-

545 970 709 1033 rium,
742 985 772 1023 a
796 982 858 1024 se
903 968 1031 1024 olim
1057 983 1179 1024 cum
1219 969 1432 1025 caeteris
1473 970 1540 1024 ad
1578 971 1821 1042 regulare
1863 972 2137 1040 specimen

546 1059 902 1116 reformatum
931 1062 1254 1123 devenisset.
1291 1076 1411 1132 quae
1439 1072 1758 1131 supererant
1789 1063 2019 1119 invisere
2041 1079 2137 1118 cu-

544 1152 707 1209 ravit.
722 1153 926 1209 Dehinc
938 1155 1004 1209 ad
1017 1155 1463 1224 praenomiuatum
1479 1154 1623 1210 venit
1640 1155 2140 1217 Fiscamnum.Post

544 1244 754 1315 aliquot
781 1260 912 1302 vero
948 1246 1158 1301 dierum
1196 1246 1412 1301 acribus
1445 1245 1612 1315 erepit
1646 1246 1921 1301 doloribus
1951 1245 2134 1318 afﬂigi.

545 1334 667 1392 Jam
710 1338 909 1409 quippe
946 1338 1263 1393 imminente
1299 1337 1646 1394 solemnitate
1688 1336 1999 1393 Nativitatis
2033 1337 2139 1393 Do-

545 1428 784 1494 minicze,
809 1443 1156 1500 praenoscens
1198 1444 1308 1485 suae
1341 1445 1371 1484 a
1398 1428 1616 1485 Christo
1638 1429 1941 1484 vocationis
1970 1429 2134 1495 diem,

549 1519 863 1576 convocatis
907 1520 976 1576 ad
1023 1536 1084 1577 se
1126 1518 1415 1584 fratribus,
1458 1518 1768 1574 deliberans
1814 1534 2000 1574 coram
2054 1520 2136 1575 eis

2234 332 2553 401 majestatis.
2598 334 2755 388 Auno
2796 334 2961 402 igitur
3003 332 3244 403 ejusdem
3284 332 3598 388 Nativitatis
3640 331 3821 386 Domi-

2234 424 2371 479 uicae
2413 424 2571 490 1051,
2601 422 2896 479 indictione
2943 439 3055 489 xw,
3089 439 3122 479 a
3167 423 3453 480 nativitate
3477 437 3701 494 quoque
3743 421 3821 493 ip-

2235 515 2347 571 sius
2374 514 2554 571 Patris
2583 530 2647 570 ac
2676 516 2768 571 Dei
2798 515 3025 572 cultoris
3054 532 3184 581 Lxx,
3226 526 3282 571 et
3321 516 3395 587 ab.
3414 516 3651 571 adventu
3681 512 3822 569 illius

2235 607 2302 661 ad
2329 605 2534 662 Gallias
2559 606 2627 664 de
2664 606 2817 673 italia
2844 623 2956 675 xu,
2985 616 3244 680 regnante
3272 605 3526 663 Conrado
3588 606 3824 676 impera-

2235 703 2372 763 tore,
2403 696 2717 766 ingFrancia
2750 698 3104 753 nihilominus
3134 697 3372 754 Roberto
3403 712 3554 768 rege,
3586 698 3678 753 die
3720 698 3821 753 Do.

2236 787 2449 842 miuierr.
2499 786 2948 844 Circumcisionis
2993 788 3314 854 venerabili,
3366 797 3530 859 atque
3579 786 3820 855 ejusdem

2236 880 2539 935 nativitatis
2567 891 2784 947 octavo,
2821 898 2872 936 vi
2915 880 3074 951 feria,
3113 897 3291 947 mane,
3322 883 3449 936 dum
3490 894 3695 957 aurora
3742 895 3823 935 stt-

2235 975 2597 1044 pervenientis
2636 975 2742 1030 diei
2770 975 2993 1045 pelleret
3019 975 3291 1041 tenebras,
3330 989 3362 1028 e
3408 973 3614 1027 mundo
3645 982 3820 1025 trans-

2238 1065 2336 1120 ivit
2381 1080 2412 1120 a
2444 1074 2634 1120 sancto
2674 1064 2831 1120 istius
2869 1065 2960 1120 Dei
2996 1064 3157 1120 amici
3198 1079 3425 1134 corpore
3465 1062 3653 1117 anima
3705 1059 3821 1116 felix

2238 1166 2293 1213 et
2313 1157 2492 1225 beata,
2522 1157 2741 1213 lucerna
2772 1158 3023 1213 videlicet
3045 1157 3213 1221 orbis,
3249 1157 3314 1211 ad
3338 1159 3735 1226 semp-tertiam
3764 1166 3825 1208 ac

2239 1248 2489 1304 deificam
2519 1248 2719 1314 lucem,
2756 1250 2869 1304 suis
2913 1249 3239 1320 lugentibus,
3277 1248 3373 1303 sed
3405 1246 3618 1318 angelis
3644 1246 3827 1299 laetan-

2238 1339 2404 1404 tibus,
2430 1354 2549 1394 cum
2577 1340 2775 1409 quibus
2803 1339 3033 1395 laudans
3069 1354 3135 1393 ac
3170 1337 3529 1409 magnificans
3555 1334 3826 1392 benedicit

2237 1427 2431 1494 Deum,
2470 1429 2523 1483 in
2551 1444 2660 1499 quo
2691 1430 2820 1484 vivit
2851 1430 3110 1499 quidquid
3140 1426 3288 1498 juste
3317 1428 3594 1483 subsistit.
3641 1426 3827 1498 Sepul—

2239 1527 2351 1573 tum
2381 1534 2618 1588 namque
2653 1527 2737 1574 cst
2782 1534 2997 1575 sacrum
3030 1518 3177 1572 illius
3212 1530 3410 1588 corpus
3438 1514 3750 1571 honorifice
3776 1514 3825 1569 in

536 1608 775 1679 provide
807 1622 872 1665 ac
919 1608 1196 1678 sapienter
1239 1608 1305 1663 de
1335 1608 1547 1663 cunctis
1577 1623 1696 1678 quae
1723 1607 1891 1677 ipsius
1934 1608 2131 1665 inuite-
2168 1602 2207 1660 Β
2241 1610 2450 1681 gremio
2484 1609 2724 1680 ejusdem
2773 1620 2974 1666 sach
3017 1608 3301 1665 Trinitatis
3336 1607 3587 1664 ecclesiae
3617 1607 3673 1661 in
3705 1621 3829 1661 cono

534 1698 750 1754 'hantur
791 1700 1116 1769 patrocinio,
1161 1699 1291 1770 quid
1332 1700 1417 1755 vel
1452 1700 1691 1771 qualiter
1737 1701 2003 1772 agendum
2035 1717 2129 1757 seu

547 1791 910 1846 ordinandum
962 1790 1129 1855 foret,
1184 1791 1373 1862 sicque
1421 1791 1721 1858 universis,
1772 1791 2135 1862 praesentibus

544 1880 707 1936 simul
740 1890 798 1937 et
839 1881 1171 1946 absentibus,
1225 1898 1321 1937 sua
1350 1882 1727 1938 benedictione
1769 1881 2022 1950 firmatis,
2066 1897 2134 1939 ac

534 1973 661 2028 Deo
702 1973 1031 2040 commissis,
1063 1974 1290 2045 expetiit
1323 1974 1428 2030 sibi
1459 1975 1576 2029 dari
1621 1975 1860 2030 salutare
1890 1991 1957 2031 ac
1997 1975 2137 2031 vivi-

540 2065 709 2118 ‘licum
764 2076 1153 2119 commeatum.
1206 2064 1555 2136 Expletisque
1616 2065 1952 2122 solemnibus
2008 2066 2137 2124 totis

548 2162 673 2208 octo
699 2152 930 2221 dierum,
974 2154 1050 2209 nil
1076 2155 1299 2210 omnino
1328 2155 1576 2226 loquens,
1606 2157 1793 2213 oculos
1826 2166 2035 2214 tantum
2068 2159 2137 2215 ad

545 2246 717 2300 Deum
743 2246 980 2317 erigens,
1006 2246 1090 2301 illi
1115 2246 1215 2302 soli
1245 2247 1549 2314 intendens,
1576 2248 1726 2304 illum
1752 2249 1927 2306 solum
1954 2258 2136 2305 mente

545 2336 871 2407 respiciens;
890 2336 1120 2409 jamque
1147 2338 1446 2397 asniciebat
1472 2339 1603 2396 felix
1625 2341 1825 2405 anima,
1857 2342 2038 2397 subito
2066 2341 2136 2398 ad

2244 1710 2433 1772 specta
2463 1702 2707 1756 euntium
2732 1715 2795 1756 ac
2827 1700 3167 1756 redeuntium
3201 1698 3450 1763 fratrum,
3489 1705 3552 1752 ut
3586 1695 3829 1766 quotidie

2238 1797 2504 1867 siquidem
2536 1812 2649 1867 prae
2695 1794 2866 1851 oculis
2916 1794 3234 1850 imitabilem
3281 1793 3550 1849 haberent
3590 1788 3828 1850 Patrem,

2237 1901 2397 1959 quem
2436 1887 2503 1942 ad
2530 1895 2794 1942 aeternam
2815 1885 3042 1955 justiti-ae
3067 1885 3373 1940 mercedem
3402 1881 3653 1937 habuere
3684 1878 3831 1935 insti-

2238 1986 2505 2044 tutorem,
2544 1977 2821 2048 ipsiusque
2851 1977 3060 2032 meritis
3095 1985 3150 2032 et
3177 1975 3431 2047 precibus
3457 1973 3686 2029 valeant
3711 1986 3828 2043 per-

2241 2068 2427 2139 cipere
2456 2076 2674 2124 aeternae
2697 2068 2822 2124 vitae
2848 2084 3097 2139 regnum,
3129 2077 3183 2123 et
3212 2067 3438 2138 gloriam
3466 2081 3597 2120 cum
3630 2062 3832 2119 sanctis

2242 2161 2514 2235 omnibus,
2554 2161 2792 2217 donante
2833 2160 3061 2216 Domino
3100 2157 3225 2214 Jesu
3258 2157 3478 2213 Christo
3526 2153 3831 2217 Sulvatore,

2244 2252 2336 2321 qui
2370 2266 2494 2307 eum
2519 2252 2631 2306 Deo
2660 2251 2822 2306 Patre
2846 2259 2900 2305 et
2948 2249 3151 2321 Spiritu
3184 2258 3375 2305 sancto
3402 2246 3540 2301 vivit
3567 2253 3626 2301 et
3652 2250 3835 2314 regnat

2241 2356 2342 2413 per
2368 2342 2693 2399 immortalia
2723 2342 3041 2399 saeculorum
3070 2341 3284 2396 sarcula.
3317 2341 3492 2393 Amen

1791 2645 1962 2689 ANNO
2006 2643 2238 2689 DOMINI
2281 2642 2560 2689 MXLVIH.

1690 2815 2686 2977 SEIFRIDUS

1243 3102 1550 3185 ABBAS
1609 3098 2248 3182 MONASTERII
2302 3095 3166 3178 TEGERNSEENSIS.

1448 3390 1748 3505 SEIF
1765 3390 2061 3506 RIDI
2145 3383 2930 3502 EPISTOLZE.

879 3593 1072 3683 r(Ap-tul
1098 3609 1225 3677 Pez,
1247 3607 1425 3681 (Iader
1462 3607 2089 3686 diplomﬂicorhiﬂw'izs
2100 3606 2434 3685 «epistolaris,
2461 3605 2565 3667 eoi.
2590 3588 2722 3669 2’36.
2751 3609 3007 3666 Thesauri
3029 3613 3214 3669 anccd.
3242 3620 3371 3670 tom.
3404 3613 3499 3685 γ.)

1043 3884 1379 3944 EPISTOLA
1417 3883 1652 3941 PRIMA.

1033 3996 1102 4036 ΔΙ)
1140 3995 1435 4037 EPISCOPU!
1477 3996 1532 4035 Ν.
1577 4019 1592 4034 .
1634 4018 1650 4033 ο

554 4076 699 4131 Duos
757 4090 785 4130 ι
840 4072 951 4130 suis
1013 4071 1267 4143 fratribus
1300 4071 1507 4143 mittit,
1564 4080 1612 4126 et
1669 4087 1821 4126 suum
1861 4071 2142 4126 adventum

1199 4142 1492 4212 pollicetur.

626 4253 1026 4326 Specialissimo
1067 4252 1267 4309 seniori
1304 4252 1346 4322 -ι-
1367 4293 1383 4319 ,
1411 4251 1614 4308 nostris
1641 4252 1977 4324 temporibus
2000 4268 2137 4307 cun-

531 4335 660 4400 ctis
696 4343 1007 4399 hominibus
1058 4343 1350 4399 sanctitate
1401 4353 1458 4398 et
1500 4342 1710 4414 justilia
1745 4343 2137 4407 cxcelleutiori,

553 4439 595 4509 ιδ·
620 4436 830 4492 abbatis
853 4435 1116 4492 vocabulo
1144 4435 1392 4491 addictus
1425 4435 1540 4491 solo
1582 4424 1821 4499 nomine,
1867 4451 1969 4489 una
2015 4448 2137 4490 cum

557 4527 816 4598 subjectis
869 4536 980 4584 toto
1041 4527 1207 4584 corde
1250 4536 1306 4583 et
1340 4541 1436 4583 ore
1486 4539 1723 4597 perenne
1785 4525 2039 4597 gaudium
2083 4524 2138 4579 iu

556 4629 789 4690 utroque
828 4617 1069 4674 homine.

629 4711 986 4777 Omnimodis,
1030 4708 1465 4765 reverentissime
1507 4706 1685 4772 Pater,
1720 4723 1817 4779 par
1842 4720 1963 4763 esse
2000 4705 2137 4772 scio,

555 4804 634 4860 uti
662 4804 819 4862 vobis
852 4802 1033 4860 servili
1076 4799 1425 4857 famulamine
1471 4799 1741 4864 obediam,
1785 4798 1961 4869 quoad
1991 4798 2134 4852 vivo.

556 4895 670 4952 lloc
694 4911 845 4961 vero,
870 4902 1028 4966 prout
1076 4908 1234 4966 posse
1264 4892 1476 4964 adjacet
1500 4892 1652 4956 mihi,
1677 4890 2023 4948 devotissime
2052 4899 2136 4946 to-

559 4991 628 5043 tis
676 4988 920 5056 corporis
973 4985 1184 5041 nisibus
1241 4985 1400 5056 cupio
1448 4982 1763 5053 adimplere.
1819 4981 1927 5037 Sed
1980 4980 2138 5036 doleo

557 5076 700 5146 quod
729 5094 833 5133 non
885 5078 1211 5149 condignum
1260 5076 1570 5144 beneficiis,
1622 5089 1756 5130 meae
1797 5072 2052 5143 parvitati
2104 5087 2138 5126 a

560 5174 737 5220 vestra
773 5167 1094 5224 celsitudine
1140 5183 1282 5239 saepe
1317 5167 1547 5233 collatis,
1596 5165 1805 5220 valeam
1854 5163 2133 5218 exhibere.

2168 3890 2213 3952 (ζ
2245 3882 2477 3947 deficiat,
2511 3892 2691 3941 tamen
2722 3872 2782 3941 in
2820 3894 3115 3956 conspectu
3162 3896 3346 3943 vestro
3384 3902 3564 3957 aeque,
3599 3904 3699 3945 ceu
3740 3904 3824 3947 eo-

2249 3987 2362 4026 ram
2411 3973 2540 4038 Deo,
2569 3974 2695 4044 quia
2724 3975 2977 4031 voluntas
3002 3991 3120 4031 mea
3156 3977 3293 4031 bona
3326 3974 3585 4033 sufﬁciat.
3617 3978 3732 4048 Qua
3765 3979 3826 4035 de

2244 4079 2303 4117 re
2333 4063 2671 4120 voluntarius
2697 4066 2851 4129 duos,
2882 4082 3018 4136 quos
3041 4067 3302 4137 jussistis,
3328 4068 3485 4123 vobis
3506 4069 3689 4142 dirigo
3721 4070 3827 4140 fra-

2245 4161 2354 4211 tres
2398 4169 2569 4219 meos,
2619 4165 2673 4210 et
2701 4158 2770 4211 ob
2801 4155 3174 4212 indissolubile
3223 4157 3367 4212 inter
3411 4173 3512 4213 nos
3554 4160 3825 4213 vinculum

2249 4242 2537 4300 claaritatis
2565 4245 2727 4299 vestri
2754 4245 2922 4300 solius
2952 4245 3283 4300 famulamini
3315 4245 3546 4316 solijicio
3572 4262 3690 4301 eos.

2310 4337 2478 4407 Igitur
2518 4346 2738 4408 prepter
2776 4338 3010 4393 cmnobii
3056 4338 3162 4393 mei
3195 4337 3612 4403 desolationem,
3663 4328 3821 4394 etiam

2240 4431 2285 4486 si
2319 4430 2502 4486 senior
2545 4440 2730 4485 noster
2755 4432 3053 4502 imperator
3073 4446 3333 4502 meusque
3354 4433 3453 4488 sibi
3487 4434 3559 4489 ad
3592 4436 3826 4491 servien-

2244 4523 2372 4578 dum
2420 4523 2541 4578 illos
2566 4522 2782 4593 juberet
2817 4524 3054 4588 mittere,
3104 4540 3201 4595 pro
3252 4535 3403 4581 certo
3451 4511 3853 4597 comperisset,'

2239 4628 2345 4675 me,
2378 4611 2508 4667 licet
2561 4627 2666 4666 nou
2724 4613 2843 4668 sine
2889 4613 3130 4684 periculo
3170 4629 3310 4680 meo,
3348 4615 3451 4670 hoc
3503 4624 3826 4685 praeceptam

2238 4703 2478 4775 ejusdem
2518 4704 2959 4774 praetermittere.
2988 4703 3186 4758 Fateor
3209 4705 3352 4758 enim
3381 4705 3437 4759 in
3464 4707 3675 4760 trutina
3710 4702 3846 4759 cor-'

2240 4794 2322 4849 dis
2368 4794 2494 4858 mei,
2551 4794 3013 4864 praeponderando
3062 4799 3308 4848 vestrum
3361 4810 3634 4861 amorem,
3690 4794 3828 4850 illius

2238 4881 2456 4937 vincere
2496 4883 2763 4937 timorem.
2799 4882 2913 4938 llac
2953 4898 3048 4954 pro
3076 4899 3237 4938 causa
3275 4884 3435 4940 unice
3455 4892 3695 4941 vestram
3723 4885 3829 4955 pie-

2242 4980 2403 5027 tatem
2433 4971 2614 5042 ﬂagito
2662 4987 2759 5043 per
2802 4974 3141 5029 verissimam
3188 4972 3374 5038 fidem,
3428 4990 3536 5045 qua
3584 4975 3828 5030 Christus

2239 5062 2485 5132 replevit,
2514 5071 2567 5117 et
2594 5077 2714 5132 qua:
2759 5065 2826 5118 ad
2864 5065 3108 5119 notitiam
3161 5067 3407 5121 omnium
3443 5067 3686 5123 fidelium
3714 5067 3829 5120 luce

2240 5154 2438 5209 clarius
2470 5154 2707 5221 inolevit,
2754 5164 3020 5224 quatenus
3062 5163 3292 5224 paterno
3335 5154 3537 5211 affectu
3588 5157 3709 5211 illos
3754 5155 3831 5209 fo-

560 5253 826 5333 Spiritalis
852 5268 1031 5315 autem
1059 5260 1364 5314 serviminis
1411 5258 1593 5312 munia
1642 5256 1797 5310 vobis
1827 5254 2136 5324 impendere

2241 5246 2432 5310 vealis,
2468 5253 2630 5314 atque
2658 5254 2718 5300 ut
2748 5245 3013 5302 citissime
3040 5246 3290 5311 valeatis,
3321 5261 3447 5301 cum
3486 5248 3684 5318 gaudio
3712 5261 3831 5302 ωεο
