3992 5338
240 187 335 243 791

1671 185 2028 243 εριδτοιδ

3399 195 3503 251 7'22

231 297 440 351 vultum
470 295 670 352 videre.
719 295 829 352 Hoc
859 312 1010 368 ergo,
1063 297 1170 351 vita
1222 299 1375 351 nobis
1422 298 1637 379 comite,
1693 297 1820 350 dum
1847 300 1897 360 Α
1925 299 2122 367 spicere
2171 301 2277 353 noli
2302 341 2315 364 ,
2350 319 2515 372 neque
2553 304 2810 375 fatiget-is,
2861 307 2982 360 dum
3035 309 3100 362 ab
3147 325 3206 361 eo
3242 326 3498 379 urgueris.

226 387 556 453 quantocius
584 386 844 456 perlicere
875 387 1059 456 quibo,
1098 387 1525 457 gratulabundus
1553 374 1650 441 vos
1679 385 1818 441 facie

224 476 290 530 ad
324 475 528 532 faciem
555 476 771 532 visurus
801 477 978 532 adibo.

817 611 1147 670 EPISTOLA
1184 612 1251 670 ll.

755 741 822 780 AD
860 741 931 780 W.
981 741 1290 781 EPISCOPL’I.

225 816 467 871 Exn-sat
507 817 790 891 longiorem
830 835 1028 873 moram
1068 837 1282 872 suorum
1321 820 1377 874 in
1415 828 1676 876 certorum
1728 837 1816 876 co-

712 890 886 942 dicum
940 892 1331 959 perscriptionc.
1449 895 1460 908 “

295 977 507 1032 Domno
561 977 799 1048 pontiﬁci
857 979 947 1034 W.
1011 981 1252 1034 oumium
1300 978 1495 1049 jubare
1549 981 1812 1037 virtutum

219 1065 448 1136 fulgenti
492 1069 814 1139 cunctisque
859 1068 913 1122 in
961 1071 1120 1125 domo
1161 1071 1372 1125 Domini
1415 1072 1604 1141 positis
1641 1072 1813 1126 instar

219 1160 354 1214 solis
376 1159 607 1226 lucenti,
633 1160 692 1218 S.
739 1162 831 1216 Dei
866 1162 1038 1233 gratia
1090 1163 1143 1218 in
1172 1163 1550 1233 Tegrinseensi
1583 1165 1812 1235 collegio

218 1250 398 1306 ollicio
451 1251 637 1307 fruens
682 1251 918 1317 abbatis,
961 1269 1066 1307 una
1123 1269 1245 1308 cum
1299 1254 1559 1324 subjectis
1608 1253 1812 1324 jugiter

218 1341 431 1395 orando
496 1342 549 1396 in
582 1351 811 1413 utroque
854 1343 1072 1399 homine
1108 1343 1362 1414 perennis
1389 1343 1585 1416 gaudia
1633 1343 1807 1398 fclici-

219 1433 370 1485 tatis.
789 1488 797 1495 ,

290 1525 513 1578 Testem
557 1523 723 1578 Deum
753 1540 966 1589 invoco,
1004 1525 1203 1595 prazsul
1245 1526 1610 1592 dilectissime,
1641 1525 1802 1596 quod,

217 1613 462 1681 quandiu
523 1613 672 1679 vivo,
730 1630 946 1683 semper
1003 1615 1156 1670 vobis
1214 1616 1501 1685 omnigena
1543 1616 1804 1670 servitute

1921 390 2109 444 Adhuc
2153 407 2385 462 namque
2425 396 2567 450 inter
2611 413 2759 465 spem
2807 411 2861 452 et
2907 409 3108 452 uictum
3141 401 3367 468 positus,
3405 417 3500 470 pro

1919 487 2221 537 vestrarum
2244 499 2423 538 rerum
2455 495 2596 541 statu
2650 488 2793 544 hunc
2833 489 3049 544 brevem
3075 492 3228 546 vobis
3257 493 3498 559 mittens,

1918 578 2206 634 veritatem
2241 595 2570 653 cognoscere
2602 585 2760 654 cupio
2803 587 3082 656 praesentis
3114 587 3273 657 legati
3305 589 3497 644 relatu.

1917 666 2141 739 Egomet
2175 670 2288 740 ipse
2317 672 2572 728 nimirum
2604 689 2712 729 non
2749 673 3023 730 dill‘crrem
3069 693 3163 732 vos
3200 679 3401 745 videre,
3453 673 3537 735 si’

1917 760 2134 831 aliquod
2176 762 2462 819 cbaritatis
2510 765 2704 834 pignus
2761 776 2953 823 vestras
3001 769 3230 825 almitati
3283 787 3500 840 possem

1914 855 2178 925 prabere,
2203 865 2258 910 et
2290 857 2393 913 nisi
2422 873 2521 928 pro
2557 858 2876 915 :edilicando
2919 861 2977 917 S.
3011 863 3217 929 Quirini
3250 864 3500 919 coenobio

1914 961 2088 1001 essem
2117 958 2428 1017 occupatus,
2461 958 2646 1018 atque,
2678 959 2737 1006 ut
2761 953 2915 1008 vobis
2953 964 3137 1009 notmn
3165 965 3268 1024 est,
3311 957 3504 1012 nimie-

1915 1048 2024 1093 tate
2053 1041 2386 1110 paupertatis
2415 1041 2654 1111 undique
2679 1043 3139 1102 circumvallatos.

2466 1151 2799 1208 EPISTOLA
2839 1153 2924 1208 IV.

2281 1258 2349 1298 AD
2393 1259 2663 1298 ιιεΝκιοωι
2711 1260 2902 1299 ΙὶιΡΕΙιΛ
2914 1262 3114 1300 τοῐιεη.

1912 1331 2071 1388 Illum
2122 1342 2280 1410 rogat
2318 1343 2365 1410 et
2411 1334 2700 1410 obtestatur
2738 1353 2799 1389 ne
2844 1338 3219 1410 mormsterium
3271 1337 3497 1410 Τενθρηδ-

1979 1420 2154 1457 servire
2184 1403 2280 1456 ulli
2322 1404 2374 1457 in
2413 1404 2716 1472 beneﬁcium
2759 1408 3030 1471 concedat,
3078 1410 3130 1462 ni
3169 1403 3368 1462 omnicf
3402 1428 3496 1464 seu

1978 1474 2252 1528 industrio:
2287 1491 2377 1528 seu
2403 1475 2610 1544 pietatis
2643 1492 2797 1544 opera
2826 1477 2942 1530 velit
2983 1482 3210 1534 diruere.

1977 1583 2335 1640 lnvictissimo
2382 1584 2752 1641 Romanorum
2790 1587 3098 1658 imperatori
3142 1590 3382 1663 Angusto
3428 1592 3493 1648 ll.

227 1666 249 1681 η
379 1666 387 1668 ἡ
659 1666 672 1679 .
851 1666 933 1683 ,η
1018 1666 1152 1670 πη-

215 1700 478 1754 {utnulari
505 1701 689 1772 cupio,
718 1704 959 1756 omnium
1007 1703 1288 1758 hominum
1320 1706 1683 1760 devotissime.
1720 1707 1789 1757 Ac

1909 1678 2130 1748 speciali
2158 1678 2417 1732 virtutmn
2463 1678 2767 1734 diademate
2795 1695 2901 1748 pra:
2931 1680 3054 1735 liliis
3087 1683 3357 1736 hominum
3399 1697 3491 1737 ve-

214 1791 330 1844 hrec
363 1791 528 1845 etiam
561 1807 681 1846 cum
717 1792 973 1848 fratribus
1005 1794 1137 1848 meis
1168 1803 1281 1850 toto
1307 1795 1486 1849 cordis
1515 1795 1800 1850 conamine

213 1879 588 1934 indesinenter
631 1881 892 1951 deprecor
924 1882 1087 1936 Deum
1120 1898 1216 1954 pro
1261 1883 1433 1938 salute
1460 1883 1624 1937 vestri
1673 1899 1798 1938 cur-

211 1969 362 2037 poris
418 1977 474 2022 et
525 1968 739 2023 animat.
822 1970 1104 2041 Magnifica
1167 1973 1327 2042 igitur
1380 1987 1627 2040 munera,
1681 1989 1800 2044 qua:

212 2058 532 2127 frequenter
551 2061 874 2116 exhibuistls
921 2074 1109 2118 sancto
1137 2066 1382 2132 Quirino,
1411 2069 1626 2135 penitus
1651 2083 1801 2122 eom-

211 2149 588 2206 monel‘aciunt
618 2167 716 2207 nos
745 2152 961 2208 Christo
993 2156 1294 2225 supplicare
1325 2173 1422 2226 pro
1446 2159 1623 2223 vobis,
1655 2159 1800 2213 velut

215 2239 522 2294 memoriali
552 2240 752 2295 divino.
796 2241 993 2298 Verum
1041 2245 1356 2316 suppliciter
1396 2248 1578 2319 llagito
1609 2258 1800 2304 vestra:

209 2329 592 2386 excellentiam
632 2333 908 2397 bonitatis,
954 2351 1022 2390 ne
1047 2336 1280 2407 aliquam
1312 2340 1508 2394 mentis
1545 2339 1798 2395 offensio-

210 2436 336 2474 nem
365 2431 559 2477 contra
591 2439 768 2478 meum
797 2427 1102 2481 coenobium
1126 2429 1328 2498 geratis
1353 2447 1566 2486 moroso
1596 2441 1799 2500 tempo-

212 2511 289 2564 ris
325 2511 636 2567 intervallo.
677 2514 809 2569 Inibi
854 2532 959 2570 non
993 2527 1118 2572 sunt
1151 2519 1328 2576 adhuc
1356 2521 1638 2592 perscripti
1676 2523 1796 2577 libri

209 2617 346 2669 quos
372 2603 752 2672 postulabatis.
786 2604 983 2661 Sedula
1027 2624 1158 2678 ergo
1195 2609 1303 2665 illic
1348 2614 1675 2681 permutatio
1702 2613 1798 2666 ab-

209 2695 422 2759 batum,
450 2711 554 2752 nec
597 2713 703 2751 non
733 2714 828 2768 pro
853 2699 1084 2756 diversis
1113 2703 1410 2759 scribendis
1438 2704 1798 2759 voluminibus

209 2785 556 2854 imperatoris
611 2797 925 2844 tttamtatum
994 2792 1148 2847 valde
1205 2793 1502 2864 impediunt
1559 2796 1795 2849 votivum

209 2875 367 2931 vobis
419 2877 475 2931 in
526 2879 886 2936 ministrando
939 2881 1266 2940 desiderium
1323 2885 1632 2941 eorumdem
1681 2885 1795 2940 ira-

207 2975 376 3020 trum.

783 3062 1116 3121 EPISTOLA
1153 3064 1237 3120 ΙΙΙ.

206 3165 274 3204 ΑΒ
314 3168 628 3209 Ρυιυεκεωι
679 3171 1075 3222 ΔΒΒΔΤΕΙ,.υτ
1123 3173 1390 3220 νιυετωι.
1439 3175 1786 3216 “’lDE-RADUI.

302 3243 555 3314 Deplorat
593 3248 838 3302 miserum
887 3247 1168 3303 Fuldensis
1207 3251 1435 3304 ecclesia:
1473 3262 1690 3306 statum.

277 3331 602 3390 Venerando
636 3336 818 3391 abbati
845 3337 920 3407 '1',
965 3339 1298 3392 diversarum
1335 3341 1595 3395 virtutum
1637 3342 1786 3396 (lori-

202 3420 303 3474 bus
337 3432 566 3478 cunctos
595 3425 917 3494 prmeellenti
949 3427 1171 3481 abbalcs
1203 3428 1402 3483 nostris
1432 3431 1782 3500 temporibus,

202 3511 242 3579 -ἒ
267 3512 488 3581 indigne
527 3515 790 3570 vocabulo
820 3517 1051 3585 pastoris
1088 3516 1463 3587 'l‘egrinseensi
1496 3521 1619 3575 ovili
1649 3539 1784 3591 prce-

201 3601 362 3669 latus,
402 3620 507 3658 una
549 3621 674 3662 cum
715 3608 902 3664 eodem
935 3609 1136 3679 jugiter
1162 3611 1363 3666 orando
1393 3612 1630 3667 cwlcstis
1655 3628 1785 3684 gau-

200 3695 287 3748 dia
315 3706 558 3753 senatus.

277 3785 570 3856 Utriusque
615 3790 776 3844 vestri
822 3791 1056 3848 hominis
1087 3793 1409 3864 profectum,
1459 3796 1617 3850 Pater
1655 3796 1782 3851 cha-

197 3879 437 3944 rissime,
471 3881 536 3934 ad
575 3883 856 3952 proprium
899 3883 1035 3940 velle
1081 3886 1132 3939 in
1164 3886 1389 3940 Domino
1418 3903 1629 3958 semper
1657 3904 1782 3960 pro-

195 3971 405 4039 Sperari
447 3987 552 4026 non
584 3976 862 4045 cesso‘pro
907 3991 1066 4046 posse
1101 3993 1166 4032 ac
1217 3995 1377 4034 nosse
1406 3981 1610 4036 intimis
1637 3998 1778 4052 prte-

196 4063 509 4118 cordiorum
553 4066 802 4136 suspiriis
837 4069 1142 4139 deprecari.
1175 4073 1281 4129 Sed
1314 4091 1418 4128 non
1451 4075 1570 4130 sine
1597 4076 1776 4148 lacry-

194 4158 299 4211 mis
327 4172 549 4226 possum
604 4158 786 4214 dicere
833 4171 1095 4232 quantum
1146 4180 1232 4220 me
1285 4164 1427 4220 fama
1475 4167 1542 4223 de
1582 4170 1778 4226 vestris

193 4246 440 4303 cladibus
468 4248 622 4303 triste
660 4250 906 4304 nuntium
937 4262 1160 4322 portans
1199 4255 1336 4309 solet
1380 4255 1613 4311 afﬁcere.
1663 4258 1774 4312 Du-

193 4338 322 4392 dum
362 4339 506 4394 enim
545 4342 788 4409 comperi
834 4345 1223 4400 monasterium
1264 4345 1320 4399 S.
1359 4345 1617 4401 Bonifacii
1658 4361 1773 4400 om-
1799 4375 1852 4437 Β

191 4427 342 4480 nium
374 4429 728 4485 ecclesiarum
769 4433 1040 4501 speculum
1077 4435 1338 4490 hactenus
1378 4435 1502 4504 jure
1529 4436 1773 4490 nomina-

191 4524 326 4579 tum,
358 4533 502 4573 nunc
529 4534 652 4573 cum
701 4523 964 4590 contiguis
993 4523 1234 4579 aediliciis
1279 4539 1398 4581 esse
1449 4540 1770 4580 concrema-

189 4614 327 4659 tum.
374 4605 488 4662 Hoc
513 4622 645 4678 ergo
687 4612 896 4665 cunctis
920 4613 1368 4680 cognoscentibus
1400 4622 1482 4668 est
1511 4613 1770 4666 lamenta-

186 4696 316 4760 bile,
367 4698 460 4768 qui
510 4708 564 4754 et
616 4711 802 4770 cptant
853 4705 1022 4770 gratia
1081 4705 1172 4758 Dei
1233 4705 1404 4772 ipsum
1446 4705 1767 4774 quandoque

185 4787 418 4856 pristino
458 4788 652 4845 decore
691 4791 802 4845 lieri
850 4794 1168 4862 reparabile.
1216 4793 1452 4850 Necdum
1481 4809 1608 4849 vero
1638 4795 1764 4849 hinc

185 4876 394 4932 oborta
435 4879 568 4934 mihi
598 4881 853 4951 laerymae
878 4893 1032 4939 erant
1057 4887 1294 4947 siccaue,
1323 4895 1376 4940 et
1413 4887 1606 4940 iterum
1637 4885 1768 4939 sini-

185 4974 298 5020 Slel'
345 4983 537 5022 rumor
565 4971 743 5023 attulit
774 4987 868 5025 VOS
899 4985 1048 5041 peste
1090 4975 1354 5044 turgidum
1379 4974 1494 5044 jam
1540 4974 1592 5027 in
1623 4991 1768 5028 tuor-

183 5057 252 5112 tis
276 5074 399 5115 esse
425 5061 728 5116 vicinitate.
779 5063 976 5122 Verum
1023 5067 1089 5122 ad
1138 5067 1250 5120 haec.
1295 5066 1590 5123 infortunia
1635 5067 1761 5121 dum

183 5163 394 5218 nequeo
420 5151 702 5219 corporale
744 5151 992 5210 solatium
1023 5157 1280 5210 exhibere
1304 5157 1456 5211 vobis
1485 5153 1565 5208 vel
1596 5155 1760 5208 medi-

181 5248 514 5303 camentum,
548 5239 854 5310 supplicans
893 5253 1099 5301 tantum
1131 5244 1345 5300 Christo
1390 5259 1492 5316 pro
1521 5246 1759 5301 remedio

1909 1777 2087 1830 nusto,
2132 1767 2189 1822 S.
2219 1783 2379 1836 supra
2422 1767 2641 1839 Legium
2692 1769 2755 1841 [Ῑ.
2809 1770 3138 1842 collegium],
3177 1772 3236 1826 S.
3283 1772 3493 1839 Quirini

1907 1859 2426 1914 administratorium
2477 1875 2669 1932 gerens
2711 1870 2910 1915 statum
2960 1878 3061 1915 una
3100 1878 3223 1917 cum
3279 1865 3492 1927 eodem,

1905 1958 2026 2020 post
2055 1951 2353 2020 longaevum
2384 1951 2553 2008 felicis
2582 1953 2796 2024 imperii
2841 1954 3199 2024 principatum
3255 1955 3493 2012 eoab-stis

1905 2040 2071 2096 curia:
2098 2049 2348 2095 senatum

1974 2130 2109 2196 Quia
2137 2147 2400 2204 pauperes
2446 2141 2502 2189 et
2543 2134 2698 2204 egeni
2744 2147 3029 2189 numerum
3066 2135 3386 2192 excedentes
3422 2141 3489 2193 ad

1904 2237 2002 2278 vos
2016 2234 2242 2279 currunt
2269 2224 2322 2279 in
2353 2225 2588 2280 miseriis
2618 2241 2728 2280 suae
2744 2225 3083 2292 calamitatis,
3110 2245 3171 2282 ac
3193 2245 3290 2298 pro
3304 2247 3491 2286 amore

1903 2314 2020 2384 ejus
2051 2315 2141 2386 qui
2179 2331 2270 2371 vos
2299 2316 2402 2371 sibi
2434 2317 2487 2370 in
2540 2317 2784 2373 Ecclesia
2817 2318 3080 2374 vicarium
3127 2321 3342 2392 delegit,
3371 2339 3488 2374 mn-

1902 2405 2061 2461 nibus
2083 2406 2167 2462 his
2195 2408 2516 2476 patrissatis,
2550 2409 2618 2464 ob
2652 2409 2702 2463 id
2742 2417 2799 2464 et.
2838 2425 2959 2477 nos,
2987 2411 3077 2480 qui
3107 2412 3304 2466 mundo
3338 2411 3488 2479 obje-

1902 2497 1994 2562 cti,
2048 2511 2212 2566 grave
2263 2498 2597 2568 paupertatis
2642 2514 2781 2553 onus
2824 2501 3146 2566 subivimns,
3198 2501 3252 2555 in
3297 2513 3484 2557 nostra

1901 2601 2139 2640 amrmna
2169 2589 2235 2642 ad
2257 2598 2450 2644 vestra:
2477 2588 2735 2645 almitatis
2754 2591 2987 2662 asylum,
3012 2593 3193 2648 Caesar
3221 2594 3479 2662 piissimo.

1901 2675 2262 2746 confugimus.
2288 2677 2427 2734 'Natn
2469 2689 2591 2750 post
2637 2681 2801 2736 Deum
2833 2697 2956 2736 cum
3003 2683 3149 2736 omni
3198 2683 3481 2747 solamine,

1900 2778 2128 2838 excepto
2153 2780 2358 2837 vestro,
2401 2787 2703 2838 careamus,
2754 2781 2954 2828 nostrae
2996 2773 3271 2844 religionis
3320 2786 3484 2846 atque

1900 2862 2090 2917 salutis
2122 2862 2504 2918 detrimentum
2552 2865 2940 2931 aceeleramus,
2978 2866 3025 2920 si
3067 2866 3120 2920 in
3154 2868 3483 2924 nostrisno-

1901 2954 2048 3009 mino
2077 2956 2326 3023 precibus
2350 2970 2445 3010 vos
2489 2958 2870 3013 commendare
2911 2973 3148 3028 unquam
3177 2973 3478 3014 cessamus.

1817 3029 1863 3092 ε
1896 3045 2011 3112 Qua
2043 3047 2109 3100 de
2141 3061 2198 3101 re
2225 3061 2320 3116 pro
2351 3056 2501 3101 certo
2541 3048 2754 3111 scitote,
2792 3049 2844 3102 in
2875 3063 3040 3119 regno
3090 3049 3358 3102 neminem
3388 3065 3480 3102 vc-

1895 3149 2006 3192 stro
2037 3137 2358 3192 commorari
2395 3138 2485 3207 qui
2526 3138 2644 3207 plus
2681 3138 2834 3193 nobis
2863 3139 3063 3208 gliscat
3089 3141 3476 3208 diernoctuque

1891 3229 2206 3300 lacrymosis
2247 3229 2538 3299 gemitibus
2565 3245 2663 3300 pro
2690 3230 2926 3300 longaeva
2973 3232 3345 3286 incolumitate
3389 3247 3478 3287 ve-

1891 3327 2002 3374 stra
2034 3318 2308 3374 Christum
2337 3318 2642 3388 deprecari,
2690 3329 2745 3374 et
2773 3327 2833 3373 ut.
2857 3321 2923 3374 de
2961 3319 3100 3374 coelo
3128 3336 3254 3390 pax,
3297 3321 3471 3374 victo-

1891 3409 2081 3478 riaque
2108 3408 2262 3463 vobis
2295 3409 2725 3474 administretur,
2760 3424 2830 3465 ne
2855 3409 3125 3465 securitas
3148 3410 3472 3466 Christiani-

1891 3501 2019 3553 tatis
2054 3499 2158 3553 ulla
2186 3500 2453 3554 bellorum
2489 3507 2810 3569 lentpestate
2842 3499 3138 3569 quatiatur.

1993 3588 2192 3642 Verum
2263 3591 2487 3644 sinister
2559 3605 2746 3644 rumor
2821 3591 3165 3646 conturbavit
3229 3600 3468 3647 nostram

1887 3681 2078 3735 orandi
2112 3680 2492 3746 intentionem,
2535 3680 2694 3737 nobis
2728 3682 3125 3736 amarissimam
3169 3682 3468 3737 intimation

1887 3767 2368 3824 lamentationem:
2415 3785 2510 3826 vos
2548 3771 2754 3826 scilicet
2799 3771 2941 3826 istud
2980 3771 3116 3826 velle
3160 3772 3465 3828 coenobium

1887 3861 2098 3916 tradere
2127 3862 2182 3916 in
2212 3861 2556 3927 beneﬁcium,
2587 3863 2655 3916 ad
2687 3871 2886 3918 nostra:
2934 3864 3250 3933 exiguitatis
3292 3865 3465 3920 inces-

1881 3955 2055 4012 sabile
2090 3957 2413 4026 supplicium
2445 3957 2528 4011 vel
2563 3957 2857 4025 justitium.
2893 3959 2950 4013 Si
2983 3975 3112 4013 vero
3151 3959 3284 4013 istos
3327 3959 3464 4014 ullus

1880 4049 2183 4106 cmuobitas
2202 4050 2443 4103 vindicat
2465 4049 2520 4103 in
2561 4049 2900 4116 servitutem,
2930 4051 3172 4120 profecto
3202 4051 3290 4106 hic
3327 4051 3462 4106 deti-

1879 4141 1988 4196 ciet
2011 4155 2171 4195 omne
2198 4140 2415 4194 artilicii
2457 4141 2802 4207 exercitium,
2855 4143 2984 4212 quia
3030 4143 3280 4212 posthinc
3325 4159 3462 4213 quos

1882 4234 2045 4287 taedet
2073 4233 2276 4299 vivere,
2306 4232 2510 4289 nullum
2537 4233 2624 4288 his
2650 4233 2976 4289 desiderium
3011 4245 3093 4290 est
3123 4236 3344 4305 pingere
3369 4249 3462 4290 aut

1879 4325 2138 4378 scribere.
2170 4324 2277 4380 Sed
2319 4325 2425 4380 huc
2464 4325 2699 4396 illucque
2738 4327 3136 4399 dispergentur,
3165 4343 3234 4384 ne
3259 4329 3462 4400 aliquid

1877 4413 1943 4468 ad
1967 4413 2370 4471 aediﬁcationem
2393 4417 2731 4485 spiritualem
2760 4427 3071 4488 operentur.
3096 4419 3242 4474 Istud
3261 4423 3460 4492 quippe

1874 4508 2264 4563 monasterium
2311 4510 2365 4564 in
2408 4511 2511 4565 bac
2544 4511 2820 4582 provincia
2866 4513 3324 4583 antiquissimum,
3367 4529 3459 4566 va-

1874 4599 2064 4669 rioque
2087 4601 2356 4670 quondam
2389 4612 2583 4656 ornatu
2613 4603 3132 4673 splendidissimum,
3171 4604 3315 4659 sicut
3363 4618 3460 4656 re-

1871 4689 1977 4759 gali
2005 4691 2348 4755 auctoritate,
2376 4689 2617 4761 legitima
2651 4694 2906 4748 donatum
2937 4701 3024 4748 est
3067 4692 3324 4746 libertate
3351 4689 3461 4758 pri-

1869 4779 1973 4834 mis
2015 4778 2251 4848 ejusdem
2291 4781 2775 4840 intervenientibus
2817 4781 3219 4847 fuudatoribus,
3268 4783 3349 4838 sic
3400 4779 3466 4830 li-

1868 4870 2000 4927 bera
2035 4886 2158 4926 cum
2199 4871 2498 4942 privilegiis
2543 4876 2854 4932 conditione
2895 4873 3261 4928 sublimatum
3306 4875 3390 4925 est.
3437 4882 3471 4918 a

1867 4963 2066 5017 vestris
2105 4962 2564 5021 antecessoribus.

1939 5050 2092 5107 Nunc
2124 5052 2286 5122 igitur
2309 5050 2670 5122 eﬂlagitamus
2695 5052 2868 5122 ipsum
2899 5050 2992 5120 qui
3033 5048 3090 5103 in
3114 5061 3300 5105 manu
3332 5048 3480 5100 tenet

1865 5158 1963 5199 sua
1994 5145 2235 5197 omnium
2279 5142 2443 5197 corda
2480 5158 2692 5216 regum,
2741 5149 3008 5210 quatenus
3042 5136 3198 5190 cordi
3248 5134 3482 5206 inspiret

1862 5241 2048 5291 vestro
2081 5248 2186 5288 non
2234 5247 2497 5302 spernere
2549 5239 2858 5292 nostrarum
2905 5225 3297 5287 humilitatem
3357 5239 3482 5296 pro-

2067 5322 2123 5338 ΑΙ
2245 5336 2250 5338 .
2405 5336 2412 5338 .
2557 5325 2570 5338 ο
2597 5323 2608 5338 I
2679 5335 2688 5338 -
2749 5317 3004 5338 I___n____!_
3065 5317 3248 5338 κη’-ιε-
3268 5320 3298 5338 'I
3325 5331 3384 5338 --.‘
3418 5308 3484 5338 ἰιι
