3992 5338
547 297 652 352 725

1460 290 1747 348 SElFlllDl
1786 288 2075 344 ABBATIS
2112 285 2429 343 TEGERNS
2454 280 2888 340 El’lTAPlllUM.

3686 268 3790 326 725

551 420 811 465 aeternam
841 406 1247 472 beatitudinem,
1276 421 1344 461 ne
1389 406 1546 461 unius
1591 423 1690 463 nos
1719 415 1926 462 vestros
1948 403 2119 460 servi-
2146 408 2197 465 Α
2225 409 2377 465 nato,
2424 398 2490 454 Ν.
2546 412 2676 453 suus
2724 410 2825 450 nec
2872 393 3064 463 dignus
3108 388 3233 455 dici,
3282 386 3526 443 laborum
3552 385 3793 456 panariis

551 501 652 554 tuti
681 497 923 555 servulos
952 496 1271 564 subjiciatis.
1311 496 1417 552 Sed
1446 497 1512 552 ad
1548 496 1749 552 Christi
1774 506 2120 565 vestrumque
2219 489 2493 547 coronari.

554 589 872 644 famulatum
894 589 996 644 sub
1020 588 1208 642 umbra
1239 589 1445 641 alarum
1475 595 1778 642 vestrarum
1804 586 2117 656 protegatis.

2291 578 2555 646 Quoniam
2601 591 2697 647 per
2719 588 2781 628 os
2828 570 3106 641 sapientiae
3157 567 3417 630 insonuit,
3443 572 3506 619 ut
3537 563 3631 634 qui
3660 561 3793 617 falso

526 678 688 735 'lstas
708 680 850 734 enim
883 678 1302 749 supplicationes
1347 679 1391 733 si
1422 678 1714 747 dignemini
1744 677 2035 747 complere,
2069 677 2123 731 in
2219 668 2606 738 prmdicanlul‘,
2638 663 2752 718 suis
2791 662 2925 732 ipsis
2967 673 3191 714 necesse
3229 657 3302 712 Sil
3324 653 3794 749 Ιευιίίῢιιεξτυιξε-

550 772 659 827 isto
678 771 1009 827 aeternaliter
1030 770 1148 826 loco
1177 769 1229 825 in
1260 770 1638 827 benedictione
1661 771 1950 826 notum.sit
1974 769 2125 826 vobis

523 864 526 868 ’
553 859 867 917 memoriale
902 868 1136 915 vestrum
1168 874 1409 935 manere.

847 982 890 1037 ο
1119 970 1453 1027 EPISTOLA
1490 971 1554 1026 ν.

696 1096 764 1135 ΑΙ)
805 1095 1119 1143 ειῡεειιιυυκ
1155 1096 1604 1138 ARCHIEPISCOPCH
1652 1098 2018 1143 IOGUNTINLII.

559 1192 870 1248 Cratulatur
892 1196 939 1249 ei
965 1194 1180 1247 reditum
1202 1194 1267 1247 ab
1295 1194 1499 1255 exsilio.
1525 1204 1573 1251 et
1599 1197 1808 1257 quantis
1833 1199 2124 1264 sumptibus

624 1265 725 1318 sibi
752 1266 1039 1338 constiterir
1069 1264 1346 1338 declinatio
1392 1266 1725 1330 insidiarum,
1751 1283 1882 1335 quas
1912 1268 2127 1338 quidam

627 1335 916 1388 monachus
937 1350 1049 1388 suae
1077 1334 1298 1388 abbatiw
1320 1344 1602 1400 struxerat,
1634 1334 1862 1405 exponit.

630 1423 1176 1514 Arehiepiscoporum
1218 1444 1460 1514 piissimo
1499 1445 1580 1509 S.,
1611 1461 1907 1515 pauperum
1936 1456 1992 1501 et
2011 1463 2126 1501 ma-

558 1529 704 1583 xime
766 1530 1478 1615 monachorumldefeusori
1538 1531 1822 1596 ﬁdissimo,
1872 1530 1931 1586 S.
1963 1534 2130 1588 abbas

524 1618 877 1689 'monasterii
930 1617 988 1673 S.
1020 1617 1230 1685 Quirini
1258 1634 1379 1673 cum
1426 1619 1685 1674 fratribus
1733 1621 1846 1674 suis
1884 1620 2128 1676 sedulum

558 1722 779 1762 oramen
811 1723 915 1761 una
937 1724 1060 1762 cum
1097 1708 1291 1765 devoto
1316 1707 1667 1765 famulamine
1694 1711 1896 1766 servili.

522 1862 525 1865 γ
631 1798 879 1869 Quandiu
911 1797 965 1853 in
990 1798 1180 1853 exsilio
1234 1798 1428 1863 fuistis,
1457 1800 1699 1868 quotidie
1740 1816 1839 1872 ego
1860 1811 1912 1854 et
1936 1799 2132 1857 fratres

562 1891 670 1946 mei
715 1904 816 1960 pro
867 1889 1038 1945 salute
1091 1900 1269 1946 vestra
1323 1892 1607 1947 Dominum
1652 1894 2038 1962 rogitabamus,
2081 1901 2136 1948 et

559 1997 705 2039 nunc
758 1982 860 2052 ipsi
907 1982 1110 2057 gratias
1153 1991 1375 2054 agentes
1424 1983 1913 2053 pro~desiderabili
1958 1984 2134 2038 reditu

561 2082 746 2129 vestro
795 2088 1121 2144 magnopere
1169 2074 1522 2129 exsultamus.
1557 2074 1722 2145 Igitur
1755 2075 1933 2129 divina
1960 2075 2134 2145 pietas

562 2162 902 2233 temporibus
929 2165 1130 2219 nostris
1160 2179 1258 2234 vos
1287 2150 1576 2246 inenachili
1628 2165 1792 2221 decus
1818 2166 1942 2220 vitae
1974 2166 2133 2221 insti-

522 2304 525 2313 .
563 2254 670 2308 tuit
695 2261 751 2309 et
779 2263 1018 2309 tutamen
1042 2253 1337 2325 singulare.
1367 2253 1489 2310 [deo
1518 2270 1734 2324 possum
1760 2255 1947 2324 procul
1974 2256 2136 2312 dubio

521 2405 525 2408 _
564 2358 674 2399 non
705 2336 977 2415 ignarare,
1014 2344 1158 2414 quod
1180 2344 1225 2398 si
1254 2342 1426 2400 horno
1463 2359 1701 2413 praesens
1731 2343 1785 2398 in
1810 2345 1956 2413 regia
1984 2355 2137 2400 curte

564 2437 779 2501 essetis,
831 2436 965 2491 mihi
996 2436 1139 2491 inter
1171 2441 1395 2492 adversa
1449 2452 1568 2506 quae
1606 2437 1851 2506 patiebar
1880 2438 2017 2492 fidus
2039 2438 2137 2491 ad-

554 2526 709 2597 jutor
747 2524 1009 2582 fuissetis.
1037 2526 1265 2594 Quidam
1313 2543 1443 2583 vero
1490 2544 1596 2582 non
1635 2528 1804 2584 solum
1830 2528 1997 2583 falsus
2023 2543 2139 2584 mo-

561 2617 792 2684 nachus,
817 2618 935 2685 sed,
958 2625 1018 2672 ut
1039 2618 1112 2673 ita
1138 2619 1335 2686 dicam,
1364 2620 1451 2673 vix
1480 2619 1842 2685 Christianus,
1870 2620 1935 2675 de
1955 2634 2140 2676 coeam-

560 2706 694 2763 bitis
719 2705 774 2761 S.
801 2706 1215 2775 Emmerammi,
1238 2709 1403 2763 multa
1443 2710 1669 2779 pecunia
1700 2710 1840 2779 apud
1871 2709 2139 2768 seniorem

558 2815 741 2855 meum
797 2801 1007 2873 studuit
1051 2816 1141 2857 me
1190 2802 1614 2867 circumvenire,
1650 2812 1704 2858 et
1733 2805 1812 2859 sic
1838 2806 1977 2859 ovile
2004 2804 2139 2859 mihi

570 2896 916 2952 commissum
970 2912 1311 2968 nequaquam
1359 2914 1457 2968 per
1504 2898 1728 2962 ostium,
1782 2899 1877 2953 sed
1924 2898 2140 2955 aliunde

569 2986 910 3041 ascendendo
959 2988 1114 3055 quasi
1156 2988 1295 3043 latro
1344 2988 1631 3043 anhelabat
1676 2988 1834 3042 inire.
1868 2987 1981 3042 llac
2042 3004 2140 3058 pro

2224 767 2382 815 scant
2408 776 2420 812 :
2448 772 2547 827 ego
2591 770 2807 825 quoque
2841 752 3146 807 orationum
3202 759 3413 804 tuarum
3451 746 3793 817 [medicatio—

2224 848 2388 905 nibus
2434 844 2810 917 proseueticis,
2836 857 2955 912 qua:
2974 841 3175 895 utinam
3199 854 3327 894 vere
3357 838 3410 891 in
3442 851 3531 890 me
3549 836 3792 889 diceren-

2226 950 2335 1002 tur,
2365 937 2505 993 ultra
2548 950 2644 990 me
2686 933 2953 1004 jactatqu
3000 931 3066 986 iri
3111 930 3400 993 erubesco;
3445 927 3649 997 quippe
3677 939 3794 980 cum

2210 1027 2366 1084 nihil
2395 1027 2590 1084 horum
2643 1040 2765 1096 quae
2820 1021 3020 1079 asseris
3064 1021 3259 1076 ascribi
3303 1018 3446 1072 mihi.
3485 1029 3648 1085 posse
3673 1028 3799 1069 con-

2227 1121 2420 1188 spicio.
2447 1118 2704 1173 Rhetoris
2729 1129 2964 1183 namque
2992 1112 3166 1169 ollicia
3201 1126 3309 1166 una
3337 1124 3461 1165 cum
3500 1106 3799 1162 dialecticis

2228 1209 2557 1283 syllogismis
2603 1222 2814 1262 mecum
2840 1206 3124 1268 inusitata,
3162 1218 3227 1257 ac
3251 1217 3350 1272 per
3371 1201 3475 1254 hoc
3501 1197 3800 1265 incognita,

2227 1316 2330 1356 nec
2361 1298 2623 1353 facundia:
2665 1293 3084 1366 propugnaculis
3125 1291 3398 1362 ingenium
3430 1288 3697 1342 roborant
3721 1284 3801 1339 vel

2228 1389 2576 1460 provehunt,
2635 1399 2738 1440 nec
2796 1382 3187 1452 sophismatum
3243 1372 3805 1447 argumentationibus

2228 1482 2477 1536 obtusam
2508 1477 2706 1545 diuque
2732 1475 2963 1529 residem
3023 1469 3220 1526 mentis
3270 1468 3443 1523 aciem
3480 1472 3703 1520 armant
3724 1461 3805 1516 vei

2229 1578 2453 1634 acuunt,
2508 1567 2716 1621 scilicet
2754 1579 2876 1620 cum
2926 1563 2992 1616 ad
3034 1559 3337 1629 huiusmodi
3365 1556 3608 1612 scientias
3637 1562 3806 1608 artem

2230 1659 2379 1715 nullo
2408 1656 2568 1714 modo
2597 1654 2965 1712 conscendere
2991 1652 3077 1706 vel
3107 1650 3414 1722 pertingere
3442 1660 3687 1717 possem,
3718 1643 3806 1713 qui

2157 1746 2206 1805 B
2234 1767 2335 1807 nec
2359 1749 2727 1821 grammatica-
2756 1746 2885 1803 salis
2926 1743 3270 1800 condimenta
3315 1737 3680 1811 perceperim,
3702 1747 3807 1821 inec

2234 1820 2572 1899 schematum
2604 1837 2812 1908 tropica
2847 1834 3170 1889 vestimenta
3209 1826 3501 1891 induerim,
3552 1837 3657 1877 nee
3696 1820 3811 1875 Pri-

2220 1930 2559 1989 scinaistica:
2587 1925 2912 1989 latitudinis,
2938 1931 2992 1978 et
3014 1918 3321 1980 soliditatis,
3345 1929 3451 1985 quo
3471 1912 3694 1967 facilius
3716 1924 3809 1964 su-

2232 2021 2589 2096 permdillcari
2644 2017 2834 2089 possit,
2882 2013 3232 2069 fundamenta
3276 2004 3595 2096 locaveri‘m.
3626 1999 3812 2068 Neque

2235 2092 2379 2169 enim
2401 2112 2468 2166 ad
2489 2109 2683 2165 altiora
2711 2104 3048 2176 pervenitur,
3090 2099 3194 2154 nisi
3235 2111 3333 2166 per
3360 2092 3660 2149 inferiores
3687 2102 3810 2176 gra-

2237 2202 2337 2257 dus
2374 2175 2730 2261 ascendatur;
2760 2208 2860 2249 nec
2904 2189 3141 2245 maceria
3192 2186 3422 2252 desuper
3444 2180 3605 2233 firma
3630 2175 3813 2231 consi-

2237 2292 2351 2355 stit,
2377 2289 2479 2345 nisi
2508 2288 2664 2342 firmo
2702 2279 3036 2339 fundamenti
3068 2277 3204 2349 pede
3224 2272 3503 2364 subterius
3530 2268 3813 2364 fulciatur:

2239 2354 2346 2436 Sed
2398 2378 2676 2449 quoniam,
2732 2373 2950 2431 domine
2994 2369 3087 2433 mi,
3134 2365 3314 2457 omnia
3370 2363 3487 2418 haac
3530 2372 3658 2457 qua:
3686 2354 3815 2454 mihi

2239 2468 2551 2538 assignasti,
2596 2463 2843 2521 lectionis
2896 2459 3124 2516 assidua:
3149 2454 3405 2510 continua
3437 2454 3735 2503 vacatione
3766 2456 3818 2538 tu

2240 2575 2294 2620 te
2324 2533 2508 2619 sedem
2560 2559 2806 2633 posuisse
2849 2548 3215 2623 recognoscis,
3262 2559 3347 2629 me
3385 2554 3645 2636 quoque,
3677 2533 3815 2636 quod

2239 2666 2427 2713 contra
2450 2630 2581 2720 est;
2602 2652 2792 2708 eadem
2824 2646 3100 2702 abundare
3141 2638 3339 2695 credis.
3367 2630 3646 2702 Quidquid
3674 2630 3817 2720 enim

2241 2746 2496 2820 prmcipui
2544 2743 2760 2799 liuentis
2804 2731 3253 2794 Leodiscensibus
3305 2723 3545 2820 discendi
3600 2719 3818 2819 aestibus

2241 2813 2473 2911 llagrans
2496 2834 3070 2901 hausi,crebra,quam
3093 2813 3623 2911 patior,iu_lirmitate
3647 2813 3820 2864 exsic-

2244 2906 2397 2988 catur
2442 2938 2611 2983 totum
2666 2938 2824 2995 pene,
2860 2931 2921 2975 ut
2948 2919 3021 2973 ita
3047 2914 3296 2973 dixerim.
3323 2909 3479 2966 Unde
3518 2906 3589 2960 ad
3613 2915 3819 2958 memo-

2243 3024 2380 3078 riam
2414 3015 2810 3075 reformandam
2864 3010 3120 3067 doctrinm
3150 3001 3454 3059 vacillantis
3482 2998 3813 3052 excitemen-

573 3092 762 3148 θωδδῖ
804 3077 1058 3152 (λυδωνίδ
1113 3078 1394 3142 inuocem’
1447 3077 1556 3146 iam
1617 3077 1828 3132 abbati"
1863 3077 2212 3147 deposnusc
2246 3077 2296 3166 ta
2348 3108 2587 3165 adhiberi
2636 3105 2766 3161 mihi
2818 3110 3079 3164 exasstuo,
3130 3112 3193 3151 ac
3222 3094 3268 3148 si
3314 3090 3468 3160 copia
3519 3088 3744 3142 daretur
3764 3083 3815 3135 in

570 3186 771 3239 essem,
802 3174 904 3229 nisi
932 3175 1228 3229 amicorum
1259 3168 1484 3229 consilio
1513 3168 1622 3242 regi
1646 3177 1753 3226 tres
1782 3167 2144 3242 jurejurando

530 3312 535 3317 .
572 3264 869 3332 promissas
899 3264 1018 3318 auri
1055 3266 1219 3320 libras
1248 3264 1537 3319 dedissem.
1566 3264 1675 3319 Has
1701 3265 1883 3334 igitur,
1915 3264 2039 3318 dum
2072 3279 2140 3319 ex

570 3354 831 3411 facultate
875 3371 996 3412 mea
1044 3358 1321 3425 nequirem
1365 3359 1678 3428 rependere,
1714 3341 1884 3413 eheu!
1930 3372 2028 3427 pro
2057 3357 2142 3412 his

534 3491 544 3499 .
573 3447 920 3515 acquirendis
953 3448 1261 3503 thesaurum
1294 3449 1537 3505 ecclesiae
1567 3449 1627 3505 S.
1658 3449 1867 3516 Quirini
1906 3451 2141 3504 maxima

573 3555 640 3594 ex
684 3548 837 3608 parte
864 3550 1084 3601 coactus
1127 3555 1244 3597 sum
1293 3544 1615 3610 expendere.
1653 3542 1803 3597 Unde
1832 3557 1927 3596 vos
1950 3556 2142 3610 precor

572 3628 733 3686 unice
781 3638 847 3689 ut
887 3628 955 3684 ad
1005 3638 1153 3684 tanta
1205 3632 1508 3693 vadimonia
1552 3632 1883 3687 restituenda
1940 3631 2142 3700 aliquid

573 3734 711 3776 mea:
759 3720 950 3790 inopiae
999 3721 1433 3792 supplementum
1485 3724 1793 3792 praﬂteatis,
1824 3738 1920 3793 pro
1947 3737 2054 3791 quo
2082 3719 2140 3777 S.

570 3807 798 3875 Quirino
847 3810 1216 3866 intercedente
1252 3812 1474 3868 caeleste
1528 3813 1812 3883 praemium
1864 3829 1895 3867 a
1926 3811 2144 3881 Christo

573 3898 906 3967 percipiatis,
965 3894 1065 3955 nec
1109 3916 1215 3955 non
1253 3902 1531 3970 utriusque
1565 3902 1801 3957 hominis
1841 3901 1947 3955 mei
1972 3900 2144 3956 servi-

577 3993 734 4061 tium,
763 3980 942 4065 quoad
976 3994 1174 4061 vivam,
1210 3995 1621 4051 devotissimum
1660 3994 1924 4051 habeatis.

1126 4104 1462 4162 EPISTOLA
1499 4105 1586 4160 Vl.

1034 4234 1263 4276 causam
1302 4235 1495 4287 reare,
1537 4235 1605 4274 an
1640 4235 1695 4274 ιν.

573 4327 810 4384 Excusat
858 4300 1007 4387 suam
1050 4334 1106 4386 in
1149 4334 1450 4387 liberalibus
1502 4336 1693 4388 artium
1722 4329 2011 4400 disciplinis
2050 4332 2147 4383 im-

641 4400 911 4495 peritiam,
933 4412 983 4456 et
1011 4403 1394 4472 philosOpItt'am
1422 4417 1572 4458 caute
1598 4402 1861 4455 utentibus
1903 4402 2146 4470 prodesse
2169 4436 2224 4495 Β

890 4474 893 4481 ι

647 4469 963 4525 existimat:

649 4578 881 4635 Domino
904 4566 1102 4637 suo'N.
1148 4581 1378 4637 internae
1431 4581 1810 4638 illustrationis
1858 4580 1980 4635 luce
2002 4593 2148 4634 sere-

580 4754 3175 4791 W—ﬂ—

2244 3204 2433 3274 rebus,
2483 3198 2693 3260 ﬁdelem
2724 3210 2865 3271 saepe
2913 3197 3306 3270 praceptorcm
3332 3194 3515 3247 meum
3538 3174 3818 3239 humiliter

2241 3297 2608 3367 subjiciendus
2636 3293 2786 3349 adire
2811 3290 3081 3344 desidero.

2312 3361 2467 3455 Quod
2509 3393 2688 3440 autem
2714 3380 2919 3444 dixisti,
2947 3379 2999 3432 in
3025 3378 3127 3431 hac
3152 3372 3424 3429 mundana
3451 3361 3813 3455 philosophia,

2242 3451 2362 3555 qua.)
2410 3482 2550 3551 apud
2602 3478 2769 3532 Deum
2823 3472 2986 3528 stulta
3032 3478 3133 3532 est,
3188 3478 3381 3537 parum
3414 3473 3538 3515 esse
3565 3451 3817 3555 prolicui,

2243 3538 2367 3628 dum
2392 3538 2550 3624 allius
2574 3565 2875 3626 considero,
2916 3562 2987 3614 ita
3014 3571 3197 3612 verum
3228 3568 3346 3610 esse
3364 3548 3677 3622 perpendo;
3701 3538 3816 3605 sed,

2243 3667 2288 3722 si
2312 3662 2555 3719 consulte
2581 3665 2872 3720 tractatur,
2901 3653 3080 3722 aliquo
3115 3647 3274 3704 modo
3302 3644 3355 3699 in
3382 3642 3574 3697 eadem
3601 3632 3818 3707 proﬁci-

2244 3764 2350 3810 tur.
2397 3752 2529 3807 Nam
2558 3762 2805 3820 quamvis
2831 3758 2971 3811 saepe
3020 3742 3266 3796 incautos
3310 3732 3567 3802 decipiat,
3609 3738 3810 3820 secum:

2243 3863 2347 3918 que
2396 3816 2645 3901 maeroris
2682 3840 2903 3895 foveam.
2942 3835 3142 3898 trahat,
3204 3830 3290 3886 via
3342 3836 3525 3881 tamen
3573 3837 3641 3876 ac
3666 3816 3816 3919 quasi

2242 3938 2560 4009 praeludium
2601 3929 2859 3991 consultis
2912 3924 3356 3991 cautioribusque
3381 3930 3504 3973 esse

2244 3999 2353 4094 tur,
2391 4041 2488 4096 per
2516 4022 2657 4094 quod
2706 4016 2986 4075 exercitati
3015 4014 3083 4070 ad
3132 4012 3325 4068 altiora
3352 4016 3407 4063 et
3434 4017 3569 4059 vera
3599 3999 3816 4096 saltant.

2245 4094 2450 4179 Verum
2472 4129 2535 4176 ut
2561 4119 2660 4175 sub
2690 4114 3030 4186 compendio,
3063 4124 3182 4181 quae
3204 4106 3311 4162 fert
3332 4104 3570 4166 animus,
3601 4094 3816 4154 conclu-

2246 4216 2392 4279 dam,
2447 4211 2577 4266 illud
2630 4207 2968 4264 sanctitatem
3015 4214 3163 4257 tuam
3200 4196 3343 4257 haud
3384 4190 3665 4248 occultum

2246 4272 2432 4376 cupio,
2478 4302 2620 4372 quod
2645 4298 2811 4354 nostri
2840 4294 3043 4350 moduli
3067 4305 3223 4346 nemo
3256 4286 3347 4342 tibi
3373 4281 3644 4344 devolior,
3676 4272 3820 4348 quid-

2250 4395 2379 4466 quid
2405 4391 2571 4466 [sum]
2604 4390 2686 4445 vel
2716 4404 2839 4455 ero;
2891 4387 3101 4454 hocque
3137 4380 3458 4437 charitatem
3488 4382 3641 4467 tuam

2253 4459 2369 4550 sco,
2407 4459 2840 4539 morationibus
2890 4476 2997 4532 tuis
3024 4473 3093 4529 ab
3144 4469 3457 4527 imminente
3503 4459 3823 4534 aegritudine

2254 4575 2479 4646 adjuver
2506 4574 2561 4629 iu
2590 4570 2838 4626 Domino.
2868 4566 3078 4623 Valete.

3175 4730 3808 4771 ————-——-—-‘

1499 4876 2258 5009 EPITAPHIUM
2332 4908 2907 5004 SEIFRIDI.

577 5210 761 5266 Abbas
782 5210 1013 5266 eximius
1047 5209 1231 5265 tumba
1254 5209 1392 5265 situs
1419 5209 1522 5265 hac
1549 5208 1870 5280 Sigefridus,

653 5301 844 5338 "mnia
903 5302 1029 5338 (lum
1059 5299 1224 5338 uimnil
1282 5308 1455 5338 Iam-ms
1477 5300 1712 5338 doctu-nit

2259 5204 2473 5262 Nullum
2501 5201 2792 5264 damnavit,
2817 5204 2912 5255 sed
2933 5204 3152 5254 cunctos
3180 5190 3494 5259 laetificavit,

2333 5294 2545 5338 ςρηιῖςιι
2568 5301 2625 5338 ιιι
2648 5290 2921 5338 Chrislnm
2954 5301 3093 5338 nunc
3123 5284 3226 5338 sibi
3257 5281 3578 5338 nrooitium.
