3992 5338
496 343 604 405 ἩἹ

1600 332 1891 394 VASONIS
1928 327 2328 388 LEODIENSIS
2367 290 2672 382 Episcopi

3659 308 3772 366 728

497 457 641 513 sicut
692 439 1004 510 econtrario
1070 433 1248 508 solent
1324 448 1527 507 fenoris
1578 457 1863 506 exactores
1910 443 2090 499 debila
2119 443 2170 503 Δ
2201 458 2221 491 ι
2268 439 2408 506 Quid
2435 448 2538 505 est,
2570 449 2773 506 quaeso,
2821 432 2988 498 aliud,
3018 435 3301 488 veritatem
3353 430 3592 486 scienter
3620 426 3778 483 frau-

507 562 633 606 cum
681 542 864 604 usuris
913 547 1274 611 extorquere,
1316 541 1686 615 evangelicum
1745 537 1876 594 illud
1927 535 2090 592 corde

501 649 716 700 tenens.
745 649 842 690 01³8
868 628 1192 703 Ρΐοῖθῐθηεε
1221 633 1397 690 Gratis
1428 633 1720 705 accepistis,
1751 630 1915 702 gratis
1941 629 2095 692 date;

501 735 560 784 et
589 724 752 781 illud:
785 721 1012 786 Bantius
1040 737 1117 784 est
1146 727 1274 782 dare
1304 742 1464 798 quam
1492 724 1744 794 accipere.
1776 720 2094 777 Muniiicen-

507 819 644 882 tiam
675 817 737 881 in
765 839 829 882 eo
857 823 1068 880 laudari
1113 837 1220 877 non
1273 829 1356 878 est
1387 833 1630 883 necesse.
1685 817 1810 888 quia
1854 816 1930 870 ita
1979 820 2099 868 erat

508 915 730 973 sedulus
773 928 900 986 erga
952 913 1196 983 hospites
1235 919 1290 967 et
1333 909 1670 983 peregrinos,
1719 915 1779 960 ut
1823 921 1929 959 non
1967 917 2100 974 opes

507 1007 838 1078 expendere,
893 1004 986 1059 sed
1030 1004 1098 1058 de
1144 1003 1301 1074 pleno
1346 1001 1557 1071 gurgite
1602 998 1825 1051 haustas
1873 992 2099 1048 fundere

511 1100 813 1158 videretur.
865 1112 973 1151 non
1023 1097 1141 1151 sine
1188 1095 1546 1149 admiratione
1595 1089 1911 1146 temulornm
1953 1085 2100 1140 indi-

512 1189 794 1261 gnantium
824 1187 1117 1243 nobiliores
1137 1195 1190 1241 et
1207 1186 1429 1239 ditiores
1444 1183 1620 1237 minus
1645 1178 1880 1250 petentis
1905 1177 2102 1232 virtute

514 1291 573 1337 et
635 1280 804 1351 gloria
861 1277 1126 1349 superari.
1187 1277 1322 1342 Quid
1373 1275 1555 1328 multis
1607 1269 1908 1326 immorer?
1965 1267 2120 1322 Cum'

513 1369 781 1426 scholaris
827 1368 985 1423 otlicii
1039 1367 1222 1421 labore
1255 1365 1354 1420 sub
1382 1364 1630 1418 fialdrico
1660 1363 1910 1430 episcopo
1945 1358 2103 1412 deca-

513 1469 676 1515 natus
707 1476 814 1515 non
845 1449 1036 1529 sponte
1071 1457 1394 1512 sublimatur
1421 1457 1646 1517 honore,
1676 1454 1727 1506 in
1757 1466 1864 1522 quo
1914 1449 2102 1504 mode-

516 1561 662 1606 stum
692 1550 762 1604 ita
802 1565 860 1605 se
889 1548 1146 1604 exhibere
1179 1547 1450 1606 studebat,
1496 1553 1548 1599 et
1583 1546 1633 1598 in
1659 1542 1939 1610 subjectos
1962 1542 2100 1610 pius,

519 1649 708 1695 contra
741 1639 1001 1711 superbos
1026 1647 1078 1694 et
1109 1647 1354 1708 potentes
1391 1635 1444 1691 in
1474 1635 1689 1689 virtutis
1720 1633 1954 1687 culmine
1980 1646 2105 1686 cum

513 1733 744 1801 iustitia:
800 1733 967 1787 armis
1023 1741 1195 1788 staret
1251 1739 1486 1786 erectus.
1569 1728 1721 1785 Unde
1767 1726 1990 1797 contigit
2044 1732 2104 1778 ut

2200 550 2220 584 ι
2265 530 2415 596 dare,
2465 544 2626 599 quam
2658 527 2933 584 Christum
2973 525 3106 596 pati,
3144 523 3380 580 secundo
3407 519 3786 590 cruciﬁgere!

2201 639 2222 674 ς
2277 620 2368 674 Var
2390 621 2478 692 qui
2505 621 2684 674 dicunt
2715 617 2912 672 malum
2934 617 3145 684 bonum,
3167 626 3216 670 et
3242 615 3510 670 veritatem
3543 627 3781 667 commu-

2203 731 2225 767 ι
2267 723 2378 768 tant
2409 713 2463 767 in
2491 711 2842 766 mendacium.
2886 709 3025 779 Ergo
3053 725 3174 764 eum
3203 707 3453 764 Christus
3484 707 3776 760 veritatem

2205 821 2224 856 ι
2266 819 2325 858 se
2351 817 2471 858 esse
2505 803 2668 866 dicat,
2701 799 2946 870 quisquis
2987 799 3272 853 veritatem
3301 797 3466 858 lmdit.
3500 794 3777 851 Christum

2205 913 2225 948 ι
2273 894 2459 966 procul
2485 893 2648 948 dubio
2674 891 2902 946 sauciat.

2275 1005 2294 1038 ι
2341 982 2764 1054 δθηοιιΡίιιτθε,
2793 981 2908 1036 zelo
2929 979 3152 1050 iustitiae
3178 979 3474 1043 ferventes,
3519 976 3783 1031 claustra-

2207 1094 2228 1131 ι
2272 1077 2376 1132 lem
2411 1077 2649 1148 regulam
2692 1075 2948 1131 divinitus
2993 1073 3243 1128 illustrati
3291 1071 3784 1140 conscripserunt;

2208 1186 2228 1221 ι
2275 1168 2408 1222 nihil
2430 1166 2759 1238 superfluum
2792 1166 3072 1241 addentes,
3117 1163 3200 1219 vel
3246 1161 3624 1218 necessarium
3664 1159 3785 1214 sub-

2209 1277 2229 1312 ι
2275 1259 2570 1322 trahentes,
2596 1273 2771 1327 neque
2791 1259 2857 1311 ad
2878 1257 3178 1320 dexteram,
3203 1269 3376 1324 neque
3405 1253 3472 1307 ad
3503 1253 3788 1306 sinistram

2208 1368 2230 1404 (
2278 1351 2708 1407 declinaverunt.
2742 1347 2956 1404 Praelati
2988 1357 3042 1402 et
3079 1345 3352 1418 praepositi
3397 1344 3647 1398 tulemnt
3675 1357 3789 1396 om-

2211 1463 2231 1498 r
2277 1459 2400 1498 nem
2429 1439 2876 1504 controversiam,
2923 1438 2968 1492 si
3015 1437 3107 1492 tibi
3132 1435 3512 1498 ambitionem,
3547 1432 3791 1500 mihique

2212 1553 2232 1588 ι
2279 1534 2494 1590 lenieris
2526 1532 2800 1586 invidiam.
2838 1529 2958 1595 Dic,
2997 1528 3104 1592 dic,
3157 1540 3362 1597 quaeso,
3388 1523 3434 1579 si
3461 1521 3653 1592 regula
3685 1521 3794 1574 sin-

2214 1644 2234 1679 (
2277 1625 2502 1696 gillatim
2525 1623 2702 1679 titulat
2728 1623 3059 1692 episcopum.
3085 1618 3388 1690 praelatum,
3413 1613 3790 1686 prmpositum,

2218 1734 2237 1768 ι
2283 1725 2580 1779 cautorem,
2608 1712 2911 1778 cellarium,
2949 1709 3270 1782 portarium,
3301 1721 3472 1776 usque
3517 1705 3587 1759 ad
3637 1703 3800 1772 pisto-

519 1825 784 1894 Joannem
832 1825 1200 1897 praepositum,
1237 1835 1393 1880 antea
1431 1824 1532 1878 sibi
1567 1825 1620 1877 in
1652 1821 1906 1877 amicitiis
1948 1819 2103 1874 fami-

2279 1822 2368 1862 res
2398 1814 2452 1860 et
2500 1820 2744 1876 coquos;
2777 1804 2823 1859 si
2864 1801 3120 1872 praelatus
3164 1807 3220 1854 et
3252 1796 3583 1868 prmpositus
3625 1807 3796 1846 unum

519 1917 736 1974 liariter
775 1917 1045 1987 junctum,
1092 1918 1298 1988 scripto
1343 1932 1449 1972 non
1493 1917 1566 1972 sit
1611 1916 1816 1972 veritus
1859 1929 2109 1986 arguere,

521 2021 590 2065 eo
615 2009 757 2080 quod
785 2017 972 2064 contra
1002 2008 1254 2064 elationis
1291 2007 1491 2062 malum
1517 2009 1586 2063 ob
1612 2023 1807 2061 vanum
1834 2005 2111 2078 praepositi

523 2114 721 2154 nomen
748 2114 937 2170 parum
964 2099 1316 2162 consuluerit,
1368 2108 1423 2153 et
1450 2098 1786 2170 tyrannicam
1815 2096 2110 2166 potentiam

527 2206 560 2244 a
615 2189 872 2262 religione
922 2204 1137 2259 semper
1185 2190 1465 2262 profanam
1518 2190 1572 2244 in
1623 2189 1971 2259 disponendis
2014 2202 2115 2258 pro

527 2280 685 2337 libito
741 2282 905 2338 rebus
965 2282 1206 2338 ecclesiae
1257 2284 1358 2338 sibi
1420 2281 1774 2354 arrogaverit.
1839 2281 1994 2349 Quod
2046 2281 2115 2337 ad

533 2371 918 2430 confutandam
971 2374 1236 2429 malorum
1280 2373 1690 2444 praepositorum
1719 2372 2116 2429 contumaciam

530 2465 871 2535 aptissimum
922 2466 1049 2522 huic
1107 2467 1366 2536 opusculo
1427 2480 1534 2521 non
1591 2465 1795 2536 pigebit
1852 2466 2116 2520 intexere.

538 2554 735 2611 Verum
764 2557 810 2614 si
838 2557 961 2629 quis
991 2558 1122 2614 mihi
1171 2558 1292 2613 ideo
1333 2565 1670 2621 succenseat,
1708 2557 1822 2628 ipse
1863 2555 1964 2612 sibi
1992 2555 2120 2626 quia

537 2649 716 2706 malus
737 2659 844 2717 est,
897 2651 1050 2707 testis
1074 2651 1198 2707 erit.
1233 2649 1462 2721 Scripsit
1489 2651 1673 2722 itaque
1704 2649 1784 2705 sic
1822 2658 2122 2704 memorato

541 2741 761 2810 Joanni,
787 2744 999 2799 noviter
1045 2757 1303 2800 concessa
1343 2742 1447 2799 sibi
1493 2743 1752 2799 missione
1789 2756 1822 2798 a
1858 2740 2125 2798 scholaris

542 2834 703 2892 oliicii
733 2836 1225 2892 administratione.
1763 2850 1773 2862 '
2077 2836 2079 2838 ’

540 2925 674 2981 Car.
700 2924 785 2980 Ill.
806 2956 880 2966 —
899 2925 1264 2982 Controversia
1292 2929 1362 2982 ad
1374 2926 1637 2983 Joannem
1660 2927 2000 2999 praepositum
2021 2926 2122 3000 (ί).

623 3037 643 3071 ι
687 3018 865 3074 Fratri
899 3017 1094 3076 Joanni
1121 3021 1420 3076 secundum
1463 3036 1562 3078 sua
1611 3021 1807 3076 merita
1840 3036 1949 3076 non
1995 3034 2127 3078 suus

554 3128 575 3161 ι
618 3108 784 3165 ῩΑεο.

624 3221 644 3254 ι
688 3200 746 3255 ιη
772 3201 971 3258 veteris
1000 3201 1254 3259 amicitiae
1277 3200 1597 3257 memoriam
1641 3215 1808 3273 cogor
1835 3208 1909 3266 te,
1932 3207 2124 3267 trater,

559 3311 579 3344 ι
623 3293 797 3349 adhuc
827 3293 1176 3364 compellare,
1217 3294 1465 3364 quamvis
1513 3291 1655 3364 apud
1689 3307 1789 3348 nos
1809 3291 1886 3346 nil
1906 3291 2127 3361 dignum

560 3402 582 3436 ι
627 3385 892 3440 merearis
917 3386 1124 3455 gratiae.
1154 3384 1429 3441 Hactenus
1462 3393 1516 3440 te
1541 3383 1867 3440 venustabat
1887 3381 2136 3452 aliquan-

561 3493 582 3526 ι
629 3473 796 3528 tulum
827 3475 1127 3531 litterarum
1155 3475 1382 3532 scientia
1409 3492 1425 3543 ;
1449 3475 1710 3532 ell'erebat
1736 3474 1900 3530 etiam
1924 3473 1978 3528 in
2005 3487 2138 3528 con-

565 3585 586 3618 ι
635 3567 925 3622 stituendis
975 3567 1205 3639 negotiis
1243 3569 1472 3624 rationis
1512 3567 1774 3639 iustitia;
1817 3582 1962 3623 nunc
1991 3564 2138 3636 quod

562 3680 583 3711 ι
631 3660 772 3715 bona
805 3659 1025 3715 fortuna
1059 3661 1256 3727 uteris,
1278 3660 1462 3730 priora
1508 3660 1862 3732 prmsentibus
1909 3657 2140 3714 confun-

569 3768 590 3801 ε
636 3751 764 3805 dere
793 3751 924 3805 mihi
950 3751 1169 3806 videris.
1195 3751 1466 3821 Quidquid
1507 3750 1632 3806 boni
1671 3750 1822 3821 prius
1847 3749 2138 3812 habueras,

569 3857 591 3890 ι
638 3838 1012 3910 adjudieamus
1035 3840 1390 3905 simulationi,
1422 3841 1547 3910 quia
1594 3840 1810 3895 fortuna
1857 3839 2017 3894 bonis
2045 3854 2144 3894 su-

575 3951 594 3980 α
639 3932 960 4000 perveniens
999 3933 1137 3987 solet
1179 3933 1428 3988 meliores
1469 3932 1546 4004 (2)
1575 3933 1809 4002 operari.
1853 3931 2146 3986 Enimvero

571 4044 590 4074 ι
640 4024 856 4079 divitias
885 4040 981 4094 per
1020 4040 1079 4081 se
1117 4041 1295 4096 neque
1319 4027 1489 4081 bonas
1532 4040 1710 4096 neque
1746 4025 1914 4080 malas
1938 4013 2147 4080 nuncu-

574 4135 596 4168 ι
641 4132 854 4188 pamus,
901 4117 1005 4173 nisi
1033 4134 1063 4174 a
1110 4117 1517 4190 possessoribus
1549 4118 1662 4174 suis
1705 4118 1809 4174 hoc
1835 4117 2150 4172 translative

575 4227 597 4259 ι
644 4207 1078 4279 (3)promamus.
1130 4209 1620 4266 Archidiaeonatus
1656 4209 1802 4264 enim
1848 4217 2152 4276 caeteraque

575 4317 599 4349 ι
645 4301 832 4355 mundi
877 4301 1091 4356 vanitas
1135 4317 1234 4356 suo
1273 4301 1525 4370 contagio
1559 4310 1610 4355 te
1656 4314 1764 4355 non
1817 4299 2022 4363 infecit,
2053 4297 2151 4354 sed

577 4405 597 4436 ι
642 4403 803 4456 quam
857 4392 1157 4461 versipellis
1221 4393 1370 4464 prius
1427 4392 1671 4457 latebas,
1729 4391 1843 4446 suis
1901 4390 2154 4462 operibus

583 4495 604 4528 ι
648 4479 916 4546 exposuit.

657 4584 679 4618 ε
725 4565 994 4623 Ultionem
1042 4570 1183 4625 male
1211 4572 1423 4627 vivendi
1476 4573 1704 4629 forsitan
1749 4571 2154 4640 reformidares,

584 4674 612 4712 ι
659 4659 762 4714 nisi
787 4659 1074 4730 plurimum
1101 4662 1343 4719 sreculari
1366 4666 1618 4734 potentia:
1639 4665 1960 4720 contideres.
1989 4663 2156 4720 (Zum-

584 4765 610 4801 ε
655 4763 762 4820 que
786 4750 953 4805 multa
983 4752 1036 4806 in
1066 4754 1411 4822 te'punienda
1435 4755 1634 4825 possim
1664 4769 1966 4818 recensere,
1991 4769 2158 4808 unum

585 4861 610 4894 ε
654 4843 799 4914 quod
855 4859 942 4900 me
985 4845 1272 4925 contingit,
1329 4847 1471 4912 volo,
1526 4849 1571 4904 si
1618 4832 1837 4919 queam,
1891 4845 2158 4902 refellere.

585 4956 606 5006 ᾳ
656 4937 802 4992 Dicis
836 4947 888 4993 te
929 4939 1279 5007 praepositum
1329 4947 1579 5009 potenter
1626 4953 1745 4994 esse
1783 4937 2156 5002 constitutum,

585 5045 631 5081 ι·
658 5027 964 5083 claustralia
992 5030 1206 5100 negotia
1236 5029 1381 5085 domi
1419 5031 1535 5084 sine
1577 5029 1805 5084 consilio
1833 5028 2023 5083 decani
2054 5026 2162 5082 fra-

585 5138 613 5174 ι
657 5129 930 5191 trumque,
993 5123 1138 5178 sicut
1187 5123 1447 5187 volueris,
1511 5121 1971 5190 dispensaturum.
2025 5119 2161 5174 Cum

593 5235 613 5264 ι
662 5211 842 5282 gladio
862 5229 967 5268 non
995 5216 1186 5279 utaris,
1210 5231 1308 5271 cur
1328 5223 1578 5286 potenter
1615 5215 1788 5284 magis
1814 5228 1974 5282 quam
2005 5228 2165 5283 regu-

591 5319 612 5338 ι
661 5303 846 5338 Ιιιι-ἶΙΔι-
873 5305 1004 5338 (“nia
1034 5306 1058 5338 9
1080 5304 1135 5338 αἶ
1169 5315 1256 5338 Iun
1289 5306 1521 5338 Αἷηηῖιηο
1553 5313 1632 5338 ne!
1679 5319 1705 5338 η
1737 5304 1846 5338 nan
1895 5319 1992 5338 mm
2017 5304 2164 5338 illam

2217 1917 2237 1953 ι
2283 1908 2386 1963 est,
2415 1912 2582 1968 quare
2608 1895 2976 1968 praetermittit
3002 1891 3308 1949 deeanum?
3336 1888 3456 1945 Non
3489 1886 3684 1943 debuit
3712 1883 3801 1939 ille

2218 2008 2239 2044 ι
2283 1990 2594 2062 diligentius
2630 1989 2817 2054 scribi,
2843 1987 2934 2058 qui
2971 1985 3143 2056 magis
3167 1982 3434 2040 obnoxius
3476 1987 3567 2035 est
3614 1977 3800 2033 descr-

2219 2103 2239 2138 ι
2284 2085 2400 2139 vire
2424 2082 2669 2154 religioni
2697 2078 3190 2136 ilrrationabiliter
3215 2091 3346 2146 ergo
3371 2071 3653 2128 videbitur
3679 2082 3800 2123 esse

2220 2193 2241 2229 ‹
2286 2174 2469 2247 regula
2505 2171 2824 2244 composita,
2857 2171 2902 2226 si
2929 2185 3033 2224 non
3060 2167 3379 2238 exsequitur
3418 2162 3604 2217 omnia
3653 2159 3802 2214 clau-

2223 2285 2242 2323 ι
2291 2266 2478 2323 stralia
2532 2264 2828 2320 secundum
2881 2260 3218 2333 propositum
3276 2252 3638 2312 necessaria?
3697 2250 3804 2305 Sed

2222 2377 2243 2413 ‹
2291 2358 2414 2430 quis
2434 2372 2624 2412 sanum
2651 2355 2870 2425 sapiens
2905 2351 3125 2407 audebit
3151 2350 3256 2405 hoc
3301 2359 3645 2407 asseverare,
3679 2355 3803 2396 cum

2225 2467 2246 2503 ι
2291 2448 2520 2520 Spiritus
2546 2456 2758 2501 sanctas
2788 2453 2980 2499 auctor
3011 2439 3210 2510 regulae
3240 2438 3553 2510 ﬁgmentum
3587 2432 3807 2502 en'ugiat

2227 2560 2247 2597 ι
2291 2540 2630 2612 disciplima?
2674 2537 2816 2606 Noli,
2857 2536 3045 2600 frater,
3094 2532 3202 2589 noli
3259 2529 3400 2586 male
3451 2521 3808 2596 interpretari

2229 2654 2249 2691 ι
2291 2635 2616 2706 scripturam
2654 2631 2855 2704 regula:
2896 2628 3293 2692 sufﬁcientem;
3338 2620 3551 2694 praelati
3578 2629 3636 2674 et
3667 2631 3808 2688 pne-

2229 2743 2251 2782 ‹
2294 2727 2479 2799 positi,
2505 2725 2640 2782 velis
2666 2724 2828 2788 nolis,
2843 2719 3205 2778 necessariam
3232 2726 3357 2771 tene
3375 2710 3807 2768 distinctionem.

2232 2835 2252 2874 t
2296 2797 2434 2887 Quia
2462 2817 2507 2872 si
2552 2815 2762 2888 praelati
2805 2823 2864 2869 et
2889 2809 3163 2884 praepositi
3207 2820 3375 2862 unum
3429 2809 3581 2858 esset
3634 2797 3811 2865 subje~

2235 2927 2255 2964 ι
2299 2920 2472 2975 ctum,
2498 2907 2680 2978 potius
2705 2919 2873 2960 unum
2902 2917 3066 2974 quam
3091 2899 3198 2954 duo
3237 2895 3575 2952 scriberetur
3601 2889 3813 2958 capitu-

2233 3023 2254 3058 r
2298 3004 2442 3069 lum;
2479 3011 2539 3058 ut
2565 3001 2706 3057 sicut
2733 2995 2977 3071 prazsulis
2998 3003 3053 3050 et
3079 2990 3316 3064 episcopi
3339 2990 3505 3044 duum
3527 2983 3815 3041 nominum

2237 3115 2257 3151 ο
2301 3097 2363 3151 fit
2387 3110 2552 3151 unum
2577 3091 2894 3164 capitulum,
2920 3089 3000 3144 sic
3024 3085 3232 3159 pmlati
3247 3092 3302 3140 et
3327 3078 3610 3153 praepositi
3639 3075 3819 3137 ﬁeret,

2239 3206 2259 3243 ι
2305 3188 2350 3244 si
2379 3194 2527 3244 esset
2573 3200 2762 3241 unum.
2804 3181 2939 3251 Quia
2969 3193 3100 3248 ergo
3147 3176 3266 3231 dum
3311 3184 3562 3244 personae
3612 3165 3816 3222 intellio

2241 3297 2261 3334 ι
2302 3287 2504 3350 guntur
2527 3276 2582 3332 in
2608 3273 2815 3347 praelati
2841 3281 2896 3328 et
2921 3268 3195 3342 praapositi
3237 3264 3665 3336 signiﬁcatione,
3710 3273 3823 3314 me-

2242 3390 2264 3428 t
2309 3371 2414 3426 rito
2453 3371 2587 3426 duas
2637 3365 2934 3425 sententias
2981 3361 3188 3435 placuit
3229 3358 3430 3432 regula:
3455 3355 3826 3427 scriptoribus

2245 3482 2264 3520 Ι
2309 3477 2606 3520 annexere.

2316 3576 2335 3609 ι
2383 3554 2693 3611 Praesertim
2720 3565 2916 3608 nomen
2944 3546 3158 3614 decani,
3187 3544 3330 3618 quod
3361 3540 3548 3614 regula
3601 3554 3709 3595 non
3732 3552 3823 3606 po-

2248 3664 2268 3700 t
2315 3647 2446 3711 suit,
2495 3645 2717 3699 minimc
2768 3653 2821 3697 te
2869 3648 3103 3704 moveat,
3157 3638 3300 3708 quod
3348 3633 3524 3689 solum
3571 3626 3824 3684 militaris

2251 3758 2270 3794 ι
2317 3737 2626 3807 disciplina,
2659 3745 2714 3790 et
2764 3733 2950 3805 regula
2993 3729 3168 3786 sancti
3215 3725 3519 3788 Benedicti,
3568 3737 3601 3776 a
3643 3721 3823 3775 decent

2253 3852 2272 3887 ι
2317 3830 2580 3887 militibus
2603 3827 2690 3884 vel
2716 3825 3019 3890 monachis,
3056 3819 3251 3874 litteris
3294 3815 3469 3872 sacris
3497 3807 3824 3870 tacentibus,

2254 3939 2274 3976 ι
2317 3921 2681 3991 frequentant.
2719 3915 2982 3984 Quoniam
3018 3910 3235 3982 quidem
3267 3921 3392 3963 cum
3424 3901 3695 3991 regularis
3717 3897 3828 3952 dili-

2255 4030 2276 4067 ι
2321 3990 2506 4083 gentia
2545 4008 2786 4079 triginta,
2833 4001 3191 4074 quadraginta
3236 3996 3322 4051 vel
3347 3995 3432 4049 bis
3475 3990 3717 4083 amplius
3744 4002 3828 4083 ea:

2256 4119 2279 4156 ι
2323 4077 2549 4156 nonieos
2596 4077 2759 4153 simul
2829 4093 3100 4158 admittat,
3157 4101 3354 4144 nomen
3425 4082 3643 4148 decani,
3695 4077 3829 4151 quod

2257 4211 2279 4246 ε
2323 4199 2489 4262 supra
2514 4188 2800 4246 denarium
2823 4201 2909 4242 res
2931 4178 3130 4255 agitur,
3160 4175 3613 4236 irrationabiliter
3635 4175 3833 4243 ponere

2259 4301 2280 4338 ι
2322 4284 2544 4340 devitat.

2334 4397 2352 4431 ι
2393 4377 2512 4432 Erit
2560 4387 2694 4444 ergo
2745 4369 2999 4441 praelatus
3041 4363 3340 4423 secundum
3370 4357 3674 4431 spiritualis
3718 4354 3833 4409 vita:

2177 4488 2232 4548 ι)
2264 4491 2283 4526 ι
2327 4465 2854 4524 administrationem
2903 4460 3056 4532 prior
3103 4458 3158 4513 in
3209 4455 3499 4517 claustro;
3551 4457 3610 4504 et
3654 4459 3835 4501 conse-

2265 4581 2286 4616 ς
2331 4568 2561 4631 quenter
2580 4555 2902 4627 praepositus
2933 4557 3155 4620 propter
3209 4543 3543 4602 exteriorum
3580 4549 3834 4631 procura.

2267 4673 2287 4707 ι
2334 4625 2536 4707 tionem
2563 4625 2754 4704 ordine
2783 4643 3044 4700 secundo.
3078 4635 3390 4709 Spiritualia
3439 4633 3591 4688 enim
3623 4625 3839 4684 secula-

2268 4763 2288 4797 ι
2333 4743 2484 4798 ribus
2532 4740 2692 4808 digne
2738 4740 3146 4807 praeponuntur,
3185 4733 3445 4798 quantum
3490 4720 3692 4777 stolido
3734 4731 3840 4770 cor-

2270 4856 2290 4890 r
2335 4833 2452 4907 pori
2481 4831 2762 4888 rationalis
2800 4828 2983 4882 anima
3015 4822 3350 4896 principatur
3381 4836 3396 4872 :
3448 4816 3592 4871 hanc
3634 4811 3840 4867 institu-

2272 4947 2292 4982 c
2335 4903 2542 4983 tionem
2572 4920 2923 4980 immobiliter
2945 4924 3168 4974 servant
3194 4905 3563 4969 Occidentalia
3587 4903 3840 4963 claustra,

2273 5042 2292 5076 ι
2336 5029 2394 5076 et
2445 5018 2836 5074 monachorum
2892 5015 3157 5083 quotquot
3221 5012 3350 5062 sunt
3409 5000 3504 5056 ubi
3577 4993 3838 5054 emnobia.

2274 5133 2294 5167 ι
2339 5112 2547 5182 Quippe
2569 5109 2695 5180 quia
2739 5106 2909 5179 pluris
2935 5101 3217 5160 existimas
3239 5113 3369 5168 opes
3390 5094 3670 5164 religione,
3696 5099 3843 5182 vene-

2278 5224 2298 5258 ι
2347 5179 2496 5261 rari—s—
2511 5179 2878 5274 praepositum,
2911 5208 3199 5266 suppressa
3252 5187 3442 5246 decani
3486 5179 3844 5240 celebratione

2279 5316 2299 5338 .
2346 5296 2714 5338 nrmniammm
2741 5289 2991 5338 nluriaris
3026 5297 3076 5338 te
3098 5282 3441 5338 nrzenositum
3475 5290 3616 5336 esse.
3646 5285 3844 5336 pursu—
