3992 5338
233 299 333 354 729

1746 301 1928 359 VITA.

3387 305 3491 357 730

238 428 257 463 ι
299 419 416 466 tur:
467 409 597 466 hinc
644 409 917 483 religionis
965 414 1180 480 divinas,
1231 415 1368 486 proh
1423 415 1618 471 dolor!
1650 416 1804 470 ruina
1833 419 1883 479 Α
1918 435 1935 469 ι
1981 421 2262 488 naturalis,
2319 424 2450 495 quid
2480 433 2534 479 tu
2567 425 2842 497 negligens
2890 421 3209 494 praepositus
3236 419 3490 490 operibus

239 519 258 552 ι
301 502 603 566 subus-itur,
662 501 913 558 litterulis
958 505 1254 576 disciplina:
1316 505 1553 561 studium
1596 506 1810 576 penitus

239 607 258 642 ι
301 589 636 646 destituitur.
667 591 799 660 Quis
822 591 1031 664 plantat
1051 597 1289 662 vineam,
1319 606 1374 651 et
1399 597 1466 652 de
1487 596 1662 652 fructu
1692 597 1810 666 ejus

238 700 259 734 ι
301 697 411 736 non
475 682 755 738 comedit?
803 684 934 752 Quis
983 687 1115 741 nihil
1183 689 1473 758 proliciens
1537 688 1807 758 religioni,

241 789 260 824 ι
300 771 713 844 disciplimeque
734 790 952 845 operam
999 777 1195 834 dabit?
1222 778 1375 834 Hanc
1417 779 1808 834 institutionem

241 881 260 916 ι
300 862 465 918 Pater
489 864 727 920 ctnlestis
756 881 860 921 non
895 867 1183 938 plantavit,
1209 878 1384 924 mater
1409 869 1646 924 Ecclesia
1671 869 1811 923 scri-

241 977 259 1012 ι
297 958 404 1030 ptis
432 959 552 1014 suis
579 976 683 1014 non
715 961 994 1033 animavit.
1024 961 1254 1018 Necesse
1282 973 1366 1018 est
1385 979 1514 1034 ergo
1542 963 1808 1034 spirituali

241 1069 259 1101 ι
302 1050 475 1103 cultro
506 1052 786 1107 succidere
808 1053 988 1122 spuria
1013 1054 1355 1121 vitulamina,
1383 1067 1438 1109 et
1474 1055 1810 1125 regularibus

241 1159 260 1194 t
301 1143 527 1196 monitis
554 1157 835 1198 assensum
888 1147 1132 1214 praebere
1177 1163 1274 1218 per
1330 1149 1530 1203 onmia.
1560 1148 1810 1218 Praecipit

242 1250 260 1284 ι
303 1249 537 1304 namque
585 1235 766 1306 regula
809 1240 1155 1306 praepositum
1203 1241 1302 1294 sub
1353 1239 1575 1309 praelato
1625 1254 1806 1309 agere,

243 1343 261 1378 ι
298 1325 397 1380 sibi
429 1326 675 1396 injuncta
702 1327 960 1385 fratribus
991 1331 1267 1387 humiliter
1332 1331 1665 1400 fideliterque
1685 1345 1808 1384 cum

242 1433 260 1467 ι
299 1415 450 1470 bona:
478 1419 904 1475 conversationis
943 1421 1189 1490 exemplo
1233 1420 1612 1476 adtuiuistrare
1645 1436 1660 1486 ;
1713 1420 1810 1475 sed

242 1525 260 1560 ι
301 1508 344 1562 si
374 1509 420 1562 is
461 1509 832 1576 resultaverit,
881 1513 949 1568 ab
994 1512 1170 1570 ollicio
1224 1511 1486 1569 removeri
1537 1511 1810 1582 aliumque

243 1616 261 1652 t
302 1597 419 1656 loco
444 1601 565 1669 ejus
592 1604 856 1672 aptiorem
883 1605 1160 1661 constitui.

308 1710 328 1744 ι
370 1691 452 1747 Ad
480 1693 623 1761 bare,
647 1694 834 1760 frater,
859 1695 1000 1761 vide,
1028 1712 1230 1768 quaeso,
1253 1696 1643 1766 subjectionem
1668 1710 1808 1766 prse-

1918 529 1937 561 ι
1977 510 2338 568 laborantium
2408 516 2746 571 dominaris?
2808 515 2946 570 Ecce
3011 529 3110 584 per
3170 510 3486 581 Apostolum

1916 621 1935 655 ι
1985 603 2276 674 derogatur
2324 605 2418 660 tibi
2466 607 2587 662 vita:
2634 607 2962 670 communio,
3015 604 3156 658 unde
3207 603 3302 656 tibi
3329 609 3488 654 tanta:

1916 714 1934 748 ι
1981 696 2368 752 dominationis
2397 697 2629 752 abusio?
2675 695 2732 752 Si
2771 697 2861 767 qui
2892 696 3050 749 altari
3081 694 3392 755 deserviunt,
3425 692 3488 744 de

1915 806 1935 840 ι
1979 788 2172 842 altario
2201 790 2383 843 debent
2410 791 2576 844 virere
2601 830 2616 854 ,
2664 797 3056 858 consequenter
3080 788 3169 856 qui
3201 785 3332 840 nihil
3370 802 3489 839 scr-

1916 895 1935 929 ι
1977 879 2079 944 vis,
2127 879 2203 934 nil
2247 880 2412 936 debes
2446 864 2712 950 accipere.
2746 881 2848 945 Qui
2879 896 3033 950 parce
3062 880 3306 944 seminat,
3335 895 3490 947 parce

1916 985 1936 1019 ι
1976 978 2021 1021 et
2043 977 2276 1034 metet,et
2300 971 2650 1040 unusquisque
2672 970 2952 1023 κειιιιάιιηι
2973 969 3199 1023 laborem
3221 970 3488 1037 proprium

1916 1077 1934 1108 ε
1979 1059 2264 1113 mercedem
2303 1059 2537 1129 accipiet.
2585 1058 2754 1113 Porro
2780 1059 2823 1112 si
2857 1057 3287 1126 religiosissimus
3317 1071 3484 1119 esses,

1916 1168 1933 1200 ι
1981 1165 2075 1218 per
2124 1151 2482 1205 humilitatem
2529 1152 2668 1206 hanc
2722 1149 3101 1204 dominationis
3143 1147 3485 1202 ambitionem

1917 1257 1934 1290 ι
1978 1256 2170 1296 cavere
2197 1241 2419 1296 deberes
2449 1240 2565 1313 [(4)
2591 1243 2731 1296 sicut
2758 1241 2970 1296 Veritas
2991 1240 3149 1294 docet
3185 1237 3484 1308 apostolos:

1917 1349 1934 1382 ι
1975 1329 2107 1384 Cum
2159 1332 2384 1400 feceritis
2441 1333 2614 1385 omnia
2669 1348 2785 1403 qua:
2836 1342 3093 1401 pra'cepta
3146 1339 3264 1383 sunt
3325 1328 3482 1390 vobis,

1917 1440 1935 1474 ι
1976 1423 2157 1475 dicite:
2201 1421 2352 1477 Servi
2383 1421 2589 1476 inutiles
2619 1438 2820 1476 sumus.
2865 1420 2956 1476 Sic
2998 1419 3186 1482 David,
3234 1417 3486 1487 parvulus

1916 1533 1935 1568 ι
1978 1516 2031 1572 in
2060 1516 2232 1571 oculis
2268 1515 2392 1582 Dei,
2428 1515 2752 1570 sublimatur
2784 1515 2840 1568 in
2870 1528 3085 1584 regem;
3139 1510 3289 1573 Saul,
3335 1523 3487 1563 arro-

1915 1627 1933 1661 ι
1979 1616 2169 1679 ganter
2195 1623 2382 1679 agens,
2427 1607 2867 1662 contumeliosam
2905 1605 3092 1660 incidit
3131 1603 3184 1658 in
3230 1610 3482 1657 mortem.

1915 1714 1935 1750 ι
1983 1695 2166 1754 Omnis
2187 1697 2276 1769 qui
2300 1713 2355 1752 se
2379 1697 2594 1759 exultat,
2624 1695 3022 1750 humiliabitur:
3051 1703 3097 1746 et
3120 1694 3208 1762 qui
3237 1708 3291 1745 se
3314 1691 3487 1745 humi-

243 1798 261 1836 t
299 1783 454 1852 positi
485 1799 500 1848 ;
532 1784 656 1839 vide
694 1785 1029 1854 fidelitatem,
1083 1789 1464 1854 humilitatem,
1505 1788 1806 1860 periculum
1833 1769 1883 1832 Β
1915 1807 1934 1843 ι
1979 1789 2094 1854 liat,
2122 1786 2556 1860 exaltabitur].Si
2579 1787 2795 1852 Paulus,
2817 1785 2934 1856 plus
2963 1784 3196 1838 omnibus
3218 1782 3482 1846 laborans,

243 1888 261 1922 ι
301 1886 512 1943 quoque
541 1873 847 1931 ministerii.
873 1877 936 1930 Et
958 1877 1001 1931 si
1020 1880 1301 1947 praesumis
1332 1880 1639 1935 claustralia
1665 1881 1806 1937 bona

245 1977 263 2013 ι
302 1961 624 2044 inconsultis
649 1965 912 2021 fratribus
939 1969 1087 2032 dare,
1117 1969 1204 2022 ubi
1245 1977 1329 2023 est
1357 1968 1638 2038 subjectio,
1668 1971 1804 2028 ﬁde-

245 2068 262 2102 ι
300 2051 440 2120 litas,
473 2055 757 2112 humilitas
782 2058 1102 2113 obedientia:
1140 2062 1159 2112 ι
1209 2058 1359 2114 Unde
1408 2059 1498 2114 illa
1525 2069 1676 2115 tanta
1704 2061 1804 2117 do-

243 2157 262 2194 t
301 2144 535 2199 minandi
579 2146 903 2211 sublimitas,
955 2148 1001 2204 si
1045 2150 1328 2218 perdendae
1381 2150 1658 2220 dignitatis
1694 2159 1804 2206 tam

244 2249 262 2285 ι
301 2248 462 2303 prona
489 2234 721 2292 facultas
749 2237 772 2290 7
799 2236 915 2292 Non
940 2247 1193 2308 poterunt
1220 2240 1418 2296 fratres
1456 2241 1812 2299 consiliorum

245 2340 270 2379 ι
298 2338 410 2385 CSSt‘
454 2325 772 2405 participes,
807 2329 898 2406 qui
954 2329 1307 2416 insilluliottis
1347 2340 1803 2410 depositionisque

247 2437 263 2471 ι
306 2430 402 2475 tua:
431 2435 658 2491 possunt
686 2442 802 2482 esse
829 2429 1092 2499 Opifices?
1121 2433 1420 2500 praesertim
1453 2448 1574 2486 cum
1604 2433 1802 2488 domno

247 2522 264 2557 ι
297 2509 556 2576 pontilici,
585 2515 674 2582 qui
705 2516 1055 2584 singulariter
1101 2521 1328 2575 domnus
1360 2531 1602 2585 vocatur,
1630 2523 1806 2578 eccle-

247 2614 264 2649 ι
303 2599 515 2656 siastica
543 2617 650 2659 non
688 2605 852 2662 liceat
884 2609 1003 2664 sine
1047 2609 1367 2668 clericorum
1404 2613 1630 2666 consilio
1671 2613 1803 2668 dell-

248 2703 265 2737 t
303 2689 440 2758 nire;
485 2701 549 2746 ut
587 2697 714 2765 quid
770 2698 1045 2767 subjectus
1100 2702 1346 2758 minister
1390 2704 1612 2758 audebis
1661 2707 1799 2760 bona

249 2794 265 2830 t
306 2777 527 2838 fratrum
556 2787 850 2843 secundum
877 2790 1084 2845 libitum
1124 2801 1272 2848 tuum
1303 2794 1567 2864 dissipare
1591 2794 1613 2847 ἲ
1642 2794 1804 2848 Doru-

248 2887 266 2922 t
304 2888 398 2928 nus
426 2875 596 2932 abbas
633 2877 854 2947 jubetur
888 2883 939 2936 in
979 2884 1263 2940 consilium
1305 2896 1469 2942 totam
1510 2903 1803 2959 congrega-

249 2977 266 3012 ι
307 2963 497 3020 tionem
539 2969 827 3026 adducere.
876 2973 1209 3042 consilioque
1246 2977 1427 3031 omnia
1444 2977 1670 3032 delinire
1699 2995 1713 3044 ;
1745 2987 1801 3032 tu

252 3069 268 3102 ι
306 3055 606 3128 dedigneris
637 3063 938 3121 confratres
964 3077 1082 3123 tuos
1109 3085 1272 3138 super
1296 3072 1672 3127 communibus
1703 3073 1799 3127 bo-

1914 1897 1934 1931 ‹
1979 1879 2262 1951 profitetur
2289 1893 2347 1933 se
2377 1877 2660 1932 minimum
2685 1885 2739 1932 et
2765 1876 3088 1939 abortivum,
3129 1888 3226 1927 cur
3263 1881 3319 1926 tu
3349 1871 3484 1926 nihil

1911 1992 1930 2027 ι
1976 1973 2252 2038 laborans,
2320 1973 2626 2028 econtrario
2687 1971 2957 2041 singulare
2996 1984 3340 2041 prmoccupas
3386 1968 3485 2021 do-

1909 2079 1931 2114 ι
1977 2062 2248 2118 minium?
2276 2061 2333 2116 Si
2373 2063 2638 2117 sententia
2671 2061 2820 2115 Pauli
2857 2076 2952 2130 per
2980 2060 3158 2114 omnia
3191 2068 3273 2112 est
3302 2057 3487 2110 lauda-

1911 2174 1930 2208 ι
1976 2155 2120 2214 bilis.
2149 2155 2530 2215 universaliter
2551 2153 2898 2234 praesumptio
2928 2162 3015 2206 tua
3046 2151 3106 2205 fit
3131 2148 3482 2205 detestabilis.

1910 2275 1926 2307 ι
1972 2256 2116 2310 Dicis
2154 2267 2205 2311 te
2234 2272 2352 2311 esse
2398 2267 2669 2326 potentem
2699 2257 3060 2327 praepositum,
3116 2240 3296 2307 on'tttia
3343 2239 3483 2307 imus

1909 2365 1929 2398 ι
1973 2346 2201 2402 claustri
2251 2347 2369 2401 sine
2424 2347 2648 2401 consilio
2677 2346 2875 2414 praelati
2915 2356 2968 2398 et
2997 2345 3380 2399 canonicorum
3430 2343 3483 2396 in

1910 2456 1929 2489 ι
1978 2438 2138 2494 domo
2193 2446 2282 2493 tua
2340 2437 2481 2493 sicut
2524 2437 2758 2492 volueris
2815 2437 3268 2504 dispettsatttrum.
3319 2431 3484 2498 Quem

1910 2545 1929 2579 ι
1974 2539 2192 2597 tetpsum
2218 2528 2389 2597 facis?
2418 2527 2558 2592 Quid
2585 2526 2741 2579 habes
2767 2524 2904 2595 quod
2953 2541 3055 2577 non
3099 2523 3396 2591 acceperis?
3422 2520 3484 2575 Si

1909 2635 1928 2669 ι
1972 2619 2234 2686 gloriaris,
2274 2619 2328 2671 in
2365 2617 2585 2670 Domino
2639 2614 2908 2686 glorieris;
2953 2630 3056 2667 non
3095 2611 3230 2665 enim
3264 2613 3353 2682 qui
3404 2627 3486 2664 se-

1909 2727 1927 2760 ι
1975 2711 2142 2776 ipsum
2170 2709 2517 2775 commendat,
2572 2706 2660 2760 ille
2681 2705 2952 2774 probatur,
3005 2703 3096 2757 sed
3147 2703 3235 2772 qui
3288 2719 3322 2756 a
3375 2700 3483 2754 Deo

1909 2817 1928 2850 ι
1975 2800 2387 2853 commendatur.
2415 2798 2653 2863 Gloriam
2680 2805 2826 2851 tuam
2862 2792 3259 2861 materjustitia
3288 2793 3482 2860 pariat,

1909 2905 1930 2940 ι
1976 2887 2294 2941 humilitatis
2349 2886 2595 2941 custodia
2657 2900 2765 2939 non
2824 2881 3178 2950 derelinquat.
3250 2879 3364 2934 Non
3435 2888 3486 2932 te

1909 2997 1930 3032 ι
1974 2977 2217 3033 metiaris
2247 2975 2582 3030 adulantium
2624 2974 2835 3044 lingua;
2884 2972 3012 3042 quid
3059 2971 3154 3036 sis,
3204 2984 3310 3023 non
3355 2967 3484 3037 quid

1910 3087 1930 3120 ι
1973 3067 2206 3132 voceris,
2273 3065 2557 3135 diligenter
2620 3063 2890 3119 examina.
2971 3061 3030 3116 Si
3111 3061 3253 3114 Deus
3322 3059 3484 3114 homo

248 3159 264 3192 ι
303 3145 943 3210 uisconsulereilubetur
961 3158 1120 3213 etiam
1139 3159 1278 3215 inter
1288 3161 1470 3232 plures
1488 3163 1800 3218 monasterii

1913 3175 1931 3211 t
1979 3157 2128 3212 venit
2159 3155 2493 3219 ministrare,
2536 3170 2640 3208 non
2673 3151 2987 3213 ministrari,
3032 3166 3128 3205 cur
3157 3158 3305 3203 tanto
3339 3148 3484 3202 fastu

247 3249 264 3284 ι
301 3237 428 3292 bona
450 3240 716 3311 dividere,
751 3262 818 3301 ne
848 3249 993 3304 solus
1021 3253 1363 3322 praepositus,
1385 3265 1572 3310 tenens
1595 3255 1798 3323 omnia,

249 3342 267 3376 ι
300 3330 457 3396 possit
494 3335 808 3404 superbire;
850 3338 1106 3410 alioquin,
1153 3343 1199 3397 si
1240 3345 1292 3398 id
1335 3345 1560 3401 licenter
1583 3346 1799 3414 feceris,

247 3431 265 3465 ι
298 3417 400 3487 jam
443 3437 551 3478 non
579 3441 753 3494 prates
777 3432 1072 3500 canonicis,
1101 3435 1195 3489 sed
1224 3435 1395 3491 servis
1423 3445 1477 3492 et
1506 3437 1802 3509 eleemosy-

249 3525 265 3558 ι
304 3512 457 3568 uariis
508 3515 638 3572 tuis.
697 3517 846 3586 Quis,
901 3538 1048 3594 mgo,
1101 3526 1207 3580 erit
1255 3526 1527 3583 suﬂiciens
1585 3543 1802 3599 quoquo

247 3617 264 3653 ι
306 3606 452 3662 modo
504 3609 710 3678 vivere,
749 3615 841 3682 qui
893 3616 1142 3686 dignetur
1189 3620 1242 3673 in
1294 3619 1649 3692 eleemosyna:
1699 3632 1802 3678 tuae

248 3710 265 3744 ι
304 3697 558 3766 stipendia
587 3705 856 3759 transire?
897 3705 1094 3776 thuid
1131 3708 1360 3764 fratrum
1407 3713 1623 3766 nomine
1667 3712 1804 3768 tiunt

250 3799 266 3833 ι
306 3789 611 3847 traditiones
645 3797 1064 3863 possessionum,
1105 3799 1150 3853 si
1189 3811 1243 3853 tu
1285 3799 1430 3853 solus
1456 3800 1803 3872 singulariter

249 3889 266 3922 ι
304 3889 452 3944 super
493 3881 582 3936 his
611 3883 852 3938 vindicas
897 3886 1231 3942 dominium?
1267 3887 1542 3944 Hactenus
1586 3906 1802 3948 eramus

251 3980 268 4014 ι
303 3979 554 4039 pauperes
581 3971 806 4040 Christi,
851 3978 1037 4032 matris
1076 3979 1317 4034 ecclesia:
1358 3981 1642 4048 canonici;
1677 3983 1802 4038 reli-

251 4069 268 4104 ι
305 4071 456 4127 quum
501 4072 587 4119 est
631 4063 951 4122 famulemur
1003 4070 1096 4124 tibi
1142 4071 1280 4126 servi
1309 4073 1802 4142 emptitii._Desine

252 4161 269 4195 ι
306 4147 480 4219 frater,
526 4171 729 4225 quaeso,
774 4158 956 4214 desine
1003 4161 1295 4220 insolenter
1323 4177 1507 4235 agere,
1532 4164 1803 4238 olIiciique

251 4253 268 4286 ι
303 4241 368 4294 tui
404 4246 616 4299 modum
645 4246 921 4304 humiliter
951 4265 1299 4323 recognosce.

310 4348 327 4380 ι
368 4331 495 4389 Vide
513 4337 674 4390 etiam
705 4339 832 4408 quid
861 4341 1040 4413 regula
1070 4345 1336 4414 praecipue
1363 4347 1571 4402 dedicet
1595 4365 1803 4420 praepo-

253 4435 270 4470 t
310 4421 421 4488 sito,
453 4427 659 4484 scilicet
684 4429 952 4499 subjectos
982 4432 1255 4492 illustrare
1276 4438 1552 4495 canonica:
1574 4456 1800 4496 conver-

1913 3265 1932 3299 ι
1972 3246 2169 3316 quaaris
2219 3243 2527 3299 dominari?
2573 3243 2706 3297 Cum
2755 3241 2897 3294 Deus
2942 3248 3110 3304 esset,
3153 3238 3482 3306 semetipsum

1911 3354 1932 3390 ι
1974 3335 2259 3390 exinanivit
2307 3333 2532 3403 formam
2581 3333 2711 3386 servi
2761 3331 3063 3400 accipiens;
3103 3338 3193 3393 tu,
3245 3326 3381 3382 cinis
3430 3335 3484 3380 et

1911 3446 1930 3482 ι
1975 3427 2190 3497 pulvis,
2254 3423 2536 3480 contendis
2602 3421 2786 3478 vocari
2851 3421 3170 3492 prteposilus
3233 3417 3484 3490 potens?

1912 3535 1933 3572 t
1977 3519 2265 3574 Enimvero
2319 3529 2658 3586 nequaquam
2709 3513 2915 3584 poteris
2971 3512 3085 3580 ejus
3139 3523 3257 3565 esse
3323 3508 3483 3562 disci-

1910 3630 1930 3664 ι
1972 3611 2149 3681 pulus,
2201 3608 2508 3678 nisiprius,
2537 3605 2782 3674 deposito
2821 3601 3200 3660 dominationis
3247 3599 3478 3669 fastigio,

1910 3723 1930 3756 ι
1976 3704 2072 3759 llas
2092 3702 2364 3772 parvulus.

1977 3813 1999 3848 ι
2046 3794 2206 3850 Certe
2255 3793 2300 3848 si
2348 3790 2527 3845 nullus
2574 3787 2876 3845 claustralis
2913 3785 3254 3857 praepositus,
3285 3781 3386 3838 nisi
3413 3795 3479 3835 ex

1910 3905 1929 3938 ι
1975 3884 2210 3956 regulari
2245 3883 2323 3955 (5)
2355 3881 2615 3938 canonico
2643 3881 2801 3935 debet
2823 3875 3344 3946 ordiuari,prol‘ecto
3371 3887 3478 3926 non

1912 3997 1930 4030 ι
1977 3978 2142 4033 debes
2177 3992 2298 4032 esse
2327 3975 2664 4046 praepositus,
2692 3972 2795 4028 nisi
2825 3970 3144 4026 canonicam
3173 3967 3341 4022 vitam
3384 3964 3481 4018 du-

1911 4087 1928 4118 c
1974 4067 2121 4122 xeris
2143 4065 2388 4120 claustri.
2419 4065 2592 4118 Distat
2621 4077 2749 4133 ergo
2777 4063 2918 4116 inter
2941 4058 3195 4114 clericum
3235 4063 3290 4110 et
3313 4068 3480 4109 cano-

1910 4176 1930 4210 ι
1977 4157 2179 4223 nicum,
2210 4155 2354 4226 quod
2377 4154 2662 4218 canonico,
2684 4169 2790 4207 non
2826 4151 3024 4206 clerico
3065 4148 3288 4202 debetur
3335 4144 3482 4200 clau-

1909 4269 1929 4304 ι
1977 4257 2184 4314 strum;
2218 4247 2395 4302 omnis
2419 4247 2562 4300 enim
2590 4245 2884 4300 canonicos
2917 4242 3168 4308 clericus,
3200 4255 3318 4303 non.
3355 4251 3483 4292 con-

1910 4358 1928 4392 ι
1973 4345 2263 4407 sequenter
2289 4343 2350 4391 ut
2373 4335 2552 4391 omnis
2581 4333 2808 4389 clericus
2842 4332 3152 4387 canonicos.
3202 4329 3282 4383 Ex
3322 4341 3483 4382 cano-

1913 4448 1932 4482 ι
1982 4429 2105 4484 nico
2126 4428 2293 4494 enim,
2319 4441 2426 4482 non
2452 4442 2518 4482 ex
2541 4426 2743 4482 clerico
2769 4423 3092 4494 regulariter
3136 4420 3484 4476 constituitur

231 4526 271 4598 ἔα
304 4516 512 4573 sationis
535 4520 804 4591 exemplo.
834 4523 971 4594 Ergo
1001 4524 1046 4580 si
1072 4527 1318 4596 regulare
1341 4530 1651 4586 mandatum
1689 4541 1796 4598 est,
1831 4503 1878 4562 θ
1909 4543 1928 4577 ι
1975 4522 2327 4592 ρτωροδίιιιε;
2381 4536 2446 4576 ac
2495 4520 2615 4575 ideo
2661 4530 2881 4573 "806550
2930 4526 3037 4581 εει,
3073 4515 3115 4569 εί
3169 4511 3486 4583 Ρτωῐνοδίίυε

225 4589 272 4688 ξι
306 4609 580 4666 canonicos
614 4612 860 4680 chorum,
899 4616 1266 4686 refectorium,
1292 4619 1666 4676 dormitorium
1694 4623 1800 4679 fre-

253 4706 275 4746 t
309 4708 583 4768 queutare;
604 4718 721 4768 cur,
745 4703 868 4758 dum
885 4705 1108 4762 facultas
1128 4719 1230 4774 est,
1256 4713 1530 4768 subtrahis
1555 4724 1624 4780 te,
1647 4716 1803 4786 quasi

255 4797 273 4832 ι
312 4788 633 4853 prohibearis
686 4791 755 4846 ab
804 4793 907 4850 hac
956 4797 1256 4855 societate:
1311 4816 1432 4856 eum
1488 4803 1563 4858 sis
1612 4819 1799 4869 sanus,

257 4889 274 4923 ι
307 4876 500 4935 validus
551 4882 865 4956 plerumque
893 4887 1052 4942 etiam
1108 4891 1315 4945 otiosus
1350 4909 1365 4957 ;
1414 4908 1482 4948 ne
1509 4896 1802 4950 erubescas

257 4979 278 5016 ι
312 4969 577 5040 religiosus
629 4988 779 5041 esse;
835 4977 959 5047 quia
1008 4981 1096 5049 qui
1126 4980 1399 5037 Christum
1433 4984 1712 5039 erubuerit
1746 4993 1802 5040 et

259 5071 277 5107 ι
311 5071 573 5118 set-itiones
618 5081 768 5132 suos,
813 5069 1099 5138 poenaliter
1136 5072 1400 5128 allicietur
1443 5075 1496 5128 in
1528 5074 1615 5128 die
1656 5077 1802 5132 cala-

257 5164 277 5190 Ι
313 5151 495 5190 ηὶίΙεΙΙῖο
523 5165 570 5190 ΔΙ
604 5158 830 5190 Μῖαοιιῖρα
885 5159 910 5190 Α
945 5177 1024 5190 ηπ.-

1035 5179 1098 5190 nn
1121 5165 1170 5190 Ζο-
1202 5179 1478 5190 ..Ακκι-..-Μ
1506 5181 1609 5190 μοι..
1633 5167 1737 5190 κα-..
1763 5179 1795 5190 γι

1911 4633 1931 4668 ι
1979 4628 2060 4679 es,
2084 4614 2276 4679 choro,
2310 4611 2622 4674 refectorio,
2647 4609 2962 4664 dormitorio
2985 4649 3000 4674 ,
3028 4606 3128 4660 nisi
3173 4621 3270 4674 per
3316 4603 3484 4656 licen-

1914 4723 1934 4759 ι
1982 4705 2132 4769 tiam,
2157 4705 2232 4762 sis
2255 4704 2522 4758 assiduus.
2551 4702 2717 4773 Igitur
2753 4700 2878 4769 quia
2910 4698 3142 4752 maxime
3173 4691 3487 4762 praepositu-

1915 4815 1934 4848 ι
1981 4811 2095 4850 ram
2124 4810 2296 4861 amas,
2323 4809 2420 4849 cur
2443 4791 2667 4848 claustri
2693 4790 2905 4845 fastidis
2932 4784 3214 4842 militiam?
3246 4781 3489 4848 Quapro-

1911 4909 1927 4942 ι
1971 4897 2094 4958 pter
2144 4897 2238 4944 aut
2290 4903 2416 4944 cum
2462 4884 2818 4954 praepositum
2869 4878 3096 4935 habebis
3149 4873 3487 4939 religionem,

1909 5000 1929 5034 ι
1975 4981 2060 5035 vel
2084 4980 2318 5049 dignitas
2356 4975 2632 5049 praepositi
2676 4981 2919 5026 vertetur
2966 4971 3022 5025 in
3064 4964 3489 5026 villicationem;

1909 5099 1926 5125 ι
1977 5089 2083 5126 non
2119 5072 2263 5126 enim
2298 5073 2404 5125 erit
2430 5082 2649 5123 necesse
2677 5063 2932 5118 constitui
2969 5075 3032 5114 ex
3073 5056 3336 5110 canonico
3357 5068 3496 5123 pra:-

1915 5185 1929 5190 -
1977 5164 2208 5190 ......:........
2265 5162 2308 5190 ..ε
2338 5160 2477 5190 mn...
2510 5154 2868 5190 ,ηιηςαιονῖηπι
2917 5163 3070 5190 ωηηρ
3118 5147 3294 5190 nnssit
3335 5142 3498 5190 mini-
