3992 5338
534 335 632 389 751
1300 376 1307 385 ρ
1626 340 1845 398 VASON
1853 342 1912 399 IS
1950 344 2351 403 LEODIENSIS
2392 349 2694 407 EPISCOPI

3672 367 3773 417 75!

542 461 561 493 ι
607 442 853 509 mcndet;
894 443 1017 513 quia
1056 444 1215 499 nimis
1243 444 1768 531 profanumconstat
1796 461 2103 523 utrumque,
2133 460 2181 519 Λ
2215 477 2234 511 ι
2266 462 2435 531 gratia
2479 463 2743 534 donisque
2769 466 3093 538 magniﬁcat.
3123 465 3215 524 Sic
3268 469 3510 526 omnium
3538 471 3775 528 delecta-

545 553 561 584 ι
614 542 663 587 te
695 533 773 603 (6)
831 533 1187 603 irreligiosum
1237 550 1390 600 esse,
1444 524 1827 611 reli'giososqne
1882 558 2093 598 vexare.

540 643 558 675 ι
606 623 723 695 [(7)
751 623 830 677 Ad
855 625 985 689 haec,
1010 623 1200 692 frater,
1224 628 1496 696 praepositi
1532 628 1942 697 subjectionem,
1973 633 2102 687 ﬁde-

541 732 558 764 (
606 714 833 779 litatem,
883 715 1280 779 humilitatem,
1336 718 1858 774 administrationem
1911 736 2106 777 secun-

538 822 557 854 ι
605 803 731 858 dum
769 805 1028 874 regulam,
1056 822 1159 860 non
1185 807 1602 863 dominat‘oncm
1627 809 1843 880 collige;
1867 812 1931 866 de
1950 811 2105 867 bonis

540 914 556 944 ι
605 894 697 948 tibi
734 895 1039 951 commissis
1077 897 1359 952 consilium
1401 899 1589 954 decani
1641 899 1977 971 fratrumque
2034 917 2103 959 ne

539 1004 556 1035 ι
602 986 907 1055 asperneris
931 996 1203 1056 appetere.
1239 989 1342 1043 Per
1368 987 1752 1059 snhjectionem
1784 1000 1837 1045 et
1884 992 2103 1046 humili-

540 1096 557 1126 ι
605 1084 767 1131 tatem
802 1078 1028 1147 quaerito
1058 1079 1367 1146 consilium,
1393 1081 1557 1135 etiam
1614 1083 1960 1150 mandatum;
2008 1097 2106 1152 per

538 1184 555 1216 ι
601 1165 912 1221 fidelitatem
956 1176 1011 1221 et
1040 1167 1563 1223 administrationem
1583 1209 1599 1236 ,
1623 1170 1881 1239 quidquid
1910 1182 2104 1240 prteter

538 1274 556 1307 ι
602 1256 921 1311 beneﬁcium
962 1258 1249 1322 inveneris,
1280 1258 1442 1315 redde
1483 1271 1671 1314 tottnn.
1716 1261 1911 1329 thuid
1940 1262 2105 1317 bene-

537 1371 553 1393 ι
602 1344 781 1401 ﬁcium
807 1346 1027 1417 accipis,
1053 1347 1097 1401 si
1125 1348 1190 1402 ad
1221 1357 1413 1403 caetera
1436 1349 1614 1403 omnia
1645 1366 1748 1405 non
1774 1367 1833 1405 es
1856 1351 2101 1423 lidelis?]

537 1458 552 1485 ι
603 1437 872 1508 Quidquid
903 1438 1209 1494 ministerio
1243 1440 1501 1510 tuojuste
1547 1440 1949 1509 superlueratus
1990 1441 2105 1497 fue-

537 1549 553 1577 ‹
605 1530 702 1595 ris,
729 1529 785 1585 in
816 1530 927 1585 vita
953 1538 1045 1585 tua
1075 1539 1292 1585 teneas:
1343 1547 1449 1585 non
1491 1541 1667 1586 tamen
1710 1533 1967 1589 fratribus
2004 1536 2105 1590 hoc

538 1641 554 1670 ι
603 1621 774 1691 palam
830 1621 1044 1688 facere,
1095 1613 1162 1676 ne
1212 1623 1342 1677 furti
1399 1625 1666 1694 arguaris,
1720 1627 2101 1695 supersedeas;

536 1731 551 1759 ι
600 1709 719 1782 [(8)
750 1711 830 1767 sic
856 1711 1088 1769 fructum
1121 1714 1343 1770 habebis
1370 1730 1435 1769 ex
1462 1724 1550 1770 tua
1594 1717 2032 1784 rationabilitate,
2054 1708 2102 1773 si

537 1823 553 1853 ι
602 1804 857 1859 fratribus
879 1806 1122 1860 notitiam
1148 1806 1343 1862 feceris
1364 1808 1671 1863 cbaborata:
1692 1824 1937 1864 summas.
1952 1808 2103 1876 Quod
2132 1807 2175 1867 Β

536 1911 553 1940 ι
598 1892 640 1945 δί
674 1892 894 1948 silentio
921 1895 1207 1963 presseris,
1249 1897 1550 1951 successori
1578 1905 1688 1958 tuo,
1711 1912 1817 1951 non
1846 1896 2103 1953 fratribus

536 2003 553 2031 ι
604 1982 803 2039 furtum
833 1984 1124 2059 lucraris].
1176 1988 1286 2059 Ego
1332 1989 1388 2043 in
1434 1988 1642 2044 duabus
1682 1990 1823 2044 villis
1858 1991 1986 2045 mihi
2018 1992 2102 2045 in-

541 2095 558 2123 ι
607 2076 719 2130 vito
749 2077 1074 2145 commissis,
1103 2078 1621 2150 quadringentorum
1668 2079 1745 2150 (9)
1790 2095 2103 2135 mansurqu

536 2185 553 2215 ι
602 2165 880 2221 servitium
914 2167 1059 2237 justa
1115 2170 1327 2225 ratione
1375 2169 1801 2239 superlucratus,
1847 2169 2105 2225 fratribus

534 2277 551 2306 ι
602 2259 936 2324 aununtiari,
961 2270 1015 2315 et
1054 2260 1235 2315 statim
1278 2262 1555 2317 servitium
1604 2263 1741 2330 feci;
1794 2274 2105 2335 quantoque

533 2367 551 2398 ι
597 2364 683 2404 me
736 2350 795 2405 in
845 2351 1039 2422 gaudio
1084 2367 1180 2421 pro
1231 2353 1486 2409 ﬁdelitate
1537 2356 1741 2410 intrare
1781 2356 2100 2426 sperabam,

533 2458 550 2489 ι
598 2440 744 2497 tan‘to
810 2441 1243 2499 tribulationibus
1304 2445 1623 2516 invidiaeque
1675 2448 1853 2519 magis
1912 2463 2104 2503 succu-

530 2547 550 2579 ί
601 2530 709 2584 bui.
772 2530 974 2586 Servus
1031 2533 1374 2603 evangelicus
1431 2535 1689 2590 talentum
1743 2536 2025 2605 duplicans
2071 2551 2104 2591 a

530 2639 548 2670 ι
596 2620 813 2675 domino
852 2621 1185 2678 collaudatus
1224 2625 1420 2678 meruit
1455 2627 1641 2680 donari
1680 2642 1822 2697 :ego
1871 2628 2104 2698 quadru-

529 2728 546 2760 ι
598 2710 824 2780 plicans,
866 2711 1049 2767 multis
1112 2715 1286 2769 modis
1339 2716 1615 2786 impetitus
1665 2727 1719 2772 ct
1766 2719 2104 2774 circumven-

529 2819 547 2850 ί
598 2812 717 2866 tus,
784 2802 1032 2857 addictus
1120 2818 1238 2857 sum
1321 2809 1644 2875 paupertati.
1711 2807 1861 2879 (10)
1929 2808 2103 2880 [Cum

529 2912 547 2942 ι
586 2891 750 2946 multa
765 2892 903 2948 bona
917 2893 1136 2949 claustri
1153 2903 1333 2952 teneas
1346 2899 1461 2952 sine
1479 2901 1776 2968 quastione
1802 2900 2099 2955 redditihus

530 3002 547 3033 ι
585 2983 930 3051 ρειινγίς,ἐυι“
974 2984 1286 3041 ﬁdelitatem
1347 2999 1625 3056 nostram,
1691 2992 1846 3059 quasi
1899 2990 2101 3047 furtum

531 3093 547 3123 ι
585 3089 932 3144 persequens,
972 3075 1291 3134 ulcisceris?
1325 3079 1561 3135 Tuarum
1608 3096 1790 3136 rerum
1821 3082 2099 3137 ministros

530 3185 546 3215 ε
586 3164 896 3221 inﬁdeliter
931 3175 1154 3238 agentes
1199 3169 1334 3225 dure
1391 3172 1576 3241 punis;
1638 3180 1693 3226 et
1735 3187 1824 3227 res
1874 3159 2173 3228 claustriC

529 3276 547 3307 ‹
586 3273 684 3311 cur
737 3272 846 3313 non
874 3258 1038 3314 simili
1089 3259 1364 3331 diligentia
1412 3264 1787 3332 prosequeris?
1823 3264 2102 3332 Quomodo

528 3368 545 3397 ι
585 3348 827 3416 probaris
869 3347 1066 3405 fratres
1122 3351 1265 3406 sicut
1322 3352 1551 3421 teipsum
1595 3354 1841 3425 diligere,
1900 3358 1943 3411 si
1982 3364 2103 3412 tuas

529 3456 546 3486 ι
585 3445 746 3506 atque
791 3437 1005 3493 illorum
1047 3454 1137 3495 res
1190 3440 1393 3509 dispari
1440 3450 1644 3497 tractas
1692 3442 2008 3500 affectione?
2044 3442 2103 3500 Si

508 3512 546 3575 ¹ι
583 3527 723 3596 apud
757 3526 1067 3582 idololatras
1099 3528 1227 3583 olim
1256 3528 1530 3586 Romanos
1579 3530 1729 3587 fraus
1767 3534 1846 3588 rei
1874 3534 2102 3605 publicze

531 3631 547 3662 ι
587 3614 852 3686 sacrilegii
910 3616 1190 3687 suppliciis
1248 3619 1611 3688 expiabatnr,
1671 3638 1780 3692 quo
1828 3630 2103 3681 tormento

529 3719 545 3749 ι
587 3701 792 3771 legibus
829 3704 1099 3772 exquisito
1142 3705 1292 3760 fraus
1323 3707 1545 3763 claustri
1582 3710 1915 3781 deprehensa
1948 3713 2105 3783 digne

530 3808 548 3839 ι
587 3791 971 3866 multabitur?]
1030 3793 1203 3864 Ergo,
1251 3795 1439 3864 frater,
1489 3816 1679 3855 omnes
1729 3801 1780 3854 in
1819 3814 2106 3859 commune

514 3898 547 3929 -ι
585 3879 928 3951 arcingamur
980 3882 1303 3952 humilitate,
1331 3887 1718 3960 ﬁdelitateque,
1763 3893 2103 3962 regulariter,

533 3987 551 4018 ι
588 3978 642 4023 et
676 3985 763 4025 res
784 3971 1030 4037 claustri,
1057 3974 1199 4029 sicut
1238 3986 1476 4047 oportet,
1523 3991 1818 4037 tractemus
1868 3984 2105 4053 irrepre-

536 4084 554 4115 ι
597 4066 954 4123 Lensibiliter.
995 4068 1208 4137 Quanto
1238 4074 1472 4145 majores
1498 4091 1685 4132 smnus
1712 4078 1763 4131 iu
1796 4080 1977 4135 smculi
2025 4080 2105 4136 di-

529 4176 547 4210 ιτ
587 4161 907 4231 gnitatibus,
961 4171 1111 4220 tanto
1157 4180 1256 4221 nos
1295 4166 1643 4224 humiliemus
1691 4170 1743 4223 in
1790 4171 2041 4227 omnibus
2088 4187 2104 4227 :

529 4273 547 4304 ι
588 4255 870 4321 avaritize,
913 4256 1403 4328 dominationisque
1453 4262 1789 4317 altitudinem
1838 4264 2106 4335 fugiamus

529 4362 546 4393 α
585 4347 844 4412 studiose,
873 4361 990 4417 qua:
1019 4349 1331 4421 religionem
1367 4351 1812 4425 disciplinamque
1845 4354 2107 4413 naturali-

512 4440 547 4488 ἀ
586 4445 667 4490 ter
703 4437 876 4492 solent
908 4440 1241 4511 propulsare.

599 4543 618 4576 ι
652 4526 769 4581 Noli
804 4527 915 4600 (ll)
952 4532 1385 4600 praesumptionis
1433 4542 1537 4589 tuae
1586 4534 1954 4592 defensionem
2004 4531 2102 4594 co.

530 4635 548 4668 ι
588 4617 844 4674 ιοηῗεηείε
883 4620 1099 4676 claustri
1131 4625 1378 4695 exemplo
1424 4628 1714 4694 roborare;
1764 4630 1912 4700 quia,
1958 4633 2098 4686 sicut

531 4728 552 4761 ι
586 4711 954 4780 experimento
998 4714 1181 4780 didici,
1242 4718 1350 4771 Deo
1402 4718 1628 4787 gratias,
1668 4719 1745 4773 nil
1798 4720 2015 4789 penitus
2042 4721 2095 4775 in

531 4818 549 4851 ι
588 4815 652 4855 eo
692 4802 964 4858 invenitur
997 4803 1118 4858 tale.
1169 4804 1288 4875 Ipse
1342 4806 1568 4863 domnus
1637 4810 2094 4880 archiepiscopus.

533 4912 551 4943 ι
589 4902 793 4948 remota
822 4894 1203 4950 dominationis
1249 4912 1359 4953 sum
1400 4899 1749 4968 sublimitate,
1803 4900 2097 4955 claustrum

534 5001 552 5026 Ι
592 4996 734 5026 ςεῐιηρ
763 4983 1110 5026 {inambulans
1162 4985 1371 5026 ςριιηιςια
1398 4987 1610 5026 υἰαίι-η·
1658 4990 1949 5026 ηνιιηηαῖιῖα
1996 4991 2105 5026 Αἴο-

2211 572 2228 606 ι
2266 554 2462 610 tionem
2489 555 2589 610 sibi
2614 555 2906 611 concilians
2935 559 3106 613 studia
3139 561 3347 626 nutrit;
3391 563 3444 616 in
3477 562 3670 632 pelago
3695 567 3773 620 di-

2209 667 2227 698 ι
2263 648 2535 712 vitiarum,
2580 648 2733 704 clavo
2769 664 2888 704 sese
2909 650 3226 706 humilitatis
3254 654 3410 725 regit.
3448 654 3776 725 Prepositus

2209 756 2227 789 ‹
2264 748 2319 793 et
2348 738 2601 809 praelatus
2649 741 2701 794 in
2724 741 2894 796 choro
2940 741 3099 810 primi
3145 752 3371 808 stantes,
3396 745 3637 802 ofﬁciose
3665 756 3772 802 sat-

2208 850 2228 885 ς
2265 839 2430 900 agunt
2471 839 2751 895 mteresse,
2774 845 2841 885 ne
2868 831 2994 902 quid
3020 830 3346 890 difﬁcultatis
3365 836 3771 908 et'negligentiz

2209 941 2227 975 α
2262 924 2586 994 provenerit.
2629 922 2868 994 Quisque
2893 939 2990 994 per
3016 939 3076 979 se
3109 926 3375 982 curiosius
3404 929 3515 997 agit
3557 946 3573 981 :
3612 928 3769 983 discio

2209 1034 2227 1068 ‹
2261 1016 2406 1086 plina
2448 1017 2667 1071 claustri
2700 1017 2984 1088 specialius
3024 1018 3344 1089 appenditur
3371 1019 3635 1088 praelato;
3676 1033 3772 1074 nec

2209 1122 2229 1157 ι
2266 1113 2446 1160 tamen
2476 1108 2623 1162 deest
2647 1108 2900 1161 invitatus
2931 1108 3266 1178 praepositus,
3292 1108 3528 1163 instante
3552 1124 3771 1178 senipe-

2210 1214 2228 1248 ι
2261 1195 2329 1250 lo.
2349 1195 2683 1265 Stipendium
2701 1197 3067 1265 quotidianum
3084 1212 3203 1251 cum
3225 1198 3436 1253 czcteris
3455 1197 3774 1252 oﬁicialihus

2209 1304 2228 1339 ι
2264 1286 2482 1341 exhibet
2510 1287 2861 1354 praepositus;
2894 1286 2937 1338 si
2968 1285 3094 1355 quid
3123 1284 3376 1350 defuerit,
3408 1286 3527 1341 sine
3550 1286 3774 1340 inimici-

2212 1395 2228 1427 ι
2268 1377 2356 1430 tiis
2405 1378 2572 1448 exigit
2602 1377 2871 1445 prtelatus.
2899 1376 3226 1433 Cellararius
3253 1392 3543 1438 annonam.
3567 1377 3770 1441 viuum,

2212 1485 2228 1517 ι
2264 1466 2532 1535 pulmenta
2564 1465 2860 1535 suscipiens
2900 1480 2929 1519 a
2959 1465 3266 1535 praeposito,
3296 1479 3526 1534 quzeqne
3564 1464 3775 1532 dispen-

2212 1575 2229 1606 ι
2266 1566 2347 1610 sat
2375 1556 2590 1623 impune
2622 1555 2828 1624 praelati
2859 1556 3237 1624 seniorumque
3285 1554 3565 1609 mandato.
3620 1553 3777 1609 Liber

2212 1664 2229 1697 σ
2262 1653 2345 1699 est
2372 1646 2687 1715 praepositus
2729 1662 2758 1699 a
2795 1645 3030 1710 tributis,
3061 1660 3180 1717 qua:
3207 1645 3412 1700 dederit
3454 1642 3773 1705 cellarario;

2211 1753 2229 1785 ι
2265 1735 2744 1805 tequecellararius
2766 1734 2834 1790 ab
2850 1735 2934 1791 his
2955 1736 3148 1805 quibus
3168 1734 3409 1807 paruerit
3426 1733 3777 1805 prazlato.Sic

2211 1844 2227 1877 ι
2265 1826 2595 1882 unanimitas
2627 1825 2834 1897 praelati
2884 1835 2938 1881 et
2979 1827 3275 1898 prmpositi,
3307 1826 3358 1880 in
3386 1826 3619 1881 claustri
3654 1826 3777 1879 aedi-

2212 1937 2230 1969 ι
2268 1916 2517 1974 ﬁcatione
2545 1926 2894 1990 coeperatur;
2923 1920 3049 1989 quia
3072 1933 3177 1973 non
3204 1918 3493 1973 ambitiosa
3515 1916 3776 1981 cbaritas,

2211 2028 2228 2075 ς
2265 2027 2384 2080 quae
2436 2010 2530 2064 Dei
2573 2019 2722 2076 sunt,
2760 2025 2867 2066 non
2906 2025 3027 2080 quae
3064 2024 3181 2075 sua,
3226 2009 3479 2064 rimatur.

2281 2120 2298 2153 ι
2337 2101 2585 2172 Lugenda
2634 2100 2791 2158 nobis
2848 2102 3027 2158 acrius
3067 2109 3252 2167 esset,
3304 2100 3505 2164 frater,
3555 2098 3777 2157 claustri

2207 2211 2229 2247 ι
2263 2193 2432 2248 nostri
2478 2207 2668 2249 recens
2712 2192 2903 2249 oborta
2948 2193 3251 2259 discordia,
3299 2193 3404 2247 nisi
3452 2192 3505 2246 in
3549 2192 3779 2246 sanitate

2210 2304 2230 2339 ι
2266 2286 2457 2356 capitis
2493 2287 2858 2343 coalescerent
2890 2287 3054 2343 etiam
3089 2286 3469 2358 aegrotantinm
3514 2284 3777 2340 membra.

2209 2393 2229 2426 ‹
2268 2375 2333 2429 Ει
2363 2390 2430 2430 ne
2471 2375 2566 2430 tibi
2614 2374 2867 2431 fraterna:
2891 2374 3280 2431 consolationis
3327 2375 3383 2429 in
3437 2372 3553 2427 ullo
3598 2373 3779 2427 munia

2211 2483 2229 2516 ι
2264 2464 2601 2531 subtraham,
2634 2480 2862 2536 precor,
2903 2465 3374 2520 archidiacouatus
3398 2464 3476 2517 tui
3506 2461 3781 2532 paulisper

2210 2573 2229 2607 ι
2265 2557 2547 2613 moderare
2596 2557 2897 2626 gloriolam.
2928 2557 3067 2624 Quia
3109 2557 3289 2612 divina
3321 2556 3498 2624 pietas
3539 2555 3780 2624 pluribus

2209 2666 2228 2699 ι
2265 2646 2422 2702 bonis
2454 2658 2505 2701 te
2532 2647 2772 2712 donavit,
2820 2647 3013 2716 quibus
3058 2643 3450 2700 rationabiliter
3495 2640 3781 2698 honoreris

2208 2758 2226 2791 ι
2267 2740 2320 2794 in
2337 2739 2777 2795 archidiaconatu
2797 2737 3031 2813 decretis
3044 2735 3425 2792 ecclesiasticis
3444 2733 3777 2803 praescripto.

2208 2848 2227 2881 ί
2264 2830 2392 2900 quid
2440 2828 2719 2886 effereris?
2759 2830 2894 2899 Quia
2931 2831 3191 2886 diaconus
3234 2827 3330 2883 es?
3371 2827 3470 2881 Dic
3500 2825 3651 2880 unde
3688 2824 3781 2877 tibi

2207 2940 2227 2973 ι
2266 2936 2460 2976 numen
2489 2922 2901 2977 archidiaconi?
2948 2921 3005 2977 Si
3054 2935 3159 2976 non
3190 2929 3364 2990 potes,
3416 2919 3655 2973 ulterius
3699 2917 3780 2971 de-

2209 3028 2226 3061 ι
2266 3010 2382 3066 sine
2432 3010 2673 3081 gloriari.
2727 3011 3154 3082 Chorepiscopos
3202 3010 3312 3081 (19.)
3366 3018 3597 3078 prepter
3642 3008 3779 3061 inso-

2208 3120 2226 3153 ι
2266 3102 2483 3157 iamiam
2523 3103 2755 3158 removit
2798 3103 3071 3166 Etclesia;
3119 3101 3261 3155 unde
3299 3100 3383 3155 his
3417 3108 3575 3153 caret
3617 3111 3782 3166 usque

2210 3210 2227 3240 ι
2269 3193 2321 3246 in
2361 3205 2597 3260 praesens
2640 3190 2953 3260 metropolis
2982 3189 3204 3247 Colonia
3234 3197 3291 3243 et
3320 3197 3432 3243 tota
3479 3187 3776 3258 provincia.

2208 3299 2227 3331 ι
2261 3279 2441 3336 Cauon
2481 3290 2630 3336 vetat
2680 3281 2966 3337 diaconum
3022 3279 3282 3348 iniussum
3328 3287 3455 3333 aute
3500 3277 3779 3347 presbyte-

2210 3389 2228 3422 ο
2273 3387 2387 3426 rum
2423 3373 2650 3438 sedere;
2698 3382 2753 3428 et
2778 3382 2833 3427 tu
2859 3372 3201 3442 presbyteros
3230 3369 3515 3440 prazsumis
3536 3367 3779 3438 judicare

2210 3483 2226 3516 ι
2262 3472 2424 3535 atque
2451 3465 2612 3522 etiam
2635 3464 2961 3539 verberare?
2982 3463 3205 3519 Tantam
3229 3477 3357 3533 ergo
3401 3461 3571 3517 habes
3594 3468 3775 3514 aucto-

2210 3570 2229 3604 ι
2268 3554 2481 3609 ritatem
2534 3555 2587 3609 in
2631 3553 2945 3626 jndicaudo,
2993 3565 3051 3609 ut
3098 3553 3241 3608 nulla
3286 3552 3581 3621 scriptura,
3638 3548 3776 3603 nulla

2218 3665 2237 3698 ι
2276 3647 2445 3717 possit
2487 3646 2742 3702 resistere
2784 3645 2957 3701 ratio?
2996 3644 3259 3712 Quoniam
3291 3642 3509 3715 quidem
3531 3640 3778 3696 voluntas

2210 3757 2229 3791 ι
2269 3747 2356 3793 tua
2395 3740 2700 3795 necessario
2748 3728 2904 3795 nobis
2953 3747 3037 3794 est
3083 3738 3165 3792 lex
3214 3744 3269 3791 et
3313 3734 3497 3804 regula
3523 3774 3539 3799 ,
3598 3746 3777 3803 quaeso

2209 3850 2228 3883 ί
2265 3847 2362 3901 per
2418 3833 2585 3886 Deum
2637 3831 2840 3903 dirigas
2865 3846 2983 3886 eam
3015 3844 3226 3901 semper
3254 3844 3375 3884 cum
3400 3826 3636 3897 justitia.

2281 3941 2304 3974 ο
2338 3923 2396 3978 Si
2437 3922 2549 3994 (15)
2581 3922 2628 3978 is
2658 3923 2745 3992 qui
2769 3936 2987 3977 vaccam
3018 3921 3178 3990 rapit,
3195 3919 3317 3988 jure
3342 3916 3777 3973 excommunica-

2210 4031 2228 4065 σ
2269 4021 2378 4077 tur,
2403 4012 2533 4082 quid
2561 4013 2652 4068 ﬁet
2682 4011 2757 4066 illi
2794 4012 2883 4082 qui
2907 4011 3171 4082 justitiam
3199 4008 3387 4065 vendit
3428 4008 3516 4063 vel
3566 4007 3774 4076 depra-

2211 4123 2229 4155 ι
2264 4103 2459 4159 datur?
2483 4101 2627 4172 Ergo
2658 4104 2782 4174 quia
2814 4102 3027 4170 justitia
3057 4100 3248 4157 melior
3272 4108 3357 4155 est
3377 4099 3526 4154 omni
3572 4097 3776 4168 pecude

2210 4211 2229 4245 ι
2267 4195 2445 4262 bruto,
2471 4208 2692 4248 necesse
2731 4201 2815 4248 est
2863 4191 3101 4248 deterior
3162 4190 3232 4245 sit
3287 4188 3541 4259 praedone
3600 4186 3776 4242 omnis

2211 4303 2229 4337 α
2266 4285 2479 4354 pecoris
2533 4282 2757 4353 justitiaa
2812 4283 3014 4354 praedo.
3071 4282 3443 4352 Quoniamque
3496 4280 3620 4334 luce
3667 4278 3775 4334 cla-

2210 4392 2230 4425 ι
2267 4375 2379 4430 rius
2423 4383 2574 4444 patet
2619 4374 2912 4444 pessimum
2962 4389 3082 4430 esse
3139 4373 3403 4441 justitiam
3444 4384 3667 4435 vexare,
3713 4368 3777 4421 de

2129 4499 2180 4559 υ
2213 4480 2230 4510 α
2266 4462 2518 4518 omnibus
2547 4463 2704 4518 bonis
2729 4462 2984 4532 episcopii
3027 4460 3441 4523 constituendis,
3486 4473 3612 4512 cum
3648 4471 3775 4526 qua-

2211 4570 2230 4605 ι
2267 4560 2389 4607 tuor
2420 4552 2687 4622 episcopis
2712 4553 2979 4620 gratiosus
3002 4565 3200 4613 essem,
3243 4565 3349 4604 non
3381 4547 3570 4612 habui,
3592 4562 3776 4617 quam-

2208 4662 2228 4696 ‹
2266 4644 2348 4698 vis
2394 4643 2643 4712 imputes,
2693 4644 2925 4712 pretium
2972 4643 3133 4697 unius
3156 4640 3382 4709 siliqute.
3428 4639 3675 4707 Cumque
3724 4637 3775 4690 in

2209 4754 2227 4786 ι
2265 4734 2426 4799 nullo,
2459 4734 2700 4805 exceptis
2746 4734 2999 4804 peccatis,
3035 4747 3154 4802 quae
3198 4731 3364 4785 nimia
3410 4737 3561 4793 sunt,
3604 4726 3777 4798 possis

2209 4842 2228 4874 ι
2266 4839 2352 4878 me
2384 4823 2628 4892 legaliter
2657 4824 3002 4891 redarguere,
3025 4834 3193 4891 quare
3219 4819 3270 4873 in
3296 4819 3510 4889 signum
3542 4815 3777 4870 malevo-

2209 4932 2228 4964 ε
2267 4913 2445 4967 lentia:
2474 4922 2577 4967 tum
2605 4928 2691 4966 me
2719 4913 2863 4967 soles
2885 4911 3199 4967 iracundum
3224 4907 3458 4963 vocare?
3484 4905 3543 4960 Si
3577 4908 3660 4959 ira
3685 4906 3777 4959 riri

2278 5002 2523 5026 f..-o.'r.'......
2568 5001 2651 5026 ηιξ
2700 5018 2789 5026 -.ιιι
2848 5018 2996 5026 an-.."

3005 5010 3087 5026 1....
3145 4998 3227 5026 ..ΑΙ
3262 4997 3574 5026 ίμῖιιι-οἷιῖηηι
3602 5011 3774 5026 annona
