3992 5338
238 215 342 268 733

1803 207 1982 268 VITA.’

3389 226 3493 281 735

240 346 258 377 ι
299 326 515 396 negotia
537 341 675 391 mea,
699 325 812 397 lege
835 324 1112 390 derelicta,
1134 325 1240 378 tuis
1265 325 1441 394 pravis
1471 324 1727 385 consiliis,
1754 341 1820 377 ne
1851 331 1893 389 Α
1925 323 2152 386 exarsit,
2184 331 2236 377 et
2267 325 2716 392 persuasibilibus
2747 336 2973 385 terrena:
3001 333 3273 402 sapientia:
3319 340 3494 394 verbis

237 435 256 466 ι
295 414 620 480 confundar,
649 415 768 469 nolo
793 413 1005 475 dedere,
1036 414 1271 483 imputas
1303 415 1429 468 mihi
1459 423 1677 483 propter
1707 415 1816 467 ira-

238 523 257 555 c
293 507 508 560 cundia:
569 506 991 576 magnitudinem
1060 505 1332 574 vestrique
1396 506 1816 559 obstinationem

238 614 256 646 ι
293 596 512 665 penitus
540 596 644 650 hoc
684 611 861 663 agere.
896 595 1002 650 Sed
1056 595 1196 649 malo
1253 594 1379 656 dici,
1413 611 1509 648 nec
1556 611 1674 648 esse
1707 596 1815 647 ira-

233 702 257 738 ι
295 686 530 749 cundus,
592 700 751 754 quam
793 695 1008 738 tuorum
1054 685 1401 740 consiliorum
1456 700 1666 754 semper
1707 685 1820 738 alu-

237 792 255 824 ‹
295 775 683 845 ιιιηιιε.ι.4ἰ‹ιυθ
711 786 864 844 potes
895 790 980 830 me
1022 775 1220 838 furem,
1273 775 1614 845 sacrilegum,
1649 776 1820 830 homi-

237 884 255 916 ι
294 866 476 921 cidam
517 881 742 934 .Vocare,
792 882 917 922 cum
983 881 1164 921 rerum
1207 878 1478 936 gestarum
1538 870 1818 922 veritatem

237 977 256 1008 ι
302 958 611 1011 nullatenus
636 960 810 1026 possis
857 967 1123 1012 astruere.
1163 959 1291 1020 Ista,
1331 958 1515 1021 frater,
1548 959 1600 1012 in
1634 959 1817 1028 pristi-

237 1067 257 1100 ι
294 1065 380 1104 na:
437 1049 823 1104 familiaritatis
873 1052 1064 1120 pignus
1112 1051 1419 1106 meditanda
1469 1051 1562 1106 tibi
1609 1052 1817 1106 liberali

237 1157 256 1190 ι
294 1140 478 1194 studio
508 1140 843 1205 devovimus,
877 1156 943 1194 ne
990 1141 1119 1210 quid
1164 1141 1366 1194 dictum
1411 1141 1478 1195 sit
1529 1143 1581 1195 in
1631 1143 1817 1211 gratiae

235 1249 255 1281 ‹
296 1233 703 1297 detrimentum,
740 1233 865 1301 quia
930 1233 1069 1287 ratio
1133 1233 1211 1288 sic
1279 1234 1566 1302 poscebat,
1619 1237 1816 1289 obnixe

234 1340 255 1372 ι
294 1324 684 1392 supplicamus.
733 1324 786 1378 Si
836 1340 940 1378 non
991 1325 1186 1394 placet,
1239 1327 1474 1380 animam
1524 1341 1700 1381 meam
1760 1329 1812 1381 in

234 1430 252 1461 ι
289 1426 454 1464 manu
487 1428 604 1466 mea
632 1415 802 1482 posui,
855 1424 1077 1484 paratus
1122 1416 1173 1469 in
1226 1416 1447 1470 claustri
1496 1415 1811 1472 fidelitatem

234 1522 252 1552 ι
291 1503 513 1566 damna,
565 1505 811 1568 verbera,
861 1514 1089 1559 mortem
1139 1508 1302 1560 etiam
1354 1507 1485 1575 pati.
1537 1507 1660 1561 llaec
1709 1523 1812 1577 ago

232 1615 251 1645 ‹
291 1611 399 1648 non
456 1606 516 1648 ut
566 1599 899 1665 superiorem
953 1598 1037 1652 vel
1083 1614 1264 1667 parem
1320 1601 1633 1668 praeposito,
1689 1615 1814 1660 cum

1921 416 2157 485 episcopi
2191 428 2620 488 czeterorumque
2641 422 2878 489 priorum
2913 425 3119 479 animos
3147 428 3494 486 nihilominus

1921 505 1972 558 in
2009 504 2121 572 ejus
2151 507 2334 559 odium
2361 510 2630 572 accendit,
2655 527 2880 580 (piaeque
2904 513 3129 567 fideliter
3159 517 3225 569 ab
3254 534 3318 570 eo
3344 531 3490 587 gesta

1921 596 2101 664 potius
2127 595 2391 664 deputans
2414 599 2592 652 studio
2618 600 2770 669 litigii
2800 617 2960 670 quam
3011 604 3283 660 [itit-litatis
3325 610 3488 663 devo-

1922 686 2074 738 tioni.
2109 687 2174 740 Et
2202 704 2267 740 ne
2290 688 2418 757 quid
2450 690 2503 742 in
2529 690 2753 745 insontis
2797 694 2894 746 viri
2931 695 3139 750 insidiis
3171 697 3488 756 intentatum

1921 775 2277 844 relinqueret,
2310 779 2512 832 incolas
2549 783 2908 850 possessionis
2948 785 3089 840 illius
3123 787 3275 855 cujus
3305 804 3488 847 curam

1921 866 1990 918 oh
2015 869 2312 935 augendam
2360 868 2620 924 fratribus
2675 872 2781 926 vini
2842 875 3103 929 rationem
3157 893 3488 952 susceperat,

1921 969 2017 1022 per
2041 957 2285 1010 tnmtium
2310 959 2361 1010 in
2385 957 2502 1026 ejus
2532 962 2878 1018 rebellionem
2903 968 3181 1034 animavit,
3210 980 3267 1026 ut
3293 987 3492 1041 prtece-

1919 1053 2008 1112 pta
2043 1045 2186 1100 illius
2222 1048 2374 1101 nihili
2401 1051 2698 1118 penderent
2722 1053 3013 1124 instigavit.

1995 1135 2200 1189 Rustici
2239 1148 2416 1190 autem
2447 1149 2502 1192 et
2551 1142 2700 1208 prius
2744 1145 2956 1211 quidem
3004 1150 3336 1214 procuratori
3392 1166 3489 1204 suo

1921 1224 2111 1278 infensi
2137 1267 2148 1288 ,
2175 1241 2240 1279 eo
2269 1229 2409 1296 quod
2439 1244 2536 1297 per
2557 1232 2824 1285 cautelam
2873 1235 2990 1303 ejus
3033 1236 3210 1290 debita
3263 1239 3487 1293 fratrum

1920 1316 2274 1371 defraudaudi
2322 1319 2500 1373 nullus
2549 1331 2696 1376 esset
2737 1321 2905 1388 locus,
2954 1334 3064 1378 tum
3106 1340 3231 1380 vero
3269 1339 3488 1398 accepta

1919 1406 2243 1461 conﬁdentia
2285 1410 2353 1464 ab
2377 1411 2633 1464 instinctu
2663 1413 2882 1482 majoris
2905 1417 3264 1484 praepositi,in
3291 1429 3487 1472 tantam

1920 1497 2279 1550 temeritatem
2304 1507 2428 1552 sunt
2453 1499 2694 1566 adducti,
2723 1513 2780 1555 ut
2801 1503 3016 1558 domum
3051 1506 3277 1561 fratrum
3311 1509 3362 1561 in
3384 1525 3490 1578 qua

1918 1585 2059 1639 idem
2092 1587 2319 1642 domnus
2365 1589 2505 1644 Vaso
2531 1605 2653 1643 cum
2697 1593 2807 1646 suis
2840 1595 3170 1661 quiescebat,
3216 1598 3490 1667 inopinato

234 1702 253 1734 ι
293 1686 618 1755 regulariter
659 1688 877 1758 possim,
926 1689 1190 1746 decanum
1235 1706 1564 1761 cunmm-cn},
1617 1691 1707 1747 sed
1759 1702 1817 1746 ιιι
1845 1673 1892 1733 Β
1923 1678 2204 1734 nocturnis
2240 1680 2388 1737 horis
2417 1682 2651 1754 undique
2679 1686 2846 1740 armis
2890 1685 3103 1758 cingere
3151 1688 3489 1762 ﬂammisque

235 1793 252 1825 ι
288 1774 350 1829 in
419 1776 803 1834 claustralibus
859 1781 1058 1835 clausis
1114 1783 1426 1836 ortlinandis
1487 1783 1815 1851 prtecipuum

231 1886 248 1917 ι
288 1883 414 1919 cum
441 1866 654 1933 justitia
681 1870 1050 1924 consiliarium
1090 1882 1403 1925 monstrem.
1438 1872 1588 1939 Quod
1614 1873 1657 1926 si
1685 1887 1813 1942 pro-

233 1975 252 2007 ι
290 1957 548 2011 babiliter
597 1959 906 2014 constiterit
950 1961 1235 2029 prazlatum
1306 1963 1568 2016 decanum
1638 1977 1759 2016 esse
1795 2002 1810 2026 ,

228 2067 247 2098 ι
287 2049 436 2118 quod
486 2049 673 2118 nequit
737 2050 931 2117 refelli,
990 2066 1170 2121 qureso
1219 2052 1350 2105 mihi
1393 2052 1614 2122 praelato
1685 2067 1810 2106 cum

232 2155 250 2188 ι
288 2138 585 2193 cellarario
617 2140 940 2209 regulariter
981 2154 1142 2212 agere
1192 2157 1298 2195 non
1332 2143 1627 2210 prohiberi.
1658 2141 1810 2195 Alio-

229 2247 248 2280 ι
289 2230 422 2300 quin
472 2231 517 2285 si
567 2232 836 2287 mandatis
879 2233 1081 2302 regula:
1119 2234 1308 2288 niteris
1349 2237 1639 2296 contraire,
1683 2251 1810 2288 con-

225 2340 244 2371 ι
280 2330 600 2390 sequentem
640 2324 930 2376 maximam
983 2339 1197 2394 poenam
1253 2325 1485 2380 incurris
1534 2327 1804 2380 Ecclesize.

225 2429 243 2462 ι
280 2410 660 2466 Sacerdotium
688 2413 852 2468 etiam
885 2416 1239 2483 prmpositura
1277 2426 1330 2470 et
1361 2418 1804 2475 archidiaconatu

223 2520 242 2553 ε
281 2503 631 2557 convincitur
657 2503 828 2574 pluris
851 2505 1059 2572 haberi,
1082 2508 1209 2575 quia
1236 2509 1337 2562 hoc
1367 2506 1441 2580 [Ῑ.
1469 2525 1572 2563 non
1601 2510 1800 2581 minus]

223 2611 241 2641 ε
282 2593 468 2647 minus
518 2609 548 2647 a
604 2607 700 2648 sex
768 2595 1057 2665 episcopis,
1100 2596 1188 2650 illa
1230 2607 1449 2667 possunt
1501 2614 1529 2650 a
1579 2599 1803 2668 singulis

221 2703 239 2733 ‹
280 2682 604 2751 abjudicari.
650 2685 881 2742 Necesse
931 2697 1012 2742 est
1055 2704 1184 2760 ergo
1235 2690 1508 2743 robustius
1555 2691 1794 2754 concuti,

220 2791 238 2821 ‹
275 2773 537 2844 quidquid
557 2774 765 2830 ﬁrmius
779 2787 990 2832 constat
1011 2778 1269 2832 ordinari.
1303 2777 1472 2849 Igitur
1495 2794 1578 2832 me
1607 2780 1796 2848 praela-

224 2879 243 2910 σ
284 2871 400 2915 ιυηι
428 2873 484 2918 et
511 2866 907 2938 presbyterum,
938 2870 1184 2937 quamvis
1209 2869 1506 2939 indignum,
1537 2871 1797 2938 regulari-

219 2969 238 3001 ι
280 2961 608 3021 ter,quzeso,
626 2957 759 3011 velis
785 2958 1084 3024 honorare;
1119 2960 1200 3013 vel
1241 2975 1361 3014 cum
1406 2960 1615 3014 aemulis
1661 2961 1794 3015 meis

223 3059 241 3090 ι
283 3041 448 3104 nolis,
493 3045 618 3112 quia
652 3046 727 3099 nil
747 3047 1031 3103 infideliter
1071 3052 1176 3118 egi,
1220 3050 1408 3104 saltem
1452 3051 1793 3106 conculcare.

218 3147 238 3179 ι
275 3128 557 3187 Scholaris
578 3135 1428 3202 obedienti:eministerium,cum
1452 3140 1654 3194 nullum
1687 3149 1801 3195 stu-

226 3239 245 3270 ι
272 3221 422 3275 dium
438 3223 703 3292 discendi,
718 3228 856 3281 nulla
883 3229 1107 3284 facultas
1120 3231 1420 3296 coercendi,
1439 3247 1505 3286 ne
1523 3233 1798 3302 improbes

235 3331 254 3362 σ
305 3315 701 3372 rationabiliter
726 3319 1056 3392 subterfugi;
1089 3323 1214 3392 quia
1246 3338 1368 3378 cum
1409 3326 1621 3379 caeteris
1662 3325 1799 3379 ditii-

223 3421 242 3453 ι
292 3404 587 3462 cultatibus
612 3410 919 3481 acolytlmm
951 3413 1035 3468 bis
1060 3414 1112 3467 in
1144 3428 1331 3468 necem
1359 3430 1536 3471 meam
1582 3432 1797 3488 grassa-

219 3509 239 3542 α
285 3501 418 3560 tum,
453 3511 552 3565 pro
576 3497 769 3569 viginti
806 3499 961 3556 furtis
987 3503 1251 3558 confessis
1298 3506 1635 3570 damnatum,
1675 3508 1795 3563 sine

221 3603 240 3634 ι
292 3600 412 3639 mea
457 3590 790 3644 conscientia
825 3593 1168 3656 restitutum,
1192 3605 1245 3648 et
1271 3611 1300 3650 a
1335 3598 1538 3652 scholis
1565 3598 1792 3653 liberum

219 3689 239 3722 c
288 3673 433 3729 ferre
468 3678 683 3745 nequivi
741 3696 754 3732 :
801 3681 900 3734 etsi
961 3682 1090 3736 mihi
1143 3685 1368 3739 emerito
1407 3687 1491 3740 vel
1539 3697 1794 3742 veterano

219 3784 239 3815 ‹
287 3766 433 3819 nulla
461 3769 635 3835 portio
666 3773 960 3826 secundum
1011 3775 1226 3829 solitum
1277 3779 1539 3831 remansit
1591 3779 1794 3832 beneﬁ-

217 3873 235 3906 ι
281 3856 461 3920 cium;
498 3865 704 3923 tamen,
742 3876 812 3915 ne
848 3863 1088 3931 periculo
1116 3865 1414 3935 disciplinae
1445 3868 1582 3922 fama
1608 3877 1791 3924 nostra

217 3965 236 3996 ε
287 3946 614 4014 tabesceret,
631 3954 942 4018 congaudeo
964 3954 1237 4008 solutioni.
1258 3955 1506 4026 Nunquid
1532 3957 1791 4013 fortitudo

215 4053 234 4084 ε
280 4035 520 4104 lapidum
563 4037 822 4094 fortitudo
865 4057 1003 4108 mea,
1035 4053 1094 4096 ut
1139 4046 1466 4112 sustineam;
1524 4057 1617 4100 aut
1662 4063 1790 4102 caro

215 4142 234 4174 ι
281 4141 401 4178 mea
430 4142 600 4194 mnea,
638 4138 697 4183 ut
725 4132 996 4199 patienter
1037 4136 1228 4203 agam?
1283 4134 1587 4190 Confundat
1626 4138 1786 4204 Deus,

215 4232 234 4264 ί
281 4216 580 4272 confundat
607 4218 872 4276 Achitofel
897 4224 1202 4290 consilium,
1228 4235 1282 4280 et
1317 4227 1509 4282 liberet
1537 4226 1702 4282 David
1725 4229 1790 4282 de

215 4325 233 4356 ι
281 4308 531 4364 manibus
559 4312 712 4380 pueri
749 4313 1005 4367 Absalon.
1031 4315 1240 4384 Quique
1283 4316 1564 4371 luciferum
1596 4333 1787 4386 super-

213 4419 231 4450 ι
273 4400 512 4456 bientem
545 4403 780 4460 detrusit
809 4406 860 4460 in
899 4406 1189 4471 infernum,
1221 4411 1514 4479 potentiam
1542 4411 1781 4480 claustri,

211 4512 228 4543 σ
272 4494 604 4561 przevalente
632 4496 838 4566 regula,
870 4499 1098 4553 deducat
1120 4501 1186 4553 ad
1225 4501 1472 4554 nihilum.
1505 4520 1522 4551 ι

385 4585 514 4641 CAP.
551 4587 637 4642 IV.
667 4618 740 4627 ——-
766 4588 906 4652 Quid
932 4607 962 4642 a
993 4592 1201 4645 rusticis
1225 4594 1290 4646 sit
1316 4609 1606 4662 perpessus.

271 4675 400 4730 Ilaec
426 4678 672 4732 scribens
696 4679 883 4746 procul
907 4680 974 4733 ab
1000 4682 1148 4734 omni
1175 4683 1371 4736 invidia
1403 4691 1455 4738 et
1485 4684 1628 4746 odio,
1656 4686 1781 4740 dum

205 4781 368 4819 unum
401 4767 675 4822 hominem
702 4783 735 4821 a
762 4769 1080 4826 tortitudine
1109 4787 1315 4826 morum
1339 4774 1405 4826 ad
1441 4775 1782 4830 rectitudinis

205 4862 472 4915 tramitem
499 4877 762 4918 revocare
786 4865 1009 4930 studuit,
1041 4868 1292 4922 omnibus
1328 4868 1632 4938 prmpositis
1673 4867 1782 4922 for-

205 4967 343 5004 mam
374 4953 876 5022 irreprehensibilis
907 4956 1049 5019 vitat,
1099 4958 1183 5011 cui
1239 4959 1473 5027 imprimi
1531 4959 1779 5023 debeant,

204 5044 472 5108 exhibuit;
506 5045 774 5114 quidquid
803 5044 906 5099 illis
930 5047 1295 5115 devitandum,
1325 5052 1523 5118 quidve
1553 5051 1782 5104 actitan-

204 5133 322 5187 dmn
353 5135 440 5196 sit,
470 5145 528 5191 ut
557 5137 609 5189 in
643 5136 749 5188 hoc
787 5135 942 5203 quasi
991 5138 1209 5206 speculo
1249 5141 1585 5209 prrevideaut
1629 5137 1782 5193 heni-

202 5224 452 5289 gnissime
482 5225 745 5293 providit,
777 5239 898 5292 qua:
937 5241 1030 5279 sua
1061 5234 1186 5281 sunt
1235 5245 1339 5284 non
1381 5242 1658 5300 quaerens,
1686 5229 1781 5283 sed

207 5331 309 5338 -.ι-.-
347 5315 460 5338 1----
494 5315 700 5338 l‘l.__f_-:
727 5333 739 5338 -
770 5314 910 5338 ..ι-ιιι.
936 5316 1072 5338 '._--.l
1099 5331 1247 5338 .----._
1280 5333 1348 5338 _-_
1375 5335 1383 5338 _
1423 5335 1441 5338 _
1469 5315 1589 5338 _l-.:l
1625 5331 1722 5338 μ..--

1917 1784 2146 1824 exurere
2175 1774 2421 1826 certatim
2464 1775 2750 1830 instarent.
2780 1776 2884 1831 Sed
2913 1781 3002 1847 qui
3032 1790 3313 1848 Sperantes
3346 1784 3396 1835 in
3430 1799 3488 1837 se

1915 1875 2022 1914 non
2049 1861 2253 1916 deserit
2286 1865 2625 1933 omnipotens
2668 1867 2833 1931 Deus,
2857 1868 3080 1937 justitite
3135 1879 3190 1923 et
3239 1873 3486 1928 veritatis

1913 1951 2173 2008 cultorem
2214 1954 2534 2009 mirabiliter
2563 1972 2593 2008 a
2625 1958 2866 2026 periculo
2918 1961 3151 2015 incendii
3205 1962 3481 2026 liberavit;

1912 2057 2036 2095 nam
2090 2044 2302 2097 amissis
2340 2045 2464 2098 licet
2506 2047 2764 2112 vestibus,
2796 2059 2850 2103 et
2894 2051 3101 2105 diversa
3164 2069 3340 2107 rerum
3397 2072 3485 2108 su-

1912 2130 2202 2198 pcllectile,
2229 2133 2293 2185 ad
2325 2134 2428 2187 hoc
2459 2148 2562 2188 non
2592 2134 2810 2188 minima
2859 2113 2968 2192 viiii
3011 2141 3186 2208 copia,
3219 2157 3378 2209 quam
3430 2143 3481 2196 in

1911 2219 2194 2275 inferiores
2238 2222 2477 2290 ejusdem
2524 2224 2714 2278 domus
2757 2234 2938 2292 partes
2987 2229 3050 2280 ad
3085 2244 3219 2296 (quis
3251 2228 3478 2282 fratrmn

1908 2313 2165 2381 providus
2187 2322 2553 2374 contraxerat,
2581 2330 2681 2369 nec
2708 2332 2848 2369 unus
2890 2318 3104 2384 quidem
3143 2333 3209 2372 ex
3243 2320 3477 2371 homini-

1906 2401 2027 2465 bus,
2056 2402 2165 2456 Deo
2186 2404 2852 2472 donante,crepitantihus
2882 2406 3301 2477 circumquaque
3328 2407 3480 2459 flant-

1906 2510 2112 2548 marum
2136 2494 2305 2563 globis
2332 2495 2634 2549 succubuit.
2662 2495 2732 2548 At
2763 2497 2842 2549 vir
2863 2496 2953 2549 Dei
2977 2508 3123 2550 tanta
3153 2498 3477 2552 adversitate

1901 2600 2246 2654 nequaquam
2296 2585 2584 2656 frangitur,
2633 2588 2725 2641 sed
2755 2589 2930 2655 potius
2957 2590 3079 2642 boni
3111 2590 3367 2658 prepositi
3399 2598 3477 2643 te-

1898 2677 2087 2731 nacior
2116 2674 2360 2740 efﬁcitur,
2388 2678 2663 2746 victorque
2689 2687 2766 2732 tot
2801 2679 3158 2747 ingruentium
3197 2691 3378 2733 contra
3416 2696 3476 2736 se

1901 2768 2292 2831 tentationum,
2355 2774 2506 2820 tanto
2565 2767 2926 2822 abundantius
2982 2769 3047 2823 de
3101 2769 3238 2822 eualo
3300 2780 3479 2838 sperat

1897 2855 2412 2925 anxilium,quanto
2439 2855 2508 2909 ab
2557 2855 2865 2910 hominibus
2907 2857 3250 2912 sustinuisset
3291 2861 3473 2913 obsta—

1899 2944 2104 2997 Culum.

1936 3055 2064 3110 CAP.
2107 3054 2264 3110 V.——
2309 3055 2462 3122 Quod
2505 3056 2806 3125 capellamts
2843 3055 3076 3110 Conradi
3119 3059 3442 3126 imperatoris

2508 3137 2583 3180 est
2621 3128 2849 3195 effectus.

1969 3217 2211 3286 Cumque
2237 3232 2336 3287 pro
2357 3217 2494 3272 bene
2522 3227 2579 3272 et
2613 3218 2845 3274 tideliter
2870 3219 3037 3288 gestis
3059 3219 3196 3288 apud
3229 3233 3354 3271 suos
3386 3218 3466 3270 in-

1897 3309 2268 3365 tolerabilibus
2323 3310 2618 3381 agitaretur
2675 3311 2922 3375 insidiis,
2984 3313 3242 3381 quosdam
3293 3320 3470 3366 tamen
3514 3352 3519 3356 -

1898 3401 2179 3470 religiosos
2213 3417 2335 3456 cum
2379 3401 2655 3470 plerisque
2683 3402 2950 3471 episc0pis
2995 3403 3064 3456 ob
3097 3405 3472 3457 constantissi-

1894 3507 2040 3545 mam
2083 3492 2136 3546 in
2187 3507 2252 3547 eo
2298 3493 2425 3548 boni
2471 3493 2654 3562 operis
2704 3493 3093 3556 intentionem,
3148 3493 3272 3547 licet
3321 3494 3475 3562 longe

1894 3584 2118 3653 positos,
2148 3585 2282 3639 adeo
2317 3584 2568 3638 charitati
2601 3582 2716 3650 ejus
2762 3583 3022 3646 devinxit,
3059 3592 3111 3636 ut
3157 3592 3213 3637 et
3255 3599 3470 3652 magno-

1890 3687 2021 3743 perc
2044 3674 2280 3727 studium
2313 3675 2433 3743 ejus
2455 3673 2839 3743 approbarent,
2870 3685 2926 3728 et
2967 3689 3033 3726 ne
3057 3673 3303 3728 inefﬁcax
3334 3672 3473 3727 foret

1893 3761 2152 3813 auxilium
2185 3770 2488 3831 opportuno
2521 3771 2762 3831 tempore
2814 3771 2868 3816 et
2917 3761 3034 3816 loco
3067 3762 3311 3816 conferre
3357 3778 3464 3814 non

1888 3851 2238 3908 desisterent.
2277 3853 2377 3919 Qui
2401 3853 2654 3909 videlicet
2681 3854 2970 3908 necessarii
2995 3853 3110 3922 ejus
3133 3854 3286 3908 veriti
3338 3854 3468 3907 satis

1890 3957 1960 3995 ne
1993 3943 2142 3996 solus
2193 3957 2298 3995 non
2344 3952 2526 4010 posset
2573 3942 2831 3997 suilicere‘
2864 3944 2931 3998 ad
2974 3943 3332 3998 resistendum
3380 3943 3470 3997 diu

1891 4047 2112 4086 suorum
2151 4030 2382 4091 invidiae.
2413 4027 2684 4099 exquiSito
2713 4030 2853 4084 haud
2896 4032 3189 4100 incongrue
3213 4031 3462 4093 consilio,

1887 4129 2160 4190 quatenus
2224 4121 2522 4174 auctoritas
2585 4121 2932 4189 imperatoria
3015 4121 3267 4176 felicibus
3331 4121 3470 4176 actis

1885 4227 2081 4266 contra
2111 4213 2323 4267 invidos
2351 4223 2496 4267 esset
2521 4213 2704 4277 tutela,
2754 4214 2858 4268 hoc
2904 4214 3044 4283 apud
3075 4215 3462 4283 imperatorem

1888 4300 2194 4356 Cunradttln
2209 4301 2525 4365 eﬂiciunt,ut
2547 4317 2666 4362 eum
2691 4303 2790 4356 sibi
2811 4317 2840 4355 a
2857 4302 3200 4372 Reginhardo
3215 4303 3468 4371 episcopo

1891 4393 2226 4462 capellanum
2277 4395 2504 4450 concedi
2551 4401 2830 4464 expeteret
2879 4403 2934 4449 et
2987 4396 3343 4466 impetraret-
3377 4395 3467 4450 Sic

1883 4485 1971 4539 sic
2001 4484 2255 4541 nimirum
2277 4483 2599 4552 quandoque
2625 4493 2702 4538 tot
2727 4485 3162 4539 adversariorum
3191 4485 3258 4540 ad
3280 4487 3466 4540 horam

1898 4575 2055 4630 cessit
2090 4573 2325 4641 invidiaz,
2357 4589 2462 4628 non
2497 4577 2568 4628 ita
2612 4585 2671 4629 ut
2719 4576 3031 4630 adversitati
3069 4576 3468 4636 succumberet,

1887 4665 1984 4719 sed
2012 4675 2071 4718 ut
2096 4665 2252 4719 bonae
2280 4665 2563 4719 intentioni
2593 4665 2735 4720 vires
2774 4666 2991 4720 interim
3028 4672 3332 4731 repararet,
3355 4661 3473 4728 qui-

1890 4756 2116 4810 buscum
2147 4756 2348 4824 optime
2394 4757 2590 4824 emptis
2641 4756 2845 4824 absque
2896 4753 3210 4808 difﬁcultate
3264 4749 3476 4807 tandem

1885 4850 2194 4916 acquireret
2221 4847 2534 4902 etlicaciam.
2571 4847 2648 4900 lla
2671 4847 2894 4900 sutl'ecto
2923 4847 3230 4898 decanatus
3265 4835 3486 4898 vicario,

1883 4956 1946 4995 ex
1981 4956 2244 4995 consensu
2277 4943 2502 4993 fratrum
2543 4948 2596 4992 et
2620 4938 2893 5006 episcopi,
2942 4935 3322 5000 imperatoris
3341 4926 3482 4980 Co“-

1886 5034 1999 5089 radi
2029 5036 2250 5088 servitio
2297 5033 2694 5101 obstringitur;
2736 5031 2829 5084 ubi
2876 5043 2969 5098 per
3009 5038 3233 5080 novem
3302 5026 3511 5082 menses

1884 5127 2032 5181 nullo
2083 5122 2398 5194 acquirendi
2452 5123 2805 5190 episcOpatus
2861 5115 3128 5174 desiderio
3159 5147 3200 5175 ,-
3262 5110 3519 5177 nulloque

1884 5218 1992 5272 alio
2022 5213 2330 5270 dominandi
2361 5212 2585 5273 ambitu,
2617 5210 2711 5272 sed
2742 5211 2923 5278 potius
2945 5215 3006 5259 ut
3030 5200 3280 5263 ecclesi
3295 5218 3378 5265 am
3407 5205 3524 5247 cum

2234 5306 2286 5338 ἶιι
2339 5300 2641 5338 lihnrlqlorn
2690 5299 2993 5338 vindinnrc‘l
3030 5291 3377 5338 elabnrqre
3420 5293 3532 5338 stu—

1884 5311 2044 5338 ...ιιιηο
2072 5306 2181 5338 cash:
