3992 5338
414 426 417 427 ,
489 341 597 398 vss
1621 329 1918 391 vasoms
1953 326 2102 384 LEO]

2207 321 2357 379 NSlS
2390 300 2694 387 EPISCOPI
3184 268 3191 275 ’
3646 303 3753 362 73c

491 465 617 526 ptus
642 470 657 513 :
685 450 778 523 qui
808 451 861 507 in
901 448 1176 507 solvendis
1203 463 1371 506 sacra:
1407 446 1702 519 Scriptum
1755 441 2149 515 quaestioni-A
2174 432 2344 526 iuueti
2396 430 2583 486 fratris
2626 438 2788 485 causa
2838 426 2892 482 in
2948 424 3053 482 ﬁde
3096 430 3345 495 suscepta
3395 419 3752 479 retardasset.

400 560 405 565 '
492 549 595 601 bus
618 545 957 614 magistrum,
985 542 1323 612 aliarumque
1345 553 1636 596 causarum
1672 533 2077 608 disceptationi-

491 633 592 689 bus
627 640 987 702 sequestrum,
1030 645 1156 687 eum
1203 644 1481 685 assumere
1518 627 1863 699 gaudebant;
1913 637 2076 694 quem

494 719 884 791 archiepiscopi
925 720 1032 775 duo
1076 719 1317 776 moribus
1369 726 1429 774 et.
1475 732 1673 787 genere
1717 713 2075 779 nobilissimi,

491 813 661 868 Aribo
688 810 1100 882 Moguntiensis,
1125 820 1182 865 et
1207 810 1500 880 Piligrinus
1541 807 1896 870 Coloniensis,
1922 805 2080 860 vicis-

495 905 597 959 sim
630 911 997 973 assurgentes,
1043 901 1356 956 alternatim
1400 902 1456 956 in
1488 900 1707 956 sedibus
1761 898 1873 952 suis
1915 896 2079 950 alter-

507 1001 687 1045 u:rum
702 998 929 1054 stantes,
952 990 1051 1046 sibi
1066 991 1321 1047 assedere
1343 989 1626 1059 cegebant,
1648 984 2079 1042 desiderabiliter

494 1099 617 1138 eum
641 1081 942 1147 audientes,
965 1082 1192 1138 subinde
1214 1091 1269 1137 et
1298 1083 1719 1155 interrogantes,

496 1192 626 1249 CAP.
650 1192 811 1250 VL—
835 1193 988 1261 Quod
1009 1192 1257 1274 Iudicum
1285 1192 1501 1274 scientia
1535 1190 1737 1249 Veteris
1762 1188 2079 1244 Testamenti

1190 1273 1390 1318 vicerit.

567 1354 645 1410 Ea
670 1362 992 1426 tempestate
1019 1353 1235 1410 Judaeus
1289 1354 1506 1425 quidam
1550 1352 1609 1407 in
1638 1360 1757 1407 arte
1799 1350 2080 1406 medicina:

498 1445 827 1517 prmcipuus,
860 1453 913 1500 et
941 1446 1010 1501 ob
1041 1446 1147 1501 hoc
1175 1443 1488 1515 imperatori
1522 1444 1773 1499 Conrado
1816 1442 1947 1497 satis
1990 1456 2080 1496 ac-

499 1543 710 1604 ceptus,
740 1535 794 1590 in
833 1543 1070 1605 paternae
1120 1534 1258 1604 legis
1305 1534 1597 1589 traditione
1643 1532 1918 1587 ferebatur
1961 1544 2083 1586 esse

496 1625 794 1696 perfectus.
858 1626 908 1682 ls
965 1626 1256 1697 aliquando
1321 1624 1712 1696 quaestionibus
1772 1638 1842 1678 ex
1905 1620 2081 1678 veteri

499 1715 619 1786 lege
683 1716 938 1771 domuum
1001 1715 1269 1770 Vasonem
1338 1714 1709 1785 aggrediens,
1775 1728 1845 1771 eo
1909 1726 2084 1782 usque

2177 525 2283 593 Sed
2305 527 2462 597 longe
2489 523 2596 579 alia
2622 521 2724 585 vis,
2761 527 2820 575 ut
2861 517 3155 584 credimus,
3207 516 3386 571 divina
3409 513 3625 569 scilicet
3672 528 3759 567 nc-

2174 619 2435 675 scientem
2486 623 2643 685 urget
2690 610 3057 684 dispensatio;
3107 617 3169 664 ut
3223 606 3316 678 qui
3354 620 3454 678 pro
3502 603 3759 659 fidelitate

2175 712 2393 768 claustri
2421 717 2498 765 tot
2526 720 2580 764 et
2626 714 2775 762 tanta
2805 721 2836 759 a
2876 701 3181 774 praepositis
3221 712 3513 770 perpessus
3562 697 3760 762 fuerat,

2178 811 2328 858 tanto
2351 799 2658 871 vigilantius
2687 795 2976 853 commissa
2998 793 3103 849 sibi
3122 791 3483 863 praepositum
3507 786 3763 843 Ecclesiae

2176 894 2502 949 utilitatibus
2556 888 2885 956 consuleret,
2954 894 3157 957 quanto
3219 885 3271 939 in
3325 880 3765 938 anteeessmibus

2178 982 2483 1055 perniciosa
2538 995 2663 1036 cum
2717 977 2906 1033 fraude
2968 974 3348 1046 negligentiam
3398 977 3763 1040 pernotasset.

2179 1072 2538 1130 Concurritur
2586 1070 2824 1138 undique
2872 1081 2903 1121 a
2952 1064 3199 1120 fidelibus
3252 1062 3376 1117 filiis
3407 1058 3671 1114 Ecclesiae
3702 1060 3766 1110 a.l

2178 1161 2546 1232 Reginardum
2598 1159 2945 1228 episcopum;
2978 1155 3046 1210 ab
3077 1154 3329 1209 erunibus
3357 1163 3416 1206 ut
3439 1150 3586 1205 Vaso
3639 1164 3770 1220 pne-

2178 1257 2420 1327 positura
2442 1254 2673 1308 donetur
2697 1249 2896 1306 obnixe
2917 1247 3240 1319 postulatur,
3269 1245 3539 1300 neminem
3564 1242 3772 1312 dignio-

2182 1364 2298 1404 rem
2347 1345 2506 1412 bejus
2551 1341 2712 1398 ollicii
2760 1355 2918 1412 posse
2980 1338 3231 1395 inveniri.
3280 1338 3351 1392 At
3397 1344 3597 1392 contra
3626 1331 3771 1387 fuere

2182 1437 2429 1495 nonnulli
2462 1435 2551 1505 qui
2601 1434 2776 1504 primo
2796 1431 3013 1501 quidem
3048 1426 3290 1483 nutantis
3316 1425 3505 1480 animo
3531 1421 3771 1493 episcopi

2181 1543 2251 1583 ne
2273 1527 2376 1581 hoc
2397 1525 2549 1579 ﬂeret
2575 1521 2891 1577 dissuadere
2920 1525 3288 1581 conarentur;
3320 1515 3497 1568 virum
3523 1521 3636 1565 tam
3668 1510 3775 1565 for-

2183 1617 2253 1673 tis
2287 1613 2605 1671 constantire
2662 1610 3010 1682 praepositum
3065 1605 3269 1670 facere,
3318 1600 3613 1659 consilium
3673 1616 3775 1655 non

2183 1724 2322 1774 esse,
2350 1707 2445 1778 qui
2474 1721 2533 1763 se
2565 1699 2740 1761 eidem
2772 1702 3026 1774 episcopo
3074 1698 3429 1769 aequiparare,
3470 1703 3569 1749 aut
3612 1694 3775 1749 etiam

498 1816 688 1864 contra
725 1822 848 1862 eum
878 1807 1138 1878 litigando
1183 1783 1502 1878 progressus
1536 1815 1641 1872 est,
1681 1813 1762 1872 ut,
1798 1803 2079 1861 revadiata
2111 1800 2157 1860 Β
2184 1800 2521 1871 superiorem
2573 1794 2801 1851 forsitan
2856 1791 3040 1846 facere
3075 1790 3145 1844 ob
3195 1783 3623 1856 insuperabilcm
3661 1797 3781 1837 con-

500 1900 604 1956 sibi
661 1901 821 1956 hama
878 1899 1033 1963 vini,
1090 1899 1317 1969 digitum
1372 1897 1608 1952 dexterae
1660 1912 1852 1952 manus
1903 1895 2081 1952 absci-

2184 1894 2311 1949 scia:
2339 1890 2556 1947 virtutis
2583 1886 2835 1943 fiduciam
2866 1884 3096 1939 haberet
3115 1879 3478 1940 contendere;
3511 1876 3783 1929 mitiorem

505 1992 742 2047 dendum
794 2005 853 2046 se
886 1963 1327 2060 eipraebiiurum
1358 1990 1675 2059 sponderet,
1711 1990 1757 2043 si
1811 1988 2084 2044 sententia
2184 1985 2366 2057 potius
2428 1980 2721 2052 quemlibet
2780 1976 3034 2048 eligeret,
3085 1971 3179 2044 qui
3243 1970 3295 2024 in
3346 1967 3494 2023 nullo
3522 1963 3785 2021 voluntati

506 2081 623 2146 ejus
665 2059 991 2152 Scriptura!
1015 2080 1324 2135 testimonio
1351 2080 1694 2149 comprobari
1742 2093 1849 2133 non
1881 2088 2083 2149 posset.
2166 2071 2333 2131 illius
2357 2072 2521 2129 reniti
2548 2072 2795 2128 auderet.
2828 2067 3062 2139 Rapitur
3092 2063 3302 2119 medius
3354 2061 3498 2115 inter
3544 2059 3787 2113 diversas

509 2168 649 2235 Quid
693 2151 884 2239 plura?
946 2169 1173 2224 Venitur
1203 2169 1271 2223 ad
1316 2168 1530 2224 Veteris
1574 2167 2090 2224 Testamentivolu—
2187 2161 2498 2237 linguarum
2548 2177 2681 2218 aura
2728 2160 2994 2216 ﬂuctuans
3042 2152 3287 2226 prmsulis
3338 2151 3584 2214 animus,
3628 2162 3783 2218 quem

513 2275 678 2327 men;
708 2260 859 2324 locus
908 2247 1466 2317 unde'controversia
1507 2260 1811 2316 habebatur
1864 2259 2092 2331 inquiri—
2189 2260 2411 2316 tandem
2428 2265 2576 2312 tanta
2607 2252 2818 2309 consilii
2849 2248 3122 2307 soliditate
3156 2247 3408 2308 roborat,
3436 2249 3497 2296 ut
3526 2239 3663 2293 nulli
3702 2239 3787 2292 alii

513 2359 638 2414 tur;
672 2358 835 2420 atque
866 2349 959 2406 illo
984 2350 1265 2407 evidenter
1297 2350 1525 2406 Vasonis
1573 2351 1712 2420 parti
1741 2350 2090 2406 consentien-
2192 2361 2391 2423 praeter
2442 2346 2710 2403 Vasonem
2755 2341 3167 2413 pmposituram
3222 2331 3634 2391 concedendam
3677 2342 3791 2383 esse

515 2451 590 2510 te,
633 2442 749 2513 ipso
778 2444 979 2500 latente
1006 2444 1344 2511 adversario,
1365 2442 1565 2515 digitus
1591 2442 1784 2499 victori
1821 2440 2097 2511 adjudica-
2194 2420 2458 2500 censeat:
2493 2440 2668 2496 fertur
2708 2437 2874 2493 etiam
2929 2433 2997 2489 ad
3038 2432 3143 2486 hoc
3175 2444 3280 2483 non
3328 2438 3525 2497 parum
3555 2420 3791 2475 valuise

512 2540 635 2590 tur:
663 2533 757 2604 qui
782 2549 953 2589 cuma
977 2534 1459 2611 devictosponsore
1473 2549 1817 2605 nequaquam
1837 2533 2098 2603 abnegari
2198 2536 2342 2616 qupd
2368 2535 2510 2590 idem
2536 2532 2822 2602 episcopus
2852 2533 3031 2581 motus
3067 2520 3389 2578 incurrisset
3417 2517 3789 2587 imperatoris.

517 2628 804 2698 potuisset,
837 2608 1124 2699 usqueqro
1147 2644 1272 2684 eum
1309 2636 1558 2699 repetere
1608 2627 1789 2692 vellet,
1817 2641 2098 2684 commen-
2198 2608 2397 2699 quibus
2443 2623 2688 2694 profecto
2722 2616 3035 2689 mitigandis
3062 2613 3154 2668 tali
3184 2613 3391 2668 honore
3445 2608 3793 2664 sublimanda

525 2697 714 2773 datum
775 2697 1287 2790 retinere—gavisus
1329 2697 1432 2777 est.
1482 2718 1681 2790 Sicque
1743 2719 1835 2774 hic
1875 2718 2103 2775 bellator
2202 2697 2457 2776 dilectum
2479 2715 2597 2784 ejus
2644 2709 2984 2782 capellanum
3020 2702 3361 2762 deservierit.
3394 2699 3653 2767 Cumque
3695 2697 3793 2751 hoc

518 2807 721 2864 Christi
751 2824 950 2865 novum
978 2809 1288 2866 Christiano
1305 2810 1563 2865 nomini’a
1593 2787 1865 2880 praecipuo
1884 2809 2105 2864 doctore
2202 2811 2347 2866 circa
2369 2807 2679 2877 episcopum
2694 2801 3031 2857 elaboratum
3056 2801 3221 2861 esset,
3246 2808 3354 2848 non
3376 2790 3579 2846 minori
3603 2787 3795 2843 sudore

518 2898 695 2968 gentis
721 2896 960 2953 Judaicae
1004 2899 1235 2970 gloriose
1272 2899 1458 2955 retulit
1489 2876 1785 2969 tropmum,
1833 2898 2109 2954 habitum-
2205 2916 2334 2972 erga
2362 2876 2631 2955 vasonem
2654 2892 2723 2949 ad
2752 2887 3151 2960 susceptionem
3184 2880 3564 2954 prmposituraa
3593 2876 3794 2933 sollici-

521 3002 627 3055 que
654 2996 738 3043 est
766 2988 982 3045 celebre
1018 2990 1071 3044 in
1099 3000 1255 3047 curte
1297 2991 1441 3062 regia
1476 2988 1719 3045 Judaeum
1756 2990 1811 3044 in
1846 2989 2108 3062 sapientia
2210 2970 2434 3048 tandum
2487 3002 2626 3060 opus
2675 2991 2835 3050 erat;
2877 2981 2969 3052 qui
3016 2978 3367 3035 vehementer
3418 2970 3798 3028 insistentibus

524 3077 792 3134 fninosum
814 3094 846 3134 a
891 3079 1105 3137 Vasoue
1141 3097 1261 3138 esse
1307 3082 1601 3137 devictum.
1631 3081 1743 3153 (l4)
1784 3081 1936 3136 Hunc
1965 3080 2107 3136 idem
2209 3082 2401 3139 amicis
2426 3075 2798 3150 spiritualibus
2848 3083 2908 3129 ut
2931 3070 3076 3127 ultro
3102 3067 3362 3124 invitatus
3387 3064 3455 3119 ad
3483 3063 3805 3133 dispensan-

528 3167 828 3238 imperator
879 3168 1160 3228 Conradus
1210 3151 1794 3233 memorato-Ariboni
1839 3170 2179 3242 archiepivc
2210 3175 2332 3229 dam
2361 3168 2659 3227 Dominicis
2701 3166 2894 3223 ovibus
2944 3175 3217 3218 annonam
3265 3157 3575 3220 accederet,
3633 3151 3801 3209 multo

522 3272 689 3327 scopo
732 3259 989 3318 defuncto
1036 3262 1091 3317 in
1135 3263 1264 3319 sede
1315 3262 1738 3334 Moguntiacensi
1779 3262 2107 3319 substituere

526 3348 822 3417 cogitabat,
853 3352 952 3407 sed
1004 3353 1391 3422 omnipotentis
1419 3353 1515 3409 Dei
1562 3353 1933 3409 misericordia
1968 3352 2106 3409 Leo-

524 3440 768 3496 diensem
797 3442 1095 3501 Ecclesiam
1122 3459 1221 3500 suo
1247 3443 1502 3501 fraudare
1527 3445 1695 3500 noluit
1726 3444 1977 3511 alumno;
2015 3445 2109 3515 qui

529 3530 678 3586 hunc
728 3533 912 3589 multis
957 3550 1099 3606 saepe
1142 3536 1499 3591 exercitatum
1530 3536 1890 3608 periculorum
1937 3545 2112 3592 tenta-

529 3623 730 3678 meutis
758 3638 825 3679 ex
854 3625 999 3681 bono
1029 3624 1140 3681 lilio
1185 3626 1448 3697 optimum
1491 3626 1593 3682 sibi
1620 3634 1832 3699 patrem
1867 3626 2110 3682 futurum

534 3720 857 3776 reservavit.

529 3827 661 3885 Cir.
701 3832 1152 3909 Vll._-_Quod,
1195 3834 1455 3909 defunctis
1492 3836 1791 3909 praepositis
1811 3836 2021 3909 Joanne
2065 3844 2114 3891 et

802 3903 1100 3972 Lamberto,
1140 3903 1450 3975 prrepositus
1477 3903 1715 3977 efficitur.
1750 3907 1864 3977 (l5)

610 3998 749 4052 Dum
780 4009 908 4051 haec.
940 3996 995 4051 in
1026 4006 1181 4052 curte
1210 3997 1356 4067 regia
1390 4007 1643 4068 aguntur,
1677 3996 1940 4052 Joannem
1973 4011 2114 4068 pra:-

530 4090 767 4162 positum
794 4089 885 4145 hic
913 4088 1114 4144 abiisse
1158 4098 1380 4159 repente
1414 4089 1716 4144 nuntiatur.
1756 4088 1856 4144 llic
1884 4090 2117 4144 domnus

533 4182 700 4248 Vaso,
728 4181 828 4237 etsi
849 4179 961 4249 jam
991 4180 1192 4234 dudum
1218 4179 1454 4235 curiales
1484 4178 1743 4235 tumultus
1771 4179 2033 4243 evasisse,
2058 4186 2115 4233 et

532 4273 762 4331 claustri
799 4272 970 4338 quieti
1018 4286 1139 4327 sese
1194 4270 1481 4325 inclusisse
1519 4277 1906 4339 exoptaverat;
1939 4276 2118 4322 tamen

536 4380 710 4434 usque
735 4364 861 4417 dum
889 4362 1242 4418 substitutum
1288 4361 1523 4431 aliquem
1556 4362 1607 4414 in
1638 4359 1996 4429 praepositum
2023 4373 2121 4413 au-

538 4455 699 4519 diret,
731 4469 855 4509 cum
903 4453 1211 4510 discedendi
1236 4467 1403 4508 causa
1434 4451 1570 4507 satis
1595 4451 1648 4505 in
1679 4458 1927 4521 promptu
1949 4456 2120 4512 esset,

2210 3259 2587 3319 vehementius
2634 3267 2721 3314 est
2772 3254 3089 3319 reluctatus,
3139 3249 3453 3305 divitiarum
3508 3244 3620 3301 sibi
3673 3242 3802 3299 satis

2213 3367 2483 3424 superque
2505 3364 2649 3415 esse,
2672 3344 3027 3419 praepositum
3053 3355 3114 3397 se
3142 3350 3484 3409 nequaquam
3535 3334 3799 3403 indigere.

2212 3444 2523 3502 Praevidens
2552 3446 2737 3494 autem
2781 3450 2843 3492 se
2894 3431 3222 3489 utilitatibus
3274 3425 3509 3483 fratrum
3542 3436 3801 3479 accessa.

2214 3537 2355 3594 rium
2381 3533 2533 3598 fore;
2581 3531 2648 3587 ad
2695 3529 2800 3583 hoc
2858 3537 3086 3582 cernens
3111 3520 3338 3576 honesta
3369 3518 3511 3587 apud
3550 3512 3727 3569 Deum
3750 3519 3805 3566 et

2214 3602 2465 3687 homines
2490 3621 2773 3679 vocatione
2810 3617 2879 3672 ad
2914 3616 2967 3672 id
2994 3612 3156 3670 cilicii
3207 3623 3328 3667 sese
3380 3603 3631 3669 invitari,
3684 3610 3805 3672 post

2215 3715 2491 3776 sexdecim
2514 3714 2807 3769 decanatus
2845 3720 3040 3772 annos,
3079 3703 3133 3758 in
3168 3699 3364 3770 quibus
3415 3695 3628 3766 regiam
3663 3692 3805 3746 ince-

2216 3810 2395 3869 dendo
2448 3807 2618 3871 viam,
2667 3816 2844 3873 neque
2893 3800 2962 3854 ad
3023 3796 3300 3851 dexteram
3339 3803 3517 3859 neque
3560 3785 3632 3840 ad
3677 3783 3806 3839 sini-

2217 3913 2386 3960 stram
2412 3899 2795 3961 declinaverat,
2827 3907 2949 3948 cum
2969 3887 3410 3945 arcliidiaconatu
3443 3882 3535 3936 diu
3557 3878 3807 3934 multum-

2216 4010 2325 4066 que
2351 4000 2606 4049 recusato
2627 4003 2767 4046 onus
2804 3982 3173 4056 praepositum
3220 3974 3501 4033 humiliter
3528 3967 3804 4039 consensit

2218 4086 2426 4143 subire.

2219 4177 2350 4234 Car.
2394 4172 2523 4230 Vill.
2563 4198 2637 4215 —-
2669 4166 2993 4236 Prwpositus
3043 4162 3214 4232 factus
3260 4166 3335 4236 ut__
3365 4170 3421 4209 se
3464 4150 3732 4236 habuerit,
3760 4155 3806 4201 et

2433 4224 2572 4314 {ded
2603 4224 2935 4311 prwbeiidam
2962 4224 3188 4303 [mirum
3215 4224 3585 4281 melioravcrit.

2288 4358 2436 4415 Inter
2463 4355 2565 4410 has
2599 4350 2857 4408 nimirum
2905 4345 3169 4417 graduum
3205 4336 3579 4399 ascensiones,
3613 4334 3690 4388 ita
3729 4332 3807 4388 vir

2221 4450 2315 4508 Dei
2339 4447 2567 4504 curabat
2622 4440 2945 4497 humilitatis
2989 4434 3164 4492 scalas
3194 4433 3247 4487 in
3284 4430 3447 4485 corde
3496 4427 3804 4495 disponere,

540 4544 760 4598 domum
791 4551 1034 4613 repetere
1075 4541 1331 4612 neglexit,
1362 4556 1428 4595 ne
1464 4556 1568 4596 non
1591 4513 2118 4610 quietem-repetere,
2146 4558 2199 4618 Ι)
2224 4548 2285 4594 ut
2309 4544 2511 4607 quanto
2559 4532 2833 4588 videretur
2880 4525 3076 4596 major,
3106 4530 3254 4577 tanto
3289 4532 3473 4574 secum
3501 4523 3654 4570 esset
3701 4513 3795 4567 hn-

540 4636 636 4689 sed
665 4632 843 4702 petitis
876 4633 1229 4702 suscipienda:
1261 4632 1624 4702 pta-positura:
1651 4645 1709 4685 se
1739 4631 2015 4685 videretur
2039 4630 2116 4684 in.

545 4726 803 4799 gessisse.
836 4723 947 4779 Nec
997 4725 1166 4779 multo
1218 4734 1339 4795 post
1380 4725 1564 4779 audito
1618 4725 1760 4793 quod
1804 4723 2124 4781 Lambertus

545 4817 964 4874 archidiaconus
986 4818 1305 4889 przepositus
1344 4818 1519 4873 factus
1548 4825 1712 4880 esset,
1740 4815 1883 4871 circa
1915 4823 2127 4869 autum-

549 4925 681 4964 num
715 4909 1017 4966 claustrum
1042 4908 1252 4975 revisit,
1278 4923 1399 4964 cum
1449 4907 1606 4978 paulo
1651 4916 1771 4977 post
1799 4907 1939 4960 idem
1966 4904 2128 4960 Lam-

546 5001 734 5056 bertus
765 5001 927 5054 trium
954 5000 1323 5055 tantummodo
1344 4999 1610 5055 mensium
1635 4997 1951 5067 pra‘positus
1969 4995 2125 5061 obiit,

549 5106 637 5146 res
662 5106 789 5147 suas
817 5091 1176 5163 disponendas
1216 5106 1312 5160 per
1354 5105 1547 5145 manus
1588 5090 1699 5159 (l6)
1736 5088 1858 5142 fidei
1903 5087 2130 5143 Vasonis

550 5179 741 5210 thum-.3
781 5179 1067 5210 ,Ιιηυιιιι-..ιο
1163 5179 1408 5210 AnAn-du
1458 5178 1644 5210 ΝηΙηΙΛ
1688 5172 1897 5210 haud“:
1993 5177 2128 5210 aiant

586 5179 741 5210 Ληριηὲ
781 5179 1067 5210 Annaliun-:0
1163 5179 1408 5210 ΔΙῖΑηι-ἓιι
1458 5178 1644 5210 Νηιηιη
1688 5176 1897 5210 Ῐληηιῖιιῖ

1163 5179 1408 5210 ΔΙῖΑηι-ἶιι
1458 5178 1644 5210 ΝηΙηΙΛ
1688 5172 1897 5210 ῘλΛ-ιιῖιιδῖ
1993 5177 2128 5210 εἴη...

2224 4602 2425 4693 milior,
2458 4628 2730 4695 integrum
2775 4635 2834 4677 se
2883 4616 3159 4674 custodire
3210 4612 3390 4666 nitens
3420 4607 3490 4662 ab
3541 4606 3633 4661 his
3665 4602 3807 4658 vitiis

2224 4719 2422 4792 quibus
2442 4716 2560 4786 ejus
2589 4711 2823 4768 nominis
2851 4708 3096 4764 homines
3132 4717 3251 4759 sese
3280 4698 3563 4770 implicare
3596 4695 3806 4759 solent,

2225 4823 2452 4880 quaeque
2480 4814 2626 4861 retro
2649 4804 2703 4859 in
2755 4799 3033 4857 humiliori
3062 4797 3181 4852 loco
3212 4794 3442 4865 positus,
3470 4798 3667 4846 notare
3707 4800 3806 4840 non

2227 4902 2482 4955 timuerat
2512 4898 2566 4952 in
2621 4893 2914 4966 prioribus,
2968 4886 3218 4959 superbia
3250 4883 3505 4939 videlicet
3537 4888 3599 4935 et
3629 4889 3807 4932 rerum

2230 4989 2716 5047 ecclesiasticarum
2747 4984 2936 5053 rapina
2968 4999 2981 5035 :
3006 4992 3212 5051 proque
3235 4974 3515 5044 superbia,
3540 4968 3811 5025 humilitar

2233 5091 2341 5136 tem
2374 5096 2482 5148 qua
2506 5076 2759 5132 omnibus
2812 5080 2930 5126 erat
2978 5068 3256 5132 all'abilis;
3291 5079 3388 5134 pro
3440 5057 3809 5129 indignatione

2234 5169 2301 5210 Α..
2331 5142 2461 5210 τειίςει
2492 5165 2692 5210 iustitia
2717 5160 3083 5210 gloriantium.
3111 5155 3486 5210 cuiuscunque
3530 5145 3706 5203 modis
3730 5142 3808 5197 af-
