3992 5338
194 320 296 374 737

186 530 378 585 alienae
409 531 712 587 inlirmitati
745 531 1259 588 condescensionem
1283 531 1424 587 idem
1451 531 1504 586 in
1533 544 1592 586 se
1621 540 1782 600 atque

186 620 238 673 in
267 621 393 676 aliis
421 623 719 676 sentiebat.

253 708 379 764 Jam
410 725 543 764 vero
594 712 722 780 quid
775 713 827 765 iu
887 711 1250 782 dispensanda
1304 709 1521 766 familiae
1569 707 1778 764 Domini

181 812 402 852 annona
429 800 700 854 dixerim?
721 801 906 856 Testes
923 811 1049 856 sunt
1069 816 1206 871 pene
1226 808 1488 869 quotquot
1520 799 1777 854 Leodium

181 905 424 958 novere;
458 891 584 961 quia
633 909 755 947 cum
814 904 942 949 ante
972 909 1097 948 eum
1153 908 1294 946 unus
1348 901 1555 946 tantum
1624 891 1780 960 panis

180 981 413 1051 singulis
444 981 704 1037 fratribus
728 983 970 1053 quotidie
1017 983 1260 1046 daretur,
1297 991 1354 1036 et
1410 998 1514 1035 non
1545 981 1776 1049 amplius

179 1085 345 1140 quam
395 1073 750 1144 quadraginta
780 1083 1007 1128 carratae
1037 1074 1152 1143 (l8)
1179 1073 1290 1127 vini
1323 1073 1375 1127 in
1406 1081 1533 1142 potu
1587 1085 1774 1126 eorum

179 1179 282 1234 per
310 1182 515 1220 annum
554 1167 1013 1236 expenderentur,
1062 1167 1151 1221 hic
1177 1183 1241 1220 ex
1284 1165 1499 1236 polenta
1525 1164 1666 1217 nivei
1690 1178 1778 1216 eo-

178 1256 320 1312 loris
352 1274 514 1327 quam
540 1259 770 1312 similam
805 1268 1023 1322 vocant,
1051 1262 1289 1327 quinque
1340 1271 1552 1311 marcas
1577 1271 1776 1324 appen-

176 1348 400 1402 dentem
426 1349 649 1419 insuper
682 1348 879 1417 adjecit
925 1365 1144 1419 panem,
1187 1358 1515 1418 centumque
1539 1347 1774 1416 quadra-

175 1439 330 1506 ginta
372 1449 623 1495 carratas
669 1440 776 1494 vini
812 1455 910 1510 per
955 1456 1154 1495 annum
1205 1441 1491 1496 eellarario
1544 1437 1773 1493 fratrum

168 1529 293 1597 jure
347 1542 610 1602 perpetuo
652 1533 856 1600 absque
897 1531 1003 1586 ulla
1070 1529 1371 1586 sterilitatis
1422 1529 1774 1585 excusatione

175 1620 384 1675 dandas
434 1621 765 1686 destinavit;
812 1631 1079 1690 quatenus
1124 1621 1247 1676 inde
1273 1629 1329 1675 et
1373 1619 1773 1675 rationabiliter

173 1723 434 1763 mensura
474 1720 635 1779 potus
680 1719 1006 1780 augeretur,
1056 1721 1220 1766 et-ex
1277 1711 1484 1781 reliquo
1515 1710 1771 1764 fratribus

1756 319 1932 376 VITA.

191 438 319 493 tas?
345 436 466 505 Quo
497 436 863 494 scandalizato
904 453 1009 494 non
1051 446 1135 493 est
1159 437 1359 494 ustus?
1389 437 1482 494 Sic
1526 437 1779 492 nimirum
1811 457 1858 510 Α

3367 323 3471 382 758

2168 435 2292 490 Car.
2335 435 2399 490 Χ.
2434 467 2497 476 -
2525 436 2712 504 Qualis
2739 436 2960 492 interius
2984 437 3166 506 fuerit.

1959 524 2188 580 Interius
2214 534 2394 579 autem
2433 527 2770 597 regularibus
2799 527 3044 582 subditos
3093 526 3378 587 institutis.
3411 539 3470 585 ut

1885 614 1985 668 cha
2000 615 2246 669 rissimos
2274 615 2487 670 fovebat
2532 616 2716 684 ﬁlios;
2746 617 2973 672 rebelles
3012 618 3466 674 utseverissimus

1876 705 2039 776 judex
2091 707 2388 774 diseiplime
2435 709 2611 779 gladio
2657 711 3160 775 animadvertebat,
3203 710 3255 765 in
3291 719 3467 765 utros-

1881 807 1985 863 que
2016 793 2229 863 pietatis
2267 810 2491 849 servans
2535 797 2778 861 viscera;
2818 797 2945 850 dum
2989 797 3086 852 hos
3125 799 3192 851 ad
3239 797 3467 852 meliora

1880 896 2241 954 provocaret,
2306 887 2426 942 illos
2479 903 2606 942 vero
2663 905 2695 943 a
2749 891 3014 960 pravitate
3067 900 3461 961 compesceret.

1879 973 1988 1030 Nec
2019 975 2241 1030 timebat
2271 976 2427 1030 miles
2469 977 2672 1032 Christi
2709 979 2757 1034 si
2804 980 3078 1034 hominem
3115 979 3413 1037 offenderet
3445 997 3463 1047 ;

1877 1075 2090 1121 tantum
2121 1067 2334 1122 interno
2360 1068 2525 1137 judici
2555 1107 2572 1133 ,
2610 1069 2876 1123 servando
2907 1086 3120 1140 :equum
3149 1079 3203 1126 et
3231 1081 3462 1137 rectum,

1877 1175 1981 1212 nou
2028 1158 2354 1227 displiceret,
2385 1174 2692 1214 memorans
2715 1159 2842 1213 illud
2906 1160 3147 1230 Apostoli
3197 1178 3210 1214 :
3255 1160 3314 1216 Si
3363 1163 3460 1215 Ιιοο

1876 1249 2101 1302 minibus
2123 1246 2402 1318 placerem,
2435 1248 2630 1304 Christi
2655 1266 2835 1304 servas
2863 1266 2965 1304 non
3012 1268 3194 1306 essent.
3236 1251 3301 1306 Et
3333 1252 3462 1307 illud

1873 1339 2175 1394 Psalmisue
2200 1357 2215 1394 :
2247 1339 2350 1405 Qui
2375 1342 2668 1396 horninibus
2690 1341 2915 1411 placent,
2937 1341 3141 1411 confusi
3167 1352 3309 1408 sunt,
3329 1359 3460 1414 quo-

1874 1433 2016 1484 niam
2064 1431 2205 1485 Dens
2228 1434 2415 1502 sprevit
2443 1451 2550 1488 cos.

1949 1522 2099 1578 Unde
2145 1525 2372 1595 contigit
2419 1536 2475 1579 ιιι
2517 1527 2587 1580 ob
2637 1525 3005 1582 defensionem
3045 1527 3311 1591 veritatis,
3362 1541 3460 1596 pro

1872 1630 1978 1686 qua
2024 1632 2092 1671 uc
2129 1619 2263 1672 mori
2308 1619 2527 1688 quidem
2569 1619 2864 1683 metuebat,
2897 1635 3287 1690 nonnunquam
3323 1620 3460 1675 alio-

1874 1723 2012 1773 rum,
2041 1708 2132 1778 qui
2163 1717 2392 1765 terrcme
2426 1711 2711 1780 potestatis
2739 1711 2978 1766 culmine
3009 1711 3327 1768 viderentur
3370 1727 3461 1766 su-

172 1799 534 1855 ecclcsiarum
560 1843 574 1867 ,
598 1802 794 1872 quibus
817 1803 1002 1856 vinum
1034 1817 1139 1857 non
1163 1802 1758 1867 esset,cousuleretur;
1802 1816 1847 1875 ιι
1874 1799 2155 1854 blimiores
2207 1815 2348 1864 esse,
2401 1800 2665 1855 offensam
2717 1801 3042 1866 incurrerit;
3108 1801 3246 1857 adeo
3299 1811 3357 1856 ut
3386 1800 3459 1856 illi

171 1889 386 1954 dicens,
435 1888 578 1959 juste
611 1907 674 1945 ex
709 1890 928 1960 majoris
953 1891 1198 1946 ecclesia:
1225 1892 1552 1945 abundantia
1596 1890 1772 1944 miuo-

171 1995 295 2034 rum
352 1981 766 2038 necessitatibus
806 1997 928 2037 esse
979 1982 1454 2051 suppeditandum.
1487 1980 1578 2034 Sic
1628 1995 1768 2050 prae-

169 2069 409 2125 bendam
472 2071 702 2126 fratrum
758 2082 903 2127 retro
955 2072 1280 2141 neglectam,
1312 2086 1471 2142 pane,
1497 2073 1624 2124 vino
1675 2070 1779 2124 ad-

169 2163 318 2226 dito,
356 2163 576 2234 iuSuper
616 2164 831 2233 largiori
867 2163 1094 2218 vestitus
1131 2162 1326 2220 solatio
1369 2161 1763 2230 ampliﬁcavit,

169 2262 224 2306 et
271 2265 340 2307 ex
388 2253 480 2307 vili
529 2254 789 2324 optimam
837 2254 1091 2309 reddidit.

254 2403 390 2459 Car.
432 2404 523 2458 IX.
553 2433 626 2446 —
662 2404 900 2472 Qualiter
927 2405 1190 2461 exteriora
1215 2404 1689 2460 administraverit.

239 2540 541 2595 Duodecim
577 2541 903 2611 pauperibus
925 2542 1013 2598 vel
1051 2542 1352 2614 peregrinis
1403 2542 1644 2614 quotidie
1669 2555 1770 2622 co-

171 2649 292 2688 ram
335 2632 598 2689 fratrilms
633 2635 936 2690 reﬁciendis
964 2634 1285 2690 suﬁicientia
1333 2635 1591 2690 alimenta
1634 2649 1771 2691 con-

169 2726 370 2790 stituit,
396 2739 650 2781 assercus
677 2726 778 2782 hoc
806 2726 970 2781 etiam
1000 2741 1188 2796 parum
1213 2742 1362 2793 esse,
1388 2742 1511 2781 cum
1542 2725 1762 2780 traditio

168 2824 485 2871 sanctorum
553 2814 775 2871 Patrum
834 2816 1114 2872 dimidiam
1177 2827 1386 2888 partem
1449 2815 1535 2870 vel
1597 2815 1766 2870 etiam

168 2905 672 2960 ecclesiasticarum
711 2905 1030 2961 facultatum
1067 2907 1398 2977 pauperibus
1435 2915 1489 2961 et
1527 2907 1769 2978 peregri-

169 2997 254 3051 nis
285 3006 508 3052 censeat
537 2996 739 3051 deberi.
767 2995 1036 3053 Praeterea
1076 2997 1376 3068 liOSpitalc,
1427 3015 1534 3070 quo
1585 2996 1769 3053 confe-

167 3096 367 3142 runtur
397 3102 554 3142 nonat
583 3089 696 3144 sive
724 3087 950 3144 decima:
971 3089 1037 3144 de
1061 3089 1320 3159 episcopii
1379 3091 1546 3160 agris,
1593 3089 1766 3158 ipsius

1871 1888 2199 1943 multimoda:
2218 1891 2287 1944 ob
2313 1889 2415 1944 hoc
2444 1890 2792 1946 tenderentur
2814 1891 3040 1954 insidite,
3061 1891 3364 1961 saepiusque
3393 1894 3460 1946 de

1872 1981 1997 2036 vitae
2036 1979 2205 2047 ipsius
2240 1979 2480 2048 periculo
2512 1996 2540 2033 a
2569 1981 2895 2035 necessariis
2929 1979 3045 2048 ejus
3082 1982 3222 2035 haud
3262 1979 3459 2051 injuria

1874 2071 2175 2125 timeretur.
2213 2071 2319 2125 Sed
2350 2072 2475 2140 quia
2500 2088 2566 2125 ex
2613 2073 2888 2125 sententia
2919 2071 3250 2138 Salomonis,
3283 2069 3456 2125 Frus-

1871 2173 1955 2217 tra
1969 2163 2172 2232 jacilttr
2205 2173 2311 2217 rete
2342 2175 2461 2218 ante
2492 2164 2669 2217 oculos
2691 2174 3060 2233 pennatoram,
3109 2166 3226 2227 iste.
3254 2181 3457 2236 penna-

1875 2263 1986 2308 tum
2025 2253 2226 2307 animal
2275 2253 2394 2316 Dei,
2437 2269 2535 2324 per
2570 2254 2796 2325 gloriam
2819 2265 2874 2311 et
2904 2257 3314 2326 ignobilitatem,
3359 2274 3459 2329 per

1870 2343 2147 2398 infamiam
2170 2356 2224 2399 et
2243 2345 2439 2399 bonam
2472 2344 2694 2409 famam,
2717 2346 2935 2414 probra,
2967 2348 3164 2413 minas,
3193 2347 3451 2416 pericula,

1871 2445 2150 2506 postremo
2194 2437 2376 2490 omnia
2432 2435 2623 2490 virtuti
2681 2437 2997 2492 obsistentia
3048 2437 3218 2493 libero
3270 2438 3456 2494 volatu

1871 2526 2135 2582 evadebat
2164 2527 2494 2592 teutamina;
2540 2527 2718 2598 primo
2745 2528 2960 2598 quidem
2989 2529 3369 2599 aequanimiter
3391 2545 3456 2584 ea

1872 2618 2172 2685 tolerando,
2204 2634 2303 2674 suo
2333 2629 2516 2674 autem
2551 2619 2672 2675 loco
2699 2629 2755 2675 et
2784 2630 3028 2690 tempore
3065 2621 3257 2677 eadem
3289 2621 3458 2677 ratio-

1870 2711 2128 2767 nabiliter
2182 2712 2535 2780 confutando,
2587 2713 2665 2768 uti
2717 2729 2934 2784 semper
2964 2713 3172 2784 spiculo
3217 2714 3450 2770 rationis

1869 2803 2307 2860 adversariorum
2331 2805 2624 2860 confodere
2653 2803 2864 2860 solebat
2885 2815 3122 2874 pectora.
3151 2805 3280 2860 Erat
3307 2807 3454 2862 enim

1869 2893 1975 2950 hoc
2005 2895 2060 2950 in
2089 2910 2171 2959 eo,
2191 2911 2302 2968 prae
2329 2897 2544 2951 caeteris
2579 2906 2783 2951 nostrze
2811 2896 3089 2951 memoria:
3111 2897 3453 2964 morta'tibus,

1870 2995 1980 3042 tam
2025 2988 2294 3043 laudabile
2333 3004 2497 3059 quam
2538 2988 2809 3054 mirabile,
2850 2988 2994 3058 quod
3029 2988 3083 3043 in
3129 3003 3457 3060 quocunque

1869 3080 2085 3151 negotio
2135 3087 2326 3134 contra
2367 3078 2664 3150 quemlibet
2716 3087 2958 3135 sumeret
3005 3079 3455 3146 controversiam,

168 3189 290 3233 erat
325 3179 593 3234 creditum
642 3179 1012 3248 providentiae.
1059 3178 1212 3248 Quod
1251 3180 1341 3235 ille
1391 3189 1499 3235 tam
1537 3181 1838 3254 fideliterc
1870 3171 2302 3241 inexpugnabilis
2351 3171 2581 3225 rationis
2620 3187 2722 3241 ore
2776 3173 3017 3227 munitus
3070 3187 3458 3244 asseqiiercwr

171 3271 417 3327 stabilire
463 3271 710 3335 curavit,
749 3281 806 3326 ut
855 3272 1078 3343 triginta
1116 3287 1386 3344 pauperes
1432 3289 1528 3344 per
1565 3290 1766 3330 annum

172 3362 297 3416 inde
324 3365 613 3417 commode
638 3371 1097 3427 sustentarentur,
1129 3374 1187 3420 et
1234 3380 1299 3420 ex
1333 3364 1558 3421 ecclesia
1603 3380 1764 3434 quam

172 3453 407 3507 domnus
439 3451 723 3509 Baldricus
745 3454 1028 3524 episcopus
1052 3455 1244 3526 viginti
1269 3465 1503 3527 quatuor
1528 3456 1768 3512 elecmoe

174 3543 416 3612 synariis
440 3544 811 3600 sustentandis
838 3545 1232 3612 destinaverat,
1283 3547 1572 3602 duodecim
1618 3549 1767 3602 insu-

173 3649 270 3701 per
307 3634 587 3689 refieieudi
618 3634 1006 3704 adjicerentur,
1037 3653 1227 3696 omnes
1256 3640 1523 3712 peregrini
1577 3656 1766 3711 super-

173 3725 456 3782 venientes
484 3727 604 3782 sine
627 3729 779 3797 equis
802 3729 1196 3799 reciperentur,
1221 3746 1317 3787 eos
1339 3732 1430 3801 qui
1455 3748 1576 3788 cum
1609 3732 1765 3802 equis

173 3818 458 3874 venissent
522 3820 768 3890 recipere
825 3831 1113 3878 autumans
1174 3824 1412 3895 episcopi
1479 3825 1762 3880 interesse.

174 3911 323 3965 Adeo
343 3909 614 3980 sacrilegii
641 3926 789 3965 reum
818 3911 1090 3976 ducebat,
1145 3914 1188 3967 si
1227 3915 1514 3969 commissa
1552 3915 1652 3969 sibi
1683 3914 1767 3969 of-

177 4001 295 4054 ﬁcia
332 4015 434 4054 suo
485 3999 672 4054 labore
722 4017 828 4056 non
871 4013 1262 4073 augmentaret.
1310 4005 1557 4071 Interea,
1608 4022 1670 4061 ac
1717 4007 1763 4061 si

176 4092 317 4145 hosti
374 4091 770 4158 infestissimo,
822 4093 1138 4164 frequentes
1193 4095 1406 4164 corpori
1455 4095 1766 4151 indicuntur

180 4184 546 4247 abstinentiae,
587 4186 914 4254 pauperibus
957 4186 1160 4241 Christi
1213 4187 1473 4257 largiores
1501 4197 1766 4259 augentur

177 4273 458 4342 impcnsm.
515 4272 860 4328 Recreantur
909 4277 1151 4346 quotidie
1205 4277 1422 4346 utrique
1462 4279 1764 4334 assidentes

177 4364 358 4430 lateri,
405 4365 536 4419 hinc
578 4365 944 4432 clericorum,
991 4367 1118 4422 hinc
1165 4383 1460 4438 pauperum
1508 4378 1759 4424 catervre.

177 4454 514 4510 Referuntur
543 4457 612 4510 ab
641 4455 758 4524 ejus
787 4473 971 4512 mensa
1001 4461 1284 4528 utriusque
1332 4459 1568 4514 hominis
1607 4460 1760 4514 ciba-

1866 3265 2172 3320 victoriam.
2199 3263 2313 3319 Hoc
2340 3273 2524 3318 autem
2558 3264 2682 3319 ideo
2711 3263 2896 3331 ﬁebat,
2955 3265 3081 3335 quia
3121 3267 3458 3336 circumspe-

1863 3365 2012 3410 ctum
2041 3371 2105 3410 ex
2139 3355 2454 3426 omniparle
2485 3355 2688 3409 animal
2743 3355 2832 3411 Dei
2865 3366 2990 3411 ante
3015 3365 3072 3410 et
3099 3365 3246 3412 retro
3268 3357 3456 3412 oculos

1864 3448 1921 3505 in
1968 3449 2328 3504 intentionem
2371 3448 2498 3504 boni
2544 3449 2844 3516 direxerat,
2899 3449 2950 3503 iu
2983 3449 3137 3517 cujus
3171 3465 3292 3505 sese
3329 3465 3456 3505 cum

1862 3543 2094 3597 veritate
2120 3550 2175 3596 et
2205 3541 2419 3596 ratione
2460 3542 2532 3596 ita
2581 3541 2868 3605 deﬁxerat,
2929 3549 2989 3593 ut
3038 3557 3135 3596 uec
3164 3542 3310 3606 odio,
3355 3557 3455 3597 uce

1864 3636 2037 3706 gratia
2083 3635 2208 3689 inde
2235 3635 2441 3690 moveri
2485 3643 2701 3704 posset:
2733 3648 2798 3688 ac
2830 3633 2875 3687 si
2914 3633 3099 3687 videas
3141 3641 3456 3688 contemne-

1866 3740 1923 3779 re
1944 3733 2158 3788 ventos,
2190 3741 2340 3791 saxa,
2367 3725 2686 3794 Rhodopes;
2737 3732 2829 3778 aut
2865 3738 2964 3778 ceu
2992 3725 3246 3794 procellis
3268 3726 3452 3780 obstat

1864 3813 2132 3883 Marpesia
2158 3826 2367 3870 cautes.

1935 3906 2114 3962 Vitam
2164 3923 2317 3962 suam
2372 3907 2482 3963 Deo
2514 3907 2726 3978 sibique
2760 3917 2942 3962 notam
2974 3907 3048 3963 ita
3083 3908 3445 3979 disposuerat,

1865 4007 1924 4052 ut
1951 4010 2138 4054 noctes
2163 4009 2328 4070 atque
2351 4000 2468 4055 dies
2498 4009 2693 4070 praeter
2720 4001 2908 4054 horam
2931 3999 3106 4053 somni
3132 4009 3294 4069 atque
3323 3999 3450 4066 cibi,

1865 4100 1958 4145 aut
1985 4091 2393 4161 psallendo,aut
2416 4094 2658 4164 legendo,
2679 4103 2770 4147 aut
2793 4093 3200 4147 rationabilibus
3228 4108 3291 4146 ex
3322 4108 3452 4146 cau-

1865 4181 1940 4236 sis
1992 4183 2338 4252 disputando,
2394 4184 2449 4238 in
2501 4185 2593 4238 Dei
2622 4184 2869 4238 laudibus
2909 4185 3270 4238 continuaret.
3309 4183 3456 4239 Raro
3547 4225 3558 4232 .

1866 4280 1959 4326 aut
2019 4275 2333 4343 neutiquam
2378 4275 2631 4340 accessit,
2665 4275 2754 4344 qui
2805 4289 2910 4329 non
2951 4289 3188 4345 congrua
3217 4274 3367 4330 (elati
3397 4284 3455 4330 et

1866 4373 2072 4418 natura:
2101 4380 2210 4418 suae
2247 4365 2588 4420 condimenta
2623 4365 2892 4421 retulerit.
2928 4364 3093 4421 Lacte
3115 4367 3341 4435 potabat
3371 4367 3453 4419 iu-

1865 4454 2072 4519 firmos,
2106 4468 2244 4524 pane
2277 4456 2494 4510 cibabat
2553 4456 2784 4521 validos;
2825 4455 2953 4510 vino
2980 4463 3036 4510 et
3060 4454 3319 4509 carnibus
3349 4471 3442 4508 ve-

176 4547 277 4611 ria,
310 4548 536 4619 ipseque
574 4549 765 4604 hilaris
817 4551 1043 4605 conviva
1087 4551 1403 4621 parcissime
1436 4551 1668 4608 refectus
1711 4563 1766 4609 et
1796 4542 1842 4601 D
1868 4562 2047 4610 scens,
2072 4557 2131 4600 ut
2164 4549 2410 4603 attestari
2452 4548 2657 4603 solebat
2683 4549 2849 4603 abbas
2897 4547 3010 4619 (19)
3050 4547 3253 4618 Poppo,
3307 4547 3456 4603 solus

174 4637 290 4692 fere
317 4637 560 4707 jejunus,
593 4640 842 4695 esuriens
881 4656 1096 4710 semper
1133 4649 1190 4696 et
1234 4641 1424 4696 sitiens
1451 4641 1718 4710 justitiam
1746 4681 1764 4710 ,

175 4729 312 4784 alios
339 4728 674 4786 sufﬁcienter
715 4732 961 4802 expletos
992 4731 1322 4787 dimittebat.
1369 4732 1597 4788 Divitias
1639 4749 1766 4789 suas

173 4821 450 4875 communi
481 4821 702 4876 utilitati
732 4838 895 4892 quam
917 4823 1020 4878 sibi
1048 4823 1325 4878 deservire
1349 4822 1608 4888 malebat,
1630 4841 1765 4894 quas

178 4910 232 4963 in
288 4911 470 4965 omnia
531 4912 756 4983 pietatis
796 4927 960 4981 opera
1008 4910 1281 4968 inﬂectere
1326 4915 1591 4985 optabat;
1638 4929 1763 4968 sen-

174 5001 387 5055 tiebant
433 5001 826 5057 humanitatem
871 5002 989 5072 ejus
1029 5005 1378 5071 :egritudines
1430 5005 1760 5060 decumben-

175 5091 310 5118 ':IIM
371 5091 580 5118 ‘-'\A-I\A
614 5091 860 5118 «conn-Innm
887 5108 899 5118 ο
933 5095 1080 5118 οιΑ-ιερ-
1113 5095 1336 5118 ικΑ--θ...-ιε
1396 5112 1415 5118 ρ
1470 5095 1667 5118 .Ιῗ..ἔοῗῖ-
1708 5097 1755 5118 ξ..

1866 4637 2224 4705 quorumdam
2254 4647 2586 4693 secretorum
2617 4639 2733 4708 ejus
2756 4640 3026 4703 conscius,
3059 4639 3450 4692 monachorum

1867 4727 2110 4782 omnium
2167 4729 2268 4784 sibi
2329 4731 2670 4800 cognitorum
2730 4730 2985 4784 vincebat
3033 4729 3449 4792 abstinentiam;

1868 4818 1994 4872 dum
2035 4833 2142 4873 non
2165 4820 2293 4888 quid
2318 4821 2435 4874 sine
2456 4819 2919 4889 concupiscentia,
2950 4820 3044 4875 sed
3075 4829 3336 4889 quantum
3359 4833 3454 4872 co-

1868 4909 2112 4962 mederet
2135 4913 2718 4978 pensaus,saturitatis
2747 4915 2946 4968 malum
2975 4911 3188 4970 cautius
3207 4912 3458 4982 viperino
3485 4918 3491 4928 '

1865 5001 2130 5071 sanguine
2171 5003 2460 5058 devitaret.
2495 5004 2688 5058 Vestes
2719 5020 2844 5058 suas
2875 5007 3011 5060 adeo
3045 5005 3458 5067 moderebatur,

3371 5093 3429 5114 ,ι

1958 5109 2057 5118 ..δ-ι-
2107 5107 2222 5116 -..ις
2267 5107 2393 5116 --;,.-
2436 5109 2518 5116 Α..-
