3992 5338
518 267 619 322 739

1611 241 1905 307 VASONIS
1944 236 2344 301 LEODIENSIS
2383 243 2689 300 EPISCOPI

3660 239 3761 295 7‘0

514 393 822 453 possumus,
875 375 1115 431 solemne
1144 372 1399 441 quiddam
1456 369 1509 421 in
1564 365 1956 423 consuetudine
1986 362 2079 414 ha-
2110 358 2400 418 Aauimus
2453 368 2636 412 vester
2685 371 2848 427 super
2883 355 3039 412 electi
3082 356 3189 410 vita
3243 363 3296 409 et
3354 355 3598 409 moribus
3645 370 3761 410 mo-

514 475 995 528 hebatsccretum:
1078 467 1235 521 adest
1307 464 1513 519 veritas
1558 460 1756 519 Christi
1805 475 1891 515 me
1956 458 2091 515 nihil

514 563 736 632 fingere.
773 560 907 615 Cum
935 558 1020 614 his
1053 567 1109 613 et
1156 554 1339 611 multis
1384 556 1504 610 aliis
1534 552 1936 610 diﬂicultatibus
1958 551 2095 621 jam-

508 654 622 724 jam
666 667 778 721 prae
827 650 977 705 senio
1034 663 1309 716 exsangue
1370 655 1641 717 premeret
1671 660 1886 715 corpus,
1927 643 2095 699 certis

513 743 703 797 diebus
767 742 1057 796 durissima
1122 741 1224 796 sibi
1310 738 1537 809 juhebat
1613 737 1837 793 verbera
1899 734 2090 804 allligi,

520 842 715 889 coacto
767 832 1056 888 eorrecmri
1103 847 1201 886 suo
1257 831 1310 885 in
1343 832 1505 884 verbo
1539 829 1748 885 Domini
1781 825 2095 882 terribiliter

514 924 759 990 edicens,
782 932 843 979 ut
879 939 984 978 non
1018 933 1282 993 parceret,
1329 930 1384 975 et
1422 930 1691 977 secretum
1719 918 1942 989 vulgare
1986 931 2093 971 non

514 1022 891 1085 praesumeret.
922 1013 1073 1079 Quod
1116 1010 1205 1066 ille
1241 1025 1587 1080 suppressum
1626 1010 1714 1063 diu
1759 1009 1920 1063 etiam
1970 1014 2094 1076 post

514 1105 720 1159 obitum
774 1103 891 1174 ejus
944 1103 1151 1166 tenuit,
1207 1103 1301 1156 sed
1352 1100 1725 1170 indignissimo
1789 1096 2095 1152 sanctitatis

516 1197 637 1267 ejus
678 1211 837 1253 servo
862 1196 994 1250 tanti
1041 1195 1235 1266 pignus
1264 1195 1501 1249 thesauri
1534 1193 1775 1248 revelare
1810 1207 1915 1246 non
1952 1190 2097 1245 refu-

518 1288 614 1358 git.
641 1287 698 1341 In
732 1295 878 1341 tanta
922 1286 1183 1341 virtutum
1235 1285 1516 1340 efficientia
1567 1283 1813 1338 studebat
1861 1296 2093 1351 semper,

515 1378 618 1433 etsi
666 1377 720 1431 in
763 1378 865 1432 hac
918 1386 1072 1447 parte
1132 1392 1475 1448 nequaquam
1524 1376 1576 1430 in
1626 1391 1707 1440 se,
1739 1375 1871 1429 alias
1918 1384 2095 1429 tamen

517 1467 717 1537 ubique
746 1482 964 1523 auream
990 1477 1175 1523 tenere
1200 1468 1649 1522 mediocritatem.
1702 1464 1769 1520 Et
1809 1480 1934 1520 vero
1961 1480 2098 1535 prte-

519 1558 734 1627 cipuum
784 1558 1128 1614 discretionis
1163 1559 1461 1628 speculum,
1511 1558 1714 1628 regiam
1772 1557 1914 1612 viam
1957 1551 2111 1625 inter;

2188 457 2380 502 ventur
2422 447 2698 517 scrupulo,
2740 447 2870 501 mihi
2902 455 3070 501 totum
3117 447 3429 515 imputetur,
3462 445 3517 497 in
3547 459 3634 496 tne
3663 443 3762 498 hoc

2190 540 2667 592 animadvertatur.
2716 555 2734 588 ι
2787 537 3084 607 Superatus
3139 535 3227 589 vix
3268 534 3488 588 tandem
3535 533 3763 603 imperas

2194 628 2438 690 tor,’tam
2467 626 2743 696 splendida
2771 626 3059 681 eluetantis
3093 640 3151 681 se
3194 624 3263 678 ab
3302 623 3618 693 episcopatu
3665 621 3765 676 Va-

2191 717 2341 772 sonis
2383 717 2685 783 nimietate,
2729 718 2807 772 uti
2841 716 3143 787 petebatur,
3184 715 3449 769 Nithardo
3484 712 3765 783 episcopa-

2192 812 2306 861 tum
2333 807 2602 867 concedit.
2651 806 2794 861 Vaso
2828 816 3010 861 autem
3062 804 3259 859 timens
3311 803 3556 857 exterius
3605 801 3768 856 hono-

2192 896 2345 952 ribus
2391 897 2686 969 prolicere,
2729 912 2798 952 ne
2846 896 3074 951 interius
3121 895 3366 949 moribus
3411 890 3639 963 incipiat
3679 891 3765 946 de-

2189 986 2376 1055 ﬁcere,
2418 989 2468 1044 ei
2525 986 2677 1057 cujus
2730 987 2989 1056 magister
3032 984 3211 1048 fuerat
3255 984 3530 1054 patienter
3568 997 3636 1037 ac
3677 980 3765 1036 be-

2193 1080 2358 1151 nigne
2411 1080 2631 1149 gavisus
2686 1090 2769 1135 est
2812 1081 3072 1136 subesse:
3112 1078 3299 1147 sicque
3341 1091 3407 1132 ea
3451 1091 3577 1146 qua:
3620 1083 3765 1130 retro

2191 1170 2560 1236 suutoblitus,
2593 1178 2648 1226 ct
2676 1171 2728 1224 iu
2768 1170 3043 1225 anteriora
3068 1168 3340 1233 extentus,
3378 1181 3479 1237 per
3507 1174 3771 1236 quatuor-

2195 1262 2372 1319 decim
2396 1264 2764 1334 praepositum:
2790 1277 2960 1318 annos
2991 1262 3061 1317 ad
3105 1262 3353 1317 bravium
3393 1274 3647 1331 superna:
3678 1273 3768 1314 vo-

2196 1355 2432 1410 cationis
2460 1356 2908 1424 prosequebatur.

2264 1445 2395 1501 Car.
2432 1444 2545 1499 XII.
2588 1445 2827 1512 Qualiter
2862 1446 2916 1499 in
2950 1446 3247 1514 episcopum
3288 1442 3482 1497 electus
3519 1443 3705 1510 fuerit.

2267 1534 2422 1590 Iquc
2456 1535 2613 1589 talem
2645 1549 2713 1588 ac
2758 1542 2962 1588 tantum
3012 1533 3268 1588 athletam
3300 1547 3461 1588 suum
3512 1531 3772 1585 Dominus

517 1622 709 1701 .m'vum
761 1649 1118 1718 delirumque
1165 1622 1341 1704 n'wdia
1397 1649 1521 1703 vim
1551 1622 1662 1703 εἶκε
1692 1647 1910 1702 lucerna
1962 1622 2171 1718 ρης-ζ
2197 1625 2399 1680 diutius
2428 1625 2600 1679 noluit
2622 1639 2744 1680 esse
2772 1624 3081 1689 occultum;
3117 1623 3211 1680 sed
3238 1639 3400 1694 quem
3441 1623 3586 1678 infra
3617 1622 3773 1677 unius

524 1738 858 1798 monstrabat
894 1738 1266 1793 incedendam.

517 1825 648 1881 CAP.
680 1826 767 1881 XI.
795 1825 970 1893 Quod,
996 1829 1242 1898 defuncto
1277 1827 1626 1899 Regia/tardo,
1651 1829 1935 1897 imperator
1956 1825 2095 1883 Con-

730 1900 892 1952 radus
919 1900 1068 1952 illum
1099 1901 1399 1968 episcopatu
1427 1902 1626 1953 donare
1650 1901 1887 1953 voluerit.

589 1983 744 2041 Ilunc
771 1987 1026 2044 defuncto
1055 1988 1407 2058 Reginhardo
1435 1990 1687 2058 episcopo
1715 1990 1950 2042 maxima
1973 2004 2099 2059 pars

521 2075 754 2135 ﬁliorum
782 2079 1041 2138 Ecclesiae
1069 2080 1169 2139 sibi
1197 2082 1511 2155 episcopum
1538 2080 1651 2139 rteri
1694 2081 2050 2155 pcroptabact
2083 2106 2096 2142 :

522 2185 752 2239 quorum
801 2174 889 2229 ille
943 2178 1267 2231 sententiam
1312 2191 1370 2233 ιιι
1412 2194 1440 2232 a
1490 2193 1548 2236 se
1576 2178 1885 2248 longiSsime
1926 2193 2102 2233 remo-

528 2274 701 2326 veret,
758 2266 983 2321 multum
1032 2268 1401 2339 redarguendo
1454 2287 1567 2335 eos,
1621 2271 1710 2339 qui
1750 2271 1850 2325 sibi
1884 2270 2100 2340 majoris

520 2351 764 2408 ecclesiae
797 2355 1087 2425 praeposito
1133 2356 1364 2425 eligendi
1389 2358 1634 2428 praesulis
1655 2359 1944 2428 primatum
1966 2373 2102 2428 pra;-

519 2442 860 2513 ripuissent,
926 2445 1251 2507 Nithardum
1329 2449 1610 2504 custodem
1670 2449 1726 2502 in
1790 2448 2102 2517 epiScopum

520 2534 703 2604 elegit,
752 2552 968 2592 omnem
1020 2538 1225 2593 clerum
1278 2548 1335 2594 et
1379 2540 1632 2610 populum
1677 2540 1730 2594 in
1776 2542 2100 2594 sententiam

519 2638 674 2680 suam
708 2627 896 2681 venire
940 2629 1136 2698 coegit.
1192 2631 1342 2685 Adeo
1386 2630 1652 2699 primatus
1696 2630 1776 2684 sui
1812 2631 2105 2684 auctorita-

522 2725 628 2770 tem
665 2732 771 2772 non
807 2719 858 2773 in
883 2735 940 2774 se
966 2720 1325 2788 praeferendo,
1364 2722 1457 2776 sed
1495 2721 1549 2775 in
1590 2720 1811 2789 juniore
1844 2721 1944 2777 sibi
1969 2736 2106 2791 prae-

522 2810 796 2877 ponendo,
841 2810 1062 2865 fortiter
1104 2812 1381 2867 vindicare
1431 2812 1658 2876 studuit,
1702 2826 1833 2865 usus
1876 2796 2123 2865 auctori-3

531 2907 645 2953 tate
697 2902 983 2968 potestatis
1031 2902 1098 2956 ad
1144 2903 1488 2957 retinendum
1545 2902 1863 2957 humilitatis
1910 2915 2105 2970 propo-

524 2987 714 3053 situm,
737 3004 843 3043 non
864 2992 941 3070 ad
969 2992 1337 3061 arripiendum
1388 2992 1739 3047 sublimitatis
1766 2992 1941 3046 locum
1970 2990 2099 3061 (20).

524 3077 637 3134 Nec
682 3095 856 3146 mora,
898 3098 1023 3137 cum
1055 3084 1229 3138 electo
1251 3092 1307 3139 et
1334 3084 1485 3154 virga
1531 3083 1818 3152 episcopali
1872 3082 2106 3151 impera-

530 3177 704 3225 torem
734 3170 1042 3226 Conradum
1073 3173 1230 3237 adiit,
1260 3174 1352 3242 qui
1386 3182 1512 3228 tunc
1543 3174 1682 3229 forte
1708 3175 1761 3228 in
1807 3173 1959 3227 Italia
1991 3173 2104 3227 hic-

526 3261 750 3323 mahat;
791 3272 1112 3331 repertoque
1148 3263 1473 3318 Nonautulis
1518 3263 1735 3333 oppido,
1788 3264 2103 3333 petitionem

528 3348 790 3404 Ecclesia:
825 3361 1023 3407 nostra:
1060 3354 1198 3408 idem
1245 3354 1359 3424 ipse
1399 3365 1589 3410 auctor
1625 3364 1682 3409 et
1726 3353 1933 3424 legatus
1974 3354 2105 3409 tide-

530 3437 656 3493 liter
679 3438 906 3508 profert.
956 3441 1289 3499 Prmsentato
1318 3444 1513 3510 electo,
1549 3445 1694 3514 hunc
1724 3444 1792 3498 ad
1840 3445 1943 3498 hoc
1970 3458 2107 3498 onus

529 3534 934 3603 suscipiendum
987 3536 1241 3591 idoneum
1285 3552 1427 3603 esse,
1486 3538 1650 3607 idque
1694 3538 2025 3591 unanimiter
2074 3551 2105 3590 a

527 3623 676 3679 clero
714 3634 771 3679 et
809 3626 1006 3694 populo
1042 3626 1302 3696 postulari
1350 3635 1645 3683 asseverat.
1688 3627 1985 3696 Imperator
2012 3642 2107 3680 au-

532 3724 639 3769 tem
676 3733 689 3768 :
724 3735 741 3767 ε
773 3717 945 3783 Hunc,
975 3733 1137 3787 quem
1189 3718 1342 3781 mihi,
1402 3720 1594 3788 inquit,
1644 3717 1870 3782 oﬂ'ertis,
1909 3733 2110 3786 nequa-

528 3821 689 3874 quam
739 3822 997 3877 agnoseo,
1030 3809 1123 3862 sed
1154 3808 1308 3864 vobis
1358 3809 1492 3864 mihi
1546 3809 1690 3864 haud
1741 3810 1924 3875 ignoto
1970 3809 2111 3862 lumc

530 3898 788 3955 honorem
845 3900 1040 3956 lubens
1095 3902 1273 3971 cupio.
1321 3920 1342 3954 ι
1397 3901 1488 3956 Ille
1540 3916 1571 3957 e
1603 3901 1880 3956 contrario
1938 3901 2109 3955 modis

534 3988 786 4043 omnibus
830 3997 889 4044 ut
939 4006 998 4044 se
1044 3990 1355 4059 posthabito
1393 3991 1736 4061 episcopatus
1781 3991 1836 4043 in
1879 3989 2108 4044 electum

529 4087 936 4147 retur-queretur
982 4078 1366 4145 annitebatur;
1410 4079 1561 4134 illum
1589 4080 1914 4151 digniorem,
1961 4080 2109 4133 illum

530 4172 821 4239 aptiorem,
871 4182 1058 4244 utpote
1107 4174 1385 4244 juvenem,
1443 4173 1637 4242 agilem
1695 4182 1750 4228 et
1802 4184 2111 4243 promptum

531 4263 971 4318 cxsecutionibus
1016 4263 1313 4334 imperialis
1334 4264 1538 4319 servitii
1568 4280 1582 4330 ;
1614 4264 1715 4318 sibi
1741 4264 1956 4335 frigido,
1980 4264 2114 4319 senii

2121 1707 2172 1768 B
2199 1717 2418 1772 claustri
2478 1722 2628 1785 septa
2679 1716 2903 1769 dederat
2951 1729 3073 1770 esse
3124 1712 3465 1783 perfectum,
3518 1713 3676 1781 quasi
3722 1713 3773 1767 in

2199 1808 2515 1864 certaminis
2555 1822 2806 1876 campum
2853 1816 3136 1861 strenuum
3172 1804 3337 1875 jussit
3381 1803 3608 1874 prodire
3649 1802 3777 1856 mili-

2130 1915 2139 1923 ί
2201 1904 2330 1962 tem,
2354 1905 2414 1950 ut
2453 1898 2506 1952 in
2554 1907 2794 1966 tempore
2818 1895 3110 1951 iracundia:
3140 1909 3251 1950 sua:
3277 1892 3551 1947 laboranti
3586 1891 3777 1963 populo

2200 1987 2358 2049 ﬁeret
2401 1986 2819 2058 reconciliatio,
2864 1994 2918 2046 et
2967 1986 3093 2048 belli
3131 1984 3403 2060 ulmisque
3460 1992 3778 2050 tempestate

2192 2084 2525 2155 periclitanti
2561 2086 2747 2155 patriai
2766 2083 2907 2139 foret
2928 2083 3186 2137 remedio.

2271 2178 2519 2233 Oblatum
2542 2177 2654 2244 jam
2680 2186 2838 2231 antea
2861 2176 2962 2231 sibi
3003 2173 3348 2244 praesulatum
3379 2178 3772 2235 recusaverat;

2200 2269 2540 2333 Nitlrardum,
2595 2281 2652 2321 ιιι
2701 2270 2906 2324 dictum
2950 2274 3053 2331 Cal,
3102 2267 3203 2321 sibi
3253 2264 3631 2334 praetulerat:
3674 2276 3775 2330 quo

2200 2360 2481 2425 defuncto,
2529 2361 2658 2415 item
2702 2376 2732 2415 a
2781 2360 2925 2414 clero
2969 2367 3023 2414 et
3066 2357 3265 2428 populo
3308 2357 3376 2412 ad
3406 2357 3776 2426 episcopatum

2200 2443 2523 2526 reposcitur.
2579 2452 2669 2507 llle
2717 2468 2748 2507 e
2776 2460 2962 2523 contra
3014 2449 3160 2505 credi
3201 2463 3307 2503 non
3341 2455 3522 2518 potest
3552 2452 3778 2515 quantas

2199 2560 2382 2603 moras
2427 2558 2538 2598 suae
2584 2540 2833 2597 electioni
2885 2540 3181 2602 innectere,
3228 2542 3433 2607 quanto
3485 2534 3685 2587 annisu
3718 2545 3780 2584 ne

2201 2635 2360 2693 fleret
2410 2633 2678 2689 studuerit
2724 2632 2975 2687 insistere
3021 2645 3037 2697 ;
3088 2627 3406 2683 electionem
3447 2625 3565 2696 regi
3604 2620 3781 2691 displi-

2202 2728 2455 2792 cituram,
2504 2741 2693 2795 parum
2744 2723 2925 2778 valere
2972 2735 3135 2791 super
3163 2720 3269 2774 hoc
3315 2716 3561 2788 negotio,
3611 2714 3780 2783 magis

2200 2809 2320 2893 ‘pjus
2358 2813 2781 2885 exspectandum
2828 2827 2949 2868 esse
2987 2810 3174 2866 dicens
3216 2807 3532 2862 arbitrium.
3578 2802 3781 2857 Taliter

2209 2909 2495 2966 renitentis
2535 2918 2590 2962 et
2617 2905 2931 2963 excusantis
2957 2902 3223 2975 sententia
3255 2914 3365 2963 non
3410 2898 3657 2959 auditur,
3701 2894 3781 2948 in-

2180 2976 2345 3059 :iritus
2394 3019 2424 3057 a
2473 3002 2685 3059 cunctis
2731 2998 3063 3054 unanimiter
3110 2993 3327 3065 eligitur
3358 3032 3373 3056 ,
3423 2989 3780 3043 Ratisbonam

2204 3096 2457 3158 mittitur,
2506 3093 2597 3147 ubi
2654 3090 2793 3145 forte
2840 3087 3103 3143 llenricus
3136 3094 3259 3140 tunc
3306 3096 3427 3147 rex,
3468 3088 3663 3151 postea
3691 3079 3782 3131 im-

2200 3194 2440 3256 perator,
2473 3182 2786 3238 Bobemiam
2824 3195 2947 3236 cum
2999 3177 3242 3233 exercitu
3289 3187 3655 3245 aggressurus
3702 3168 3785 3222 ad-

2206 3286 2342 3333 erat.
2372 3276 2535 3344 Virga
2558 3272 2883 3344 episcopalis
2912 3287 3033 3327 cum
3065 3267 3320 3325 Ecclesia:
3363 3274 3569 3321 nostra:
3595 3262 3786 3317 litteris

2204 3376 2603 3439 praesentatur;
2647 3380 2735 3420 res
2779 3362 2987 3435 agenda
3022 3361 3078 3415 in
3129 3358 3435 3416 crastinum
3485 3353 3779 3409 diﬂ‘ertur:

2174 3466 2422 3529 .postera
2476 3456 2561 3511 die
2610 3469 2642 3509 a
2703 3469 2831 3525 rege
2876 3466 2998 3508 cum
3047 3449 3313 3521 episc0pis
3358 3456 3414 3501 et
3444 3445 3675 3515 reliquis
3701 3458 3786 3512 pa-

2210 3547 2327 3600 latii
2379 3545 2717 3615 principibus
2770 3540 3090 3599 consulitur.
3141 3539 3253 3593 Nec
3299 3535 3525 3592 defuere
3567 3533 3786 3589 adulan-

2208 3639 2339 3692 tium
2369 3636 2583 3706 linguai.
2615 3636 2708 3705 qui
2758 3624 3079 3690 electiOnem
3126 3629 3244 3685 sine
3295 3628 3445 3699 regio
3480 3624 3672 3680 favore
3713 3622 3786 3676 fa-

2212 3735 2355 3780 ctam
2401 3733 2712 3779 assererem
2743 3736 2953 3779 cassam
2988 3719 3145 3783 fore;
3179 3732 3242 3774 ex
3274 3714 3577 3785 capellanis
3615 3712 3786 3783 potius

2209 3816 2520 3885 episcopum
2577 3812 3044 3877 constituendum,
3096 3807 3363 3863 Vasonem
3409 3819 3687 3873 nunquam
3734 3802 3786 3854 in

2214 3914 2371 3961 curte
2409 3906 2555 3975 regia
2601 3903 2919 3975 desudasse,
2950 3911 3011 3956 ut
3042 3899 3200 3965 talem
3242 3904 3653 3968 promereretur
3696 3892 3788 3946 ho-

2182 4068 2185 4071 _
2212 4011 2401 4051 norem
2434 4015 2448 4049 :
2491 3997 2634 4066 quod
2667 4010 2797 4050 vero
2845 3992 3000 4048 nefas
3029 3992 3102 4047 sit
3127 3989 3289 4043 alium
3318 3985 3653 4056 episcopari,
3691 3981 3790 4035 nisi

2213 4101 2372 4157 quem
2408 4085 2716 4140 constiterit
2744 4083 2800 4138 in
2853 4091 3006 4137 curte
3058 4078 3205 4147 regia
3243 4075 3513 4144 evagari;
3571 4089 3637 4128 ac
3687 4086 3787 4125 non

2212 4175 2396 4249 potius
2429 4174 2590 4231 talem
2643 4174 2767 4245 eligi
2795 4180 3068 4243 oportere,
3120 4169 3213 4239 qui
3260 4166 3589 4223 informatus
3618 4164 3791 4233 subje-

2174 4269 2399 4345 Vctione
2456 4265 2764 4322 claustralis
2826 4262 3186 4327 obedientite,
3236 4274 3340 4314 non
3402 4266 3514 4312 tam
3562 4270 3792 4326 praeesse

531 4354 820 4421 gravedine
870 4354 1118 4410 confecto
1149 4395 1165 4419 ,
1215 4355 1439 4425 jamque
1488 4355 1765 4410 silicernio
1791 4395 1804 4417 ,
1861 4356 2111 4427 deinceps
2140 4394 2191 4455 Β
2218 4374 2378 4430 quam
2409 4354 2668 4427 prodesse
2706 4354 2973 4411 didicerit.
3002 4351 3117 4420 Qua
3144 4349 3412 4407 sententia
3449 4346 3789 4402 adulatorum

533 4444 713 4513 potius
741 4443 1082 4515 cogitandum
1126 4446 1194 4500 de
1224 4446 1463 4509 tumulo.
1512 4444 1757 4515 Cumque
1812 4446 2111 4515 imperator

533 4546 874 4602 nequaquam
905 4535 1226 4591 sententiam
1271 4545 1483 4591 mutare
1533 4536 1717 4601 vellet,
1766 4553 1998 4607 eumque
2043 4540 2110 4594 ad

532 4623 937 4694 suscipiendum
998 4628 1365 4697 episcopatum
1434 4628 1781 4687 vehementer
1833 4639 2048 4698 urgeret
2092 4645 2106 4681 :

538 4731 557 4764 ι
597 4714 812 4783 Pareat,
851 4715 1046 4785 inquit,
1080 4718 1336 4787 majestas
1386 4728 1591 4786 vestra,
1640 4716 1800 4787 hujus
1848 4718 2109 4788 dcet'epiti

531 4807 678 4863 senis
701 4816 907 4878 parcat,
938 4808 1186 4874 obsecro,
1231 4809 1386 4864 fama:
1415 4810 1467 4864 in
1514 4810 1579 4889 id.
1610 4810 1787 4865 aetatis
1837 4813 2111 4881 productae

534 4897 628 4953 Dei
668 4898 841 4968 gratia
887 4898 1092 4968 absque
1126 4900 1366 4971 perﬁdiae
1412 4910 1563 4956 nota.
1616 4900 1674 4972 Si
1726 4902 1885 4967 unius
1928 4902 2112 4972 cujus-

532 4989 664 5045 libet
688 4989 927 5045 hominis
960 4990 1283 5060 legationem
1336 4990 1714 5058 suscepissem,
1766 4990 1850 5045 cui
1884 4992 2111 5061 posthac

534 5079 676 5133 foret
697 5077 801 5133 lida
827 5088 1004 5134 nostra
1045 5079 1196 5145 fides,
1229 5079 1275 5133 si
1304 5078 1444 5133 hanc
1474 5077 1538 5131 ad
1560 5077 1902 5159 commodum
1933 5093 2109 5133 meum

2217 4451 2375 4507 facile
2422 4448 2672 4503 inductus
2689 4447 2946 4518 juvenilis
2973 4446 3116 4517 regis
3139 4445 3370 4505 animus,
3404 4440 3594 4496 nescio
3637 4452 3790 4509 quem

2168 4616 2175 4619 ⁴
2213 4543 2502 4600 barbarum
2534 4540 2838 4596 cervicibus
2883 4538 3083 4593 nostris
3111 4535 3456 4608 prmparabat
3490 4533 3792 4603 imponere,

2214 4651 2334 4691 cum
2389 4633 2705 4702 inspirante,
2758 4640 2820 4685 ut
2857 4632 3146 4693 ere-limus,
3194 4629 3323 4690 Deo,
3374 4641 3442 4682 cx
3499 4626 3672 4690 omni,
3708 4623 3792 4678 illo

2217 4723 2646 4780 consiliariurum
2673 4731 2837 4786 metu,
2883 4720 2981 4775 soli
3019 4718 3382 4773 llcrimannus
3430 4716 3797 4787 archiepisco-

2215 4828 2314 4883 pus
2360 4820 2416 4866 ct
2455 4796 3153 4880 Bruno‘Wirzeburgeusis
3216 4808 3507 4876 episcopus
3555 4815 3667 4858 tam
3717 4805 3795 4857 in-

2172 4966 2179 4971 ,
2221 4901 2334 4956 utili
2374 4900 2659 4955 sententia:
2705 4899 2908 4953 saniori
2953 4897 3180 4952 consilio
3226 4895 3344 4955 ausi
3379 4904 3508 4951 sunt
3554 4895 3795 4949 obviare.

2214 4989 2328 5046 Nec
2361 4990 2512 5062 prius
2540 4988 2786 5044 veritatis
2831 4997 3131 5043 assertores
3161 4987 3365 5056 Deique
3412 4996 3796 5055 cooperatores

2216 5079 2509 5144 absistunt,
2547 5079 2717 5133 donec
2764 5076 2853 5133 vix
2905 5075 3119 5129 tandem
3153 5075 3314 5145 regite
3342 5074 3614 5144 majestati
3670 5074 3804 5143 peti-
