3992 5338
207 211 307 265 ’ῖΗ

1816 210 1948 265 ΙΤΑ.

3034 198 3079 216 γε.
3088 206 3093 211 ,

3362 215 3464 275 N2

209 329 290 383 dis
313 328 573 383 insistunt
599 327 880 383 elaborare
912 334 971 381 ttt
997 325 1078 379 vir
1109 326 1211 379 istc
1232 324 1285 379 in
1314 322 1608 378 virtutibus
1650 330 1791 376 lotus
1822 326 1867 383 Λ
1899 331 2015 375 sent
2046 321 2319 391 pra'fcrre,
2351 325 2601 390 laudare;
2644 325 2888 380 utiliores
2911 327 3080 396 gratia
3103 336 3157 382 et
3187 328 3339 385 denis
3371 334 3465 386 lto.

209 431 353 474 teres
393 428 559 488 atque
594 420 857 471 rotundus
893 417 1196 471 consentiat
1247 416 1346 470 sibi
1400 415 1600 484 imponi
1645 429 1783 468 onus

200 509 467 563 ecclesiae.
498 508 708 563 Perstat
740 509 827 562 ditt
865 507 1138 562 immobile
1175 507 1398 576 pietatis
1436 504 1566 560 illud
1596 512 1783 574 pectus

201 601 256 653 in
286 599 570 668 proposito
597 598 945 662 humilitatis;
996 597 1140 667 quod
1187 595 1451 666 profecto,
1473 605 1531 649 ut
1553 594 1629 648 ait
1658 594 1781 647 bea-

202 700 290 745 tus
311 690 629 759 Gregorius,
653 688 870 758 pietatis
890 697 1078 758 pectus
1098 702 1205 742 non
1227 696 1392 752 esset,
1416 686 1461 741 si
1483 687 1587 740 hoc
1609 685 1781 755 pietas

200 796 309 833 non
352 780 591 836 vicisset.
630 779 972 834 lntellexerat
1008 779 1153 834 enim
1191 777 1238 833 si
1268 779 1637 848 episcopatum
1670 790 1776 830 non

198 872 489 940 reciperet,
521 871 759 941 ejusdem
808 871 1035 940 potitum
1068 869 1182 925 fore
1206 870 1491 939 quemdam
1534 876 1690 921 aetate
1725 874 1780 919 et

198 960 740 1027 moribusjuvcnem,
768 960 859 1029 qui
910 958 1141 1013 forsitan
1173 957 1435 1012 Dominici
1482 957 1661 1026 gregis
1680 955 1778 1009 sti-

203 1063 356 1119 pem,
387 1065 513 1119 quae
562 1050 616 1104 in
660 1050 868 1105 laudem
911 1050 1025 1113 Dei,
1051 1065 1110 1105 se
1154 1049 1306 1112 duce,
1332 1046 1773 1110 fruetiticaverat,

196 1142 513 1211 dissiparet,
546 1142 590 1195 si
623 1142 689 1196 ad
721 1141 1026 1211 pontificale
1068 1140 1280 1195 culmen
1304 1138 1590 1209 aSpiraret.
1622 1136 1776 1192 Unde

194 1231 429 1301 contigit
456 1239 515 1284 ut
543 1232 670 1283 dum
725 1228 1071 1284 sublimitatis
1114 1227 1287 1281 locum
1323 1235 1504 1281 mente
1532 1224 1771 1295 fugeret,

190 1322 347 1390 jussu
398 1338 464 1377 ac
512 1331 733 1391 precatu
778 1321 1092 1391 pontiﬁcum
1151 1321 1495 1386 sollicitatus,
1535 1334 1600 1377 ea
1641 1334 1773 1376 vero

197 1426 360 1480 quam
389 1411 505 1466 dixi
542 1410 862 1466 necessitate
889 1411 1232 1480 potissimum
1270 1419 1511 1475 coactus,
1555 1410 1770 1465 tandem

198 1510 386 1570 pastor
410 1502 666 1557 Ecclesia:
693 1502 808 1556 tieri
828 1502 1219 1572 acquiesceret.
1250 1500 1342 1556 Sic
1369 1500 1450 1555 sic
1474 1500 1638 1555 intrat
1673 1516 1772 1570 per

194 1591 395 1645 ostium
423 1591 478 1649 in
501 1591 665 1656 ovile,
695 1605 794 1646 nec
821 1591 1063 1646 ascendit
1098 1590 1314 1645 aliunde
1360 1588 1535 1645 factus
1586 1598 1769 1659 pastor

1884 425 2125 479 uestare,
2159 417 2423 471 tardiores
2458 417 2737 487 increpare
2758 460 2773 482 ,
2805 418 3095 488 corrigere,
3127 422 3464 489 superiorum

1884 507 2134 576 exemplo
2180 521 2474 576 provocare
2512 528 2525 563 :
2561 524 2749 564 omnes
2794 517 3067 579 postremo
3109 525 3170 567 se
3214 514 3465 571 meliores

1889 597 2109 664 Deoque
2142 598 2475 666 acceptiores
2498 599 2631 653 fieri
2672 600 2913 668 optabat,
2936 600 3123 656 dicens
3152 616 3273 656 cum
3300 602 3460 659 beato

1879 685 2060 756 Moyse
2092 705 2105 740 :
2139 686 2269 752 Quis
2311 687 2440 741 milii
2475 689 2558 742 det
2593 699 2649 742 ut
2681 691 2849 744 onmt's
2877 689 3097 759 po;:ulus
3138 690 3301 746 Deum
3343 711 3463 763 pro.

1880 776 2049 844 pltelet
2067 775 2092 828 2

1948 868 2056 922 Nec
2087 867 2230 922 inter
2274 868 2388 923 haec
2432 877 2708 938 pra-tereut
2731 868 2855 922 dum
2882 870 3133 925 existimo
3156 870 3224 926 de
3253 872 3461 944 vigilia.

1876 975 2016 1024 rum,
2078 959 2466 1014 matutiuorum
2513 969 2565 1014 et
2612 959 2946 1027 completorii
2991 959 3207 1024 olliciis.
3264 964 3461 1031 quibus

1874 1049 2215 1104 celcbrandis
2246 1049 2488 1117 quotidie
2527 1048 2580 1101 in
2618 1049 2783 1104 choro
2807 1063 2929 1102 cmn
2960 1051 3169 1105 cazteris
3198 1051 3458 1106 fratribus

1873 1151 2032 1193 nemo
2060 1138 2208 1209 prius
2232 1138 2323 1193 illo
2347 1139 2685 1205 occurrebat,
2710 1154 2870 1192 nemo
2896 1139 3138 1195 devotius
3170 1144 3453 1207 intererat,

1872 1244 2032 1285 nemo
2058 1230 2232 1285 serior
2254 1230 2596 1285 abscedebat.
2638 1230 2890 1299 Reliquas
2928 1231 3032 1286 diei
3076 1233 3236 1288 horas
3270 1235 3323 1288 in
3367 1248 3458 1289 cc-

1872 1317 2192 1374 clesiasticis
2223 1318 2557 1388 expendebat
2585 1319 2833 1389 negotiis.
2869 1318 2994 1374 licet
3023 1322 3074 1374 in
3101 1321 3449 1392 quadragesi-

1872 1407 2002 1463 mali
2041 1418 2282 1478 tempore
2316 1408 2401 1462 vel
2450 1424 2478 1462 a
2525 1408 2715 1476 choro,
2762 1408 2846 1464 vel
2886 1410 2956 1465 ab
3002 1410 3183 1481 aliquo
3225 1410 3451 1467 fratrum

1869 1508 2159 1566 conventu,
2210 1497 2353 1553 nullo
2407 1500 2567 1553 modo
2623 1513 2685 1554 se
2732 1515 2993 1557 excusare
3048 1502 3299 1557 voluerit.
3340 1502 3456 1569 Quo

1867 1592 2029 1648 etiam
2067 1603 2309 1663 tempore
2342 1599 2610 1647 secretum
2635 1576 2865 1648 (διώρυιί
2895 1592 3109 1662 penitus
3136 1602 3334 1664 prater
3356 1608 3447 1651 ec-

193 1682 407 1747 ovium;
456 1682 658 1752 quique
689 1682 1240 1753 irrepreliensibiliter
1293 1683 1538 1747 intravit,
1583 1679 1769 1752 procul
1796 1661 2090 1740 Bclesiam
2141 1661 2445 1755 ignorabat,
2489 1697 2655 1738 saxeo
2690 1682 2842 1739 sedili
2889 1661 2987 1751 pro
3024 1661 3186 1750 lecto,
3224 1685 3448 1739 mattula

194 1773 363 1827 dubio
413 1773 965 1843 irreprebensibiliter
994 1774 1152 1829 vixit.
1192 1773 1250 1828 In
1280 1773 1462 1835 sedem
1508 1772 1769 1843 episc0pii

194 1862 495 1927 reducitur,
543 1862 856 1925 honoriﬁce,
896 1872 955 1916 ut
1007 1863 1251 1927 decebat,
1291 1862 1609 1932 suscipitur:
1656 1861 1769 1933 (2i)

193 1951 283 2005 Ibi
313 1965 445 2006 vero
470 1951 539 2005 ad
576 1951 889 2005 cathedram
912 1950 1128 2005 venitur
1159 1960 1319 2021 atque
1348 1951 1488 2004 inea
1516 1949 1771 2004 solemni-

193 2040 524 2109 terlocatur,
559 2042 662 2095 nisi
691 2056 927 2110 praesens
964 2042 1242 2106 vidissem,
1290 2041 1436 2097 nullo
1474 2043 1632 2097 modo
1652 2056 1770 2096 cre-

191 2129 379 2186 derem
418 2147 543 2187 cum
584 2142 788 2202 quanto
833 2133 1035 2200 gemitu
1093 2134 1331 2204 eruperit
1380 2134 1437 2188 in
1479 2134 1767 2207 lacrytuas,

188 2235 327 2289 quas
360 2221 507 2277 haud
541 2237 698 2278 secus
724 2238 787 2277 ac
812 2236 945 2292 puer
966 2223 1241 2292 septennia
1284 2224 1385 2278 sub
1420 2223 1665 2293 magistri
1690 2222 1770 2278 fo-

176 2311 307 2387 rula
326 2313 488 2368 edere
507 2314 806 2369 videbatur.
833 2313 1009 2371 Mirati
1041 2324 1167 2369 sunt
1193 2330 1381 2370 omnes
1401 2316 1492 2385 qui
1518 2314 1766 2380 aderant,

188 2404 461 2470 quomodo
484 2402 744 2469 ferreum,
775 2415 835 2457 ut
877 2408 1158 2474 putabant,
1194 2403 1311 2472 ejus
1338 2404 1440 2459 viri
1476 2415 1665 2473 pectus
1712 2404 1766 2459 in

191 2499 373 2545 tantas
416 2502 599 2560 posset
640 2495 810 2549 scindi
851 2495 1152 2567 lacrymas;
1204 2504 1256 2548 et
1312 2504 1612 2549 auteattatn
1651 2496 1767 2563 ejus

188 2583 354 2636 vitam
416 2582 743 2654 ignorantes,
797 2585 922 2640 inde
972 2586 1235 2641 veraciter
1282 2585 1507 2655 probant
1534 2587 1765 2654 pastoris

185 2671 271 2726 sui
300 2673 544 2726 animum
574 2674 640 2728 de
677 2672 1009 2729 sublimitate
1051 2674 1314 2745 ejusmodi
1360 2691 1466 2730 non
1507 2676 1761 2745 gaudere,

186 2763 282 2817 sed
320 2762 605 2818 salutifero
639 2763 825 2819 dolore
864 2765 1126 2835 torqueri.

185 2874 316 2929 Car.
354 2874 492 2929 Xlll.
529 2875 682 2942 Quod
710 2878 978 2947 episcopus
1011 2879 1183 2947 factus
1213 2877 1486 2947 uigilanter
1523 2885 1761 2931 sanctam

617 2950 918 3017 religionem
946 2950 1340 3017 exsequebatur.

1871 1784 2032 1831 utens
2076 1790 2173 1845 pro
2213 1774 2574 1842 lectisternio;
2623 1789 2745 1830 cum
2793 1774 2861 1829 ad
2906 1775 3095 1831 horam
3142 1774 3454 1831 refectiouis

1868 1878 2009 1934 pane
2043 1863 2304 1919 avenario
2352 1864 2582 1933 fabaque
2621 1863 2830 1920 modice
2879 1873 3199 1935 praegustata
3228 1866 3450 1920 senilem

1869 1965 2193 2011 sustentaret
2217 1955 2660 2016 imbecillitatem.
2686 1956 2738 2008 in
2759 1964 2886 2024 potu
2910 1971 3126 2012 sumens
3145 1957 3452 2023 cervisiam,

1869 2047 2066 2116 saepius
2104 2061 2295 2113 aquam
2327 2061 2538 2115 puram.
2582 2045 2695 2116 (2!)
2734 2044 2791 2099 lu
2840 2053 2989 2101 tanto
3016 2045 3352 2101 abstinentia:
3380 2047 3453 2100 rio

1867 2151 2019 2205 gere,
2070 2150 2171 2190 nec
2209 2135 2372 2190 facies
2407 2134 2646 2204 angelica
2683 2135 2855 2190 macie
2900 2144 2982 2190 est
3030 2136 3298 2202 confecta,
3351 2151 3451 2195 nec

1867 2224 2043 2293 gratia
2090 2238 2260 2278 roseae
2294 2222 2692 2292 cons-persionis
2727 2230 2810 2277 est
2846 2223 3126 2279 immutata
3151 2240 3169 2279 τ
3192 2225 3327 2280 adeo
3368 2224 3449 2280 vi-

1870 2328 1991 2368 rum
2048 2311 2435 2368 desideriorum
2464 2353 2478 2377 ,
2540 2311 2813 2371 Danielem
2860 2311 3110 2368 videlicet
3164 2322 3403 2375 nostrum
3430 2352 3445 2377 ,

1864 2418 2026 2475 quem
2071 2403 2320 2459 voluntas
2366 2403 2586 2473 propria
2635 2404 2806 2458 instar
2855 2403 3033 2459 crucis
3077 2403 3279 2461 Christi
3319 2403 3450 2460 allii-

1864 2495 2047 2565 gebat,
2086 2493 2265 2555 divina
2304 2493 2475 2562 pietas
2510 2492 2717 2546 interna
2758 2493 3038 2548 dulcedine
3075 2493 3328 2548 satiabat.

1863 2582 1992 2638 Car.
2038 2581 2177 2636 XIV.
2229 2581 2400 2647 Quam
2449 2582 2627 2651 largus
2666 2580 2822 2650 fuerit
2860 2591 3091 2650 tempore
3136 2581 3446 2655 sterilitatis.

1937 2672 2050 2743 (25)
2095 2672 2273 2727 Pauca
2316 2670 2556 2727 referens
2585 2670 2734 2741 plura
2773 2681 3055 2741 praetereo,
3086 2688 3314 2743 quorum
3342 2672 3444 2727 ali-

1865 2779 1973 2834 qua
2016 2763 2300 2821 brevitatis
2339 2763 2519 2817 studio
2566 2779 2654 2819 me
2699 2771 2911 2841 constat
2946 2764 3233 2835 negligere,
3266 2765 3444 2835 aliqua

1864 2869 1985 2923 qu:e
2015 2869 2046 2909 a
2076 2868 2163 2908 me
2182 2852 2517 2917 nesciuntur,
2552 2866 2773 2908 necesse
2801 2861 2884 2907 est
2920 2854 3158 2917 reticeri,
3191 2855 3316 2923 quia
3348 2869 3445 2910 ne-

1868 2944 1998 2998 miui
2033 2959 2345 2999 concessum
2370 2957 2512 3006 esse,
2542 2942 2802 3007 arbitror,
2826 2957 3013 2997 omnes
3037 2943 3448 3014 hominisistius

256 3036 586 3107 Aliquandiu
681 2995 951 3107 protracta
1034 2995 1356 3108 episcopalis
1426 3037 1761 3093 consecratio
1786 2995 1837 3064 α
1865 3048 2023 3089 nosse
2049 3034 2294 3090 virtutes.
2340 3032 2536 3086 Statim
2565 3031 2741 3101 primo
2772 3033 3112 3101 episcopatus
3155 3033 3237 3089 sui
3280 3010 3443 3098 anno,

186 3126 460 3197 expetitur
499 3126 569 3179 ab
614 3126 1019 3196 archiepiscopo
1041 3126 1105 3180 de
1143 3126 1485 3194 expeditione
1522 3140 1757 3190 reverso,

186 3232 285 3285 pro
308 3232 418 3286 qua
446 3232 504 3270 re
528 3218 610 3270 vir
631 3216 724 3271 Dei
745 3217 1127 3272 comitantibus
1152 3218 1486 3271 diversorum
1510 3218 1758 3273 ominum

185 3313 401 3369 clericis
428 3325 672 3368 sanctam
700 3312 833 3367 adiit
857 3312 1169 3376 Coloniam;
1203 3321 1514 3366 sanctorum
1551 3311 1758 3377 limina,

184 3420 418 3475 quorum
446 3417 708 3460 numerus
736 3403 866 3457 nulli
895 3413 1090 3473 praeter
1109 3402 1336 3458 Romam
1357 3403 1477 3456 loco
1496 3417 1649 3473 teque
1676 3409 1761 3458 est

184 3511 496 3559 concessus,
523 3496 627 3564 piis
660 3493 835 3564 pulsat
863 3494 1133 3564 precibus.
1180 3494 1310 3549 Post
1341 3495 1572 3549 triduum
1605 3509 1758 3549 sacro

183 3589 481 3643 chrismate
504 3589 557 3641 in
584 3587 893 3656 episcopum
917 3587 1256 3655 perungitur,
1282 3595 1336 3639 et
1386 3602 1451 3642 ex
1478 3588 1620 3641 bono
1649 3588 1758 3641 tilio

182 3680 238 3733 in
265 3692 526 3749 sponsum
560 3676 723 3731 matri
755 3689 866 3730 suae
890 3675 1209 3731 Leodicensi
1248 3674 1500 3731 Ecclesitr
1530 3677 1755 3747 conﬁt;-

185 3781 384 3829 matur.

251 3862 394 3917 Tum
452 3876 582 3916 vero
632 3860 905 3930 explicare
956 3876 1060 3916 non
1095 3876 1312 3930 possum
1346 3874 1504 3929 quam
1529 3860 1755 3916 arduum

179 3955 488 4011 sanctitatis
525 3964 783 4017 montem,
814 3952 1276 4022 evangelizaturus
1314 3949 1466 4016 Sion,
1516 3951 1757 4019 arripere

180 4049 487 4113 studuerit;
526 4055 729 4116 quanta
770 4045 1029 4099 servitute
1058 4059 1252 4112 corpus
1298 4043 1507 4112 spiritui
1551 4042 1757 4096 servire

176 4140 443 4212 coegerit,
478 4140 585 4196 imo
605 4148 812 4212 quanto
830 4139 1021 4193 aunisu
1046 4145 1192 4193 totus
1217 4137 1271 4190 in
1306 4135 1400 4192 Dei
1425 4135 1637 4189 laudem
1658 4149 1755 4188 ex-

152 4269 161 4275 ς
178 4230 444 4290 creverit.

1862 3122 2010 3179 omni
2048 3132 2199 3191 peste
2230 3121 2499 3176 crudelior
2538 3119 2710 3176 fames
2753 3120 3012 3185 incubuit,
3054 3136 3172 3191 qute
3211 3136 3301 3189 sex
3332 3119 3446 3176 fere

1861 3213 2133 3269 coutinuis
2166 3212 2324 3267 anuis
2364 3210 2551 3267 Galliae
2576 3219 2632 3267 et
2658 3210 2960 3266 Germaniae
2991 3210 3243 3282 populum
3272 3210 3446 3265 nosci-

1860 3315 1948 3362 tur
1993 3305 2351 3376 oppressisse,
2380 3304 2534 3373 cujus
2585 3303 2727 3360 foeda
2780 3305 2955 3360 ubivis
3003 3304 3086 3360 las
3127 3313 3213 3359 est
3270 3302 3447 3373 adhuc

1858 3412 2081 3455 cernere
2124 3398 2367 3469 vestigia.
2418 3398 2734 3468 Eademque
2780 3405 3100 3467 tempestate
3155 3395 3440 3467 prudentia

1856 3489 2028 3545 nostri
2060 3487 2258 3558 Josepb
2302 3488 2537 3557 undique
2581 3488 2849 3549 frumenta
2898 3501 3164 3553 coemere,
3214 3495 3267 3541 et
3311 3485 3439 3541 tutis

1856 3581 2134 3651 apothecis
2158 3579 2453 3635 recondere
2484 3579 2735 3644 curabat;
2766 3592 2872 3633 nou
2912 3578 3055 3646 quod
3085 3576 3206 3631 inde
3230 3586 3440 3631 terrena

1856 3672 2053 3729 sectari
2084 3672 2229 3726 lucra
2251 3678 2537 3740 quaereret,
2566 3669 2659 3723 sed
2686 3678 2743 3722 ut
2772 3667 2942 3738 gratis
2967 3667 3034 3720 ad
3064 3666 3440 3721 sufﬁcientiam

1855 3779 1953 3819 suo
1974 3772 2216 3832 tempore
2237 3760 2492 3815 esurienti
2518 3760 2733 3813 familia:
2749 3756 3123 3827 Dominicist
3146 3756 3313 3811 fidelis
3333 3755 3440 3810 dis-

1855 3862 2110 3924 pensator
2127 3852 2475 3906 distribuerat
2493 3868 2504 3902 :
2520 3858 2715 3918 praeter
2735 3847 2999 3917 stipendia
3009 3859 3303 3915 pauperum
3328 3843 3440 3911 qui-

1854 3949 1956 4004 bus
1976 3943 2358 4017 quotidielibra
2374 3941 2718 3997 denariorum
2741 3939 3168 4008 expendebatur,
3183 3950 3302 3990 cum
3319 3934 3440 3987 aliis

1856 4040 1989 4094 adeo
2011 4036 2217 4102 multis,
2239 4050 2359 4105 qua:
2378 4046 2698 4088 enumerare
2721 4045 2826 4085 non
2848 4029 3070 4093 sullicio,
3089 4026 3440 4093 verecundio-

1856 4133 2007 4189 ribus
2042 4147 2154 4202 pra:
2181 4129 2387 4200 pudore
2414 4143 2443 4181 a
2473 4125 2817 4181 mendicitate
2843 4120 3254 4180 abstinentibus.
3281 4126 3440 4187 prout

1854 4224 2083 4292 quisque
2105 4229 2245 4286 erat,
2272 4219 2390 4274 aliis
2413 4217 2598 4280 denos,
2621 4216 2743 4270 aliis
2772 4214 3011 4275 vicenos,
3037 4210 3157 4264 aliis
3178 4207 3435 4266 tricenos.

246 4319 514 4389 Abjectus
555 4332 738 4375 secum
783 4332 837 4372 tn
882 4316 1054 4372 oculis
1085 4316 1203 4383 Dei,
1250 4317 1392 4372 inter
1434 4315 1665 4373 humiles
1702 4324 1756 4371 et
1781 4336 1836 4399 ι)
1859 4314 1979 4370 aliis
1999 4327 2317 4383 sexagenos,
2334 4311 2450 4364 aliis
2473 4319 2728 4365 centenos
2759 4319 2987 4360 annonae
3008 4301 3329 4399 modios-per
3349 4313 3441 4354 oc-

181 4413 462 4483 sulijectos
491 4426 552 4465 se
578 4410 889 4480 episcopum
910 4423 1030 4464 esse
1054 4409 1364 4474 nesciebat;
1394 4409 1626 4474 scholas,
1646 4409 1757 4465 sin—

181 4503 429 4574 gulorum
476 4501 805 4569 explorando
845 4499 1042 4564 studia,
1070 4497 1479 4567 frequentabat;
1511 4499 1760 4568 quaestio-

152 4611 276 4653 -nes
320 4595 702 4667 proponendo,
750 4592 1148 4649 rationabiliter
1174 4592 1315 4647 vinci
1345 4606 1508 4662 quam
1543 4592 1762 4647 vincere

180 4686 454 4753 malebat;
503 4698 671 4754 seque
700 4684 753 4738 in
804 4683 907 4739 hoc
944 4682 1101 4753 quasi
1137 4682 1309 4738 otium
1342 4696 1375 4737 a
1413 4682 1626 4737 turbine
1668 4696 1762 4737 cu-

180 4791 361 4833 rarum
389 4775 706 4839 conferens,
751 4774 1035 4843 gaudebat,
1075 4783 1135 4828 ut
1174 4774 1288 4843 ipse
1318 4771 1608 4831 fatebatur.
1638 4785 1757 4827 sese

178 4868 453 4924 invenisse
500 4867 861 4938 refrigerium.
908 4866 1119 4931 Etcum
1142 4864 1338 4921 divinae
1380 4864 1511 4936 legis
1554 4877 1756 4918 arcana

176 4956 517 5015 excellentis,
590 4955 790 5026 ingenii
859 4956 1213 5028 prterogativa
1281 4964 1468 5009 nosset
1536 4954 1753 5017 rimari,

146 5092 151 5095 .
174 5050 241 5105 de
267 5049 496 5113 Donati,
522 5047 607 5103 vel
630 5046 892 5103 Prisciani
918 5049 1119 5119 regulis
1143 5044 1420 5105 sebolares
1445 5043 1757 5100 adolescen-

175 5142 313 5196 tulos
335 5156 445 5194 non
474 5139 869 5209 dedignabatur
888 5139 1245 5212 interrogare;
1279 5153 1415 5207 quos
1436 5146 1492 5193 et
1521 5134 1755 5189 VlCiSaim

171 5232 615 5289 desiderabilitcr
638 5231 884 5298 cupiebat
909 5232 1114 5303 audire,
1136 5245 1231 5287 eos
1268 5228 1360 5298 qui
1389 5239 1535 5285 recte
1556 5224 1765 5306 sensisf

1861 4406 2034 4462 cultos
2063 4404 2222 4472 hujus
2258 4404 2335 4459 rei
2366 4402 2585 4472 Opifices
2625 4398 2898 4454 destinare
2924 4396 3167 4453 curabat.
3204 4391 3309 4447 Sed
3341 4404 3440 4444 nec

1862 4501 2217 4571 ingenuorum
2251 4509 2366 4550 rem
2397 4493 2662 4562 privatam
2707 4490 2810 4544 hac
2843 4488 2959 4543 dira
2992 4482 3315 4541 necessitate
3347 4495 3441 4534 ex-

1862 4570 2138 4646 tenuatam
2162 4583 2478 4642 excellentis
2519 4581 2625 4636 viri
2655 4580 2799 4651 larga
2838 4576 3101 4648 praeteriit
3128 4570 3440 4628 muniﬁcen-

1863 4685 1963 4747 tia,
2007 4695 2116 4751 qua
2163 4679 2446 4734 annitente
2473 4683 2529 4730 et
2555 4686 2898 4741 summopere
2924 4668 3168 4737 juvaute,
3206 4678 3304 4733 pro
3345 4658 3440 4713 ali-

1862 4775 2060 4829 mentis
2089 4770 2281 4842 ampla:
2308 4770 2500 4826 domus
2528 4779 2719 4837 aurum
2752 4759 3023 4832 sponsale,
3071 4764 3266 4842 vestes,
3294 4762 3441 4842 prte-

1863 4867 1949 4923 dia
1992 4835 2297 4920 distrahere
2341 4873 2477 4930 opus
2518 4871 2624 4910 non
2674 4853 2793 4905 fuit.
2826 4849 2937 4919 (24)
2967 4844 3104 4913 Quid
3153 4835 3328 4897 dicam
3373 4835 3438 4889 de

1862 4950 2377 5024 congregationibus
2413 4944 2759 5004 clericorum,
2794 4936 3206 5024 monachorum,
3237 4934 3293 4980 et
3316 4939 3443 5024 san:

1860 5013 2274 5109 ctimvoni'alium,
2305 5051 2432 5107 erga
2457 5045 2684 5102 quarum
2726 5020 3079 5081 necessitates
3120 5024 3271 5109 tanta
3316 5013 3443 5109 boui

1860 5104 2098 5203 pastoris
2126 5100 2397 5199 vigilabat
2405 5100 2648 5184 solertia,
2681 5125 2737 5170 ut
2763 5130 2883 5203 quae
2915 5126 3026 5184 prae
3053 5100 3442 5203 anaietate'fa-

1862 5192 1966 5277 inis
1995 5220 2062 5275 de
2101 5192 2304 5273 statuto
2342 5213 2486 5267 victu
2528 5208 2799 5285 deessent,
2850 5201 2918 5257 de
2948 5214 3045 5255 suo
3088 5192 3446 5282 libentissime
