3992 5338
548 265 652 319 τιὸ

1570 253 1867 315 VASONIS
1907 254 2313 315 LEODlE-NSIS
2347 256 2653 315 EPISCOPI

3706 256 3805 312 ’Νι

547 371 948 448 suppeditaret?
971 370 1331 426 Nihilominus
1368 371 1441 442 pii
1477 371 1655 429 Patris
1690 373 1956 429 industria
1985 373 2125 428 ruri-
2149 386 2200 445 Α
2226 373 2631 443 provenicntes,
2681 371 2879 429 multos
2915 370 3145 428 militum
3175 380 3484 428 nostrorum
3525 371 3578 426 in
3619 371 3808 430 adver-

546 471 788 525 colarum
827 464 1153 521 laboriosam
1185 465 1403 532 respicit
1427 466 1692 533 inopiam;
1724 466 1794 520 ad
1820 465 1975 536 cujus
2005 479 2123 520 ma-

545 560 657 615 lum
699 556 1135 629 temperandum,
1175 564 1290 611 toto
1326 557 1428 611 hoc
1463 555 1622 612 famis
1654 567 1893 626 tempore
1917 557 2126 612 unicui-

549 662 656 718 que
705 645 1077 702 mansionario
1126 660 1222 714 per
1271 644 1512 716 singulas
1571 645 1937 701 hebdomadas
1974 646 2127 701 binos

545 739 665 796 dari
703 737 990 796 constituit
1029 737 1300 801 denarios,
1352 753 1422 792 ne
1465 752 1578 806 pra:
1605 737 1843 791 instante
1877 735 2126 806 angustia

543 830 713 886 boves
739 830 992 893 vendere,
1017 835 1112 881 aut
1140 826 1208 882 de
1239 835 1436 881 cretero
1468 836 1668 882 terram
1700 827 1940 881 nativam
1966 825 2131 880 relin-

546 938 718 994 quere
760 930 1119 992 cogerentur,
1175 920 1360 989 sicque
1399 934 1763 974 :erumnosam
1813 920 1978 974 vitam
2037 927 2132 973 aut

546 1031 669 1068 men
695 1013 904 1066 ticando
927 1011 1146 1077 ducere,
1179 1019 1271 1063 aut
1300 1018 1530 1063 mortem
1561 1009 1708 1062 omni
1738 1007 1916 1078 gladio
1942 1009 2132 1064 saevio-

547 1118 666 1158 rem
699 1119 820 1158 cum
859 1103 1006 1157 omni
1039 1102 1200 1156 domo
1231 1101 1616 1155 miserabiliter
1644 1100 1948 1154 incurrere.

547 1196 678 1251 CAP.
703 1195 821 1252 XV.
838 1195 914 1250 De
941 1193 1073 1249 bello
1096 1203 1143 1248 et
1168 1194 1422 1247 clmritate
1446 1191 1853 1246 Virdunensibus
1876 1193 2128 1262 impensa.

619 1286 760 1344 Huic
785 1287 1084 1342 calamitati
1125 1286 1350 1341 accessit
1376 1285 1479 1339 alia
1505 1285 1674 1355 pestis
1697 1299 1850 1354 teque
1877 1285 2136 1339 intolera-

550 1377 698 1443 bilis,
752 1378 954 1434 bellum
983 1378 1231 1432 videlicet
1275 1376 1415 1446 quod
1452 1374 1776 1431 Godefridus
1807 1377 2042 1430 maxime
2077 1376 2134 1430 in

552 1468 951 1525 Virdunensem
998 1477 1052 1523 et
1073 1468 1187 1540 (25)
1237 1478 1478 1523 nostram
1525 1466 1772 1522 exercuit
1800 1467 2131 1532 Ecclesiam;

551 1574 782 1628 quarum
831 1558 1205 1621 Virdunensis,
1252 1557 1378 1611 dum
1423 1557 1602 1626 praeda
1652 1566 1708 1611 et
1758 1557 2006 1610 inccndio
2046 1571 2137 1610 va-

553 1661 731 1706 stante
758 1652 945 1706 urbem
979 1661 1034 1704 et
1063 1651 1281 1705 domum
1309 1661 1510 1703 sancta:
1560 1650 1650 1703 Dei
1679 1647 1973 1704 Genitricis
2007 1663 2130 1703 cum

2224 479 2340 520 sam
2368 475 2580 535 partem
2608 475 2934 535 rapuerunt;
2967 463 3169 541 frustra
3191 465 3486 518 arbitratus
3512 463 3654 530 fore,
3678 463 3723 520 si
3753 481 3809 522 se

2225 558 2352 613 novi
2406 557 2599 628 ﬂagitii
2643 557 2935 627 complices
2981 571 3104 613 esse
3151 558 3516 627 contingeret,
3568 571 3668 626 per
3705 556 3808 611 vim

2225 648 2497 713 beneﬁcii,
2541 648 2649 703 imo
2689 649 2855 703 totius
2893 648 3239 718 episcopatus
3283 664 3380 718 pro
3429 647 3589 702 libito
3615 647 3812 717 potitus

2226 753 2336 792 ros.
2387 736 2493 792 Sed
2522 752 2645 792 cum
2677 754 2767 793 res
2799 739 2904 793 illis
2934 750 2989 794 in
3035 741 3372 794 contrarium
3419 739 3676 802 cesserit,
3715 754 3811 795 nos

2227 843 2441 898 quoque
2482 830 2899 900 propugnatoris
2947 832 3118 886 nostri
3159 830 3482 886 industriam
3522 845 3813 901 prosequa-

2227 933 2371 973 mur.
2407 917 2606 973 Urbem
2638 933 2738 989 pro
2764 928 3008 988 tempore
3034 929 3089 976 et
3111 919 3232 974 loco
3259 921 3547 985 munitam,
3576 935 3681 991 per
3706 930 3814 976 sta-

2231 1014 2374 1062 tutos
2397 1007 2450 1061 in
2480 1022 2605 1063 arce
2635 1008 2827 1079 vigiles
2851 1017 2905 1064 et
2934 1009 3170 1064 claustra
3196 1020 3474 1081 portarum
3499 1011 3709 1082 jngitcr
3731 1027 3815 1067 se-

2231 1106 2368 1164 rata,
2415 1110 2578 1154 noctu
2609 1100 2804 1170 dieque
2834 1101 2904 1155 ab
2934 1101 3157 1157 incursu
3187 1103 3426 1156 hostium
3475 1113 3654 1157 tutam
3700 1104 3817 1159 red—

2231 1190 2392 1256 didit,
2421 1198 2477 1244 et
2505 1191 2695 1246 domos
2725 1199 2834 1245 tam
2869 1190 3192 1247 clericorum
3227 1209 3389 1264 quam
3419 1193 3692 1249 laicorum
3739 1209 3820 1248 ar-

2233 1282 2339 1335 mis
2372 1280 2606 1336 refertas
2629 1298 2767 1346 esse,
2797 1284 2943 1339 cives
2969 1300 3357 1355 nonnunquam
3408 1287 3462 1340 in
3495 1287 3672 1340 armis
3703 1301 3818 1342 ess:

2232 1373 2505 1444 prmeepit.
2549 1373 2776 1444 Ipseque
2815 1375 3104 1430 continuus
3131 1377 3380 1432 assidens
3428 1376 3712 1446 episcoriio
3746 1377 3823 1451 nia

2233 1466 2418 1535 liilque
2479 1467 2546 1521 de
2610 1467 2786 1522 solitae
2825 1467 3103 1539 religionis
3149 1471 3429 1540 negligens
3483 1487 3680 1542 penso,
3734 1485 3823 1541 per

2235 1571 2438 1627 gnaros
2476 1557 2682 1612 indices
2725 1558 2961 1613 hostium
2999 1559 3436 1616 machinamenta
3475 1560 3818 1630 explorabat;

2236 1657 2428 1702 contra
2462 1663 2581 1718 qua:
2625 1648 2807 1703 omnia
2846 1663 3012 1718 seque
3053 1665 3286 1720 suosque
3321 1659 3477 1706 scuto
3519 1652 3818 1722 prudentiae

551 1745 697 1797 omni
738 1759 836 1798 suo
873 1751 1068 1798 ornatu
1098 1743 1311 1812 penitus
1337 1756 1528 1796 eversa
1555 1740 1769 1805 fuisset,
1811 1741 1900 1796 ille
1931 1741 1983 1794 in
2017 1741 2136 1793 lon-
2170 1745 2212 1804 Β
2241 1739 2519 1807 satagebat
2557 1747 2861 1808 protegere.
2913 1739 2990 1794 Ita
3042 1740 3300 1795 nimirum
3359 1756 3515 1797 more.
3573 1743 3727 1812 Argi,
3779 1742 3821 1796 si

551 1836 754 1906 ginquo
776 1834 1004 1904 positus.
1039 1833 1276 1902 graviter
1302 1834 1531 1903 egregia!
1553 1832 1702 1886 urbis
1729 1846 1916 1886 casum
1942 1830 2135 1895 doluit,

552 1935 609 1980 et
638 1925 763 1980 licet
791 1926 845 1980 in
877 1925 1070 1979 similis
1101 1923 1326 1994 periculi
1366 1933 1511 1977 metu
1554 1923 1764 1994 positus
1801 1930 1967 1988 esset,
2005 1921 2140 1975 hila-

553 2017 630 2070 ris
659 2025 838 2070 tamen
869 2016 1045 2078 dator,
1094 2014 1287 2068 diruta:
1318 2013 1437 2066 urbi
1491 2028 1598 2067 non
1647 2012 1858 2067 distulit
1889 2027 2009 2067 esse
2064 2011 2141 2065 le-

551 2107 782 2171 vamini,
815 2120 1107 2176 suppresso
1141 2121 1241 2160 suo
1277 2105 1493 2159 nomine
1520 2106 1776 2159 mandata
1805 2105 2024 2158 mittens
2056 2104 2138 2158 in-

553 2206 638 2254 ter
667 2198 782 2254 hate
813 2198 977 2252 verba
1005 2214 1018 2250 :
1057 2214 1076 2248 α
1107 2197 1307 2251 Sancta
1357 2195 1524 2248 Maria
1563 2194 1914 2250 Leodicensis
1972 2195 2140 2248 mittit

556 2289 951 2360 quinquaginta
986 2288 1152 2342 libras
1201 2287 1548 2341 denariorum
1582 2296 1782 2340 sanctae
1812 2285 1992 2338 Maria:
2020 2285 2140 2339 Vir-

456 2441 458 2443 ,
553 2381 784 2438 dunensi
815 2397 832 2436 :
861 2381 1208 2435 medietatem
1247 2376 1524 2432 canonicis
1558 2375 1834 2440 fratribus,
1874 2377 2138 2430 medieta-

555 2483 667 2529 tem
698 2487 829 2529 vero
855 2473 922 2528 ad
969 2471 1368 2540 reparationem
1407 2467 1671 2524 ecclesiae.
1705 2486 1724 2518 ι
1756 2466 1870 2522 Iloc
1901 2467 2140 2536 primum

554 2565 808 2620 ontnibus
848 2563 1006 2619 bonis
1047 2563 1161 2618 suis
1204 2561 1489 2632 exspoliati
1534 2560 1636 2614 loci
1678 2559 1820 2613 illius
1865 2558 2138 2623 canonici,

553 2664 718 2710 tantae
739 2655 907 2710 cladis
935 2669 1002 2709 ex
1027 2654 1210 2708 divino
1237 2668 1463 2707 munere
1487 2667 1778 2719 suscepere
1805 2651 2137 2717 remedium;

554 2758 632 2814 ct,
664 2763 732 2803 ne
755 2756 906 2801 tanto
931 2745 1175 2815 largitori
1202 2753 1386 2800 essent
1417 2744 1635 2813 ingrati,
1669 2743 1912 2812 publicas
1939 2740 2143 2797 oratio-

557 2853 658 2892 nes
687 2845 743 2890 et
783 2835 982 2890 viventi
1029 2843 1084 2888 et
1109 2834 1366 2889 defuncto
1396 2834 1448 2887 in
1500 2841 1815 2903 perpetuum
1855 2832 2139 2886 devovere.

557 2925 693 2980 Haec
738 2925 940 2995 itaque,
995 2940 1156 3002 quam
1212 2925 1468 2982 diximus.
1525 2922 1789 2978 bellorum
1849 2929 2142 2991 tempestas

559 3016 835 3070 residuum
859 3015 1019 3069 famis
1043 3030 1390 3076 consumens,
1429 3022 1485 3068 et
1510 3013 1703 3069 divites
1731 3027 1852 3066 cum
1882 3011 2139 3083 pauperi-

2243 1828 2441 1883 fabula:
2493 1829 2576 1885 fas
2628 1839 2712 1885 est
2757 1830 3005 1896 credere,
3037 1839 3253 1886 centum
3292 1832 3468 1887 oculis
3509 1831 3821 1904 insignitus,

2241 1918 2381 1972 mala
2407 1919 2678 1974 exteriora
2706 1921 2989 1975 coercebat
3012 1931 3073 1974 ut
3094 1920 3231 1975 bona
3254 1920 3514 1976 interiora
3539 1936 3651 1975 non
3674 1919 3825 1976 modo

2242 2027 2351 2066 non
2409 2013 2701 2081 minueret,
2742 2029 2932 2069 verum
2974 2015 3198 2084 insuper
3227 2024 3638 2087 augmentaret;
3690 2015 3822 2070 bcm

2245 2103 2310 2159 de
2341 2104 2428 2160 die
2471 2104 2524 2160 in
2568 2105 2708 2161 diem
2739 2105 3171 2162 desiderabiliter
3206 2118 3489 2177 appetens,
3527 2107 3673 2162 mala
3705 2120 3824 2162 vero

2242 2193 2494 2251 fidelibus
2522 2195 2746 2260 Christi,
2795 2197 2993 2266 quibus
3031 2197 3271 2253 maxime
3317 2197 3563 2262 timebat,
3606 2198 3826 2270 diligen-

2242 2287 2450 2342 tissime
2479 2303 2834 2358 praecavens:
2867 2289 2920 2343 in
2961 2303 3070 2358 quo
3100 2289 3238 2355 solo,
3267 2298 3327 2344 ut
3364 2289 3598 2344 fidenter
3629 2290 3824 2354 dicam,

2241 2377 2456 2433 animus
2495 2379 2703 2434 divisus
2739 2379 2806 2433 ad
2840 2378 3016 2450 plura,
3066 2395 3172 2435 non
3204 2379 3504 2450 apparebat
3554 2379 3737 2434 minor
3760 2378 3822 2432 ad

2241 2467 2480 2536 singula,
2526 2468 2735 2540 integer
2762 2477 2820 2524 et
2861 2478 3054 2540 potens
3101 2470 3306 2535 omnia,
3336 2469 3639 2524 secundum
3688 2469 3825 2538 Apo-

2241 2557 2462 2622 stolum,
2507 2559 2599 2628 qui
2639 2557 2789 2613 illum
2837 2557 3198 2614 confortabat.
3230 2558 3476 2628 Cumque
3524 2557 3595 2612 ab
3640 2556 3825 2612 amicis

2241 2652 2406 2708 etiam
2436 2651 2490 2707 in
2533 2651 2830 2723 longinquo
2859 2652 3048 2721 positis
3087 2660 3399 2707 moneretur
3428 2666 3528 2722 per
3556 2650 3824 2722 epistolas,

2240 2751 2304 2798 ut
2349 2742 2540 2798 relicto
2563 2741 2766 2799 Leodio
2800 2743 2854 2797 in
2884 2742 3077 2799 IIoium
3115 2757 3176 2799 se
3203 2741 3498 2808 conferret,
3550 2742 3825 2798 castellum

2244 2834 2352 2891 situ
2396 2833 2503 2890 loci
2548 2834 2974 2889 munitissimum
3013 2852 3027 2889 :
3078 2834 3268 2900 Absit,
3335 2833 3554 2904 inquit,
3611 2842 3676 2888 ut
3718 2846 3827 2903 gre-

2243 2945 2367 3000 gem
2438 2927 2654 2984 Domini
2723 2926 2936 2999 fugiens
2999 2927 3245 2983 deseram
3273 2966 3290 2992 ,
3354 2936 3412 2982 et
3485 2925 3668 2981 locum
3733 2925 3824 2980 alio

2243 3035 2404 3090 quem
2458 3019 2517 3074 in
2560 3025 2710 3074 tanta
2764 3035 2946 3074 rerum
2985 3020 3141 3074 turba
3192 3018 3311 3073 sine
3363 3017 3443 3073 eis
3489 3026 3670 3072 tutum
3717 3031 3828 3072 esse

557 3107 661 3162 bus
705 3121 811 3160 una
861 3105 1168 3159 calamitate
1212 3104 1526 3168 conﬁciens,
1571 3118 1914 3158 communem
1971 3103 2140 3158 totius
2167 3105 2212 3168 (ζ
2243 3113 2570 3182 credamus,
2611 3125 2681 3166 ex
2720 3110 2918 3182 quibus
2951 3125 3074 3165 cum
3122 3119 3432 3165 sanctorum
3476 3110 3622 3179 apud
3670 3109 3825 3164 Deum

556 3199 748 3268 patria:
790 3197 1003 3251 ruinam
1037 3195 1385 3250 minabatur:
1415 3204 1472 3251 et
1509 3203 1696 3250 rueret
1731 3193 1917 3264 procul
1956 3195 2139 3261 dubio,

559 3299 764 3352 rueret,
798 3288 1041 3357 inquam,
1066 3297 1195 3343 tunc
1224 3289 1484 3358 temporis
1526 3286 1731 3357 inclyta
1767 3284 2142 3358 Lotharingia,

563 3387 658 3432 aut
695 3378 1099 3448 irrccuperabili
1130 3379 1345 3434 excidio
1373 3395 1388 3432 :
1419 3377 1618 3449 quippe
1643 3392 1766 3448 qua:
1799 3379 1917 3433 sine
1956 3377 2144 3433 defen-

558 3484 684 3525 sore
706 3478 872 3536 esset,
897 3479 1009 3534 aut,
1035 3470 1176 3540 quod
1203 3470 1358 3542 pejus
1380 3479 1485 3536 est,
1511 3471 1565 3523 in
1591 3485 1775 3540 regem
1806 3468 2144 3525 infidelitatis

558 3561 817 3633 perjurio,
849 3563 954 3616 nisi
986 3562 1243 3616 Dominus
1282 3575 1440 3615 suum
1468 3560 1634 3616 Josue
1679 3561 1748 3616 ad
1779 3560 2142 3616 resistendum

559 3657 809 3712 hostibus
845 3656 1103 3712 Ecclesia:
1134 3655 1489 3721 confortaret,
1544 3663 1600 3710 et
1637 3670 1668 3709 a
1718 3653 1878 3710 bonis
1914 3652 2145 3723 justitite

562 3757 746 3817 partes
768 3756 962 3802 contra
991 3747 1250 3802 factiosos
1272 3745 1638 3802 defendendas
1669 3760 1792 3801 esse
1823 3744 2142 3799 insinuaret.

563 3863 691 3919 Car.
724 3862 861 3919 XVI.
908 3863 1061 3930 Quod
1109 3863 1228 3918 belli
1257 3871 1610 3934 tempestatem
1637 3870 1872 3917 maxima
1905 3877 1970 3915 ea:
1997 3870 2148 3932 parte

1239 3935 1458 3988 sedavit.

629 4025 749 4081 Jam
783 4026 1163 4082 immanissimi
1192 4026 1476 4096 praedones
1513 4038 1602 4079 res
1653 4023 1899 4079 ecclesia:
1934 4023 2147 4078 invase-

561 4127 720 4184 rant;
750 4119 932 4173 omnia
971 4127 1255 4190 praaterca,
1302 4131 1422 4186 quae
1473 4123 1598 4170 ante
1634 4130 1844 4170 memor
1874 4113 2146 4185 pontificis

562 4211 846 4281 prudentia
873 4211 926 4264 in
968 4211 1155 4265 urbem
1192 4217 1564 4274 contraxerat,
1591 4213 1971 4271 vastaverant;
1998 4205 2146 4275 quis—

562 4318 669 4372 que
698 4303 896 4373 praedia
932 4303 1175 4358 ecclesiae
1196 4317 1317 4373 qua:
1353 4301 1457 4356 sibi
1499 4307 1838 4367 usurpasset,
1871 4307 2058 4353 tenere
2087 4304 2148 4353 ut

2247 3202 2548 3274 patrocinio
2631 3201 2832 3272 pendet
2897 3215 3060 3256 omne
3091 3239 3106 3267 ,
3194 3199 3241 3256 si
3302 3200 3432 3270 quid
3509 3201 3822 3262 commodi.

2245 3293 2290 3350 si
2347 3292 2476 3363 quid
2541 3292 2763 3348 honoris
2820 3292 3038 3348 videtur
3088 3291 3243 3348 nobis
3292 3292 3487 3349 adesse
3542 3293 3691 3348 bello
3743 3301 3830 3349 aut

2246 3385 2639 3458 tranquillitate
2687 3403 2702 3441 :
2742 3401 2879 3457 quos
2942 3387 2987 3443 si
3043 3386 3357 3457 reliquero,
3419 3386 3689 3443 audacior
3734 3385 3826 3440 ho-

2245 3479 2348 3534 stis
2399 3478 2656 3534 invadere
2701 3479 2967 3545 tentabit,
3009 3487 3064 3533 et
3113 3495 3219 3536 non
3269 3480 3386 3534 sine
3429 3493 3632 3550 magno
3678 3479 3830 3533 dede~

2245 3583 2375 3625 core
2413 3577 2603 3624 nostro
2647 3567 2931 3624 insultabit
2984 3567 3200 3640 effugio.
3263 3568 3362 3624 llic
3415 3569 3605 3640 potius
3663 3566 3827 3639 quoad

2244 3662 2430 3718 licebit
2457 3671 2542 3717 est
2570 3661 2885 3728 vivendum,
2913 3661 3034 3716 istic
3067 3660 3404 3716 moriendum
3439 3679 3452 3713 :
3486 3660 3688 3729 quibus
3715 3673 3828 3714 cum

2244 3756 2402 3811 bonis
2429 3751 2717 3826 jucundati
2756 3768 2964 3819 sumus,
3003 3767 3125 3807 cum
3170 3752 3251 3807 eis
3279 3760 3336 3808 et
3364 3751 3632 3821 periculis
3661 3748 3829 3818 subj:-

2247 3847 2512 3902 cebimus.
2572 3845 2840 3900 Nimirum
2888 3844 3166 3915 religionis
3213 3854 3268 3900 et
3314 3843 3604 3898 chari:atis
3650 3850 3828 3898 catena

2245 3951 2372 4008 erga
2403 3935 2542 3990 filios
2567 3935 2869 4000 devinctus,
2899 3947 3004 3990 non
3041 3932 3198 3990 facile
3227 3933 3298 3988 ab
3326 3947 3514 3988 eorum
3549 3931 3828 4004 presentia

2247 4029 2427 4084 divelli
2456 4035 2694 4099 poterat.

2318 4121 2447 4176 CAP.
2490 4118 2652 4176 XVII.
2703 4117 2857 4186 Quod
2895 4117 3108 4174 castella
3145 4117 3454 4188 praedonum
3504 4121 3766 4174 everterit.

2317 4212 2501 4284 Fregit
2522 4221 2704 4270 autem
2729 4211 3075 4267 laudabiliter
3110 4211 3433 4281 quandoque
3459 4211 3612 4267 hunc
3643 4225 3829 4283 propo-

2249 4304 2338 4361 siti
2367 4307 2600 4378 rigorem
2644 4305 2840 4375 pietas,
2870 4302 3090 4358 miseria
3126 4303 3344 4372 inopum
3373 4311 3428 4358 et
3469 4302 3680 4374 gemitu
3710 4319 3830 4374 pau-

562 4393 783 4462 pmpria
804 4392 1141 4462 disponebat,
1167 4408 1288 4447 cum
1326 4405 1452 4447 ecce
1489 4391 1719 4446 bellator
1753 4389 1956 4445 Christi
1997 4389 2151 4443 iucx-
2250 4411 2438 4467 perum
2461 4397 2718 4460 excitata,
2742 4402 2798 4449 et
2827 4409 2856 4448 a
2899 4393 3083 4464 quiete
3121 4393 3279 4449 solita
3306 4407 3429 4449 eum
3460 4410 3759 4466 exsurgere
3779 4404 3830 4450 et

567 4482 867 4552 pugnabilis
891 4493 946 4538 et
993 4483 1388 4555 imperterritus
1419 4483 1582 4538 lorica
1617 4480 1846 4550 justitiac
1876 4479 2137 4545 induitur,
2166 4467 2218 4528 D
2246 4491 2298 4545 in
2326 4490 2586 4545 auxilium
2614 4505 2802 4545 eorum
2833 4487 3092 4559 οοωρηιῖι
3125 4501 3436 4562 properare,
3470 4487 3713 4544 suadens
3737 4488 3831 4542 hoc

566 4573 743 4644 gladio
765 4575 1030 4645 spirituali
1075 4577 1395 4646 accingitur,
1426 4576 1626 4647 praevia
1660 4590 1825 4630 cruce
1853 4573 2056 4628 Christi
2088 4573 2141 4627 in

563 4664 814 4719 omnibus
862 4666 1117 4734 periculis
1157 4681 1255 4734 pro
1298 4665 1485 4722 lancea
1543 4665 1734 4726 utitur.
1782 4664 1968 4718 dicens
2018 4677 2143 4718 cum

567 4756 723 4809 beato
769 4753 1002 4810 Martino
1028 4774 1040 4810 :
1069 4754 1177 4826 Ego
1220 4756 1368 4827 signo
1405 4758 1600 4821 crucis,
1641 4769 1745 4808 non
1773 4754 1950 4825 clypeo
1974 4763 2146 4824 prote-

563 4855 701 4914 ctus,
727 4858 817 4900 aut
849 4847 1020 4918 galea,
1051 4848 1276 4902 hostium
1307 4865 1498 4906 cuneos
1522 4849 1804 4920 penetrabo
1830 4863 2068 4902 securus.

636 4940 993 4997 Succenditur
1020 4957 1150 5013 ergo
1191 4942 1440 5014 egregius
1466 4943 1570 4996 iste
1596 4941 1880 4996 mmulator
1920 4937 2145 5008 pietatis

565 5040 622 5086 et
661 5031 883 5100 iustitiae
911 5075 923 5099 ,
976 5049 1042 5088 eo
1087 5033 1342 5088 nimirum
1391 5034 1547 5099 zelo,
1589 5047 1698 5102 quo
1749 5029 2036 5085 Mathatias
2078 5029 2148 5084 ob

566 5122 962 5178 aemulationem
992 5133 1230 5193 paterna:
1270 5124 1401 5194 legis
1431 5123 1874 5192 praevaricantem
1903 5118 2146 5174 Judaeum

570 5212 622 5256 in
666 5211 796 5256 insi:
837 5214 947 5256 aris
976 5215 1307 5256 nhlrnnnnrn
1342 5229 1449 5256 nnn
1478 5212 1778 5256 palmi-ruit-
1811 5219 1868 5256 pl
1910 5225 2016 5256 nnn
2043 5210 2149 5256 alin

2244 4597 2408 4656 opere
2436 4582 2570 4638 nihil
2599 4596 2720 4637 esse
2741 4581 2974 4647 beatius,
3002 4580 3137 4635 nihil
3169 4579 3276 4634 Deo
3303 4581 3602 4650 acceptius,
3635 4581 3682 4634 si
3712 4577 3833 4633 elic-

2244 4682 2418 4730 ratam
2443 4673 2757 4744 przedonum
2793 4671 2996 4726 rabiem
3021 4670 3087 4725 ab
3114 4668 3417 4725 innocentis
3445 4668 3591 4739 vulgi
3619 4683 3835 4739 oppres-

2244 4765 2396 4821 sione
2411 4770 2798 4834 compesceret.
2822 4761 3060 4833 Quorum
3085 4774 3276 4832 magna
3298 4775 3425 4829 pars
3446 4759 3501 4814 in
3525 4759 3835 4828 paludibus,

2244 4856 2361 4912 sive
2390 4853 2631 4925 rupibus,
2663 4853 2972 4909 firmissima
3005 4850 3108 4906 sibi
3145 4851 3487 4920 receptacula
3530 4848 3833 4906 communi-

2249 4952 2469 5010 verant;
2519 4944 2715 5014 quibus
2768 4942 2892 4998 freti
2945 4942 3118 4996 aliena
3167 4956 3265 5012 per
3310 4941 3603 4998 circuitum
3638 4941 3835 5013 pra-dia

2249 5045 2662 5106 usurpaverant,
2695 5032 2900 5091 incolas
2927 5034 3268 5104 possessione
3302 5035 3547 5104 privatos
3582 5035 3840 5090 intolera-

2251 5129 2344 5184 hili
2383 5127 2626 5182 servituti
2672 5126 3011 5182 addixerant.
3053 5125 3108 5179 ln
3147 5124 3251 5180 hac
3287 5139 3421 5180 vero
3464 5125 3591 5181 belli
3637 5136 3840 5195 tempe-

2250 5228 2389 5256 uom
2431 5228 2634 5256 nirnnm.
2675 5215 2899 5256 Eheu-Eua
2967 5223 3118 5256 Inntn
3159 5215 3318 5256 latine
3354 5215 3408 5256 in
3440 5231 3660 5256 nmnnm
3692 5217 3835 5256 vim
