3992 5338
182 284 292 344 ⁸145

1710 288 1886 344 γιτΑ.

3355 295 3459 350 746

183 404 443 459 liberare.
476 402 649 472 Atque
688 415 753 457 eo
786 401 978 472 spiritu
1016 399 1400 465 inflammatus,
1434 415 1541 472 quo
1570 400 1776 455 Amale
1802 403 1850 462 Α
1880 400 2226 455 creberrimis
2253 410 2580 457 causaoatur
2627 401 2874 472 suspiriis
2902 404 3177 467 canitiem.
3210 407 3460 460 sentiens

178 495 344 548 citem
392 493 547 565 Agag
576 513 606 547 a
633 492 902 559 Samuele,
936 494 1005 548 ab
1042 492 1155 547 Elia
1187 492 1443 548 Tliesbite
1481 492 1771 563 prophetas

176 585 304 638 Baal
335 593 552 639 constat
577 599 698 639 esse
733 590 1017 650 mactatos,
1070 599 1195 638 raro
1239 592 1449 638 tantum
1489 590 1774 638 contentus

176 674 371 743 milite,
411 676 572 731 modo
611 677 732 741 hoc,
784 675 947 731 modo
998 675 1125 730 illud
1161 685 1401 731 castrum
1445 674 1774 730 fortissimus

174 768 342 825 heros
384 780 572 823 noster
608 768 826 839 cingere
865 768 1041 837 pergit
1081 768 1385 822 obsidione.
1432 768 1500 821 At
1546 766 1772 821 interius

174 859 495 922 latrunculi,
528 859 682 914 vallis
710 869 763 914 et
789 859 1074 928 paludibus
1098 867 1300 913 temere
1328 858 1540 921 conﬁsi,
1572 866 1771 912 metum

175 950 361 1020 primo
397 948 740 1005 dissimulare
769 949 849 1003 sui
888 948 1133 1019 periculi,
1164 960 1533 1014 contemnere,
1559 958 1773 1003 nostros

176 1041 398 1113 probris
424 1040 714 1108 lacessere,
741 1057 835 1097 eos
864 1054 1107 1098 amentes
1157 1058 1368 1110 vocare,
1414 1043 1503 1113 qui
1555 1043 1771 1097 donmm

175 1134 295 1204 ipsa
325 1143 521 1187 natura
552 1134 815 1187 firmatam
852 1135 1127 1189 venissent
1154 1134 1487 1204 impugnare.
1540 1134 1772 1188 Econtm

174 1224 376 1288 nostri,
404 1224 623 1279 monitis
648 1234 754 1278 tam
777 1225 1022 1294 przeclari
1061 1225 1215 1279 ducis
1242 1224 1487 1288 animati,
1520 1224 1770 1279 certatim

176 1318 389 1373 instant
418 1316 685 1372 vimineas
721 1328 896 1373 crates
921 1328 1125 1383 texere,
1157 1317 1334 1373 fasces
1369 1318 1598 1389 quisque
1626 1333 1771 1373 com-

172 1414 418 1477 portare,
474 1421 571 1478 per
620 1408 761 1462 invia
807 1408 1074 1464 machinis
1130 1424 1327 1463 novum
1382 1409 1485 1463 iter
1533 1407 1713 1463 facere
1754 1427 1766 1460 :

173 1501 362 1571 sicque
399 1515 514 1555 rem
554 1511 745 1555 natura
782 1499 1050 1555 difﬁcilem
1091 1502 1142 1555 in
1179 1501 1324 1556 brevi
1355 1501 1547 1556 devicit
1572 1501 1772 1556 laboris

176 1592 500 1662 improbitas
533 1607 655 1647 cum
704 1591 998 1658 industria;
1044 1591 1103 1646 lit
1141 1593 1313 1648 solum
1350 1592 1502 1662 palus
1543 1593 1688 1647 ranis
1716 1601 1772 1646 et

173 1682 419 1753 piscibus
451 1682 755 1748 notissima,
787 1692 942 1752 parat
971 1683 1246 1738 exitialem
1296 1684 1613 1739 latrunculis
1658 1699 1771 1737 ma-

1876 503 1998 544 cum
2042 490 2202 545 beato
2248 488 2348 545 Job
2397 491 2529 547 nihil
2575 490 2719 545 aliud
2763 506 2923 562 quam
2974 503 3309 548 tentationem
3350 511 3461 549 esse

1872 582 2031 636 vitam
2055 581 2279 636 hominis
2318 598 2475 652 super
2503 593 2715 637 terram.
2760 582 2911 639 Unde
2945 593 3001 638 ct
3043 583 3310 640 familiare
3368 598 3459 639 un-

1875 679 2039 724 nebat
2064 658 2315 740 psallere
2361 688 2484 727 cum
2521 672 2680 728 beato
2732 674 2896 729 David
2930 693 2942 729 :
2975 674 3200 740 Quando
3252 680 3459 731 veniam

1874 771 1923 815 et
1952 762 2211 831 apparebo
2238 772 2359 816 ante
2389 763 2575 831 faciem
2615 764 2708 818 Dei
2744 767 2889 819 mei?
2935 775 2990 819 et
3033 766 3159 821 illud
3206 767 3462 823 Doctoris

1874 853 2115 922 gentium
2144 870 2157 906 :
2189 852 2355 924 Cupio
2385 854 2596 909 dissolvi
2623 866 2669 909 et
2700 873 2815 909 cum
2846 856 3055 911 Christo
3090 876 3218 913 esse.

1943 942 2052 998 Nec
2081 953 2166 999 est
2192 945 2545 1000 dubitandum
2592 947 2636 1002 si
2690 949 2733 1002 is
2762 948 3078 1006 Neronianae
3121 954 3458 1022 persecutio-

1877 1034 1963 1089 nis
2007 1049 2103 1090 seu
2132 1035 2382 1091 Deciana:
2427 1046 2670 1106 tempora
2724 1050 2916 1095 nactus
2955 1041 3122 1107 foret,
3153 1044 3283 1113 quin
3314 1046 3459 1099 ultro

1874 1141 1935 1181 se
1974 1138 2380 1197 pet-secutorum
2428 1134 2693 1200 prmtoriis
2734 1133 3005 1203 ingereret
3031 1145 3087 1189 et
3118 1136 3459 1192 damnandus

1875 1218 2396 1287 astarctjnlfcando
2424 1221 2728 1289 sublimior,
2766 1223 2953 1295 jugulo
2987 1227 3252 1281 cervicem
3302 1229 3460 1284 daret

1875 1305 2119 1364 feriendo
2142 1309 2372 1367 fortior:
2405 1314 2495 1381 qui
2521 1314 2647 1367 dum
2679 1317 2982 1371 ambiretur
3022 1320 3320 1377 auxiliariis
3360 1338 3453 1375 ar-

1875 1407 2145 1453 matorum
2176 1403 2431 1467 catervis,
2478 1403 2647 1458 solam
2698 1422 2917 1461 crucem
2959 1407 3157 1463 Christi
3207 1412 3458 1466 manibus

1877 1491 2182 1559 proferens,
2214 1493 2450 1548 medium
2481 1512 2601 1552 sese
2629 1500 2858 1553 armatis
2883 1500 3129 1555 hostibus
3158 1502 3373 1568 inferre,
3404 1515 3460 1558 ct

1873 1580 1921 1635 si
1962 1582 2209 1638 voluntas
2259 1583 2355 1638 Dei
2410 1585 2550 1641 foret
2584 1587 2763 1643 taliter
2794 1604 2968 1645 morte
3010 1594 3335 1648 occumbere
3364 1609 3460 1664 pa-

1875 1681 2024 1727 ratus
2051 1672 2182 1739 fuit,
2218 1675 2421 1731 imitari
2451 1678 2764 1735 desiderans
2787 1698 2910 1736 eum
2940 1685 3031 1753 qui
3054 1686 3189 1740 dixit
3218 1705 3231 1738 :
3267 1684 3461 1741 Pastor

174 1774 419 1839 cbinam,
448 1776 646 1844 quibus
686 1784 826 1830 tutas
868 1775 1129 1832 hactenus
1172 1778 1475 1846 praebuerat
1514 1776 1769 1831 latebras.

1883 1762 2042 1818 bonus
2074 1767 2305 1820 animum
2352 1787 2505 1824 suam
2556 1773 2701 1841 ponit
2752 1790 2848 1842 pro
2896 1776 3075 1829 oribus
3124 1780 3254 1831 suis.
3289 1778 3461 1834 Tanta

175 1867 307 1934 Qua:
340 1868 431 1922 ubi
462 1883 527 1923 eo
555 1868 657 1923 loci
688 1869 909 1940 appulsa
949 1879 1031 1923 est
1056 1869 1195 1924 unde
1234 1870 1398 1924 certis
1446 1869 1642 1924 ictibus
1681 1868 1768 1923 illa

175 1958 448 2014 latronum
476 1959 730 2030 spelunca
762 1968 942 2030 posset
991 1958 1165 2026 feriri,
1212 1960 1327 2014 dies
1376 1972 1539 2030 atque
1586 1967 1772 2014 noctes

173 2050 295 2105 sine
333 2050 635 2107 interstitio
663 2068 814 2122 aeque
844 2053 1103 2107 adversas
1130 2052 1389 2118 habuere,
1419 2053 1544 2105 dum
1580 2065 1770 2107 succe-

172 2141 364 2196 dentes
392 2141 495 2195 sibi
528 2142 765 2196 vicissim
808 2143 875 2197 ad
926 2142 1163 2198 laborem
1195 2144 1389 2207 nostri,
1422 2143 1771 2199 creberrimis

172 2247 430 2288 saxorum
463 2232 661 2288 nimbis
703 2234 841 2287 atria
877 2235 1088 2295 domus,
1136 2250 1324 2290 omnes
1353 2252 1578 2306 prorsus
1630 2236 1771 2290 intc-

174 2323 350 2378 stinas
379 2324 615 2379 hostium
662 2322 899 2380 latebras
943 2342 1202 2397 quassare
1238 2343 1344 2382 non
1379 2336 1614 2382 cessant.
1658 2327 1775 2398 Ipse

171 2415 466 2485 episcopus
528 2432 766 2486 prmscns
816 2419 1121 2491 vigiliarum
1172 2429 1227 2475 et
1289 2419 1596 2490 psalmodiae
1651 2429 1772 2473 vota

173 2506 534 2574 omnipotenti
579 2506 688 2561 Deo
728 2523 851 2563 cum
902 2508 991 2562 tali
1039 2524 1202 2579 opere
1237 2509 1593 2579 persolvebat.
1636 2507 1773 2574 Qxid

174 2595 378 2665 plura?
414 2597 709 2654 Godefrido
756 2598 955 2654 lrustra
998 2600 1204 2654 nitente
1249 2599 1315 2653 ad
1361 2600 1621 2657 auxilium
1663 2600 1774 2653 sitis

172 2690 383 2755 venire,
421 2690 631 2745 obsessi
658 2692 724 2745 de
750 2693 857 2745 vita
896 2701 951 2747 et
977 2693 1232 2747 membris
1275 2693 1641 2762 paciscuntur,
1679 2708 1773 2753 ca-

174 2780 393 2836 stellum
424 2781 669 2835 funditus
700 2793 914 2854 captum
949 2786 1213 2839 evertitur
1240 2802 1252 2837 :
1294 2786 1417 2839 inde
1445 2786 1585 2839 aliud
1613 2796 1775 2856 atque

171 2870 321 2926 aliud
374 2872 658 2927 castellum
690 2875 893 2944 absque
946 2876 1331 2931 retractatione
1385 2876 1543 2931 simili
1594 2885 1774 2950 strage

172 2962 485 3018 coniicitur.
524 2963 630 3019 Sed
658 2981 831 3037 neque
862 2974 960 3021 llOC
990 2968 1253 3023 silendum
1284 2979 1436 3038 puto,
1468 2972 1610 3039 quod
1634 2970 1776 3025 inter

174 3054 537 3110 obsidendum
573 3071 715 3128 sche
746 3058 999 3121 millenis,
1033 3074 1173 3129 saepe
1202 3060 1465 3130 pluribus,
1495 3076 1618 3115 raro
1646 3076 1774 3130 pau-

1874 1859 2293 1926 pr0puguatoris
2343 1861 2514 1915 nostri
2570 1863 2771 1918 virtu:e
2817 1867 3075 1921 exterrita
3126 1868 3460 1923 adversario-

1873 1958 1993 1999 rum
2022 1946 2283 2016 paulatim
2312 1949 2507 2005 defecit
2539 1952 2778 2019 insania,
2813 1956 2928 2025 qui,
2955 1957 3093 2011 sicut
3145 1959 3243 2026 ipsi
3275 1960 3456 2014 adhuc

1875 2040 2067 2093 testari
2097 2040 2296 2105 solent,
2332 2045 2550 2112 quoties
2580 2046 2819 2101 clfcratis
2864 2050 3061 2103 animis
3094 2050 3144 2103 in
3178 2068 3277 2105 nos
3307 2068 3462 2122 gras-

1868 2134 2150 2199 ‘sarentur,
2176 2135 2361 2188 statim
2393 2136 2460 2189 ad
2507 2137 2695 2192 urbem
2738 2150 2796 2193 ιιι
2846 2151 3066 2211 possent
3118 2154 3357 2199 nostram
3406 2154 3463 2199 et

1875 2232 2190 2279 sanctorum
2224 2228 2464 2281 oratoria
2506 2231 2825 2299 conspicere
2877 2249 3031 2287 mens
3063 2234 3169 2289 illis
3200 2236 3461 2290 divinitus

1875 2317 2211 2384 mutabatur,
2237 2329 2295 2374 ut
2327 2335 2432 2374 non
2462 2323 2620 2376 modo
2651 2323 2847 2377 malum
2877 2342 2981 2379 non
3010 2326 3241 2391 inferre,
3271 2344 3457 2382 verum

1875 2412 2038 2464 ctiam
2086 2427 2183 2482 pro
2237 2416 2539 2469 reverentia
2571 2416 2672 2485 ipsi
2716 2417 2833 2472 loco
2868 2420 2984 2487 pias
3035 2420 3345 2489 impendere
3376 2422 3458 2475 la-

1876 2515 2093 2571 crymas
2162 2500 2373 2557 liberet.
2431 2504 2580 2558 Unde
2648 2509 2872 2575 contigit
2947 2518 3004 2562 ut
3057 2511 3146 2578 qui
3195 2525 3316 2564 cmn
3366 2529 3463 2581 pe-

1877 2591 2050 2646 riculo
2105 2592 2411 2647 animarum
2485 2595 2678 2650 alienis
2752 2597 3070 2653 invadendis
3134 2600 3461 2666 inhiabant,

1876 2683 1965 2737 vix
2005 2682 2153 2738 salva
2212 2685 2296 2739 sui
2354 2686 2759 2755 incolumitate,
2824 2692 3039 2745 tandem
3087 2694 3330 2748 contenti
3377 2710 3463 2749 cs-

1875 2786 1994 2831 scnt
2052 2779 2270 2847 propria
2318 2780 2569 2844 retinere,
2628 2785 2787 2836 modo
2832 2794 3089 2853 cogente,
3143 2787 3299 2841 modo
3359 2789 3459 2843 oh-

1876 2885 2124 2926 secrante
2155 2872 2448 2925 venerabili
2483 2872 2643 2926 l’atre
2680 2873 2943 2937 Wazone,
2983 2885 3257 2945 postremo
3284 2879 3463 2933 omni-

1874 2965 1975 3019 bus
2019 2966 2192 3020 modis
2229 2974 2285 3019 ut
2328 2966 2713 3034 resipiscerent
2753 2968 3010 3022 instante.
3069 2968 3159 3023 Sic
3208 2971 3466 3026 nimirum

1874 3056 2262 3125 omnipotentis
2303 3056 2395 3111 Dei
2439 3059 2611 3127 pietas
2646 3058 2897 3114 Ecelcsia:
2948 3077 3058 3114 sum
3086 3063 3287 3127 navim,
3321 3061 3468 3133 ejus-

173 3144 438 3213 cioribus,
507 3127 729 3218 antiquo
788 3148 1154 3205 Romanorum
1223 3167 1370 3206 more
1427 3127 1847 3221 quotidianosc
1881 3149 2024 3203 modi
2080 3149 2492 3218 tempestatibus
2550 3160 2821 3216 Vexatam,
2862 3168 2961 3221 per
3012 3152 3283 3209 efficacem
3339 3172 3465 3226 pru-

174 3246 428 3307 sumptus
470 3239 743 3307 przcbebat
798 3241 1065 3305 armatis,
1122 3243 1370 3312 gregirio
1432 3241 1584 3297 militi
1636 3244 1774 3297 inte-

176 3326 277 3381 rim
308 3328 620 3384 concedens
678 3343 834 3384 usum
873 3331 1284 3387 mactandarum
1316 3335 1583 3403 pecudum
1604 3376 1619 3401 ,
1651 3337 1774 3391 abs-

175 3431 283 3485 que
305 3418 386 3472 eis
413 3431 536 3486 quae
557 3419 776 3490 agrario
804 3422 955 3490 operi
990 3432 1172 3476 essent
1196 3424 1545 3490 necessaria;
1574 3426 1776 3495 ipsum-

175 3523 285 3578 que
315 3509 577 3563 damuum
626 3510 740 3581 ipse
784 3511 1014 3583 singulis
1040 3498 1415 3581 possessorum
1451 3531 1518 3569 ex
1565 3517 1774 3586 integro

174 3600 509 3670 supplebat,
556 3600 763 3655 nullum
825 3603 1101 3675 injustitizc
1155 3604 1332 3660 locum
1384 3622 1505 3661 esse
1562 3608 1774 3677 patiens

176 3692 349 3745 etiam
387 3691 443 3746 in
474 3701 623 3746 tanta
668 3709 848 3748 rerum
892 3695 1228 3752 dillicultate.
1273 3697 1387 3765 Qua
1417 3714 1484 3753 ex
1516 3716 1572 3754 re
1604 3701 1774 3771 liquet

180 3798 344 3853 quam
374 3793 535 3838 tenax
573 3785 714 3855 atqui
744 3796 799 3841 ct
842 3788 973 3843 recti
1022 3788 1157 3845 alias
1191 3788 1393 3855 fuerit,
1438 3793 1777 3863 quandoqui-

181 3876 305 3932 dem
345 3891 413 3930 eo
442 3885 689 3948 tempore
728 3894 835 3948 quo
867 3880 1101 3937 maxime
1135 3884 1431 3953 captandas
1459 3892 1578 3937 erat
1624 3883 1778 3937 favor

181 3969 390 4039 populi,
420 3981 480 4024 ut
508 3970 569 4024 fit
611 3973 663 4025 in
692 3972 783 4026 tali
810 3974 1048 4043 negotio,
1080 3976 1161 4030 vel
1189 3990 1398 4030 summa
1428 3976 1772 4029 necessitudo

182 4061 419 4134 rigidum
446 4063 708 4119 Catonem
739 4081 768 4119 a
789 4062 1004 4134 justitia
1036 4067 1291 4122 divellere
1323 4069 1645 4136 nequiverit.

182 4174 311 4230 Car.
372 4174 560 4230 XVIII.
625 4175 701 4231 De
741 4178 997 4233 divisione
1044 4181 1337 4249 gratiarum
1393 4180 1516 4235 huic
1576 4182 1775 4233 homini

872 4250 1087 4304 collata.

254 4340 415 4397 Libet
469 4341 523 4396 in
571 4342 673 4397 hoc
723 4342 946 4399 homine
993 4344 1211 4399 divitias
1258 4343 1452 4398 divina:
1517 4345 1777 4400 bonitatis

183 4435 422 4503 intueri,
452 4445 508 4490 ct
537 4436 588 4489 in
617 4436 776 4490 unius
805 4438 987 4493 cordis
1012 4438 1294 4492 latitudine
1327 4438 1622 4493 divisiones
1648 4456 1774 4509 gra-

184 4526 387 4581 tiarum
425 4526 715 4593 admirari;
750 4541 886 4598 quas
931 4529 1067 4582 adeo
1091 4529 1325 4584 discreta
1362 4529 1663 4584 studiorum
1699 4530 1776 4583 vi-

187 4619 511 4675 cissitudine
543 4620 822 4675 nitebatur
868 4622 1275 4687 administrare,
1308 4630 1367 4676 ut
1409 4639 1530 4677 cum
1577 4623 1667 4675 uni
1697 4624 1776 4676 in-

186 4721 371 4769 tentus
406 4721 554 4768 esset
582 4714 800 4783 negotio
825 4753 839 4777 ,
870 4713 991 4769 aliis
1015 4714 1305 4769 identidem
1334 4716 1603 4771 obnoxius
1626 4758 1640 4780 ,
1673 4716 1777 4771 nisi

186 4803 445 4868 sciretur,
476 4804 620 4860 nullo
646 4805 807 4859 modo
837 4805 1171 4861 crederetur.

254 4896 395 4952 Nam
445 4898 493 4952 si
541 4897 857 4968 episcOpum
912 4900 1161 4969 respicio,
1205 4901 1392 4956 videor
1438 4902 1567 4956 mihi
1598 4903 1780 4959 videre

183 5002 481 5061 suppurent
505 4987 800 5060 Gregorio;
833 4990 876 5044 si
906 4990 1157 5046 militaria
1184 5003 1453 5061 agentem,
1480 5011 1583 5049 non
1612 4997 1781 5066 impa-

184 5092 301 5134 rem
342 5094 468 5135 esse
505 5078 850 5149 contemplor
894 5078 1220 5136 Machabaeo.
1250 5081 1405 5138 iisne
1434 5087 1484 5138 in
1516 5086 1779 5153 sapientia

184 5168 560 5237 Salomonem,
590 5172 642 5227 in
683 5173 1013 5241 disputando
1042 5173 1251 5243 accipio
1289 5175 1687 5251 Augustinum;
1728 5178 1781 5230 in

183 5266 365 5320 cordis
392 5265 740 5331 humilitate,
773 5267 1102 5322 continentia
1134 5276 1187 5321 et
1214 5267 1517 5338 vigiliarum
1546 5269 1783 5323 assidui-

1879 3241 2058 3297 dentis
2098 3241 2338 3295 nauclert
2389 3241 2711 3296 industriam
2754 3245 3175 3301 misericorditer
3214 3250 3467 3321 dignatus

1878 3340 1963 3386 est
2007 3334 2072 3386 ad
2132 3343 2342 3402 tempus
2397 3333 2672 3389 liberare:
2714 3335 2839 3390 licet
2900 3338 2952 3391 in
3006 3349 3152 3394 tanta
3212 3341 3466 3407 factione,

1881 3438 1986 3478 non
2028 3435 2206 3479 tamen
2242 3434 2299 3477 ut
2328 3426 2477 3494 prius
2505 3428 2813 3492 metuenda,
2847 3428 3046 3483 bellum
3070 3441 3260 3486 contra
3297 3434 3467 3502 impe-

1880 3534 2116 3572 ratorem
2150 3516 2269 3583 fuit,
2302 3518 2459 3573 bonis
2482 3521 2613 3574 viris
2640 3520 3032 3579 deferentibus.

2021 3609 2149 3664 Car.
2198 3608 2337 3663 XIX.
2383 3608 2448 3664 Ut
2490 3612 2793 3683 imperatori
2836 3627 3104 3684 suspectus
3138 3617 3317 3682 fuerit.

1953 3705 2007 3760 ln
2063 3721 2189 3776 quo,
2231 3723 2296 3762 eo
2339 3709 2483 3777 quod
2528 3708 2819 3778 aliquando
2867 3712 3171 3767 dementius
3224 3715 3277 3767 in
3318 3715 3466 3771 viros

1881 3796 2137 3851 Ecclesia:
2166 3809 2365 3853 nostra:
2391 3799 2684 3854 insanitum
2724 3800 2907 3868 fuerit,
2935 3804 3091 3860 bonis
3138 3806 3269 3859 viris
3313 3806 3465 3861 defe-

1881 3891 2145 3956 rentibus,
2186 3892 2271 3945 vir
2319 3893 2408 3948 Dei
2446 3897 2587 3963 apud
2619 3896 3006 3964 imperatorem
3054 3900 3174 3953 falsi
3218 3900 3466 3956 criminis

1880 3992 1963 4036 est
1991 3992 2282 4037 accusatus
2308 3986 2476 4053 quod,
2506 3987 2630 4040 data
2659 3986 2764 4040 lide
2791 3986 3106 4053 Godel‘rido,
3141 4000 3328 4045 contra
3363 3992 3464 4044 im-

1881 4073 2208 4141 peratoriam
2260 4075 2601 4144 majestatem
2652 4077 2912 4145 regnique
2971 4078 3198 4134 salutem
3243 4092 3465 4150 pactum

1882 4163 2091 4229 fecerit,
2127 4174 2202 4230 et,
2252 4167 2395 4235 quod
2447 4167 2514 4221 de
2559 4176 2714 4222 tanto
2760 4169 2874 4223 viro
2904 4167 3058 4225 nefas
3098 4179 3183 4225 est
3227 4173 3461 4243 opinari,

1880 4258 2056 4315 eidem
2088 4257 2467 4314 conﬁdentiam
2500 4260 2706 4316 dederit
2734 4262 3107 4333 belligerandi.

1954 4351 2080 4405 llazc
2109 4366 2269 4421 quam
2299 4350 2504 4406 fuerint
2541 4368 2571 4406 a
2609 4354 2838 4409 veritate
2875 4356 3050 4411 aliena
3091 4358 3330 4416 clamant
3360 4362 3467 4418 alia

1886 4442 2028 4498 facta
2072 4443 2191 4515 ejus
2234 4444 2565 4500 venerabilia
2616 4465 2628 4498 :
2678 4448 2773 4503 sed
2824 4449 2949 4518 quia
3009 4452 3225 4508 diliicile
3278 4464 3362 4511 est
3410 4466 3471 4513 ut

1888 4538 2086 4594 mentis
2114 4540 2329 4605 oculus,
2379 4539 2504 4593 hinc
2538 4540 2708 4610 gloria
2755 4551 2810 4596 et
2853 4544 3080 4610 divitiis,
3129 4546 3256 4601 hinc
3304 4549 3472 4602 variis

1886 4630 2265 4700 dispensandae
2304 4631 2615 4700 reipublicae
2659 4635 2828 4699 curis,
2875 4636 3005 4692 hinc
3056 4638 3200 4693 mille
3246 4641 3477 4695 adulan-

1887 4726 2018 4779 tium
2054 4725 2252 4796 linguis
2279 4727 2330 4779 iu
2360 4725 2573 4782 diversa
2619 4737 2882 4797 raptatus,
2932 4730 3217 4801 aliquando
3261 4748 3291 4786 a
3333 4735 3474 4786 veri-

1890 4818 2017 4873 tatis
2043 4817 2162 4873 luce
2210 4832 2317 4873 non
2356 4820 2627 4885 caecutiat,
2677 4836 2996 4888 persuasum
3026 4832 3111 4875 est
3157 4821 3475 4890 imperatori

1889 4925 1921 4963 a
1949 4909 2315 4965 deferentibus
2352 4917 2409 4963 ιιι
2439 4909 2490 4963 in
2534 4910 2618 4964 his
2648 4925 2768 4978 qua:
2810 4926 2934 4964 vere
2966 4910 3195 4964 fideliter
3232 4919 3480 4980 gesserat

1891 5000 2123 5055 domnus
2153 5000 2342 5063 Wazo,
2376 5015 2482 5053 non
2522 5000 2828 5053 comnmnis
2864 4999 3132 5054 commodi
3169 5013 3269 5054 seu
3306 5002 3473 5070 impe-

1893 5093 2109 5148 ratorize
2149 5092 2425 5146 ﬁdelitatis
2469 5092 2665 5161 gratia,
2714 5091 2810 5145 sed
2857 5106 2923 5144 ex
2966 5091 3335 5147 contentionis
3381 5107 3480 5147 usu

1890 5187 2125 5257 propria:
2165 5185 2475 5240 inservicrit
2523 5182 2866 5252 arrogantiae.
2898 5182 3142 5237 Accessit
3184 5184 3254 5237 ad
3308 5183 3483 5251 suspi«

1893 5280 2107 5334 cionem
2131 5276 2302 5331 libera
2328 5274 2632 5330 sacerdotis
2653 5275 2969 5336 auctoritas,
2999 5288 3137 5338 quae.
3171 5276 3345 5330 totius
3381 5275 3481 5328 du-
