  <div class='ocr_page' id='page_1' title='image "/cluster/home/n/w/nwhite01/storage/ocr_20150623/142/hvd.32044015471808/379.png"; bbox 0 0 3992 5338; ppageno 0'>
   <div class='ocr_carea' id='block_1_1' title="bbox 562 267 661 323">
    <p class='ocr_par' dir='ltr' id='par_1_1' title="bbox 562 267 661 323">
     <span class='ocr_line' id='line_1_1' title="bbox 562 267 661 323; baseline 0 -1"><span class='ocrx_word' id='word_1_1' title='bbox 562 267 661 323; x_wconf 66' lang='grc' dir='ltr'><strong>ττι</strong></span> 
     </span>
    </p>
   </div>
   <div class='ocr_carea' id='block_1_2' title="bbox 1617 275 2692 339">
    <p class='ocr_par' dir='ltr' id='par_1_2' title="bbox 1617 275 2692 339">
     <span class='ocr_line' id='line_1_2' title="bbox 1617 275 2692 339; baseline 0.007 -7"><span class='ocrx_word' id='word_1_2' title='bbox 1617 275 1910 334; x_wconf 75' lang='lat' dir='ltr'><strong>VASONlS</strong></span> <span class='ocrx_word' id='word_1_3' title='bbox 1945 278 2347 336; x_wconf 83' lang='lat' dir='ltr'><strong>LEODlENSlS</strong></span> <span class='ocrx_word' id='word_1_4' title='bbox 2387 281 2692 339; x_wconf 79' lang='lat' dir='ltr'><strong>EPISCOPI</strong></span> 
     </span>
    </p>
   </div>
   <div class='ocr_carea' id='block_1_3' title="bbox 3695 282 3795 337">
    <p class='ocr_par' dir='ltr' id='par_1_3' title="bbox 3695 282 3795 337">
     <span class='ocr_line' id='line_1_3' title="bbox 3695 282 3795 337; baseline 0.02 -2"><span class='ocrx_word' id='word_1_5' title='bbox 3695 282 3795 337; x_wconf 66' lang='grc'><strong>748</strong></span> 
     </span>
    </p>
   </div>
   <div class='ocr_carea' id='block_1_4' title="bbox 561 385 3793 466">
    <p class='ocr_par' dir='ltr' id='par_1_4' title="bbox 561 385 3793 466">
     <span class='ocr_line' id='line_1_4' title="bbox 561 385 3793 466; baseline 0.002 -23"><span class='ocrx_word' id='word_1_6' title='bbox 561 386 703 458; x_wconf 88' lang='lat' dir='ltr'><strong>quod</strong></span> <span class='ocrx_word' id='word_1_7' title='bbox 731 385 984 458; x_wconf 88' lang='lat' dir='ltr'><strong>parvitati</strong></span> <span class='ocrx_word' id='word_1_8' title='bbox 1029 395 1226 443; x_wconf 58' lang='lat' dir='ltr'><strong>nostra;</strong></span> <span class='ocrx_word' id='word_1_9' title='bbox 1267 401 1364 458; x_wconf 89' lang='lat' dir='ltr'><strong>per</strong></span> <span class='ocrx_word' id='word_1_10' title='bbox 1405 389 1688 447; x_wconf 83' lang='lat' dir='ltr'><strong>diaconum</strong></span> <span class='ocrx_word' id='word_1_11' title='bbox 1737 393 1873 462; x_wconf 84' lang='lat' dir='ltr'><strong>ejus,</strong></span> <span class='ocrx_word' id='word_1_12' title='bbox 1903 396 1995 465; x_wconf 86' lang='lat' dir='ltr'><strong>qui</strong></span> <span class='ocrx_word' id='word_1_13' title='bbox 2027 396 2128 451; x_wconf 92' lang='lat' dir='ltr'><strong>hoc</strong></span> <span class='ocrx_word' id='word_1_14' title='bbox 2156 404 2200 459; x_wconf 85' lang='grc' dir='ltr'>Α</span> <span class='ocrx_word' id='word_1_15' title='bbox 2232 395 2488 451; x_wconf 92' lang='lat' dir='ltr'><strong>mutabile</strong></span> <span class='ocrx_word' id='word_1_16' title='bbox 2513 396 2713 451; x_wconf 87' lang='lat' dir='ltr'><strong>animal</strong></span> <span class='ocrx_word' id='word_1_17' title='bbox 2743 395 2965 462; x_wconf 78' lang='lat' dir='ltr'><strong>femina,</strong></span> <span class='ocrx_word' id='word_1_18' title='bbox 3010 404 3067 450; x_wconf 79' lang='lat' dir='ltr'><strong>ut.</strong></span> <span class='ocrx_word' id='word_1_19' title='bbox 3091 396 3205 466; x_wconf 81' lang='lat' dir='ltr'><strong>ipsa</strong></span> <span class='ocrx_word' id='word_1_20' title='bbox 3236 402 3318 451; x_wconf 87' lang='lat' dir='ltr'><strong>est</strong></span> <span class='ocrx_word' id='word_1_21' title='bbox 3348 393 3496 450; x_wconf 87' lang='lat' dir='ltr'><strong>mille</strong></span> <span class='ocrx_word' id='word_1_22' title='bbox 3524 392 3793 450; x_wconf 79' lang='lat' dir='ltr'><strong>fraudium</strong></span> 
     </span>
    </p>
   </div>
   <div class='ocr_carea' id='block_1_5' title="bbox 560 477 2124 552">
    <p class='ocr_par' dir='ltr' id='par_1_5' title="bbox 560 477 2124 552">
     <span class='ocr_line' id='line_1_5' title="bbox 560 477 2124 552; baseline 0.004 -18"><span class='ocrx_word' id='word_1_23' title='bbox 560 480 701 534; x_wconf 88' lang='lat' dir='ltr'><strong>idem</strong></span> <span class='ocrx_word' id='word_1_24' title='bbox 733 479 799 534; x_wconf 90' lang='lat' dir='ltr'><strong>ab</strong></span> <span class='ocrx_word' id='word_1_25' title='bbox 827 492 919 532; x_wconf 91' lang='lat' dir='ltr'><strong>ore</strong></span> <span class='ocrx_word' id='word_1_26' title='bbox 946 477 1115 548; x_wconf 85' lang='lat' dir='ltr'><strong>ipsius</strong></span> <span class='ocrx_word' id='word_1_27' title='bbox 1148 478 1428 543; x_wconf 89' lang='lat' dir='ltr'><strong>didicerat,</strong></span> <span class='ocrx_word' id='word_1_28' title='bbox 1469 482 1694 552; x_wconf 79' lang='lat' dir='ltr'><strong>contigit</strong></span> <span class='ocrx_word' id='word_1_29' title='bbox 1724 484 2037 540; x_wconf 86' lang='lat' dir='ltr'><strong>innotuisse.</strong></span> <span class='ocrx_word' id='word_1_30' title='bbox 2068 486 2124 540; x_wconf 90' lang='lat' dir='ltr'><strong>In</strong></span> 
     </span>
    </p>
   </div>
   <div class='ocr_carea' id='block_1_6' title="bbox 372 560 2122 659">
    <p class='ocr_par' dir='ltr' id='par_1_6' title="bbox 372 560 2122 659">
     <span class='ocr_line' id='line_1_6' title="bbox 372 560 2122 659; baseline 0.003 -35"><span class='ocrx_word' id='word_1_31' title='bbox 372 560 385 569; x_wconf 81' lang='grc'><em>”</em></span> <span class='ocrx_word' id='word_1_32' title='bbox 480 641 489 659; x_wconf 20' lang='grc' dir='ltr'><em>ά</em></span> <span class='ocrx_word' id='word_1_33' title='bbox 558 586 665 639; x_wconf 81' lang='lat' dir='ltr'><strong>quo</strong></span> <span class='ocrx_word' id='word_1_34' title='bbox 714 568 957 623; x_wconf 90' lang='lat' dir='ltr'><strong>arbitrati</strong></span> <span class='ocrx_word' id='word_1_35' title='bbox 994 576 1134 653; x_wconf 84' lang='lat' dir='ltr'><strong>sunt</strong></span> <span class='ocrx_word' id='word_1_36' title='bbox 1185 569 1401 640; x_wconf 89' lang='lat' dir='ltr'><strong>quidam</strong></span> <span class='ocrx_word' id='word_1_37' title='bbox 1456 570 1838 643; x_wconf 85' lang='lat' dir='ltr'><strong>imperatorem</strong></span> <span class='ocrx_word' id='word_1_38' title='bbox 1889 576 1963 630; x_wconf 85' lang='lat' dir='ltr'><strong>illi</strong></span> <span class='ocrx_word' id='word_1_39' title='bbox 2017 591 2122 631; x_wconf 87' lang='lat' dir='ltr'><strong>non</strong></span> 
     </span>
    </p>
   </div>
   <div class='ocr_carea' id='block_1_7' title="bbox 557 650 2125 745">
    <p class='ocr_par' dir='ltr' id='par_1_7' title="bbox 557 650 2125 745">
     <span class='ocr_line' id='line_1_7' title="bbox 557 650 2125 745; baseline 0.004 -29"><span class='ocrx_word' id='word_1_40' title='bbox 557 662 839 716; x_wconf 91' lang='lat' dir='ltr'><strong>minimum</strong></span> <span class='ocrx_word' id='word_1_41' title='bbox 867 650 1261 745; x_wconf 83' lang='lat' dir='ltr'><strong>succensuisse,</strong></span> <span class='ocrx_word' id='word_1_42' title='bbox 1285 675 1350 717; x_wconf 91' lang='lat' dir='ltr'><strong>eo</strong></span> <span class='ocrx_word' id='word_1_43' title='bbox 1375 663 1516 732; x_wconf 91' lang='lat' dir='ltr'><strong>quod</strong></span> <span class='ocrx_word' id='word_1_44' title='bbox 1539 664 1899 721; x_wconf 87' lang='lat' dir='ltr'><strong>discutiendas</strong></span> <span class='ocrx_word' id='word_1_45' title='bbox 1923 667 2125 737; x_wconf 89' lang='lat' dir='ltr'><strong>episco-</strong></span> 
     </span>
    </p>
   </div>
   <div class='ocr_carea' id='block_1_8' title="bbox 555 750 2121 827">
    <p class='ocr_par' dir='ltr' id='par_1_8' title="bbox 555 750 2121 827">
     <span class='ocr_line' id='line_1_8' title="bbox 555 750 2121 827; baseline 0.004 -21"><span class='ocrx_word' id='word_1_46' title='bbox 555 767 746 822; x_wconf 92' lang='lat' dir='ltr'><strong>porum</strong></span> <span class='ocrx_word' id='word_1_47' title='bbox 776 767 940 821; x_wconf 84' lang='lat' dir='ltr'><strong>super</strong></span> <span class='ocrx_word' id='word_1_48' title='bbox 967 750 1348 808; x_wconf 86' lang='lat' dir='ltr'><strong>ecclesiasticis</strong></span> <span class='ocrx_word' id='word_1_49' title='bbox 1379 754 1659 809; x_wconf 84' lang='lat' dir='ltr'><strong>ordinibus</strong></span> <span class='ocrx_word' id='word_1_50' title='bbox 1684 770 1875 811; x_wconf 86' lang='lat' dir='ltr'><strong>causas</strong></span> <span class='ocrx_word' id='word_1_51' title='bbox 1918 773 2121 827; x_wconf 90' lang='lat' dir='ltr'><strong>nequa-</strong></span> 
     </span>
    </p>
   </div>
   <div class='ocr_carea' id='block_1_9' title="bbox 555 839 2121 917">
    <p class='ocr_par' dir='ltr' id='par_1_9' title="bbox 555 839 2121 917">
     <span class='ocr_line' id='line_1_9' title="bbox 555 839 2121 917; baseline 0.004 -22"><span class='ocrx_word' id='word_1_52' title='bbox 555 855 717 911; x_wconf 89' lang='lat' dir='ltr'><strong>quam</strong></span> <span class='ocrx_word' id='word_1_53' title='bbox 748 840 840 906; x_wconf 90' lang='lat' dir='ltr'><strong>illi,</strong></span> <span class='ocrx_word' id='word_1_54' title='bbox 878 847 1061 911; x_wconf 90' lang='lat' dir='ltr'><strong>utpote</strong></span> <span class='ocrx_word' id='word_1_55' title='bbox 1086 839 1244 908; x_wconf 89' lang='lat' dir='ltr'><strong>laico,</strong></span> <span class='ocrx_word' id='word_1_56' title='bbox 1268 843 1361 898; x_wconf 90' lang='lat' dir='ltr'><strong>sed</strong></span> <span class='ocrx_word' id='word_1_57' title='bbox 1382 857 1592 900; x_wconf 90' lang='lat' dir='ltr'><strong>summo</strong></span> <span class='ocrx_word' id='word_1_58' title='bbox 1614 846 1853 915; x_wconf 89' lang='lat' dir='ltr'><strong>pontiﬁci</strong></span> <span class='ocrx_word' id='word_1_59' title='bbox 1874 846 2121 917; x_wconf 79' lang='lat' dir='ltr'><strong>assigna-</strong></span> 
     </span>
    </p>
   </div>
   <div class='ocr_carea' id='block_1_10' title="bbox 554 932 714 986">
    <p class='ocr_par' dir='ltr' id='par_1_10' title="bbox 554 932 714 986">
     <span class='ocr_line' id='line_1_10' title="bbox 554 932 714 986; baseline 0 0"><span class='ocrx_word' id='word_1_60' title='bbox 554 932 714 986; x_wconf 87' lang='lat' dir='ltr'><strong>verit.</strong></span> 
     </span>
    </p>
   </div>
   <div class='ocr_carea' id='block_1_11' title="bbox 660 1047 2014 1125">
    <p class='ocr_par' dir='ltr' id='par_1_11' title="bbox 660 1047 2014 1125">
     <span class='ocr_line' id='line_1_11' title="bbox 660 1047 2014 1125; baseline 0.004 -21"><span class='ocrx_word' id='word_1_61' title='bbox 660 1049 785 1105; x_wconf 72' lang='lat' dir='ltr'><strong>CAP.</strong></span> <span class='ocrx_word' id='word_1_62' title='bbox 826 1047 946 1106; x_wconf 83' lang='lat' dir='ltr'><strong>XX.</strong></span> <span class='ocrx_word' id='word_1_63' title='bbox 988 1049 1127 1118; x_wconf 81' lang='lat' dir='ltr'><strong>Quid</strong></span> <span class='ocrx_word' id='word_1_64' title='bbox 1161 1052 1217 1107; x_wconf 84' lang='lat' dir='ltr'><strong>in</strong></span> <span class='ocrx_word' id='word_1_65' title='bbox 1250 1054 1669 1125; x_wconf 77' lang='lat' dir='ltr'><strong>causa_ept&#39;scopi</strong></span> <span class='ocrx_word' id='word_1_66' title='bbox 1696 1054 2014 1111; x_wconf 78' lang='lat' dir='ltr'><strong>Ravennatis</strong></span> 
     </span>
    </p>
   </div>
   <div class='ocr_carea' id='block_1_12' title="bbox 1139 1122 1520 1194">
    <p class='ocr_par' dir='ltr' id='par_1_12' title="bbox 1139 1122 1520 1194">
     <span class='ocr_line' id='line_1_12' title="bbox 1139 1122 1520 1194; baseline 0 -17"><span class='ocrx_word' id='word_1_67' title='bbox 1139 1125 1353 1183; x_wconf 74' lang='lat' dir='ltr'><strong>senserit</strong></span> <span class='ocrx_word' id='word_1_68' title='bbox 1387 1122 1520 1194; x_wconf 74' lang='grc'><strong>(26).</strong></span> 
     </span>
    </p>
   </div>
   <div class='ocr_carea' id='block_1_13' title="bbox 624 1199 2115 1284">
    <p class='ocr_par' dir='ltr' id='par_1_13' title="bbox 624 1199 2115 1284">
     <span class='ocr_line' id='line_1_13' title="bbox 624 1199 2115 1284; baseline 0.007 -20"><span class='ocrx_word' id='word_1_69' title='bbox 624 1199 852 1278; x_wconf 85' lang='lat' dir='ltr'><strong>Quidam</strong></span> <span class='ocrx_word' id='word_1_70' title='bbox 884 1212 1193 1282; x_wconf 84' lang='lat' dir='ltr'><strong>spectabilis</strong></span> <span class='ocrx_word' id='word_1_71' title='bbox 1219 1228 1415 1284; x_wconf 81' lang='lat' dir='ltr'><strong>genere</strong></span> <span class='ocrx_word' id='word_1_72' title='bbox 1439 1214 1778 1273; x_wconf 86' lang='lat' dir='ltr'><strong>Coloniensis</strong></span> <span class='ocrx_word' id='word_1_73' title='bbox 1799 1218 2115 1284; x_wconf 89' lang='lat' dir='ltr'><strong>canonicus,</strong></span> 
     </span>
    </p>
   </div>
   <div class='ocr_carea' id='block_1_14' title="bbox 532 1294 2118 1376">
    <p class='ocr_par' dir='ltr' id='par_1_14' title="bbox 532 1294 2118 1376">
     <span class='ocr_line' id='line_1_14' title="bbox 532 1294 2118 1376; baseline 0.004 -21"><span class='ocrx_word' id='word_1_74' title='bbox 532 1294 805 1370; x_wconf 39' lang='lat' dir='ltr'><strong>&#39;Wigerus</strong></span> <span class='ocrx_word' id='word_1_75' title='bbox 870 1301 1107 1368; x_wconf 87' lang='lat' dir='ltr'><strong>nomine,</strong></span> <span class='ocrx_word' id='word_1_76' title='bbox 1177 1304 1698 1376; x_wconf 86' lang='lat' dir='ltr'><strong>archiepiscopatum</strong></span> <span class='ocrx_word' id='word_1_77' title='bbox 1746 1305 2118 1364; x_wconf 82' lang='lat' dir='ltr'><strong>Ravennatem</strong></span> 
     </span>
    </p>
   </div>
   <div class='ocr_carea' id='block_1_15' title="bbox 552 1390 2117 1469">
    <p class='ocr_par' dir='ltr' id='par_1_15' title="bbox 552 1390 2117 1469">
     <span class='ocr_line' id='line_1_15' title="bbox 552 1390 2117 1469; baseline 0.007 -27"><span class='ocrx_word' id='word_1_78' title='bbox 552 1390 620 1444; x_wconf 90' lang='lat' dir='ltr'><strong>ab</strong></span> <span class='ocrx_word' id='word_1_79' title='bbox 690 1390 806 1461; x_wconf 90' lang='lat' dir='ltr'><strong>ipso</strong></span> <span class='ocrx_word' id='word_1_80' title='bbox 848 1390 1175 1462; x_wconf 86' lang='lat' dir='ltr'><strong>imperatore</strong></span> <span class='ocrx_word' id='word_1_81' title='bbox 1242 1392 1495 1450; x_wconf 87' lang='lat' dir='ltr'><strong>Heinrico</strong></span> <span class='ocrx_word' id='word_1_82' title='bbox 1552 1409 1891 1467; x_wconf 80' lang='lat' dir='ltr'><strong>acceperat:</strong></span> <span class='ocrx_word' id='word_1_83' title='bbox 1943 1399 2117 1469; x_wconf 87' lang='lat' dir='ltr'><strong>isque,</strong></span> 
     </span>
    </p>
   </div>
   <div class='ocr_carea' id='block_1_16' title="bbox 554 1485 2120 1561">
    <p class='ocr_par' dir='ltr' id='par_1_16' title="bbox 554 1485 2120 1561">
     <span class='ocr_line' id='line_1_16' title="bbox 554 1485 2120 1561; baseline 0.006 -26"><span class='ocrx_word' id='word_1_84' title='bbox 554 1490 844 1553; x_wconf 84' lang='lat' dir='ltr'><strong>antequam</strong></span> <span class='ocrx_word' id='word_1_85' title='bbox 871 1485 1155 1555; x_wconf 88' lang='lat' dir='ltr'><strong>episcopus</strong></span> <span class='ocrx_word' id='word_1_86' title='bbox 1182 1486 1547 1554; x_wconf 89' lang='lat' dir='ltr'><strong>ordinaretur,</strong></span> <span class='ocrx_word' id='word_1_87' title='bbox 1587 1489 1806 1544; x_wconf 90' lang='lat' dir='ltr'><strong>biennio</strong></span> <span class='ocrx_word' id='word_1_88' title='bbox 1840 1488 2120 1561; x_wconf 84' lang='lat' dir='ltr'><strong>presbyter</strong></span> 
     </span>
    </p>
   </div>
   <div class='ocr_carea' id='block_1_17' title="bbox 554 1581 2118 1646">
    <p class='ocr_par' dir='ltr' id='par_1_17' title="bbox 554 1581 2118 1646">
     <span class='ocr_line' id='line_1_17' title="bbox 554 1581 2118 1646; baseline 0.004 -14"><span class='ocrx_word' id='word_1_89' title='bbox 554 1586 786 1646; x_wconf 88' lang='lat' dir='ltr'><strong>tantum,</strong></span> <span class='ocrx_word' id='word_1_90' title='bbox 818 1595 939 1636; x_wconf 89' lang='lat' dir='ltr'><strong>cum</strong></span> <span class='ocrx_word' id='word_1_91' title='bbox 971 1581 1255 1638; x_wconf 88' lang='lat' dir='ltr'><strong>dalmatica</strong></span> <span class='ocrx_word' id='word_1_92' title='bbox 1302 1592 1357 1638; x_wconf 91' lang='lat' dir='ltr'><strong>et</strong></span> <span class='ocrx_word' id='word_1_93' title='bbox 1394 1583 1653 1638; x_wconf 87' lang='lat' dir='ltr'><strong>sandaliis</strong></span> <span class='ocrx_word' id='word_1_94' title='bbox 1700 1584 1985 1639; x_wconf 90' lang='lat' dir='ltr'><strong>missarum</strong></span> <span class='ocrx_word' id='word_1_95' title='bbox 2032 1598 2118 1638; x_wconf 86' lang='lat' dir='ltr'><strong>so-</strong></span> 
     </span>
    </p>
   </div>
   <div class='ocr_carea' id='block_1_18' title="bbox 555 1670 2114 1744">
    <p class='ocr_par' dir='ltr' id='par_1_18' title="bbox 555 1670 2114 1744">
     <span class='ocr_line' id='line_1_18' title="bbox 555 1670 2114 1744; baseline 0.006 -19"><span class='ocrx_word' id='word_1_96' title='bbox 555 1670 748 1725; x_wconf 89' lang='lat' dir='ltr'><strong>lemnia</strong></span> <span class='ocrx_word' id='word_1_97' title='bbox 777 1671 1164 1728; x_wconf 79' lang='lat' dir='ltr'><strong>celebraverat.</strong></span> <span class='ocrx_word' id='word_1_98' title='bbox 1198 1672 1348 1729; x_wconf 86' lang='lat' dir='ltr'><strong>Unde</strong></span> <span class='ocrx_word' id='word_1_99' title='bbox 1376 1690 1472 1744; x_wconf 88' lang='lat' dir='ltr'><strong>pro</strong></span> <span class='ocrx_word' id='word_1_100' title='bbox 1502 1674 1690 1731; x_wconf 78' lang='lat' dir='ltr'><strong>multis.</strong></span> <span class='ocrx_word' id='word_1_101' title='bbox 1719 1674 2020 1733; x_wconf 69' lang='lat' dir='ltr'><strong>inconsulti-2</strong></span> <span class='ocrx_word' id='word_1_102' title='bbox 2047 1677 2114 1734; x_wconf 82' lang='lat' dir='ltr'><strong>ab</strong></span> 
     </span>
    </p>
   </div>
   <div class='ocr_carea' id='block_1_19' title="bbox 553 1760 2115 1836">
    <p class='ocr_par' dir='ltr' id='par_1_19' title="bbox 553 1760 2115 1836">
     <span class='ocr_line' id='line_1_19' title="bbox 553 1760 2115 1836; baseline 0.006 -23"><span class='ocrx_word' id='word_1_103' title='bbox 553 1761 668 1833; x_wconf 76' lang='lat' dir='ltr'><strong>ipso</strong></span> <span class='ocrx_word' id='word_1_104' title='bbox 698 1760 893 1818; x_wconf 79' lang='lat' dir='ltr'><strong>ibidem</strong></span> <span class='ocrx_word' id='word_1_105' title='bbox 924 1762 1112 1836; x_wconf 78' lang='lat' dir='ltr'><strong>gestis,</strong></span> <span class='ocrx_word' id='word_1_106' title='bbox 1143 1771 1196 1817; x_wconf 94' lang='lat' dir='ltr'><strong>et</strong></span> <span class='ocrx_word' id='word_1_107' title='bbox 1229 1777 1326 1835; x_wconf 78' lang='lat' dir='ltr'><strong>pro</strong></span> <span class='ocrx_word' id='word_1_108' title='bbox 1365 1764 1472 1821; x_wconf 80' lang='lat' dir='ltr'><strong>bac</strong></span> <span class='ocrx_word' id='word_1_109' title='bbox 1499 1766 1734 1821; x_wconf 82' lang='lat' dir='ltr'><strong>maxime</strong></span> <span class='ocrx_word' id='word_1_110' title='bbox 1763 1768 1915 1835; x_wconf 91' lang='lat' dir='ltr'><strong>quasi</strong></span> <span class='ocrx_word' id='word_1_111' title='bbox 1951 1778 2115 1822; x_wconf 85' lang='lat' dir='ltr'><strong>teme-</strong></span> 
     </span>
    </p>
   </div>
   <div class='ocr_carea' id='block_1_20' title="bbox 553 1854 2116 1927">
    <p class='ocr_par' dir='ltr' id='par_1_20' title="bbox 553 1854 2116 1927">
     <span class='ocr_line' id='line_1_20' title="bbox 553 1854 2116 1927; baseline 0.004 -21"><span class='ocrx_word' id='word_1_112' title='bbox 553 1854 712 1908; x_wconf 85' lang='lat' dir='ltr'><strong>ritate</strong></span> <span class='ocrx_word' id='word_1_113' title='bbox 741 1863 1026 1909; x_wconf 88' lang='lat' dir='ltr'><strong>accusatus</strong></span> <span class='ocrx_word' id='word_1_114' title='bbox 1063 1856 1130 1911; x_wconf 88' lang='lat' dir='ltr'><strong>ad</strong></span> <span class='ocrx_word' id='word_1_115' title='bbox 1176 1855 1432 1925; x_wconf 88' lang='lat' dir='ltr'><strong>palatium</strong></span> <span class='ocrx_word' id='word_1_116' title='bbox 1472 1864 1744 1920; x_wconf 83' lang='lat' dir='ltr'><strong>evocatur,</strong></span> <span class='ocrx_word' id='word_1_117' title='bbox 1792 1856 1857 1911; x_wconf 90' lang='lat' dir='ltr'><strong>ab</strong></span> <span class='ocrx_word' id='word_1_118' title='bbox 1886 1857 2116 1927; x_wconf 85' lang='lat' dir='ltr'><strong>impera-</strong></span> 
     </span>
    </p>
   </div>
   <div class='ocr_carea' id='block_1_21' title="bbox 551 1946 2117 2022">
    <p class='ocr_par' dir='ltr' id='par_1_21' title="bbox 551 1946 2117 2022">
     <span class='ocr_line' id='line_1_21' title="bbox 551 1946 2117 2022; baseline 0.005 -25"><span class='ocrx_word' id='word_1_119' title='bbox 551 1954 666 2000; x_wconf 88' lang='lat' dir='ltr'><strong>tore</strong></span> <span class='ocrx_word' id='word_1_120' title='bbox 690 1946 831 2014; x_wconf 89' lang='lat' dir='ltr'><strong>qnod</strong></span> <span class='ocrx_word' id='word_1_121' title='bbox 862 1946 1122 2016; x_wconf 77' lang='lat' dir='ltr'><strong>ejusmodi</strong></span> <span class='ocrx_word' id='word_1_122' title='bbox 1168 1948 1638 2018; x_wconf 84' lang='lat' dir='ltr'><strong>praesumptionem</strong></span> <span class='ocrx_word' id='word_1_123' title='bbox 1678 1948 1960 2005; x_wconf 89' lang='lat' dir='ltr'><strong>admiserit</strong></span> <span class='ocrx_word' id='word_1_124' title='bbox 1998 1966 2117 2022; x_wconf 70' lang='lat' dir='ltr'><strong>gra-</strong></span> 
     </span>
    </p>
   </div>
   <div class='ocr_carea' id='block_1_22' title="bbox 549 2036 2115 2111">
    <p class='ocr_par' dir='ltr' id='par_1_22' title="bbox 549 2036 2115 2111">
     <span class='ocr_line' id='line_1_22' title="bbox 549 2036 2115 2111; baseline 0.004 -22"><span class='ocrx_word' id='word_1_125' title='bbox 549 2036 688 2090; x_wconf 90' lang='lat' dir='ltr'><strong>viter</strong></span> <span class='ocrx_word' id='word_1_126' title='bbox 717 2036 1077 2092; x_wconf 86' lang='lat' dir='ltr'><strong>insimulatur.</strong></span> <span class='ocrx_word' id='word_1_127' title='bbox 1113 2037 1356 2108; x_wconf 88' lang='lat' dir='ltr'><strong>Cumque</strong></span> <span class='ocrx_word' id='word_1_128' title='bbox 1380 2039 1430 2093; x_wconf 91' lang='lat' dir='ltr'><strong>id</strong></span> <span class='ocrx_word' id='word_1_129' title='bbox 1464 2052 1678 2110; x_wconf 89' lang='lat' dir='ltr'><strong>semper</strong></span> <span class='ocrx_word' id='word_1_130' title='bbox 1703 2039 1820 2111; x_wconf 88' lang='lat' dir='ltr'><strong>ejus</strong></span> <span class='ocrx_word' id='word_1_131' title='bbox 1861 2040 2115 2095; x_wconf 69' lang='lat' dir='ltr'><strong>Ecclesia:</strong></span> 
     </span>
    </p>
   </div>
   <div class='ocr_carea' id='block_1_23' title="bbox 546 2128 2114 2199">
    <p class='ocr_par' dir='ltr' id='par_1_23' title="bbox 546 2128 2114 2199">
     <span class='ocr_line' id='line_1_23' title="bbox 546 2128 2114 2199; baseline 0.003 -18"><span class='ocrx_word' id='word_1_132' title='bbox 546 2128 877 2199; x_wconf 87' lang='lat' dir='ltr'><strong>presbyteris</strong></span> <span class='ocrx_word' id='word_1_133' title='bbox 927 2143 995 2183; x_wconf 78' lang='lat' dir='ltr'><strong>ex</strong></span> <span class='ocrx_word' id='word_1_134' title='bbox 1046 2137 1356 2184; x_wconf 88' lang='lat' dir='ltr'><strong>sanctorum</strong></span> <span class='ocrx_word' id='word_1_135' title='bbox 1404 2128 1625 2185; x_wconf 85' lang='lat' dir='ltr'><strong>Patrum</strong></span> <span class='ocrx_word' id='word_1_136' title='bbox 1690 2131 2009 2187; x_wconf 87' lang='lat' dir='ltr'><strong>auctoritate</strong></span> <span class='ocrx_word' id='word_1_137' title='bbox 2052 2131 2114 2186; x_wconf 84' lang='lat' dir='ltr'><strong>li-</strong></span> 
     </span>
    </p>
   </div>
   <div class='ocr_carea' id='block_1_24' title="bbox 549 2218 2114 2292">
    <p class='ocr_par' dir='ltr' id='par_1_24' title="bbox 549 2218 2114 2292">
     <span class='ocr_line' id='line_1_24' title="bbox 549 2218 2114 2292; baseline 0.003 -20"><span class='ocrx_word' id='word_1_138' title='bbox 549 2220 724 2273; x_wconf 87' lang='lat' dir='ltr'><strong>cuisse</strong></span> <span class='ocrx_word' id='word_1_139' title='bbox 781 2220 1165 2289; x_wconf 88' lang='lat' dir='ltr'><strong>respondisset,</strong></span> <span class='ocrx_word' id='word_1_140' title='bbox 1214 2234 1374 2290; x_wconf 88' lang='lat' dir='ltr'><strong>super</strong></span> <span class='ocrx_word' id='word_1_141' title='bbox 1408 2221 1495 2276; x_wconf 92' lang='lat' dir='ltr'><strong>his</strong></span> <span class='ocrx_word' id='word_1_142' title='bbox 1528 2218 1791 2289; x_wconf 89' lang='lat' dir='ltr'><strong>judicium</strong></span> <span class='ocrx_word' id='word_1_143' title='bbox 1839 2223 2114 2292; x_wconf 85' lang='lat' dir='ltr'><strong>episcopo-</strong></span> 
     </span>
    </p>
   </div>
   <div class='ocr_carea' id='block_1_25' title="bbox 548 2310 2113 2383">
    <p class='ocr_par' dir='ltr' id='par_1_25' title="bbox 548 2310 2113 2383">
     <span class='ocr_line' id='line_1_25' title="bbox 548 2310 2113 2383; baseline 0.003 -19"><span class='ocrx_word' id='word_1_144' title='bbox 548 2327 667 2365; x_wconf 90' lang='lat' dir='ltr'><strong>rum</strong></span> <span class='ocrx_word' id='word_1_145' title='bbox 695 2312 1003 2380; x_wconf 81' lang='lat' dir='ltr'><strong>exquiritur</strong></span> <span class='ocrx_word' id='word_1_146' title='bbox 1028 2330 1041 2366; x_wconf 92' lang='lat'>:</span> <span class='ocrx_word' id='word_1_147' title='bbox 1071 2310 1522 2383; x_wconf 86' lang='lat' dir='ltr'><strong>respondentibus</strong></span> <span class='ocrx_word' id='word_1_148' title='bbox 1564 2311 1885 2382; x_wconf 87' lang='lat' dir='ltr'><strong>quibusdam</strong></span> <span class='ocrx_word' id='word_1_149' title='bbox 1914 2314 1981 2368; x_wconf 88' lang='lat' dir='ltr'><strong>ad</strong></span> <span class='ocrx_word' id='word_1_150' title='bbox 2022 2328 2113 2368; x_wconf 81' lang='lat' dir='ltr'><strong>vo-</strong></span> 
     </span>
    </p>
   </div>
   <div class='ocr_carea' id='block_1_26' title="bbox 545 2405 2109 2478">
    <p class='ocr_par' dir='ltr' id='par_1_26' title="bbox 545 2405 2109 2478">
     <span class='ocr_line' id='line_1_26' title="bbox 545 2405 2109 2478; baseline 0.001 -20"><span class='ocrx_word' id='word_1_151' title='bbox 545 2405 804 2478; x_wconf 86' lang='lat' dir='ltr'><strong>luntatem</strong></span> <span class='ocrx_word' id='word_1_152' title='bbox 840 2406 1197 2475; x_wconf 86' lang='lat' dir='ltr'><strong>imperatoris,</strong></span> <span class='ocrx_word' id='word_1_153' title='bbox 1226 2405 1542 2477; x_wconf 88' lang='lat' dir='ltr'><strong>quibusdam</strong></span> <span class='ocrx_word' id='word_1_154' title='bbox 1567 2420 1696 2462; x_wconf 86' lang='lat' dir='ltr'><strong>vero</strong></span> <span class='ocrx_word' id='word_1_155' title='bbox 1721 2406 2109 2473; x_wconf 65' lang='lat' dir='ltr'><strong>haesitantibus,</strong></span> 
     </span>
    </p>
   </div>
   <div class='ocr_carea' id='block_1_27' title="bbox 532 2495 2112 2573">
    <p class='ocr_par' dir='ltr' id='par_1_27' title="bbox 532 2495 2112 2573">
     <span class='ocr_line' id='line_1_27' title="bbox 532 2495 2112 2573; baseline 0.002 -23"><span class='ocrx_word' id='word_1_156' title='bbox 532 2495 759 2571; x_wconf 89' lang='lat' dir='ltr'><strong>venitur</strong></span> <span class='ocrx_word' id='word_1_157' title='bbox 788 2497 853 2552; x_wconf 91' lang='lat' dir='ltr'><strong>ad</strong></span> <span class='ocrx_word' id='word_1_158' title='bbox 890 2496 1182 2553; x_wconf 84' lang='lat' dir='ltr'><strong>Wazonem</strong></span> <span class='ocrx_word' id='word_1_159' title='bbox 1219 2496 1549 2568; x_wconf 84' lang='lat' dir='ltr'><strong>episcopum.</strong></span> <span class='ocrx_word' id='word_1_160' title='bbox 1579 2496 1676 2573; x_wconf 86' lang='lat' dir='ltr'><strong>lllo</strong></span> <span class='ocrx_word' id='word_1_161' title='bbox 1700 2497 1926 2553; x_wconf 89' lang='lat' dir='ltr'><strong>multum</strong></span> <span class='ocrx_word' id='word_1_162' title='bbox 1954 2513 2112 2554; x_wconf 83' lang='lat' dir='ltr'><strong>excu-</strong></span> 
     </span>
    </p>
   </div>
   <div class='ocr_carea' id='block_1_28' title="bbox 544 2590 2112 2661">
    <p class='ocr_par' dir='ltr' id='par_1_28' title="bbox 544 2590 2112 2661">
     <span class='ocr_line' id='line_1_28' title="bbox 544 2590 2112 2661; baseline 0.002 -17"><span class='ocrx_word' id='word_1_163' title='bbox 544 2598 719 2655; x_wconf 86' lang='lat' dir='ltr'><strong>sante,</strong></span> <span class='ocrx_word' id='word_1_164' title='bbox 746 2590 989 2645; x_wconf 85' lang='lat' dir='ltr'><strong>Italicum</strong></span> <span class='ocrx_word' id='word_1_165' title='bbox 1024 2591 1345 2661; x_wconf 75' lang='lat' dir='ltr'><strong>episcopum</strong></span> <span class='ocrx_word' id='word_1_166' title='bbox 1392 2604 1729 2661; x_wconf 87' lang='lat' dir='ltr'><strong>nequaquam</strong></span> <span class='ocrx_word' id='word_1_167' title='bbox 1770 2606 1801 2645; x_wconf 89' lang='lat' dir='ltr'><strong>a</strong></span> <span class='ocrx_word' id='word_1_168' title='bbox 1848 2607 1908 2647; x_wconf 91' lang='lat' dir='ltr'><strong>se</strong></span> <span class='ocrx_word' id='word_1_169' title='bbox 1943 2591 2112 2647; x_wconf 86' lang='lat' dir='ltr'><strong>Cisal-</strong></span> 
     </span>
    </p>
   </div>
   <div class='ocr_carea' id='block_1_29' title="bbox 542 2681 2112 2752">
    <p class='ocr_par' dir='ltr' id='par_1_29' title="bbox 542 2681 2112 2752">
     <span class='ocr_line' id='line_1_29' title="bbox 542 2681 2112 2752; baseline 0.001 -17"><span class='ocrx_word' id='word_1_170' title='bbox 542 2682 670 2751; x_wconf 85' lang='lat' dir='ltr'><strong>pino</strong></span> <span class='ocrx_word' id='word_1_171' title='bbox 716 2682 912 2737; x_wconf 84' lang='lat' dir='ltr'><strong>debere</strong></span> <span class='ocrx_word' id='word_1_172' title='bbox 952 2681 1209 2752; x_wconf 91' lang='lat' dir='ltr'><strong>judicari,</strong></span> <span class='ocrx_word' id='word_1_173' title='bbox 1249 2681 1539 2752; x_wconf 88' lang='lat' dir='ltr'><strong>imperator</strong></span> <span class='ocrx_word' id='word_1_174' title='bbox 1579 2682 1772 2736; x_wconf 88' lang='lat' dir='ltr'><strong>iterum</strong></span> <span class='ocrx_word' id='word_1_175' title='bbox 1819 2690 1879 2736; x_wconf 90' lang='lat' dir='ltr'><strong>ut</strong></span> <span class='ocrx_word' id='word_1_176' title='bbox 1924 2682 2112 2737; x_wconf 84' lang='lat' dir='ltr'><strong>admo-</strong></span> 
     </span>
    </p>
   </div>
   <div class='ocr_carea' id='block_1_30' title="bbox 543 2773 2107 2845">
    <p class='ocr_par' dir='ltr' id='par_1_30' title="bbox 543 2773 2107 2845">
     <span class='ocr_line' id='line_1_30' title="bbox 543 2773 2107 2845; baseline 0.001 -17"><span class='ocrx_word' id='word_1_177' title='bbox 543 2775 689 2829; x_wconf 89' lang='lat' dir='ltr'><strong>nitus</strong></span> <span class='ocrx_word' id='word_1_178' title='bbox 755 2790 851 2844; x_wconf 86' lang='lat' dir='ltr'><strong>per</strong></span> <span class='ocrx_word' id='word_1_179' title='bbox 917 2774 1279 2829; x_wconf 84' lang='lat' dir='ltr'><strong>obedientiam</strong></span> <span class='ocrx_word' id='word_1_180' title='bbox 1341 2786 1503 2845; x_wconf 87' lang='lat' dir='ltr'><strong>super</strong></span> <span class='ocrx_word' id='word_1_181' title='bbox 1569 2774 1672 2829; x_wconf 91' lang='lat' dir='ltr'><strong>hoc</strong></span> <span class='ocrx_word' id='word_1_182' title='bbox 1727 2773 1872 2829; x_wconf 88' lang='lat' dir='ltr'><strong>facto</strong></span> <span class='ocrx_word' id='word_1_183' title='bbox 1920 2775 2107 2845; x_wconf 88' lang='lat' dir='ltr'><strong>judicii</strong></span> 
     </span>
    </p>
   </div>
   <div class='ocr_carea' id='block_1_31' title="bbox 543 2862 2107 2932">
    <p class='ocr_par' dir='ltr' id='par_1_31' title="bbox 543 2862 2107 2932">
     <span class='ocr_line' id='line_1_31' title="bbox 543 2862 2107 2932; baseline 0.001 -15"><span class='ocrx_word' id='word_1_184' title='bbox 543 2864 865 2919; x_wconf 85' lang='lat' dir='ltr'><strong>sententiam</strong></span> <span class='ocrx_word' id='word_1_185' title='bbox 911 2863 1090 2917; x_wconf 90' lang='lat' dir='ltr'><strong>edicat</strong></span> <span class='ocrx_word' id='word_1_186' title='bbox 1116 2863 1462 2919; x_wconf 84' lang='lat' dir='ltr'><strong>vehementer</strong></span> <span class='ocrx_word' id='word_1_187' title='bbox 1503 2863 1721 2919; x_wconf 86' lang='lat' dir='ltr'><strong>insistit.</strong></span> <span class='ocrx_word' id='word_1_188' title='bbox 1758 2862 1833 2918; x_wconf 92' lang='lat' dir='ltr'><strong>lta</strong></span> <span class='ocrx_word' id='word_1_189' title='bbox 1868 2874 2107 2932; x_wconf 85' lang='lat' dir='ltr'><strong>coactus,</strong></span> 
     </span>
    </p>
   </div>
   <div class='ocr_carea' id='block_1_32' title="bbox 545 2950 2107 3025">
    <p class='ocr_par' dir='ltr' id='par_1_32' title="bbox 545 2950 2107 3025">
     <span class='ocr_line' id='line_1_32' title="bbox 545 2950 2107 3025; baseline 0.001 -16"><span class='ocrx_word' id='word_1_190' title='bbox 545 2955 758 3009; x_wconf 88' lang='lat' dir='ltr'><strong>tandem</strong></span> <span class='ocrx_word' id='word_1_191' title='bbox 808 2954 936 3025; x_wconf 90' lang='lat' dir='ltr'><strong>quid</strong></span> <span class='ocrx_word' id='word_1_192' title='bbox 982 2970 1144 3024; x_wconf 89' lang='lat' dir='ltr'><strong>super</strong></span> <span class='ocrx_word' id='word_1_193' title='bbox 1183 2955 1267 3009; x_wconf 92' lang='lat' dir='ltr'><strong>his</strong></span> <span class='ocrx_word' id='word_1_194' title='bbox 1315 2955 1539 3010; x_wconf 90' lang='lat' dir='ltr'><strong>sentiret</strong></span> <span class='ocrx_word' id='word_1_195' title='bbox 1592 2950 2107 3024; x_wconf 72' lang='lat' dir='ltr'><strong>apet‘uit&#39;Summo,</strong></span> 
     </span>
    </p>
   </div>
   <div class='ocr_carea' id='block_1_33' title="bbox 543 3042 2107 3115">
    <p class='ocr_par' dir='ltr' id='par_1_33' title="bbox 543 3042 2107 3115">
     <span class='ocr_line' id='line_1_33' title="bbox 543 3042 2107 3115; baseline 0.001 -16"><span class='ocrx_word' id='word_1_196' title='bbox 543 3045 810 3115; x_wconf 88' lang='lat' dir='ltr'><strong>inquiens,</strong></span> <span class='ocrx_word' id='word_1_197' title='bbox 845 3042 1082 3114; x_wconf 88' lang='lat' dir='ltr'><strong>pontiﬁci</strong></span> <span class='ocrx_word' id='word_1_198' title='bbox 1113 3043 1493 3110; x_wconf 87' lang='lat' dir='ltr'><strong>obedientiam,</strong></span> <span class='ocrx_word' id='word_1_199' title='bbox 1542 3044 1695 3100; x_wconf 81' lang='lat' dir='ltr'><strong>vobis</strong></span> <span class='ocrx_word' id='word_1_200' title='bbox 1732 3053 1910 3100; x_wconf 89' lang='lat' dir='ltr'><strong>autem</strong></span> <span class='ocrx_word' id='word_1_201' title='bbox 1943 3046 2107 3102; x_wconf 87' lang='lat' dir='ltr'><strong>debe-</strong></span> 
     </span>
    </p>
   </div>
   <div class='ocr_carea' id='block_1_34' title="bbox 545 3132 2104 3200">
    <p class='ocr_par' dir='ltr' id='par_1_34' title="bbox 545 3132 2104 3200">
     <span class='ocr_line' id='line_1_34' title="bbox 545 3132 2104 3200; baseline 0.001 -12"><span class='ocrx_word' id='word_1_202' title='bbox 545 3150 663 3189; x_wconf 87' lang='lat' dir='ltr'><strong>mus</strong></span> <span class='ocrx_word' id='word_1_203' title='bbox 696 3133 1033 3200; x_wconf 83' lang='lat' dir='ltr'><strong>ﬁdclitatem;</strong></span> <span class='ocrx_word' id='word_1_204' title='bbox 1064 3133 1215 3188; x_wconf 82' lang='lat' dir='ltr'><strong>vobis</strong></span> <span class='ocrx_word' id='word_1_205' title='bbox 1243 3133 1308 3187; x_wconf 91' lang='lat' dir='ltr'><strong>de</strong></span> <span class='ocrx_word' id='word_1_206' title='bbox 1336 3132 1709 3200; x_wconf 84' lang='lat' dir='ltr'><strong>saecularibus,</strong></span> <span class='ocrx_word' id='word_1_207' title='bbox 1742 3133 1814 3188; x_wconf 91' lang='lat' dir='ltr'><strong>illi</strong></span> <span class='ocrx_word' id='word_1_208' title='bbox 1839 3135 2104 3191; x_wconf 89' lang='lat' dir='ltr'><strong>rationem</strong></span> 
     </span>
    </p>
   </div>
   <div class='ocr_carea' id='block_1_35' title="bbox 445 3221 2108 3292">
    <p class='ocr_par' dir='ltr' id='par_1_35' title="bbox 445 3221 2108 3292">
     <span class='ocr_line' id='line_1_35' title="bbox 445 3221 2108 3292; baseline 0.001 -15"><span class='ocrx_word' id='word_1_209' title='bbox 445 3247 451 3253; x_wconf 88' lang='grc'>·</span> <span class='ocrx_word' id='word_1_210' title='bbox 520 3224 770 3280; x_wconf 89' lang='lat' dir='ltr'><strong>.reddere</strong></span> <span class='ocrx_word' id='word_1_211' title='bbox 822 3222 1078 3289; x_wconf 82' lang='lat' dir='ltr'><strong>debemus</strong></span> <span class='ocrx_word' id='word_1_212' title='bbox 1116 3222 1182 3277; x_wconf 85' lang='lat' dir='ltr'><strong>de</strong></span> <span class='ocrx_word' id='word_1_213' title='bbox 1211 3221 1295 3277; x_wconf 91' lang='lat' dir='ltr'><strong>his</strong></span> <span class='ocrx_word' id='word_1_214' title='bbox 1332 3237 1450 3292; x_wconf 88' lang='lat' dir='ltr'><strong>quae</strong></span> <span class='ocrx_word' id='word_1_215' title='bbox 1484 3222 1551 3276; x_wconf 92' lang='lat' dir='ltr'><strong>ad</strong></span> <span class='ocrx_word' id='word_1_216' title='bbox 1592 3223 1829 3278; x_wconf 89' lang='lat' dir='ltr'><strong>divinum</strong></span> <span class='ocrx_word' id='word_1_217' title='bbox 1878 3221 2108 3279; x_wconf 75' lang='lat' dir='ltr'><strong>cilicium</strong></span> 
     </span>
    </p>
   </div>
   <div class='ocr_carea' id='block_1_36' title="bbox 528 3314 2110 3386">
    <p class='ocr_par' dir='ltr' id='par_1_36' title="bbox 528 3314 2110 3386">
     <span class='ocr_line' id='line_1_36' title="bbox 528 3314 2110 3386; baseline -0.001 -15"><span class='ocrx_word' id='word_1_218' title='bbox 528 3316 775 3371; x_wconf 78' lang='lat' dir='ltr'><strong>attinere</strong></span> <span class='ocrx_word' id='word_1_219' title='bbox 804 3314 1091 3380; x_wconf 89' lang='lat' dir='ltr'><strong>videntur;</strong></span> <span class='ocrx_word' id='word_1_220' title='bbox 1126 3314 1353 3384; x_wconf 86' lang='lat' dir='ltr'><strong>ideoque</strong></span> <span class='ocrx_word' id='word_1_221' title='bbox 1380 3328 1499 3369; x_wconf 90' lang='lat' dir='ltr'><strong>mea</strong></span> <span class='ocrx_word' id='word_1_222' title='bbox 1535 3314 1820 3382; x_wconf 89' lang='lat' dir='ltr'><strong>sententia,</strong></span> <span class='ocrx_word' id='word_1_223' title='bbox 1852 3316 2110 3386; x_wconf 83' lang='lat' dir='ltr'><strong>quidquid</strong></span> 
     </span>
    </p>
   </div>
   <div class='ocr_carea' id='block_1_37' title="bbox 524 3404 2110 3473">
    <p class='ocr_par' dir='ltr' id='par_1_37' title="bbox 524 3404 2110 3473">
     <span class='ocr_line' id='line_1_37' title="bbox 524 3404 2110 3473; baseline 0.001 -13"><span class='ocrx_word' id='word_1_224' title='bbox 524 3408 646 3461; x_wconf 74' lang='lat' dir='ltr'><strong>’iste</strong></span> <span class='ocrx_word' id='word_1_225' title='bbox 701 3415 890 3460; x_wconf 89' lang='lat' dir='ltr'><strong>contra</strong></span> <span class='ocrx_word' id='word_1_226' title='bbox 937 3404 1360 3461; x_wconf 87' lang='lat' dir='ltr'><strong>ecclesiasticum</strong></span> <span class='ocrx_word' id='word_1_227' title='bbox 1415 3406 1658 3461; x_wconf 89' lang='lat' dir='ltr'><strong>ordinem</strong></span> <span class='ocrx_word' id='word_1_228' title='bbox 1705 3406 2002 3473; x_wconf 84' lang='lat' dir='ltr'><strong>admiserit,</strong></span> <span class='ocrx_word' id='word_1_229' title='bbox 2058 3408 2110 3462; x_wconf 90' lang='lat' dir='ltr'><strong>id</strong></span> 
     </span>
    </p>
   </div>
   <div class='ocr_carea' id='block_1_38' title="bbox 534 3495 2111 3567">
    <p class='ocr_par' dir='ltr' id='par_1_38' title="bbox 534 3495 2111 3567">
     <span class='ocr_line' id='line_1_38' title="bbox 534 3495 2111 3567; baseline 0.001 -16"><span class='ocrx_word' id='word_1_230' title='bbox 534 3498 812 3553; x_wconf 83' lang='lat' dir='ltr'><strong>discutere</strong></span> <span class='ocrx_word' id='word_1_231' title='bbox 888 3497 1176 3566; x_wconf 90' lang='lat' dir='ltr'><strong>pronuntio</strong></span> <span class='ocrx_word' id='word_1_232' title='bbox 1249 3495 1524 3567; x_wconf 88' lang='lat' dir='ltr'><strong>apostolici</strong></span> <span class='ocrx_word' id='word_1_233' title='bbox 1590 3498 1957 3553; x_wconf 87' lang='lat' dir='ltr'><strong>tantummodo</strong></span> <span class='ocrx_word' id='word_1_234' title='bbox 2032 3498 2111 3552; x_wconf 84' lang='lat' dir='ltr'><strong>in-</strong></span> 
     </span>
    </p>
   </div>
   <div class='ocr_carea' id='block_1_39' title="bbox 546 3586 2113 3658">
    <p class='ocr_par' dir='ltr' id='par_1_39' title="bbox 546 3586 2113 3658">
     <span class='ocr_line' id='line_1_39' title="bbox 546 3586 2113 3658; baseline 0.001 -16"><span class='ocrx_word' id='word_1_235' title='bbox 546 3600 747 3643; x_wconf 87' lang='lat' dir='ltr'><strong>teresse</strong></span> <span class='ocrx_word' id='word_1_236' title='bbox 781 3605 795 3642; x_wconf 88' lang='lat'><strong>:</strong></span> <span class='ocrx_word' id='word_1_237' title='bbox 833 3586 877 3642; x_wconf 92' lang='lat' dir='ltr'><strong>si</strong></span> <span class='ocrx_word' id='word_1_238' title='bbox 915 3587 1043 3658; x_wconf 90' lang='lat' dir='ltr'><strong>quid</strong></span> <span class='ocrx_word' id='word_1_239' title='bbox 1075 3595 1253 3642; x_wconf 89' lang='lat' dir='ltr'><strong>autem</strong></span> <span class='ocrx_word' id='word_1_240' title='bbox 1290 3587 1343 3641; x_wconf 93' lang='lat' dir='ltr'><strong>in</strong></span> <span class='ocrx_word' id='word_1_241' title='bbox 1393 3586 1739 3642; x_wconf 70' lang='lat' dir='ltr'><strong>saacularibus</strong></span> <span class='ocrx_word' id='word_1_242' title='bbox 1788 3603 1907 3657; x_wconf 82' lang='lat' dir='ltr'><strong>quae</strong></span> <span class='ocrx_word' id='word_1_243' title='bbox 1947 3604 1977 3641; x_wconf 88' lang='lat' dir='ltr'><strong>a</strong></span> <span class='ocrx_word' id='word_1_244' title='bbox 2018 3604 2113 3643; x_wconf 87' lang='lat' dir='ltr'><strong>vo-</strong></span> 
     </span>
    </p>
   </div>
   <div class='ocr_carea' id='block_1_40' title="bbox 524 3678 2112 3751">
    <p class='ocr_par' dir='ltr' id='par_1_40' title="bbox 524 3678 2112 3751">
     <span class='ocr_line' id='line_1_40' title="bbox 524 3678 2112 3751; baseline -0.001 -17"><span class='ocrx_word' id='word_1_245' title='bbox 524 3682 626 3736; x_wconf 83' lang='lat' dir='ltr'><strong>bis</strong></span> <span class='ocrx_word' id='word_1_246' title='bbox 691 3680 764 3734; x_wconf 91' lang='lat' dir='ltr'><strong>illi</strong></span> <span class='ocrx_word' id='word_1_247' title='bbox 824 3679 1026 3734; x_wconf 90' lang='lat' dir='ltr'><strong>credita</strong></span> <span class='ocrx_word' id='word_1_248' title='bbox 1088 3688 1214 3735; x_wconf 90' lang='lat' dir='ltr'><strong>sunt</strong></span> <span class='ocrx_word' id='word_1_249' title='bbox 1275 3679 1609 3751; x_wconf 78' lang='lat' dir='ltr'><strong>negligenter</strong></span> <span class='ocrx_word' id='word_1_250' title='bbox 1655 3678 1768 3734; x_wconf 91' lang='lat' dir='ltr'><strong>sive</strong></span> <span class='ocrx_word' id='word_1_251' title='bbox 1824 3678 2112 3734; x_wconf 86' lang='lat' dir='ltr'><strong>inﬁdeliter</strong></span> 
     </span>
    </p>
   </div>
   <div class='ocr_carea' id='block_1_41' title="bbox 532 3769 2109 3843">
    <p class='ocr_par' dir='ltr' id='par_1_41' title="bbox 532 3769 2109 3843">
     <span class='ocr_line' id='line_1_41' title="bbox 532 3769 2109 3843; baseline -0.001 -17"><span class='ocrx_word' id='word_1_252' title='bbox 532 3772 727 3843; x_wconf 79' lang='lat' dir='ltr'><strong>&#39;gessil,</strong></span> <span class='ocrx_word' id='word_1_253' title='bbox 757 3770 942 3840; x_wconf 88' lang='lat' dir='ltr'><strong>procul</strong></span> <span class='ocrx_word' id='word_1_254' title='bbox 970 3771 1131 3826; x_wconf 90' lang='lat' dir='ltr'><strong>dubio</strong></span> <span class='ocrx_word' id='word_1_255' title='bbox 1163 3770 1230 3826; x_wconf 91' lang='lat' dir='ltr'><strong>ad</strong></span> <span class='ocrx_word' id='word_1_256' title='bbox 1274 3780 1452 3825; x_wconf 86' lang='lat' dir='ltr'><strong>vestra</strong></span> <span class='ocrx_word' id='word_1_257' title='bbox 1483 3769 1648 3826; x_wconf 88' lang='lat' dir='ltr'><strong>refert</strong></span> <span class='ocrx_word' id='word_1_258' title='bbox 1684 3770 1916 3841; x_wconf 77' lang='lat' dir='ltr'><strong>exigere.</strong></span> <span class='ocrx_word' id='word_1_259' title='bbox 1964 3770 2109 3825; x_wconf 60' lang='lat' dir='ltr'><strong>Con.</strong></span> 
     </span>
    </p>
   </div>
   <div class='ocr_carea' id='block_1_42' title="bbox 509 3861 2112 3941">
    <p class='ocr_par' dir='ltr' id='par_1_42' title="bbox 509 3861 2112 3941">
     <span class='ocr_line' id='line_1_42' title="bbox 509 3861 2112 3941; baseline -0.002 -23"><span class='ocrx_word' id='word_1_260' title='bbox 509 3864 900 3941; x_wconf 51' lang='lat' dir='ltr'><strong>‘scntientibus</strong></span> <span class='ocrx_word' id='word_1_261' title='bbox 928 3863 1055 3919; x_wconf 87' lang='lat' dir='ltr'><strong>huic</strong></span> <span class='ocrx_word' id='word_1_262' title='bbox 1101 3862 1383 3918; x_wconf 68' lang='lat' dir='ltr'><strong>sententiae</strong></span> <span class='ocrx_word' id='word_1_263' title='bbox 1418 3862 1630 3918; x_wconf 68' lang='lat' dir='ltr'><strong>caeteris</strong></span> <span class='ocrx_word' id='word_1_264' title='bbox 1657 3862 1946 3932; x_wconf 87' lang='lat' dir='ltr'><strong>episcopis,</strong></span> <span class='ocrx_word' id='word_1_265' title='bbox 1994 3861 2112 3916; x_wconf 88' lang='lat' dir='ltr'><strong>nul-</strong></span> 
     </span>
    </p>
   </div>
   <div class='ocr_carea' id='block_1_43' title="bbox 527 3953 2108 4025">
    <p class='ocr_par' dir='ltr' id='par_1_43' title="bbox 527 3953 2108 4025">
     <span class='ocr_line' id='line_1_43' title="bbox 527 3953 2108 4025; baseline 0.001 -17"><span class='ocrx_word' id='word_1_266' title='bbox 527 3953 644 4009; x_wconf 85' lang='lat' dir='ltr'><strong>1ius</strong></span> <span class='ocrx_word' id='word_1_267' title='bbox 694 3953 900 4024; x_wconf 90' lang='lat' dir='ltr'><strong>judicio</strong></span> <span class='ocrx_word' id='word_1_268' title='bbox 961 3970 1025 4009; x_wconf 90' lang='lat' dir='ltr'><strong>eo</strong></span> <span class='ocrx_word' id='word_1_269' title='bbox 1071 3956 1158 4010; x_wconf 89' lang='lat' dir='ltr'><strong>die</strong></span> <span class='ocrx_word' id='word_1_270' title='bbox 1216 3955 1578 4025; x_wconf 90' lang='lat' dir='ltr'><strong>episcopatum</strong></span> <span class='ocrx_word' id='word_1_271' title='bbox 1630 3953 1975 4024; x_wconf 88' lang='lat' dir='ltr'><strong>perdidisset,</strong></span> <span class='ocrx_word' id='word_1_272' title='bbox 2005 3954 2108 4010; x_wconf 84' lang='lat' dir='ltr'><strong>nisi</strong></span> 
     </span>
    </p>
   </div>
   <div class='ocr_carea' id='block_1_44' title="bbox 534 4040 2107 4117">
    <p class='ocr_par' dir='ltr' id='par_1_44' title="bbox 534 4040 2107 4117">
     <span class='ocr_line' id='line_1_44' title="bbox 534 4040 2107 4117; baseline 0.001 -18"><span class='ocrx_word' id='word_1_273' title='bbox 534 4046 657 4116; x_wconf 81' lang='lat' dir='ltr'><strong>ipse</strong></span> <span class='ocrx_word' id='word_1_274' title='bbox 713 4046 855 4101; x_wconf 89' lang='lat' dir='ltr'><strong>ultro</strong></span> <span class='ocrx_word' id='word_1_275' title='bbox 904 4046 1217 4117; x_wconf 88' lang='lat' dir='ltr'><strong>imperatori</strong></span> <span class='ocrx_word' id='word_1_276' title='bbox 1279 4046 1527 4102; x_wconf 81' lang='lat' dir='ltr'><strong>redderet</strong></span> <span class='ocrx_word' id='word_1_277' title='bbox 1561 4045 1811 4102; x_wconf 90' lang='lat' dir='ltr'><strong>baculum</strong></span> <span class='ocrx_word' id='word_1_278' title='bbox 1857 4040 1979 4103; x_wconf 85' lang='lat' dir='ltr'><strong>eum</strong></span> <span class='ocrx_word' id='word_1_279' title='bbox 2016 4063 2107 4100; x_wconf 89' lang='lat' dir='ltr'><strong>an-</strong></span> 
     </span>
    </p>
   </div>
   <div class='ocr_carea' id='block_1_45' title="bbox 539 4136 693 4192">
    <p class='ocr_par' dir='ltr' id='par_1_45' title="bbox 539 4136 693 4192">
     <span class='ocr_line' id='line_1_45' title="bbox 539 4136 693 4192; baseline -0.006 0"><span class='ocrx_word' id='word_1_280' title='bbox 539 4136 693 4192; x_wconf 87' lang='lat' dir='ltr'><strong>nulo.</strong></span> 
     </span>
    </p>
   </div>
   <div class='ocr_carea' id='block_1_46' title="bbox 575 4250 2078 4320">
    <p class='ocr_par' dir='ltr' id='par_1_46' title="bbox 575 4250 2078 4320">
     <span class='ocr_line' id='line_1_46' title="bbox 575 4250 2078 4320; baseline 0.001 -13"><span class='ocrx_word' id='word_1_281' title='bbox 575 4251 704 4307; x_wconf 66' lang='lat' dir='ltr'><strong>Car.</strong></span> <span class='ocrx_word' id='word_1_282' title='bbox 734 4252 888 4307; x_wconf 75' lang='lat' dir='ltr'><strong>XXI.</strong></span> <span class='ocrx_word' id='word_1_283' title='bbox 915 4253 1174 4320; x_wconf 67' lang='lat' dir='ltr'><strong>Qualiter</strong></span> <span class='ocrx_word' id='word_1_284' title='bbox 1206 4270 1239 4307; x_wconf 90' lang='lat' dir='ltr'><strong>a</strong></span> <span class='ocrx_word' id='word_1_285' title='bbox 1269 4254 1529 4308; x_wconf 79' lang='lat' dir='ltr'><strong>comitissa</strong></span> <span class='ocrx_word' id='word_1_286' title='bbox 1558 4252 1750 4308; x_wconf 83' lang='lat' dir='ltr'><strong>montis</strong></span> <span class='ocrx_word' id='word_1_287' title='bbox 1775 4250 2078 4309; x_wconf 82' lang='lat' dir='ltr'><strong>Castrorum</strong></span> 
     </span>
    </p>
   </div>
   <div class='ocr_carea' id='block_1_47' title="bbox 1107 4326 1541 4395">
    <p class='ocr_par' dir='ltr' id='par_1_47' title="bbox 1107 4326 1541 4395">
     <span class='ocr_line' id='line_1_47' title="bbox 1107 4326 1541 4395; baseline 0.002 -18"><span class='ocrx_word' id='word_1_288' title='bbox 1107 4334 1333 4378; x_wconf 83' lang='lat' dir='ltr'><strong>tentatus</strong></span> <span class='ocrx_word' id='word_1_289' title='bbox 1362 4326 1541 4395; x_wconf 75' lang='lat' dir='ltr'><strong>fuerit.</strong></span> 
     </span>
    </p>
   </div>
   <div class='ocr_carea' id='block_1_48' title="bbox 2229 485 3795 559">
    <p class='ocr_par' dir='ltr' id='par_1_48' title="bbox 2229 485 3795 559">
     <span class='ocr_line' id='line_1_48' title="bbox 2229 485 3795 559; baseline -0.003 -17"><span class='ocrx_word' id='word_1_290' title='bbox 2229 489 2641 544; x_wconf 80' lang='lat' dir='ltr'><strong>commentatrix</strong></span> <span class='ocrx_word' id='word_1_291' title='bbox 2669 488 3079 559; x_wconf 83' lang='lat' dir='ltr'><strong>versutissima),</strong></span> <span class='ocrx_word' id='word_1_292' title='bbox 3104 498 3161 542; x_wconf 94' lang='lat' dir='ltr'><strong>ut</strong></span> <span class='ocrx_word' id='word_1_293' title='bbox 3187 486 3340 557; x_wconf 87' lang='lat' dir='ltr'><strong>quasi</strong></span> <span class='ocrx_word' id='word_1_294' title='bbox 3372 486 3630 539; x_wconf 88' lang='lat' dir='ltr'><strong>maritum</strong></span> <span class='ocrx_word' id='word_1_295' title='bbox 3660 485 3737 540; x_wconf 83' lang='lat' dir='ltr'><strong>sic</strong></span> <span class='ocrx_word' id='word_1_296' title='bbox 3760 500 3795 538; x_wconf 83' lang='lat' dir='ltr'><strong>a</strong></span> 
     </span>
    </p>
   </div>
   <div class='ocr_carea' id='block_1_49' title="bbox 2227 575 3796 648">
    <p class='ocr_par' dir='ltr' id='par_1_49' title="bbox 2227 575 3796 648">
     <span class='ocr_line' id='line_1_49' title="bbox 2227 575 3796 648; baseline -0.001 -17"><span class='ocrx_word' id='word_1_297' title='bbox 2227 575 2468 646; x_wconf 85' lang='lat' dir='ltr'><strong>perjurio</strong></span> <span class='ocrx_word' id='word_1_298' title='bbox 2495 577 2753 644; x_wconf 89' lang='lat' dir='ltr'><strong>solveret,</strong></span> <span class='ocrx_word' id='word_1_299' title='bbox 2783 580 3014 648; x_wconf 89' lang='lat' dir='ltr'><strong>seipsam</strong></span> <span class='ocrx_word' id='word_1_300' title='bbox 3061 577 3300 648; x_wconf 88' lang='lat' dir='ltr'><strong>ejusdem</strong></span> <span class='ocrx_word' id='word_1_301' title='bbox 3335 575 3516 630; x_wconf 87' lang='lat' dir='ltr'><strong>mariti</strong></span> <span class='ocrx_word' id='word_1_302' title='bbox 3549 575 3633 630; x_wconf 92' lang='lat' dir='ltr'><strong>sui</strong></span> <span class='ocrx_word' id='word_1_303' title='bbox 3676 591 3796 645; x_wconf 89' lang='lat' dir='ltr'><strong>pro-</strong></span> 
     </span>
    </p>
   </div>
   <div class='ocr_carea' id='block_1_50' title="bbox 2227 664 3795 737">
    <p class='ocr_par' dir='ltr' id='par_1_50' title="bbox 2227 664 3795 737">
     <span class='ocr_line' id='line_1_50' title="bbox 2227 664 3795 737; baseline -0.001 -18"><span class='ocrx_word' id='word_1_304' title='bbox 2227 666 2429 722; x_wconf 89' lang='lat' dir='ltr'><strong>ditione</strong></span> <span class='ocrx_word' id='word_1_305' title='bbox 2487 667 2746 735; x_wconf 88' lang='lat' dir='ltr'><strong>polluere,</strong></span> <span class='ocrx_word' id='word_1_306' title='bbox 2799 667 3001 737; x_wconf 89' lang='lat' dir='ltr'><strong>Deique</strong></span> <span class='ocrx_word' id='word_1_307' title='bbox 3050 666 3347 721; x_wconf 86' lang='lat' dir='ltr'><strong>sacerdotis</strong></span> <span class='ocrx_word' id='word_1_308' title='bbox 3396 664 3795 721; x_wconf 85' lang='lat' dir='ltr'><strong>conscientiam</strong></span> 
     </span>
    </p>
   </div>
   <div class='ocr_carea' id='block_1_51' title="bbox 2224 753 3789 826">
    <p class='ocr_par' dir='ltr' id='par_1_51' title="bbox 2224 753 3789 826">
     <span class='ocr_line' id='line_1_51' title="bbox 2224 753 3789 826; baseline -0.004 -16"><span class='ocrx_word' id='word_1_309' title='bbox 2224 756 2385 826; x_wconf 88' lang='lat' dir='ltr'><strong>hujus</strong></span> <span class='ocrx_word' id='word_1_310' title='bbox 2429 756 2648 813; x_wconf 87' lang='lat' dir='ltr'><strong>sceleris</strong></span> <span class='ocrx_word' id='word_1_311' title='bbox 2693 756 2976 812; x_wconf 88' lang='lat' dir='ltr'><strong>consensui</strong></span> <span class='ocrx_word' id='word_1_312' title='bbox 3031 754 3307 825; x_wconf 89' lang='lat' dir='ltr'><strong>implicare</strong></span> <span class='ocrx_word' id='word_1_313' title='bbox 3340 764 3425 811; x_wconf 84' lang='lat' dir='ltr'><strong>est</strong></span> <span class='ocrx_word' id='word_1_314' title='bbox 3452 753 3789 817; x_wconf 85' lang='lat' dir='ltr'><strong>machinata;</strong></span> 
     </span>
    </p>
   </div>
   <div class='ocr_carea' id='block_1_52' title="bbox 2226 840 3793 917">
    <p class='ocr_par' dir='ltr' id='par_1_52' title="bbox 2226 840 3793 917">
     <span class='ocr_line' id='line_1_52' title="bbox 2226 840 3793 917; baseline -0.003 -18"><span class='ocrx_word' id='word_1_315' title='bbox 2226 847 2486 902; x_wconf 89' lang='lat' dir='ltr'><strong>mandans</strong></span> <span class='ocrx_word' id='word_1_316' title='bbox 2514 846 2588 901; x_wconf 89' lang='lat' dir='ltr'><strong>illi</strong></span> <span class='ocrx_word' id='word_1_317' title='bbox 2619 862 2715 917; x_wconf 89' lang='lat' dir='ltr'><strong>per</strong></span> <span class='ocrx_word' id='word_1_318' title='bbox 2755 846 2999 901; x_wconf 90' lang='lat' dir='ltr'><strong>nuntium</strong></span> <span class='ocrx_word' id='word_1_319' title='bbox 3040 852 3099 899; x_wconf 91' lang='lat' dir='ltr'><strong>ut</strong></span> <span class='ocrx_word' id='word_1_320' title='bbox 3147 859 3270 900; x_wconf 90' lang='lat' dir='ltr'><strong>cum</strong></span> <span class='ocrx_word' id='word_1_321' title='bbox 3312 840 3542 898; x_wconf 87' lang='lat' dir='ltr'><strong>armatis</strong></span> <span class='ocrx_word' id='word_1_322' title='bbox 3570 843 3793 905; x_wconf 83' lang='lat' dir='ltr'><strong>veniat,</strong></span> 
     </span>
    </p>
   </div>
   <div class='ocr_carea' id='block_1_53' title="bbox 2226 933 3797 1007">
    <p class='ocr_par' dir='ltr' id='par_1_53' title="bbox 2226 933 3797 1007">
     <span class='ocr_line' id='line_1_53' title="bbox 2226 933 3797 1007; baseline -0.003 -18"><span class='ocrx_word' id='word_1_323' title='bbox 2226 936 2401 991; x_wconf 89' lang='lat' dir='ltr'><strong>locum</strong></span> <span class='ocrx_word' id='word_1_324' title='bbox 2431 947 2483 991; x_wconf 91' lang='lat' dir='ltr'><strong>et</strong></span> <span class='ocrx_word' id='word_1_325' title='bbox 2514 943 2746 1007; x_wconf 86' lang='lat' dir='ltr'><strong>tempus,</strong></span> <span class='ocrx_word' id='word_1_326' title='bbox 2780 935 2868 991; x_wconf 92' lang='lat' dir='ltr'><strong>ubi</strong></span> <span class='ocrx_word' id='word_1_327' title='bbox 2894 945 2946 991; x_wconf 89' lang='lat' dir='ltr'><strong>et</strong></span> <span class='ocrx_word' id='word_1_328' title='bbox 2975 935 3190 1006; x_wconf 86' lang='lat' dir='ltr'><strong>quando</strong></span> <span class='ocrx_word' id='word_1_329' title='bbox 3221 935 3476 988; x_wconf 88' lang='lat' dir='ltr'><strong>maritum</strong></span> <span class='ocrx_word' id='word_1_330' title='bbox 3509 933 3697 1003; x_wconf 80' lang='lat' dir='ltr'><strong>capiat</strong></span> <span class='ocrx_word' id='word_1_331' title='bbox 3741 941 3797 985; x_wconf 90' lang='lat' dir='ltr'><strong>ut</strong></span> 
     </span>
    </p>
   </div>
   <div class='ocr_carea' id='block_1_54' title="bbox 2224 1025 3796 1097">
    <p class='ocr_par' dir='ltr' id='par_1_54' title="bbox 2224 1025 3796 1097">
     <span class='ocr_line' id='line_1_54' title="bbox 2224 1025 3796 1097; baseline -0.001 -16"><span class='ocrx_word' id='word_1_332' title='bbox 2224 1027 2532 1097; x_wconf 85' lang='lat' dir='ltr'><strong>imperatori</strong></span> <span class='ocrx_word' id='word_1_333' title='bbox 2564 1029 2759 1094; x_wconf 85' lang='lat' dir='ltr'><strong>tradat,</strong></span> <span class='ocrx_word' id='word_1_334' title='bbox 2792 1028 3093 1083; x_wconf 89' lang='lat' dir='ltr'><strong>denuntiat.</strong></span> <span class='ocrx_word' id='word_1_335' title='bbox 3133 1026 3223 1082; x_wconf 88' lang='lat' dir='ltr'><strong>llie</strong></span> <span class='ocrx_word' id='word_1_336' title='bbox 3248 1034 3427 1081; x_wconf 86' lang='lat' dir='ltr'><strong>autem</strong></span> <span class='ocrx_word' id='word_1_337' title='bbox 3458 1025 3606 1080; x_wconf 89' lang='lat' dir='ltr'><strong>ultra</strong></span> <span class='ocrx_word' id='word_1_338' title='bbox 3636 1040 3796 1094; x_wconf 88' lang='lat' dir='ltr'><strong>quam</strong></span> 
     </span>
    </p>
   </div>
   <div class='ocr_carea' id='block_1_55' title="bbox 2224 1116 3792 1188">
    <p class='ocr_par' dir='ltr' id='par_1_55' title="bbox 2224 1116 3792 1188">
     <span class='ocr_line' id='line_1_55' title="bbox 2224 1116 3792 1188; baseline -0.001 -16"><span class='ocrx_word' id='word_1_339' title='bbox 2224 1118 2371 1172; x_wconf 85' lang='lat' dir='ltr'><strong>credi</strong></span> <span class='ocrx_word' id='word_1_340' title='bbox 2407 1127 2582 1187; x_wconf 89' lang='lat' dir='ltr'><strong>potest</strong></span> <span class='ocrx_word' id='word_1_341' title='bbox 2622 1118 2786 1188; x_wconf 90' lang='lat' dir='ltr'><strong>hujus</strong></span> <span class='ocrx_word' id='word_1_342' title='bbox 2838 1118 3131 1174; x_wconf 89' lang='lat' dir='ltr'><strong>novitatem</strong></span> <span class='ocrx_word' id='word_1_343' title='bbox 3167 1116 3425 1174; x_wconf 80' lang='lat' dir='ltr'><strong>facinoris</strong></span> <span class='ocrx_word' id='word_1_344' title='bbox 3449 1118 3792 1172; x_wconf 86' lang='lat' dir='ltr'><strong>abhorrens:</strong></span> 
     </span>
    </p>
   </div>
   <div class='ocr_carea' id='block_1_56' title="bbox 2225 1208 3796 1280">
    <p class='ocr_par' dir='ltr' id='par_1_56' title="bbox 2225 1208 3796 1280">
     <span class='ocr_line' id='line_1_56' title="bbox 2225 1208 3796 1280; baseline -0.003 -15"><span class='ocrx_word' id='word_1_345' title='bbox 2225 1208 2331 1265; x_wconf 81' lang='lat' dir='ltr'><strong>Nec</strong></span> <span class='ocrx_word' id='word_1_346' title='bbox 2361 1208 2526 1275; x_wconf 86' lang='lat' dir='ltr'><strong>fama,</strong></span> <span class='ocrx_word' id='word_1_347' title='bbox 2556 1210 2747 1278; x_wconf 89' lang='lat' dir='ltr'><strong>inquit,</strong></span> <span class='ocrx_word' id='word_1_348' title='bbox 2773 1224 2871 1264; x_wconf 87' lang='lat' dir='ltr'><strong>nec</strong></span> <span class='ocrx_word' id='word_1_349' title='bbox 2892 1209 3120 1265; x_wconf 90' lang='lat' dir='ltr'><strong>lectione</strong></span> <span class='ocrx_word' id='word_1_350' title='bbox 3147 1218 3480 1280; x_wconf 86' lang='lat' dir='ltr'><strong>compertum</strong></span> <span class='ocrx_word' id='word_1_351' title='bbox 3512 1209 3796 1272; x_wconf 86' lang='lat' dir='ltr'><strong>habemus,</strong></span> 
     </span>
    </p>
   </div>
   <div class='ocr_carea' id='block_1_57' title="bbox 2222 1298 3793 1371">
    <p class='ocr_par' dir='ltr' id='par_1_57' title="bbox 2222 1298 3793 1371">
     <span class='ocr_line' id='line_1_57' title="bbox 2222 1298 3793 1371; baseline -0.003 -15"><span class='ocrx_word' id='word_1_352' title='bbox 2222 1316 2444 1356; x_wconf 84' lang='lat' dir='ltr'><strong>uxorem</strong></span> <span class='ocrx_word' id='word_1_353' title='bbox 2478 1299 2767 1371; x_wconf 89' lang='lat' dir='ltr'><strong>aliquando</strong></span> <span class='ocrx_word' id='word_1_354' title='bbox 2806 1312 2898 1356; x_wconf 88' lang='lat' dir='ltr'><strong>aut</strong></span> <span class='ocrx_word' id='word_1_355' title='bbox 2938 1316 3005 1356; x_wconf 81' lang='lat' dir='ltr'><strong>ex</strong></span> <span class='ocrx_word' id='word_1_356' title='bbox 3041 1301 3292 1367; x_wconf 87' lang='lat' dir='ltr'><strong>veritate,</strong></span> <span class='ocrx_word' id='word_1_357' title='bbox 3321 1309 3414 1355; x_wconf 90' lang='lat' dir='ltr'><strong>aut</strong></span> <span class='ocrx_word' id='word_1_358' title='bbox 3443 1313 3513 1354; x_wconf 80' lang='lat' dir='ltr'><strong>ex</strong></span> <span class='ocrx_word' id='word_1_359' title='bbox 3570 1298 3793 1353; x_wconf 82' lang='lat' dir='ltr'><strong>simula-</strong></span> 
     </span>
    </p>
   </div>
   <div class='ocr_carea' id='block_1_58' title="bbox 2225 1390 3793 1462">
    <p class='ocr_par' dir='ltr' id='par_1_58' title="bbox 2225 1390 3793 1462">
     <span class='ocr_line' id='line_1_58' title="bbox 2225 1390 3793 1462; baseline -0.003 -16"><span class='ocrx_word' id='word_1_360' title='bbox 2225 1392 2371 1449; x_wconf 86' lang='lat' dir='ltr'><strong>tione</strong></span> <span class='ocrx_word' id='word_1_361' title='bbox 2400 1393 2653 1447; x_wconf 86' lang='lat' dir='ltr'><strong>maritum</strong></span> <span class='ocrx_word' id='word_1_362' title='bbox 2701 1394 2918 1462; x_wconf 90' lang='lat' dir='ltr'><strong>impune</strong></span> <span class='ocrx_word' id='word_1_363' title='bbox 2949 1393 3273 1447; x_wconf 89' lang='lat' dir='ltr'><strong>tradidisse:</strong></span> <span class='ocrx_word' id='word_1_364' title='bbox 3301 1390 3443 1461; x_wconf 81' lang='lat' dir='ltr'><strong>quod</strong></span> <span class='ocrx_word' id='word_1_365' title='bbox 3485 1390 3638 1445; x_wconf 89' lang='lat' dir='ltr'><strong>enim</strong></span> <span class='ocrx_word' id='word_1_366' title='bbox 3692 1398 3793 1442; x_wconf 86' lang='lat' dir='ltr'><strong>tam</strong></span> 
     </span>
    </p>
   </div>
   <div class='ocr_carea' id='block_1_59' title="bbox 2221 1480 3794 1554">
    <p class='ocr_par' dir='ltr' id='par_1_59' title="bbox 2221 1480 3794 1554">
     <span class='ocr_line' id='line_1_59' title="bbox 2221 1480 3794 1554; baseline -0.001 -17"><span class='ocrx_word' id='word_1_367' title='bbox 2221 1492 2406 1554; x_wconf 89' lang='lat' dir='ltr'><strong>aperte</strong></span> <span class='ocrx_word' id='word_1_368' title='bbox 2435 1485 2752 1537; x_wconf 87' lang='lat' dir='ltr'><strong>abhorreret</strong></span> <span class='ocrx_word' id='word_1_369' title='bbox 2783 1484 2852 1537; x_wconf 90' lang='lat' dir='ltr'><strong>ab</strong></span> <span class='ocrx_word' id='word_1_370' title='bbox 2893 1484 3125 1538; x_wconf 90' lang='lat' dir='ltr'><strong>humana</strong></span> <span class='ocrx_word' id='word_1_371' title='bbox 3168 1482 3497 1546; x_wconf 88' lang='lat' dir='ltr'><strong>conditione,</strong></span> <span class='ocrx_word' id='word_1_372' title='bbox 3529 1480 3794 1550; x_wconf 89' lang='lat' dir='ltr'><strong>pernicio-</strong></span> 
     </span>
    </p>
   </div>
   <div class='ocr_carea' id='block_1_60' title="bbox 2223 1569 3789 1644">
    <p class='ocr_par' dir='ltr' id='par_1_60' title="bbox 2223 1569 3789 1644">
     <span class='ocr_line' id='line_1_60' title="bbox 2223 1569 3789 1644; baseline -0.006 -13"><span class='ocrx_word' id='word_1_373' title='bbox 2223 1590 2338 1631; x_wconf 91' lang='lat' dir='ltr'><strong>sum</strong></span> <span class='ocrx_word' id='word_1_374' title='bbox 2366 1583 2448 1629; x_wconf 87' lang='lat' dir='ltr'><strong>est</strong></span> <span class='ocrx_word' id='word_1_375' title='bbox 2475 1576 2849 1643; x_wconf 86' lang='lat' dir='ltr'><strong>quoquomodo</strong></span> <span class='ocrx_word' id='word_1_376' title='bbox 2894 1575 3110 1644; x_wconf 84' lang='lat' dir='ltr'><strong>lingere.</strong></span> <span class='ocrx_word' id='word_1_377' title='bbox 3162 1572 3238 1626; x_wconf 90' lang='lat' dir='ltr'><strong>lta</strong></span> <span class='ocrx_word' id='word_1_378' title='bbox 3269 1571 3526 1627; x_wconf 89' lang='lat' dir='ltr'><strong>nimirum</strong></span> <span class='ocrx_word' id='word_1_379' title='bbox 3551 1571 3642 1623; x_wconf 88' lang='lat' dir='ltr'><strong>vir</strong></span> <span class='ocrx_word' id='word_1_380' title='bbox 3679 1569 3789 1631; x_wconf 88' lang='lat' dir='ltr'><strong>Dei,</strong></span> 
     </span>
    </p>
   </div>
   <div class='ocr_carea' id='block_1_61' title="bbox 2220 1659 3791 1738">
    <p class='ocr_par' dir='ltr' id='par_1_61' title="bbox 2220 1659 3791 1738">
     <span class='ocr_line' id='line_1_61' title="bbox 2220 1659 3791 1738; baseline -0.006 -14"><span class='ocrx_word' id='word_1_381' title='bbox 2220 1665 2398 1738; x_wconf 75' lang='lat' dir='ltr'><strong>specie</strong></span> <span class='ocrx_word' id='word_1_382' title='bbox 2414 1665 2485 1723; x_wconf 80' lang='lat' dir='ltr'><strong>vit</strong></span> <span class='ocrx_word' id='word_1_383' title='bbox 2501 1665 2627 1722; x_wconf 85' lang='lat' dir='ltr'><strong>tutis</strong></span> <span class='ocrx_word' id='word_1_384' title='bbox 2640 1663 2797 1737; x_wconf 80' lang='lat' dir='ltr'><strong>pallia</strong></span> <span class='ocrx_word' id='word_1_385' title='bbox 2808 1674 2909 1724; x_wconf 81' lang='lat' dir='ltr'><strong>tam</strong></span> <span class='ocrx_word' id='word_1_386' title='bbox 2926 1663 3126 1735; x_wconf 85' lang='lat' dir='ltr'><strong>lynceis</strong></span> <span class='ocrx_word' id='word_1_387' title='bbox 3141 1662 3434 1731; x_wconf 64' lang='lat' dir='ltr'><strong>prudentiae</strong></span> <span class='ocrx_word' id='word_1_388' title='bbox 3457 1659 3791 1731; x_wconf 77' lang='lat' dir='ltr'><strong>perspiciens</strong></span> 
     </span>
    </p>
   </div>
   <div class='ocr_carea' id='block_1_62' title="bbox 2144 1736 3792 1828">
    <p class='ocr_par' dir='ltr' id='par_1_62' title="bbox 2144 1736 3792 1828">
     <span class='ocr_line' id='line_1_62' title="bbox 2144 1736 3792 1828; baseline -0.009 -13"><span class='ocrx_word' id='word_1_389' title='bbox 2144 1736 2188 1800; x_wconf 75' lang='grc' dir='ltr'><strong>Β</strong></span> <span class='ocrx_word' id='word_1_390' title='bbox 2216 1736 2384 1814; x_wconf 79' lang='lat' dir='ltr'><strong>oculis</strong></span> <span class='ocrx_word' id='word_1_391' title='bbox 2428 1736 2747 1828; x_wconf 87' lang='lat' dir='ltr'><strong>nequitiam,</strong></span> <span class='ocrx_word' id='word_1_392' title='bbox 2780 1758 2927 1812; x_wconf 85' lang='lat' dir='ltr'><strong>virus</strong></span> <span class='ocrx_word' id='word_1_393' title='bbox 2971 1752 3277 1812; x_wconf 65' lang='lat' dir='ltr'><strong>letltifet‘utn</strong></span> <span class='ocrx_word' id='word_1_394' title='bbox 3308 1751 3451 1824; x_wconf 73' lang='lat' dir='ltr'><strong>quod</strong></span> <span class='ocrx_word' id='word_1_395' title='bbox 3481 1766 3583 1820; x_wconf 90' lang='lat' dir='ltr'><strong>per</strong></span> <span class='ocrx_word' id='word_1_396' title='bbox 3629 1749 3792 1804; x_wconf 87' lang='lat' dir='ltr'><strong>usita-</strong></span> 
     </span>
    </p>
   </div>
   <div class='ocr_carea' id='block_1_63' title="bbox 2216 1840 3790 1912">
    <p class='ocr_par' dir='ltr' id='par_1_63' title="bbox 2216 1840 3790 1912">
     <span class='ocr_line' id='line_1_63' title="bbox 2216 1840 3790 1912; baseline -0.003 -11"><span class='ocrx_word' id='word_1_397' title='bbox 2216 1856 2326 1902; x_wconf 91' lang='lat' dir='ltr'><strong>tum</strong></span> <span class='ocrx_word' id='word_1_398' title='bbox 2362 1846 2568 1901; x_wconf 83' lang='lat' dir='ltr'><strong>fraudis</strong></span> <span class='ocrx_word' id='word_1_399' title='bbox 2616 1861 2725 1900; x_wconf 65' lang='lat' dir='ltr'><strong>suae</strong></span> <span class='ocrx_word' id='word_1_400' title='bbox 2770 1845 3047 1900; x_wconf 87' lang='lat' dir='ltr'><strong>vasculum</strong></span> <span class='ocrx_word' id='word_1_401' title='bbox 3105 1844 3274 1898; x_wconf 86' lang='lat' dir='ltr'><strong>hostis</strong></span> <span class='ocrx_word' id='word_1_402' title='bbox 3313 1844 3538 1897; x_wconf 88' lang='lat' dir='ltr'><strong>humani</strong></span> <span class='ocrx_word' id='word_1_403' title='bbox 3579 1840 3790 1912; x_wconf 78' lang='lat' dir='ltr'><strong>generis</strong></span> 
     </span>
    </p>
   </div>
   <div class='ocr_carea' id='block_1_64' title="bbox 2211 1935 3784 2010">
    <p class='ocr_par' dir='ltr' id='par_1_64' title="bbox 2211 1935 3784 2010">
     <span class='ocr_line' id='line_1_64' title="bbox 2211 1935 3784 2010; baseline -0.007 -16"><span class='ocrx_word' id='word_1_404' title='bbox 2211 1939 2498 2010; x_wconf 87' lang='lat' dir='ltr'><strong>prepinare</strong></span> <span class='ocrx_word' id='word_1_405' title='bbox 2545 1938 2798 2008; x_wconf 90' lang='lat' dir='ltr'><strong>parabat,</strong></span> <span class='ocrx_word' id='word_1_406' title='bbox 2846 1936 3050 1992; x_wconf 89' lang='lat' dir='ltr'><strong>mellito</strong></span> <span class='ocrx_word' id='word_1_407' title='bbox 3078 1935 3279 1990; x_wconf 74' lang='lat' dir='ltr'><strong>affatim</strong></span> <span class='ocrx_word' id='word_1_408' title='bbox 3330 1935 3618 2004; x_wconf 68' lang='lat' dir='ltr'><strong>sapientia:</strong></span> <span class='ocrx_word' id='word_1_409' title='bbox 3663 1948 3784 1988; x_wconf 85' lang='lat' dir='ltr'><strong>cou-</strong></span> 
     </span>
    </p>
   </div>
   <div class='ocr_carea' id='block_1_65' title="bbox 2213 2022 3785 2095">
    <p class='ocr_par' dir='ltr' id='par_1_65' title="bbox 2213 2022 3785 2095">
     <span class='ocr_line' id='line_1_65' title="bbox 2213 2022 3785 2095; baseline -0.007 -11"><span class='ocrx_word' id='word_1_410' title='bbox 2213 2031 2453 2085; x_wconf 89' lang='lat' dir='ltr'><strong>dimento</strong></span> <span class='ocrx_word' id='word_1_411' title='bbox 2491 2044 2587 2084; x_wconf 90' lang='lat' dir='ltr'><strong>ore</strong></span> <span class='ocrx_word' id='word_1_412' title='bbox 2624 2035 2941 2083; x_wconf 89' lang='lat' dir='ltr'><strong>constanter</strong></span> <span class='ocrx_word' id='word_1_413' title='bbox 2984 2027 3208 2095; x_wconf 80' lang='lat' dir='ltr'><strong>respuit.</strong></span> <span class='ocrx_word' id='word_1_414' title='bbox 3240 2024 3506 2079; x_wconf 78' lang='lat' dir='ltr'><strong>Nimirum</strong></span> <span class='ocrx_word' id='word_1_415' title='bbox 3551 2022 3785 2094; x_wconf 79' lang='lat' dir='ltr'><strong>pugilem</strong></span> 
     </span>
    </p>
   </div>
   <div class='ocr_carea' id='block_1_66' title="bbox 2212 2114 3790 2188">
    <p class='ocr_par' dir='ltr' id='par_1_66' title="bbox 2212 2114 3790 2188">
     <span class='ocr_line' id='line_1_66' title="bbox 2212 2114 3790 2188; baseline -0.008 -9"><span class='ocrx_word' id='word_1_416' title='bbox 2212 2140 2368 2179; x_wconf 85' lang='lat' dir='ltr'><strong>suum</strong></span> <span class='ocrx_word' id='word_1_417' title='bbox 2400 2123 2658 2179; x_wconf 90' lang='lat' dir='ltr'><strong>Dominus</strong></span> <span class='ocrx_word' id='word_1_418' title='bbox 2686 2121 2867 2176; x_wconf 87' lang='lat' dir='ltr'><strong>hostes</strong></span> <span class='ocrx_word' id='word_1_419' title='bbox 2895 2128 3122 2185; x_wconf 88' lang='lat' dir='ltr'><strong>mutare,</strong></span> <span class='ocrx_word' id='word_1_420' title='bbox 3151 2127 3205 2173; x_wconf 88' lang='lat' dir='ltr'><strong>et</strong></span> <span class='ocrx_word' id='word_1_421' title='bbox 3227 2132 3324 2188; x_wconf 84' lang='lat' dir='ltr'><strong>per</strong></span> <span class='ocrx_word' id='word_1_422' title='bbox 3346 2120 3515 2172; x_wconf 87' lang='lat' dir='ltr'><strong>duros</strong></span> <span class='ocrx_word' id='word_1_423' title='bbox 3544 2114 3790 2169; x_wconf 86' lang='lat' dir='ltr'><strong>certami-</strong></span> 
     </span>
    </p>
   </div>
   <div class='ocr_carea' id='block_1_67' title="bbox 2212 2207 3790 2283">
    <p class='ocr_par' dir='ltr' id='par_1_67' title="bbox 2212 2207 3790 2283">
     <span class='ocr_line' id='line_1_67' title="bbox 2212 2207 3790 2283; baseline -0.008 -12"><span class='ocrx_word' id='word_1_424' title='bbox 2212 2232 2338 2271; x_wconf 89' lang='lat' dir='ltr'><strong>num</strong></span> <span class='ocrx_word' id='word_1_425' title='bbox 2368 2216 2580 2270; x_wconf 88' lang='lat' dir='ltr'><strong>labores</strong></span> <span class='ocrx_word' id='word_1_426' title='bbox 2607 2213 2761 2269; x_wconf 91' lang='lat' dir='ltr'><strong>virile</strong></span> <span class='ocrx_word' id='word_1_427' title='bbox 2801 2212 3119 2283; x_wconf 78' lang='lat' dir='ltr'><strong>pugnaturis</strong></span> <span class='ocrx_word' id='word_1_428' title='bbox 3171 2209 3335 2266; x_wconf 88' lang='lat' dir='ltr'><strong>robur</strong></span> <span class='ocrx_word' id='word_1_429' title='bbox 3390 2207 3790 2280; x_wconf 88' lang='lat' dir='ltr'><strong>spectatoribus</strong></span> 
     </span>
    </p>
   </div>
   <div class='ocr_carea' id='block_1_68' title="bbox 2211 2296 3789 2377">
    <p class='ocr_par' dir='ltr' id='par_1_68' title="bbox 2211 2296 3789 2377">
     <span class='ocr_line' id='line_1_68' title="bbox 2211 2296 3789 2377; baseline -0.01 -13"><span class='ocrx_word' id='word_1_430' title='bbox 2211 2320 2482 2377; x_wconf 70' lang='lat' dir='ltr'><strong>erionere</strong></span> <span class='ocrx_word' id='word_1_431' title='bbox 2534 2304 2729 2368; x_wconf 91' lang='lat' dir='ltr'><strong>voluit,</strong></span> <span class='ocrx_word' id='word_1_432' title='bbox 2791 2303 2920 2358; x_wconf 89' lang='lat' dir='ltr'><strong>dum</strong></span> <span class='ocrx_word' id='word_1_433' title='bbox 2973 2299 3330 2356; x_wconf 79' lang='lat' dir='ltr'><strong>multiformes</strong></span> <span class='ocrx_word' id='word_1_434' title='bbox 3384 2296 3603 2367; x_wconf 86' lang='lat' dir='ltr'><strong>antiqui</strong></span> <span class='ocrx_word' id='word_1_435' title='bbox 3653 2296 3789 2350; x_wconf 84' lang='lat' dir='ltr'><strong>illius</strong></span> 
     </span>
    </p>
   </div>
   <div class='ocr_carea' id='block_1_69' title="bbox 2210 2387 3787 2468">
    <p class='ocr_par' dir='ltr' id='par_1_69' title="bbox 2210 2387 3787 2468">
     <span class='ocr_line' id='line_1_69' title="bbox 2210 2387 3787 2468; baseline -0.01 -14"><span class='ocrx_word' id='word_1_436' title='bbox 2210 2397 2475 2468; x_wconf 89' lang='lat' dir='ltr'><strong>serpentis</strong></span> <span class='ocrx_word' id='word_1_437' title='bbox 2501 2395 2664 2450; x_wconf 87' lang='lat' dir='ltr'><strong>facies</strong></span> <span class='ocrx_word' id='word_1_438' title='bbox 2698 2403 2845 2449; x_wconf 86' lang='lat' dir='ltr'><strong>tanto</strong></span> <span class='ocrx_word' id='word_1_439' title='bbox 2874 2393 3063 2449; x_wconf 90' lang='lat' dir='ltr'><strong>durius</strong></span> <span class='ocrx_word' id='word_1_440' title='bbox 3099 2390 3352 2447; x_wconf 88' lang='lat' dir='ltr'><strong>calcaneo</strong></span> <span class='ocrx_word' id='word_1_441' title='bbox 3387 2388 3505 2458; x_wconf 89' lang='lat' dir='ltr'><strong>ejus</strong></span> <span class='ocrx_word' id='word_1_442' title='bbox 3549 2387 3787 2443; x_wconf 88' lang='lat' dir='ltr'><strong>insidiari</strong></span> 
     </span>
    </p>
   </div>
   <div class='ocr_carea' id='block_1_70' title="bbox 2208 2481 3788 2561">
    <p class='ocr_par' dir='ltr' id='par_1_70' title="bbox 2208 2481 3788 2561">
     <span class='ocr_line' id='line_1_70' title="bbox 2208 2481 3788 2561; baseline -0.009 -16"><span class='ocrx_word' id='word_1_443' title='bbox 2208 2489 2475 2561; x_wconf 88' lang='lat' dir='ltr'><strong>permisit,</strong></span> <span class='ocrx_word' id='word_1_444' title='bbox 2524 2497 2726 2558; x_wconf 86' lang='lat' dir='ltr'><strong>quanto</strong></span> <span class='ocrx_word' id='word_1_445' title='bbox 2770 2486 2885 2557; x_wconf 88' lang='lat' dir='ltr'><strong>ipse</strong></span> <span class='ocrx_word' id='word_1_446' title='bbox 2931 2484 3275 2555; x_wconf 90' lang='lat' dir='ltr'><strong>impotentior</strong></span> <span class='ocrx_word' id='word_1_447' title='bbox 3324 2481 3596 2537; x_wconf 88' lang='lat' dir='ltr'><strong>hactenus</strong></span> <span class='ocrx_word' id='word_1_448' title='bbox 3633 2490 3788 2552; x_wconf 89' lang='lat' dir='ltr'><strong>caput</strong></span> 
     </span>
    </p>
   </div>
   <div class='ocr_carea' id='block_1_71' title="bbox 2211 2574 3787 2650">
    <p class='ocr_par' dir='ltr' id='par_1_71' title="bbox 2211 2574 3787 2650">
     <span class='ocr_line' id='line_1_71' title="bbox 2211 2574 3787 2650; baseline -0.008 -12"><span class='ocrx_word' id='word_1_449' title='bbox 2211 2581 2514 2638; x_wconf 86' lang='lat' dir='ltr'><strong>damnabile</strong></span> <span class='ocrx_word' id='word_1_450' title='bbox 2539 2578 2697 2650; x_wconf 91' lang='lat' dir='ltr'><strong>hujus</strong></span> <span class='ocrx_word' id='word_1_451' title='bbox 2722 2579 2997 2635; x_wconf 88' lang='lat' dir='ltr'><strong>bellatoris</strong></span> <span class='ocrx_word' id='word_1_452' title='bbox 3024 2593 3091 2633; x_wconf 80' lang='lat' dir='ltr'><strong>ex</strong></span> <span class='ocrx_word' id='word_1_453' title='bbox 3118 2576 3299 2632; x_wconf 89' lang='lat' dir='ltr'><strong>divino</strong></span> <span class='ocrx_word' id='word_1_454' title='bbox 3324 2576 3530 2630; x_wconf 77' lang='lat' dir='ltr'><strong>auxilio</strong></span> <span class='ocrx_word' id='word_1_455' title='bbox 3564 2574 3787 2646; x_wconf 87' lang='lat' dir='ltr'><strong>pedibus</strong></span> 
     </span>
    </p>
   </div>
   <div class='ocr_carea' id='block_1_72' title="bbox 2209 2675 2540 2731">
    <p class='ocr_par' dir='ltr' id='par_1_72' title="bbox 2209 2675 2540 2731">
     <span class='ocr_line' id='line_1_72' title="bbox 2209 2675 2540 2731; baseline -0.012 0"><span class='ocrx_word' id='word_1_456' title='bbox 2209 2675 2540 2731; x_wconf 80' lang='lat' dir='ltr'><strong>subdiderat.</strong></span> 
     </span>
    </p>
   </div>
   <div class='ocr_carea' id='block_1_73' title="bbox 2208 2781 3788 2867">
    <p class='ocr_par' dir='ltr' id='par_1_73' title="bbox 2208 2781 3788 2867">
     <span class='ocr_line' id='line_1_73' title="bbox 2208 2781 3788 2867; baseline -0.008 -23"><span class='ocrx_word' id='word_1_457' title='bbox 2208 2788 2336 2846; x_wconf 69' lang='lat' dir='ltr'><strong>Car.</strong></span> <span class='ocrx_word' id='word_1_458' title='bbox 2364 2787 2527 2844; x_wconf 72' lang='lat' dir='ltr'><strong>XXII.</strong></span> <span class='ocrx_word' id='word_1_459' title='bbox 2563 2786 2714 2852; x_wconf 81' lang='lat' dir='ltr'><strong>Quod</strong></span> <span class='ocrx_word' id='word_1_460' title='bbox 2742 2785 3052 2867; x_wconf 62' lang='lat' dir='ltr'><strong>sollicitatus</strong></span> <span class='ocrx_word' id='word_1_461' title='bbox 3078 2785 3146 2839; x_wconf 77' lang='lat' dir='ltr'><strong>sit</strong></span> <span class='ocrx_word' id='word_1_462' title='bbox 3180 2799 3274 2853; x_wconf 85' lang='lat' dir='ltr'><strong>per</strong></span> <span class='ocrx_word' id='word_1_463' title='bbox 3315 2782 3516 2836; x_wconf 84' lang='lat' dir='ltr'><strong>litteras</strong></span> <span class='ocrx_word' id='word_1_464' title='bbox 3566 2781 3788 2850; x_wconf 79' lang='lat' dir='ltr'><strong>impera-</strong></span> 
     </span>
    </p>
   </div>
   <div class='ocr_carea' id='block_1_74' title="bbox 2802 2866 3181 2910">
    <p class='ocr_par' dir='ltr' id='par_1_74' title="bbox 2802 2866 3181 2910">
     <span class='ocr_line' id='line_1_74' title="bbox 2802 2866 3181 2910; baseline -0.003 0"><span class='ocrx_word' id='word_1_465' title='bbox 2802 2866 2902 2910; x_wconf 81' lang='lat' dir='ltr'><strong>tort</strong></span> <span class='ocrx_word' id='word_1_466' title='bbox 2931 2866 3181 2910; x_wconf 80' lang='lat' dir='ltr'><strong>reststere.</strong></span> 
     </span>
    </p>
   </div>
   <div class='ocr_carea' id='block_1_75' title="bbox 2276 2941 3784 3019">
    <p class='ocr_par' dir='ltr' id='par_1_75' title="bbox 2276 2941 3784 3019">
     <span class='ocr_line' id='line_1_75' title="bbox 2276 2941 3784 3019; baseline -0.006 -15"><span class='ocrx_word' id='word_1_467' title='bbox 2276 2949 2398 3004; x_wconf 87' lang='lat' dir='ltr'><strong>Alio</strong></span> <span class='ocrx_word' id='word_1_468' title='bbox 2425 2948 2606 3005; x_wconf 87' lang='lat' dir='ltr'><strong>itidem</strong></span> <span class='ocrx_word' id='word_1_469' title='bbox 2649 2957 2890 3019; x_wconf 85' lang='lat' dir='ltr'><strong>tempore</strong></span> <span class='ocrx_word' id='word_1_470' title='bbox 2916 2963 3036 3001; x_wconf 90' lang='lat' dir='ltr'><strong>eum</strong></span> <span class='ocrx_word' id='word_1_471' title='bbox 3075 2947 3214 3000; x_wconf 91' lang='lat' dir='ltr'><strong>fama</strong></span> <span class='ocrx_word' id='word_1_472' title='bbox 3246 2952 3391 3000; x_wconf 88' lang='lat' dir='ltr'><strong>esset</strong></span> <span class='ocrx_word' id='word_1_473' title='bbox 3413 2942 3692 2999; x_wconf 71' lang='lat' dir='ltr'><strong>offensum</strong></span> <span class='ocrx_word' id='word_1_474' title='bbox 3716 2941 3784 2997; x_wconf 88' lang='lat' dir='ltr'><strong>illi</strong></span> 
     </span>
    </p>
   </div>
   <div class='ocr_carea' id='block_1_76' title="bbox 2209 3039 3784 3116">
    <p class='ocr_par' dir='ltr' id='par_1_76' title="bbox 2209 3039 3784 3116">
     <span class='ocr_line' id='line_1_76' title="bbox 2209 3039 3784 3116; baseline -0.008 -14"><span class='ocrx_word' id='word_1_475' title='bbox 2209 3060 2327 3102; x_wconf 88' lang='lat' dir='ltr'><strong>esse</strong></span> <span class='ocrx_word' id='word_1_476' title='bbox 2354 3047 2753 3116; x_wconf 88' lang='lat' dir='ltr'><strong>imperatorem,</strong></span> <span class='ocrx_word' id='word_1_477' title='bbox 2792 3041 3011 3114; x_wconf 85' lang='lat' dir='ltr'><strong>perlatae</strong></span> <span class='ocrx_word' id='word_1_478' title='bbox 3038 3049 3163 3096; x_wconf 91' lang='lat' dir='ltr'><strong>sunt</strong></span> <span class='ocrx_word' id='word_1_479' title='bbox 3191 3040 3384 3095; x_wconf 63' lang='lat' dir='ltr'><strong>litterae</strong></span> <span class='ocrx_word' id='word_1_480' title='bbox 3426 3039 3496 3093; x_wconf 89' lang='lat' dir='ltr'><strong>ad</strong></span> <span class='ocrx_word' id='word_1_481' title='bbox 3532 3039 3784 3093; x_wconf 86' lang='lat' dir='ltr'><strong>domuum</strong></span> 
     </span>
    </p>
   </div>
   <div class='ocr_carea' id='block_1_77' title="bbox 2212 3131 3789 3207">
    <p class='ocr_par' dir='ltr' id='par_1_77' title="bbox 2212 3131 3789 3207">
     <span class='ocr_line' id='line_1_77' title="bbox 2212 3131 3789 3207; baseline -0.008 -12"><span class='ocrx_word' id='word_1_482' title='bbox 2212 3139 2502 3195; x_wconf 88' lang='lat' dir='ltr'><strong>Wazoncm</strong></span> <span class='ocrx_word' id='word_1_483' title='bbox 2532 3136 2839 3207; x_wconf 87' lang='lat' dir='ltr'><strong>episcopum</strong></span> <span class='ocrx_word' id='word_1_484' title='bbox 2863 3175 2879 3201; x_wconf 91' lang='lat'><strong>,</strong></span> <span class='ocrx_word' id='word_1_485' title='bbox 2908 3135 3045 3189; x_wconf 91' lang='lat' dir='ltr'><strong>unde</strong></span> <span class='ocrx_word' id='word_1_486' title='bbox 3089 3140 3182 3187; x_wconf 90' lang='lat' dir='ltr'><strong>aut</strong></span> <span class='ocrx_word' id='word_1_487' title='bbox 3228 3148 3261 3186; x_wconf 89' lang='lat' dir='ltr'><strong>a</strong></span> <span class='ocrx_word' id='word_1_488' title='bbox 3308 3146 3415 3203; x_wconf 88' lang='lat' dir='ltr'><strong>quo</strong></span> <span class='ocrx_word' id='word_1_489' title='bbox 3456 3131 3789 3185; x_wconf 78' lang='lat' dir='ltr'><strong>transmissae</strong></span> 
     </span>
    </p>
   </div>
   <div class='ocr_carea' id='block_1_78' title="bbox 2209 3220 3784 3301">
    <p class='ocr_par' dir='ltr' id='par_1_78' title="bbox 2209 3220 3784 3301">
     <span class='ocr_line' id='line_1_78' title="bbox 2209 3220 3784 3301; baseline -0.007 -16"><span class='ocrx_word' id='word_1_490' title='bbox 2209 3246 2398 3301; x_wconf 90' lang='lat' dir='ltr'><strong>parum</strong></span> <span class='ocrx_word' id='word_1_491' title='bbox 2433 3238 2511 3284; x_wconf 91' lang='lat' dir='ltr'><strong>est</strong></span> <span class='ocrx_word' id='word_1_492' title='bbox 2553 3230 2708 3283; x_wconf 87' lang='lat' dir='ltr'><strong>nobis</strong></span> <span class='ocrx_word' id='word_1_493' title='bbox 2730 3227 3023 3298; x_wconf 78' lang='lat' dir='ltr'><strong>cognitum,</strong></span> <span class='ocrx_word' id='word_1_494' title='bbox 3050 3224 3241 3295; x_wconf 89' lang='lat' dir='ltr'><strong>quibus</strong></span> <span class='ocrx_word' id='word_1_495' title='bbox 3282 3222 3498 3278; x_wconf 89' lang='lat' dir='ltr'><strong>inerant</strong></span> <span class='ocrx_word' id='word_1_496' title='bbox 3522 3222 3695 3276; x_wconf 79' lang='lat' dir='ltr'><strong>verba</strong></span> <span class='ocrx_word' id='word_1_497' title='bbox 3722 3220 3784 3273; x_wconf 90' lang='lat' dir='ltr'><strong>ad</strong></span> 
     </span>
    </p>
   </div>
   <div class='ocr_carea' id='block_1_79' title="bbox 2210 3315 3786 3391">
    <p class='ocr_par' dir='ltr' id='par_1_79' title="bbox 2210 3315 3786 3391">
     <span class='ocr_line' id='line_1_79' title="bbox 2210 3315 3786 3391; baseline -0.005 -14"><span class='ocrx_word' id='word_1_498' title='bbox 2210 3321 2606 3377; x_wconf 89' lang='lat' dir='ltr'><strong>sollicitandum</strong></span> <span class='ocrx_word' id='word_1_499' title='bbox 2633 3319 3031 3391; x_wconf 85' lang='lat' dir='ltr'><strong>persuasibilia,</strong></span> <span class='ocrx_word' id='word_1_500' title='bbox 3079 3327 3139 3373; x_wconf 93' lang='lat' dir='ltr'><strong>ut</strong></span> <span class='ocrx_word' id='word_1_501' title='bbox 3175 3316 3278 3371; x_wconf 90' lang='lat' dir='ltr'><strong>tria</strong></span> <span class='ocrx_word' id='word_1_502' title='bbox 3323 3315 3491 3370; x_wconf 85' lang='lat' dir='ltr'><strong>millia</strong></span> <span class='ocrx_word' id='word_1_503' title='bbox 3522 3323 3786 3386; x_wconf 58' lang='lat' dir='ltr'><strong>pugnatm</strong></span> 
     </span>
    </p>
   </div>
   <div class='ocr_carea' id='block_1_80' title="bbox 2212 3406 3786 3483">
    <p class='ocr_par' dir='ltr' id='par_1_80' title="bbox 2212 3406 3786 3483">
     <span class='ocr_line' id='line_1_80' title="bbox 2212 3406 3786 3483; baseline -0.005 -16"><span class='ocrx_word' id='word_1_504' title='bbox 2212 3429 2328 3479; x_wconf 87' lang='lat' dir='ltr'><strong>rum</strong></span> <span class='ocrx_word' id='word_1_505' title='bbox 2377 3413 2488 3483; x_wconf 75' lang='lat'><strong>(27)</strong></span> <span class='ocrx_word' id='word_1_506' title='bbox 2537 3412 2587 3465; x_wconf 94' lang='lat' dir='ltr'><strong>in</strong></span> <span class='ocrx_word' id='word_1_507' title='bbox 2649 3410 3033 3465; x_wconf 90' lang='lat' dir='ltr'><strong>munitionibus</strong></span> <span class='ocrx_word' id='word_1_508' title='bbox 3090 3408 3301 3464; x_wconf 88' lang='lat' dir='ltr'><strong>urbium</strong></span> <span class='ocrx_word' id='word_1_509' title='bbox 3351 3415 3411 3462; x_wconf 89' lang='lat' dir='ltr'><strong>et</strong></span> <span class='ocrx_word' id='word_1_510' title='bbox 3466 3406 3786 3476; x_wconf 88' lang='lat' dir='ltr'><strong>oppidorum</strong></span> 
     </span>
    </p>
   </div>
   <div class='ocr_carea' id='block_1_81' title="bbox 2211 3498 3787 3575">
    <p class='ocr_par' dir='ltr' id='par_1_81' title="bbox 2211 3498 3787 3575">
     <span class='ocr_line' id='line_1_81' title="bbox 2211 3498 3787 3575; baseline -0.005 -16"><span class='ocrx_word' id='word_1_511' title='bbox 2211 3520 2434 3560; x_wconf 89' lang='lat' dir='ltr'><strong>suorum</strong></span> <span class='ocrx_word' id='word_1_512' title='bbox 2460 3503 2709 3575; x_wconf 90' lang='lat' dir='ltr'><strong>recipiat,</strong></span> <span class='ocrx_word' id='word_1_513' title='bbox 2734 3503 2824 3573; x_wconf 88' lang='lat' dir='ltr'><strong>qui</strong></span> <span class='ocrx_word' id='word_1_514' title='bbox 2849 3501 3209 3573; x_wconf 80' lang='lat' dir='ltr'><strong>belligerando</strong></span> <span class='ocrx_word' id='word_1_515' title='bbox 3231 3499 3408 3554; x_wconf 87' lang='lat' dir='ltr'><strong>illatas</strong></span> <span class='ocrx_word' id='word_1_516' title='bbox 3446 3499 3556 3553; x_wconf 91' lang='lat' dir='ltr'><strong>sibi</strong></span> <span class='ocrx_word' id='word_1_517' title='bbox 3603 3498 3673 3552; x_wconf 86' lang='lat' dir='ltr'><strong>ab</strong></span> <span class='ocrx_word' id='word_1_518' title='bbox 3693 3498 3787 3551; x_wconf 82' lang='lat' dir='ltr'><strong>im-</strong></span> 
     </span>
    </p>
   </div>
   <div class='ocr_carea' id='block_1_82' title="bbox 2209 3589 3785 3668">
    <p class='ocr_par' dir='ltr' id='par_1_82' title="bbox 2209 3589 3785 3668">
     <span class='ocr_line' id='line_1_82' title="bbox 2209 3589 3785 3668; baseline -0.006 -17"><span class='ocrx_word' id='word_1_519' title='bbox 2209 3606 2458 3668; x_wconf 90' lang='lat' dir='ltr'><strong>peratore</strong></span> <span class='ocrx_word' id='word_1_520' title='bbox 2508 3595 2785 3651; x_wconf 87' lang='lat' dir='ltr'><strong>molestias</strong></span> <span class='ocrx_word' id='word_1_521' title='bbox 2833 3592 2991 3649; x_wconf 81' lang='lat' dir='ltr'><strong>facile</strong></span> <span class='ocrx_word' id='word_1_522' title='bbox 3045 3592 3399 3647; x_wconf 88' lang='lat' dir='ltr'><strong>vindicarent.</strong></span> <span class='ocrx_word' id='word_1_523' title='bbox 3443 3589 3542 3644; x_wconf 92' lang='lat' dir='ltr'><strong>llle</strong></span> <span class='ocrx_word' id='word_1_524' title='bbox 3585 3598 3785 3655; x_wconf 85' lang='lat' dir='ltr'><strong>autem,</strong></span> 
     </span>
    </p>
   </div>
   <div class='ocr_carea' id='block_1_83' title="bbox 2208 3682 3781 3760">
    <p class='ocr_par' dir='ltr' id='par_1_83' title="bbox 2208 3682 3781 3760">
     <span class='ocr_line' id='line_1_83' title="bbox 2208 3682 3781 3760; baseline -0.006 -17"><span class='ocrx_word' id='word_1_525' title='bbox 2208 3689 2286 3744; x_wconf 92' lang='lat' dir='ltr'><strong>uti</strong></span> <span class='ocrx_word' id='word_1_526' title='bbox 2313 3688 2540 3760; x_wconf 86' lang='lat' dir='ltr'><strong>jucunda</strong></span> <span class='ocrx_word' id='word_1_527' title='bbox 2574 3701 2955 3757; x_wconf 89' lang='lat' dir='ltr'><strong>nonnunquam</strong></span> <span class='ocrx_word' id='word_1_528' title='bbox 2991 3684 3146 3741; x_wconf 87' lang='lat' dir='ltr'><strong>seriis</strong></span> <span class='ocrx_word' id='word_1_529' title='bbox 3170 3684 3328 3739; x_wconf 89' lang='lat' dir='ltr'><strong>rebus</strong></span> <span class='ocrx_word' id='word_1_530' title='bbox 3359 3682 3570 3737; x_wconf 87' lang='lat' dir='ltr'><strong>solebat</strong></span> <span class='ocrx_word' id='word_1_531' title='bbox 3601 3682 3781 3736; x_wconf 78' lang='lat' dir='ltr'><strong>laxare</strong></span> 
     </span>
    </p>
   </div>
   <div class='ocr_carea' id='block_1_84' title="bbox 2209 3773 3786 3847">
    <p class='ocr_par' dir='ltr' id='par_1_84' title="bbox 2209 3773 3786 3847">
     <span class='ocr_line' id='line_1_84' title="bbox 2209 3773 3786 3847; baseline -0.005 -12"><span class='ocrx_word' id='word_1_532' title='bbox 2209 3781 2428 3844; x_wconf 88' lang='lat' dir='ltr'><strong>diludia,</strong></span> <span class='ocrx_word' id='word_1_533' title='bbox 2452 3780 2596 3834; x_wconf 90' lang='lat' dir='ltr'><strong>inter</strong></span> <span class='ocrx_word' id='word_1_534' title='bbox 2624 3777 3029 3847; x_wconf 89' lang='lat' dir='ltr'><strong>colloquendum</strong></span> <span class='ocrx_word' id='word_1_535' title='bbox 3061 3790 3181 3831; x_wconf 90' lang='lat' dir='ltr'><strong>cum</strong></span> <span class='ocrx_word' id='word_1_536' title='bbox 3224 3773 3552 3844; x_wconf 83' lang='lat' dir='ltr'><strong>quibusdam</strong></span> <span class='ocrx_word' id='word_1_537' title='bbox 3609 3787 3786 3828; x_wconf 86' lang='lat' dir='ltr'><strong>neces-</strong></span> 
     </span>
    </p>
   </div>
   <div class='ocr_carea' id='block_1_85' title="bbox 2210 3864 3784 3940">
    <p class='ocr_par' dir='ltr' id='par_1_85' title="bbox 2210 3864 3784 3940">
     <span class='ocr_line' id='line_1_85' title="bbox 2210 3864 3784 3940; baseline -0.007 -10"><span class='ocrx_word' id='word_1_538' title='bbox 2210 3873 2369 3930; x_wconf 88' lang='lat' dir='ltr'><strong>sariis</strong></span> <span class='ocrx_word' id='word_1_539' title='bbox 2398 3873 2510 3927; x_wconf 88' lang='lat' dir='ltr'><strong>suis</strong></span> <span class='ocrx_word' id='word_1_540' title='bbox 2536 3870 2694 3940; x_wconf 86' lang='lat' dir='ltr'><strong>hujus</strong></span> <span class='ocrx_word' id='word_1_541' title='bbox 2722 3870 2796 3926; x_wconf 92' lang='lat' dir='ltr'><strong>rei</strong></span> <span class='ocrx_word' id='word_1_542' title='bbox 2828 3869 3150 3925; x_wconf 90' lang='lat' dir='ltr'><strong>mentionem</strong></span> <span class='ocrx_word' id='word_1_543' title='bbox 3181 3866 3388 3931; x_wconf 90' lang='lat' dir='ltr'><strong>habuit,</strong></span> <span class='ocrx_word' id='word_1_544' title='bbox 3417 3865 3638 3934; x_wconf 89' lang='lat' dir='ltr'><strong>sibique</strong></span> <span class='ocrx_word' id='word_1_545' title='bbox 3659 3864 3784 3919; x_wconf 85' lang='lat' dir='ltr'><strong>satis</strong></span> 
     </span>
    </p>
   </div>
   <div class='ocr_carea' id='block_1_86' title="bbox 2209 3957 3783 4038">
    <p class='ocr_par' dir='ltr' id='par_1_86' title="bbox 2209 3957 3783 4038">
     <span class='ocr_line' id='line_1_86' title="bbox 2209 3957 3783 4038; baseline -0.008 -15"><span class='ocrx_word' id='word_1_546' title='bbox 2209 3980 2445 4038; x_wconf 79' lang='lat' dir='ltr'><strong>congrue</strong></span> <span class='ocrx_word' id='word_1_547' title='bbox 2477 3964 2784 4021; x_wconf 81' lang='lat' dir='ltr'><strong>facultatem</strong></span> <span class='ocrx_word' id='word_1_548' title='bbox 2818 3960 3162 4037; x_wconf 81' lang='lat' dir='ltr'><strong>belligerandi</strong></span> <span class='ocrx_word' id='word_1_549' title='bbox 3190 3967 3477 4030; x_wconf 88' lang='lat' dir='ltr'><strong>suppetere</strong></span> <span class='ocrx_word' id='word_1_550' title='bbox 3499 3957 3783 4026; x_wconf 56' lang='lat' dir='ltr'><strong>jucundisc</strong></span> 
     </span>
    </p>
   </div>
   <div class='ocr_carea' id='block_1_87' title="bbox 2209 4049 3787 4126">
    <p class='ocr_par' dir='ltr' id='par_1_87' title="bbox 2209 4049 3787 4126">
     <span class='ocr_line' id='line_1_87' title="bbox 2209 4049 3787 4126; baseline -0.007 -13"><span class='ocrx_word' id='word_1_551' title='bbox 2209 4058 2345 4113; x_wconf 87' lang='lat' dir='ltr'><strong>sime</strong></span> <span class='ocrx_word' id='word_1_552' title='bbox 2386 4056 2740 4126; x_wconf 78' lang='lat' dir='ltr'><strong>aggarricndo</strong></span> <span class='ocrx_word' id='word_1_553' title='bbox 2776 4053 3154 4125; x_wconf 83' lang='lat' dir='ltr'><strong>ingeminabat.</strong></span> <span class='ocrx_word' id='word_1_554' title='bbox 3185 4050 3429 4118; x_wconf 85' lang='lat' dir='ltr'><strong>Cumque</strong></span> <span class='ocrx_word' id='word_1_555' title='bbox 3460 4049 3536 4104; x_wconf 91' lang='lat' dir='ltr'><strong>illi</strong></span> <span class='ocrx_word' id='word_1_556' title='bbox 3562 4049 3787 4118; x_wconf 88' lang='lat' dir='ltr'><strong>quilibet</strong></span> 
     </span>
    </p>
   </div>
   <div class='ocr_carea' id='block_1_88' title="bbox 2207 4141 3784 4219">
    <p class='ocr_par' dir='ltr' id='par_1_88' title="bbox 2207 4141 3784 4219">
     <span class='ocr_line' id='line_1_88' title="bbox 2207 4141 3784 4219; baseline -0.006 -16"><span class='ocrx_word' id='word_1_557' title='bbox 2207 4162 2273 4203; x_wconf 85' lang='lat' dir='ltr'><strong>ex</strong></span> <span class='ocrx_word' id='word_1_558' title='bbox 2310 4149 2395 4203; x_wconf 87' lang='lat' dir='ltr'><strong>his</strong></span> <span class='ocrx_word' id='word_1_559' title='bbox 2420 4149 2737 4219; x_wconf 90' lang='lat' dir='ltr'><strong>quibuscum</strong></span> <span class='ocrx_word' id='word_1_560' title='bbox 2786 4146 3046 4201; x_wconf 88' lang='lat' dir='ltr'><strong>secretius</strong></span> <span class='ocrx_word' id='word_1_561' title='bbox 3086 4141 3416 4199; x_wconf 89' lang='lat' dir='ltr'><strong>confabulari</strong></span> <span class='ocrx_word' id='word_1_562' title='bbox 3464 4141 3680 4197; x_wconf 85' lang='lat' dir='ltr'><strong>solebat</strong></span> <span class='ocrx_word' id='word_1_563' title='bbox 3719 4155 3784 4194; x_wconf 80' lang='lat' dir='ltr'><strong>ex</strong></span> 
     </span>
    </p>
   </div>
   <div class='ocr_carea' id='block_1_89' title="bbox 2209 4234 3784 4307">
    <p class='ocr_par' dir='ltr' id='par_1_89' title="bbox 2209 4234 3784 4307">
     <span class='ocr_line' id='line_1_89' title="bbox 2209 4234 3784 4307; baseline -0.005 -14"><span class='ocrx_word' id='word_1_564' title='bbox 2209 4255 2345 4295; x_wconf 90' lang='lat' dir='ltr'><strong>ausu</strong></span> <span class='ocrx_word' id='word_1_565' title='bbox 2373 4237 2752 4292; x_wconf 89' lang='lat' dir='ltr'><strong>familiaritatis</strong></span> <span class='ocrx_word' id='word_1_566' title='bbox 2776 4236 3144 4307; x_wconf 77' lang='lat' dir='ltr'><strong>suggessisset,</strong></span> <span class='ocrx_word' id='word_1_567' title='bbox 3168 4249 3329 4289; x_wconf 87' lang='lat' dir='ltr'><strong>canos</strong></span> <span class='ocrx_word' id='word_1_568' title='bbox 3352 4234 3469 4302; x_wconf 90' lang='lat' dir='ltr'><strong>ejus</strong></span> <span class='ocrx_word' id='word_1_569' title='bbox 3489 4234 3557 4288; x_wconf 89' lang='lat' dir='ltr'><strong>ad</strong></span> <span class='ocrx_word' id='word_1_570' title='bbox 3586 4234 3639 4289; x_wconf 91' lang='lat' dir='ltr'><strong>id</strong></span> <span class='ocrx_word' id='word_1_571' title='bbox 3661 4245 3784 4288; x_wconf 62' lang='grc' dir='ltr'><strong>πιε-</strong></span> 
     </span>
    </p>
   </div>
   <div class='ocr_carea' id='block_1_90' title="bbox 2211 4323 3783 4401">
    <p class='ocr_par' dir='ltr' id='par_1_90' title="bbox 2211 4323 3783 4401">
     <span class='ocr_line' id='line_1_90' title="bbox 2211 4323 3783 4401; baseline -0.006 -13"><span class='ocrx_word' id='word_1_572' title='bbox 2211 4331 2279 4388; x_wconf 89' lang='lat' dir='ltr'><strong>tis</strong></span> <span class='ocrx_word' id='word_1_573' title='bbox 2306 4347 2336 4384; x_wconf 88' lang='lat' dir='ltr'><strong>a</strong></span> <span class='ocrx_word' id='word_1_574' title='bbox 2364 4329 2553 4401; x_wconf 91' lang='lat' dir='ltr'><strong>primis</strong></span> <span class='ocrx_word' id='word_1_575' title='bbox 2582 4328 2952 4384; x_wconf 68' lang='lat' dir='ltr'><strong>adolescentiae</strong></span> <span class='ocrx_word' id='word_1_576' title='bbox 2990 4326 3144 4382; x_wconf 89' lang='lat' dir='ltr'><strong>annis</strong></span> <span class='ocrx_word' id='word_1_577' title='bbox 3172 4325 3287 4381; x_wconf 91' lang='lat' dir='ltr'><strong>sine</strong></span> <span class='ocrx_word' id='word_1_578' title='bbox 3324 4325 3546 4395; x_wconf 88' lang='lat' dir='ltr'><strong>querela</strong></span> <span class='ocrx_word' id='word_1_579' title='bbox 3594 4323 3783 4395; x_wconf 85' lang='lat' dir='ltr'><strong>perdu-</strong></span> 
     </span>
    </p>
   </div>
   <div class='ocr_carea' id='block_1_91' title="bbox 600 4413 3782 4494">
    <p class='ocr_par' dir='ltr' id='par_1_91' title="bbox 600 4413 3782 4494">
     <span class='ocr_line' id='line_1_91' title="bbox 600 4413 3782 4494; baseline -0.001 -25"><span class='ocrx_word' id='word_1_580' title='bbox 600 4413 729 4469; x_wconf 77' lang='lat' dir='ltr'><strong>‘Duo</strong></span> <span class='ocrx_word' id='word_1_581' title='bbox 759 4423 1019 4484; x_wconf 82' lang='lat' dir='ltr'><strong>praeterea</strong></span> <span class='ocrx_word' id='word_1_582' title='bbox 1051 4428 1156 4468; x_wconf 93' lang='lat' dir='ltr'><strong>non</strong></span> <span class='ocrx_word' id='word_1_583' title='bbox 1183 4415 1279 4471; x_wconf 89' lang='lat' dir='ltr'><strong>abs</strong></span> <span class='ocrx_word' id='word_1_584' title='bbox 1307 4429 1366 4470; x_wconf 89' lang='lat' dir='ltr'><strong>re</strong></span> <span class='ocrx_word' id='word_1_585' title='bbox 1391 4415 1627 4470; x_wconf 86' lang='lat' dir='ltr'><strong>arbitror</strong></span> <span class='ocrx_word' id='word_1_586' title='bbox 1652 4428 1773 4470; x_wconf 86' lang='lat' dir='ltr'><strong>esse</strong></span> <span class='ocrx_word' id='word_1_587' title='bbox 1799 4413 2105 4479; x_wconf 88' lang='lat' dir='ltr'><strong>referenda,</strong></span> <span class='ocrx_word' id='word_1_588' title='bbox 2139 4434 2185 4494; x_wconf 77' lang='grc' dir='ltr'>υ</span> <span class='ocrx_word' id='word_1_589' title='bbox 2210 4430 2326 4476; x_wconf 85' lang='lat' dir='ltr'><strong>ctos</strong></span> <span class='ocrx_word' id='word_1_590' title='bbox 2354 4435 2625 4490; x_wconf 88' lang='lat' dir='ltr'><strong>nunquam</strong></span> <span class='ocrx_word' id='word_1_591' title='bbox 2656 4421 2722 4473; x_wconf 91' lang='lat' dir='ltr'><strong>ad</strong></span> <span class='ocrx_word' id='word_1_592' title='bbox 2767 4419 2871 4475; x_wconf 88' lang='lat' dir='ltr'><strong>hoc</strong></span> <span class='ocrx_word' id='word_1_593' title='bbox 2911 4417 3119 4474; x_wconf 91' lang='lat' dir='ltr'><strong>devolvi</strong></span> <span class='ocrx_word' id='word_1_594' title='bbox 3157 4423 3429 4485; x_wconf 88' lang='lat' dir='ltr'><strong>oportere,</strong></span> <span class='ocrx_word' id='word_1_595' title='bbox 3459 4426 3520 4471; x_wconf 91' lang='lat' dir='ltr'><strong>ut</strong></span> <span class='ocrx_word' id='word_1_596' title='bbox 3542 4416 3660 4487; x_wconf 87' lang='lat' dir='ltr'><strong>jam</strong></span> <span class='ocrx_word' id='word_1_597' title='bbox 3688 4416 3782 4469; x_wconf 85' lang='lat' dir='ltr'><strong>sub</strong></span> 
     </span>
    </p>
   </div>
   <div class='ocr_carea' id='block_1_92' title="bbox 530 4502 2104 4575">
    <p class='ocr_par' dir='ltr' id='par_1_92' title="bbox 530 4502 2104 4575">
     <span class='ocr_line' id='line_1_92' title="bbox 530 4502 2104 4575; baseline -0.001 -15"><span class='ocrx_word' id='word_1_598' title='bbox 530 4506 598 4560; x_wconf 75' lang='lat' dir='ltr'><strong>in</strong></span> <span class='ocrx_word' id='word_1_599' title='bbox 633 4505 828 4573; x_wconf 83' lang='lat' dir='ltr'><strong>quibus</strong></span> <span class='ocrx_word' id='word_1_600' title='bbox 858 4504 1191 4560; x_wconf 87' lang='lat' dir='ltr'><strong>dissimiliter</strong></span> <span class='ocrx_word' id='word_1_601' title='bbox 1214 4504 1422 4575; x_wconf 89' lang='lat' dir='ltr'><strong>justitia</strong></span> <span class='ocrx_word' id='word_1_602' title='bbox 1443 4504 1544 4559; x_wconf 88' lang='lat' dir='ltr'><strong>viri</strong></span> <span class='ocrx_word' id='word_1_603' title='bbox 1566 4502 1658 4558; x_wconf 90' lang='lat' dir='ltr'><strong>Dei</strong></span> <span class='ocrx_word' id='word_1_604' title='bbox 1694 4503 1982 4559; x_wconf 87' lang='lat' dir='ltr'><strong>manifeste</strong></span> <span class='ocrx_word' id='word_1_605' title='bbox 2021 4514 2104 4560; x_wconf 90' lang='lat' dir='ltr'><strong>est</strong></span> 
     </span>
    </p>
   </div>
   <div class='ocr_carea' id='block_1_93' title="bbox 542 4593 2103 4666">
    <p class='ocr_par' dir='ltr' id='par_1_93' title="bbox 542 4593 2103 4666">
     <span class='ocr_line' id='line_1_93' title="bbox 542 4593 2103 4666; baseline 0 -17"><span class='ocrx_word' id='word_1_606' title='bbox 542 4596 789 4666; x_wconf 88' lang='lat' dir='ltr'><strong>probata.</strong></span> <span class='ocrx_word' id='word_1_607' title='bbox 821 4593 954 4650; x_wconf 86' lang='lat' dir='ltr'><strong>Nam</strong></span> <span class='ocrx_word' id='word_1_608' title='bbox 992 4594 1043 4648; x_wconf 93' lang='lat' dir='ltr'><strong>in</strong></span> <span class='ocrx_word' id='word_1_609' title='bbox 1075 4594 1245 4648; x_wconf 87' lang='lat' dir='ltr'><strong>altero</strong></span> <span class='ocrx_word' id='word_1_610' title='bbox 1271 4594 1504 4663; x_wconf 86' lang='lat' dir='ltr'><strong>quidem,</strong></span> <span class='ocrx_word' id='word_1_611' title='bbox 1542 4594 1697 4664; x_wconf 90' lang='lat' dir='ltr'><strong>quasi</strong></span> <span class='ocrx_word' id='word_1_612' title='bbox 1727 4609 1825 4664; x_wconf 91' lang='lat' dir='ltr'><strong>pro</strong></span> <span class='ocrx_word' id='word_1_613' title='bbox 1870 4593 2103 4663; x_wconf 85' lang='lat' dir='ltr'><strong>impera-</strong></span> 
     </span>
    </p>
   </div>
   <div class='ocr_carea' id='block_1_94' title="bbox 534 4681 2104 4752">
    <p class='ocr_par' dir='ltr' id='par_1_94' title="bbox 534 4681 2104 4752">
     <span class='ocr_line' id='line_1_94' title="bbox 534 4681 2104 4752; baseline -0.003 -11"><span class='ocrx_word' id='word_1_614' title='bbox 534 4697 661 4741; x_wconf 83' lang='lat' dir='ltr'><strong>tore</strong></span> <span class='ocrx_word' id='word_1_615' title='bbox 693 4684 920 4740; x_wconf 88' lang='lat' dir='ltr'><strong>ﬁdeliter</strong></span> <span class='ocrx_word' id='word_1_616' title='bbox 964 4693 1200 4747; x_wconf 88' lang='lat' dir='ltr'><strong>acturus,</strong></span> <span class='ocrx_word' id='word_1_617' title='bbox 1234 4690 1422 4739; x_wconf 89' lang='lat' dir='ltr'><strong>contra</strong></span> <span class='ocrx_word' id='word_1_618' title='bbox 1471 4684 1642 4739; x_wconf 89' lang='lat' dir='ltr'><strong>Deum</strong></span> <span class='ocrx_word' id='word_1_619' title='bbox 1688 4691 1744 4737; x_wconf 91' lang='lat' dir='ltr'><strong>et</strong></span> <span class='ocrx_word' id='word_1_620' title='bbox 1790 4681 2104 4752; x_wconf 81' lang='lat' dir='ltr'><strong>religionem</strong></span> 
     </span>
    </p>
   </div>
   <div class='ocr_carea' id='block_1_95' title="bbox 540 4774 2105 4847">
    <p class='ocr_par' dir='ltr' id='par_1_95' title="bbox 540 4774 2105 4847">
     <span class='ocr_line' id='line_1_95' title="bbox 540 4774 2105 4847; baseline -0.003 -14"><span class='ocrx_word' id='word_1_621' title='bbox 540 4778 902 4834; x_wconf 87' lang='lat' dir='ltr'><strong>Christianam</strong></span> <span class='ocrx_word' id='word_1_622' title='bbox 949 4784 1009 4831; x_wconf 87' lang='lat' dir='ltr'><strong>ut</strong></span> <span class='ocrx_word' id='word_1_623' title='bbox 1055 4774 1342 4830; x_wconf 87' lang='lat' dir='ltr'><strong>inﬁdeliter</strong></span> <span class='ocrx_word' id='word_1_624' title='bbox 1388 4785 1570 4847; x_wconf 78' lang='lat' dir='ltr'><strong>ageret</strong></span> <span class='ocrx_word' id='word_1_625' title='bbox 1603 4784 1689 4830; x_wconf 88' lang='lat' dir='ltr'><strong>est</strong></span> <span class='ocrx_word' id='word_1_626' title='bbox 1735 4782 2000 4840; x_wconf 89' lang='lat' dir='ltr'><strong>tentatus;</strong></span> <span class='ocrx_word' id='word_1_627' title='bbox 2051 4775 2105 4829; x_wconf 89' lang='lat' dir='ltr'><strong>in</strong></span> 
     </span>
    </p>
   </div>
   <div class='ocr_carea' id='block_1_96' title="bbox 547 4865 2105 4936">
    <p class='ocr_par' dir='ltr' id='par_1_96' title="bbox 547 4865 2105 4936">
     <span class='ocr_line' id='line_1_96' title="bbox 547 4865 2105 4936; baseline -0.003 -13"><span class='ocrx_word' id='word_1_628' title='bbox 547 4869 718 4923; x_wconf 88' lang='lat' dir='ltr'><strong>altero</strong></span> <span class='ocrx_word' id='word_1_629' title='bbox 753 4877 954 4935; x_wconf 88' lang='lat' dir='ltr'><strong>autem,</strong></span> <span class='ocrx_word' id='word_1_630' title='bbox 988 4868 1116 4922; x_wconf 90' lang='lat' dir='ltr'><strong>licet</strong></span> <span class='ocrx_word' id='word_1_631' title='bbox 1144 4865 1472 4936; x_wconf 88' lang='lat' dir='ltr'><strong>aliquantum</strong></span> <span class='ocrx_word' id='word_1_632' title='bbox 1495 4865 1653 4922; x_wconf 69' lang='lat' dir='ltr'><strong>laesus</strong></span> <span class='ocrx_word' id='word_1_633' title='bbox 1678 4865 1746 4921; x_wconf 89' lang='lat' dir='ltr'><strong>ab</strong></span> <span class='ocrx_word' id='word_1_634' title='bbox 1779 4866 1895 4936; x_wconf 90' lang='lat' dir='ltr'><strong>ipso</strong></span> <span class='ocrx_word' id='word_1_635' title='bbox 1938 4865 2105 4935; x_wconf 87' lang='lat' dir='ltr'><strong>impe-</strong></span> 
     </span>
    </p>
   </div>
   <div class='ocr_carea' id='block_1_97' title="bbox 542 4955 2106 5030">
    <p class='ocr_par' dir='ltr' id='par_1_97' title="bbox 542 4955 2106 5030">
     <span class='ocr_line' id='line_1_97' title="bbox 542 4955 2106 5030; baseline -0.003 -16"><span class='ocrx_word' id='word_1_636' title='bbox 542 4971 742 5025; x_wconf 88' lang='lat' dir='ltr'><strong>ratore,</strong></span> <span class='ocrx_word' id='word_1_637' title='bbox 771 4962 1006 5030; x_wconf 91' lang='lat' dir='ltr'><strong>seipsum</strong></span> <span class='ocrx_word' id='word_1_638' title='bbox 1038 4968 1215 5014; x_wconf 84' lang='lat' dir='ltr'><strong>tamen</strong></span> <span class='ocrx_word' id='word_1_639' title='bbox 1258 4974 1358 5029; x_wconf 88' lang='lat' dir='ltr'><strong>pro</strong></span> <span class='ocrx_word' id='word_1_640' title='bbox 1388 4958 1557 5027; x_wconf 89' lang='lat' dir='ltr'><strong>ipsius</strong></span> <span class='ocrx_word' id='word_1_641' title='bbox 1593 4955 1848 5012; x_wconf 87' lang='lat' dir='ltr'><strong>ﬁdelitate</strong></span> <span class='ocrx_word' id='word_1_642' title='bbox 1876 4956 2106 5010; x_wconf 90' lang='lat' dir='ltr'><strong>libenter</strong></span> 
     </span>
    </p>
   </div>
   <div class='ocr_carea' id='block_1_98' title="bbox 543 5044 2106 5084">
    <p class='ocr_par' dir='ltr' id='par_1_98' title="bbox 543 5044 2106 5084">
     <span class='ocr_line' id='line_1_98' title="bbox 543 5044 2106 5084; baseline 0 0"><span class='ocrx_word' id='word_1_643' title='bbox 543 5050 855 5084; x_wconf 64' lang='lat' dir='ltr'><strong>:mnnntlnpn</strong></span> <span class='ocrx_word' id='word_1_644' title='bbox 882 5060 1077 5084; x_wconf 71' lang='lat' dir='ltr'><strong>nnmctn</strong></span> <span class='ocrx_word' id='word_1_645' title='bbox 1100 5064 1221 5084; x_wconf 71' lang='lat' dir='ltr'><strong>nccn</strong></span> <span class='ocrx_word' id='word_1_646' title='bbox 1245 5059 1323 5084; x_wconf 68' lang='lat' dir='ltr'><strong>nc!</strong></span> <span class='ocrx_word' id='word_1_647' title='bbox 1364 5050 1617 5084; x_wconf 64' lang='lat' dir='ltr'><strong>nrnl-nlnc</strong></span> <span class='ocrx_word' id='word_1_648' title='bbox 1678 5044 1921 5084; x_wconf 61' lang='lat' dir='ltr'><strong>nnnl‘nm</strong></span> <span class='ocrx_word' id='word_1_649' title='bbox 1968 5054 2106 5084; x_wconf 79' lang='lat' dir='ltr'><strong>Inm-</strong></span> 
     </span>
    </p>
   </div>
   <div class='ocr_carea' id='block_1_99' title="bbox 2212 4506 3785 4582">
    <p class='ocr_par' dir='ltr' id='par_1_99' title="bbox 2212 4506 3785 4582">
     <span class='ocr_line' id='line_1_99' title="bbox 2212 4506 3785 4582; baseline -0.005 -15"><span class='ocrx_word' id='word_1_650' title='bbox 2212 4512 2386 4582; x_wconf 90' lang='lat' dir='ltr'><strong>ipsum</strong></span> <span class='ocrx_word' id='word_1_651' title='bbox 2415 4511 2539 4564; x_wconf 70' lang='lat' dir='ltr'><strong>vitm</strong></span> <span class='ocrx_word' id='word_1_652' title='bbox 2568 4510 2855 4565; x_wconf 89' lang='lat' dir='ltr'><strong>terminum</strong></span> <span class='ocrx_word' id='word_1_653' title='bbox 2882 4507 3078 4564; x_wconf 86' lang='lat' dir='ltr'><strong>talibus</strong></span> <span class='ocrx_word' id='word_1_654' title='bbox 3096 4507 3332 4561; x_wconf 88' lang='lat' dir='ltr'><strong>animum</strong></span> <span class='ocrx_word' id='word_1_655' title='bbox 3373 4506 3654 4576; x_wconf 85' lang='lat' dir='ltr'><strong>applicare</strong></span> <span class='ocrx_word' id='word_1_656' title='bbox 3696 4506 3785 4560; x_wconf 48' lang='lat' dir='ltr'><strong>de</strong></span> 
     </span>
    </p>
   </div>
   <div class='ocr_carea' id='block_1_100' title="bbox 2210 4598 3782 4670">
    <p class='ocr_par' dir='ltr' id='par_1_100' title="bbox 2210 4598 3782 4670">
     <span class='ocr_line' id='line_1_100' title="bbox 2210 4598 3782 4670; baseline -0.006 -10"><span class='ocrx_word' id='word_1_657' title='bbox 2210 4604 2337 4660; x_wconf 88' lang='lat' dir='ltr'><strong>beat</strong></span> <span class='ocrx_word' id='word_1_658' title='bbox 2376 4602 2657 4659; x_wconf 88' lang='lat' dir='ltr'><strong>consiliis:</strong></span> <span class='ocrx_word' id='word_1_659' title='bbox 2694 4621 2711 4654; x_wconf 73' lang='grc' dir='ltr'><strong>ε</strong></span> <span class='ocrx_word' id='word_1_660' title='bbox 2757 4601 2927 4658; x_wconf 86' lang='lat' dir='ltr'><strong>Nemo</strong></span> <span class='ocrx_word' id='word_1_661' title='bbox 2972 4601 3139 4666; x_wconf 89' lang='lat' dir='ltr'><strong>mihi,</strong></span> <span class='ocrx_word' id='word_1_662' title='bbox 3183 4598 3393 4670; x_wconf 91' lang='lat' dir='ltr'><strong>inquit,</strong></span> <span class='ocrx_word' id='word_1_663' title='bbox 3425 4598 3572 4653; x_wconf 88' lang='lat' dir='ltr'><strong>aliud</strong></span> <span class='ocrx_word' id='word_1_664' title='bbox 3623 4611 3782 4668; x_wconf 82' lang='lat' dir='ltr'><strong>quam</strong></span> 
     </span>
    </p>
   </div>
   <div class='ocr_carea' id='block_1_101' title="bbox 2210 4686 3782 4764">
    <p class='ocr_par' dir='ltr' id='par_1_101' title="bbox 2210 4686 3782 4764">
     <span class='ocr_line' id='line_1_101' title="bbox 2210 4686 3782 4764; baseline -0.007 -15"><span class='ocrx_word' id='word_1_665' title='bbox 2210 4694 2352 4764; x_wconf 91' lang='lat' dir='ltr'><strong>quod</strong></span> <span class='ocrx_word' id='word_1_666' title='bbox 2379 4691 2575 4748; x_wconf 90' lang='lat' dir='ltr'><strong>suades</strong></span> <span class='ocrx_word' id='word_1_667' title='bbox 2605 4692 2786 4748; x_wconf 89' lang='lat' dir='ltr'><strong>animo</strong></span> <span class='ocrx_word' id='word_1_668' title='bbox 2822 4706 2943 4748; x_wconf 87' lang='lat' dir='ltr'><strong>esse</strong></span> <span class='ocrx_word' id='word_1_669' title='bbox 2969 4691 3185 4754; x_wconf 84' lang='lat' dir='ltr'><strong>credat;</strong></span> <span class='ocrx_word' id='word_1_670' title='bbox 3222 4688 3444 4744; x_wconf 90' lang='lat' dir='ltr'><strong>domino</strong></span> <span class='ocrx_word' id='word_1_671' title='bbox 3468 4686 3782 4757; x_wconf 87' lang='lat' dir='ltr'><strong>imperatori</strong></span> 
     </span>
    </p>
   </div>
   <div class='ocr_carea' id='block_1_102' title="bbox 2213 4777 3782 4852">
    <p class='ocr_par' dir='ltr' id='par_1_102' title="bbox 2213 4777 3782 4852">
     <span class='ocr_line' id='line_1_102' title="bbox 2213 4777 3782 4852; baseline -0.005 -14"><span class='ocrx_word' id='word_1_672' title='bbox 2213 4783 2507 4838; x_wconf 88' lang='lat' dir='ltr'><strong>secundum</strong></span> <span class='ocrx_word' id='word_1_673' title='bbox 2551 4783 2691 4839; x_wconf 90' lang='lat' dir='ltr'><strong>scire</strong></span> <span class='ocrx_word' id='word_1_674' title='bbox 2732 4790 2788 4836; x_wconf 90' lang='lat' dir='ltr'><strong>et</strong></span> <span class='ocrx_word' id='word_1_675' title='bbox 2828 4796 2985 4852; x_wconf 88' lang='lat' dir='ltr'><strong>posse</strong></span> <span class='ocrx_word' id='word_1_676' title='bbox 3023 4796 3201 4837; x_wconf 91' lang='lat' dir='ltr'><strong>meum</strong></span> <span class='ocrx_word' id='word_1_677' title='bbox 3243 4794 3401 4834; x_wconf 89' lang='lat' dir='ltr'><strong>nemo</strong></span> <span class='ocrx_word' id='word_1_678' title='bbox 3444 4794 3532 4835; x_wconf 88' lang='lat' dir='ltr'><strong>me</strong></span> <span class='ocrx_word' id='word_1_679' title='bbox 3569 4777 3782 4832; x_wconf 87' lang='lat' dir='ltr'><strong>ﬁdelem</strong></span> 
     </span>
    </p>
   </div>
   <div class='ocr_carea' id='block_1_103' title="bbox 2211 4867 3782 4943">
    <p class='ocr_par' dir='ltr' id='par_1_103' title="bbox 2211 4867 3782 4943">
     <span class='ocr_line' id='line_1_103' title="bbox 2211 4867 3782 4943; baseline -0.008 -13"><span class='ocrx_word' id='word_1_680' title='bbox 2211 4890 2355 4940; x_wconf 89' lang='lat' dir='ltr'><strong>esse,</strong></span> <span class='ocrx_word' id='word_1_681' title='bbox 2386 4874 2869 4943; x_wconf 83' lang='lat' dir='ltr'><strong>quomodocunque</strong></span> <span class='ocrx_word' id='word_1_682' title='bbox 2897 4873 2965 4928; x_wconf 90' lang='lat' dir='ltr'><strong>ab</strong></span> <span class='ocrx_word' id='word_1_683' title='bbox 3002 4886 3068 4928; x_wconf 89' lang='lat' dir='ltr'><strong>eo</strong></span> <span class='ocrx_word' id='word_1_684' title='bbox 3097 4879 3315 4935; x_wconf 89' lang='lat' dir='ltr'><strong>tracter,</strong></span> <span class='ocrx_word' id='word_1_685' title='bbox 3361 4868 3588 4925; x_wconf 82' lang='lat' dir='ltr'><strong>diﬂidat.</strong></span> <span class='ocrx_word' id='word_1_686' title='bbox 3617 4867 3782 4935; x_wconf 84' lang='lat' dir='ltr'><strong>Cujus</strong></span> 
     </span>
    </p>
   </div>
   <div class='ocr_carea' id='block_1_104' title="bbox 2210 4960 3786 5033">
    <p class='ocr_par' dir='ltr' id='par_1_104' title="bbox 2210 4960 3786 5033">
     <span class='ocr_line' id='line_1_104' title="bbox 2210 4960 3786 5033; baseline -0.006 -14"><span class='ocrx_word' id='word_1_687' title='bbox 2210 4964 2373 5019; x_wconf 90' lang='lat' dir='ltr'><strong>etiam</strong></span> <span class='ocrx_word' id='word_1_688' title='bbox 2421 4964 2464 5017; x_wconf 86' lang='lat' dir='ltr'><strong>si</strong></span> <span class='ocrx_word' id='word_1_689' title='bbox 2508 4978 2574 5019; x_wconf 85' lang='lat' dir='ltr'><strong>eo</strong></span> <span class='ocrx_word' id='word_1_690' title='bbox 2606 4978 2777 5033; x_wconf 88' lang='lat' dir='ltr'><strong>usque</strong></span> <span class='ocrx_word' id='word_1_691' title='bbox 2828 4964 2993 5018; x_wconf 89' lang='lat' dir='ltr'><strong>animi</strong></span> <span class='ocrx_word' id='word_1_692' title='bbox 3050 4972 3226 5017; x_wconf 90' lang='lat' dir='ltr'><strong>motus</strong></span> <span class='ocrx_word' id='word_1_693' title='bbox 3275 4960 3676 5032; x_wconf 86' lang='lat' dir='ltr'><strong>processissent</strong></span> <span class='ocrx_word' id='word_1_694' title='bbox 3726 4968 3786 5011; x_wconf 89' lang='lat' dir='ltr'><strong>ut</strong></span> 
     </span>
    </p>
   </div>
   <div class='ocr_carea' id='block_1_105' title="bbox 2212 5048 3782 5084">
    <p class='ocr_par' dir='ltr' id='par_1_105' title="bbox 2212 5048 3782 5084">
     <span class='ocr_line' id='line_1_105' title="bbox 2212 5048 3782 5084; baseline 0 0"><span class='ocrx_word' id='word_1_695' title='bbox 2212 5056 2456 5084; x_wconf 56' lang='lat' dir='ltr'><strong>Aalv’nllm</strong></span> <span class='ocrx_word' id='word_1_696' title='bbox 2503 5053 2615 5084; x_wconf 66' lang='lat' dir='ltr'><strong>A:Ill!</strong></span> <span class='ocrx_word' id='word_1_697' title='bbox 2663 5055 2808 5084; x_wconf 63' lang='grc' dir='ltr'><strong>ξιιοιθιε</strong></span> <span class='ocrx_word' id='word_1_698' title='bbox 2861 5054 3073 5084; x_wconf 63' lang='grc' dir='ltr'><strong>ΛΛΙΙΙΙΙΜ</strong></span> <span class='ocrx_word' id='word_1_699' title='bbox 3130 5053 3429 5084; x_wconf 58' lang='lat' dir='ltr'><strong>nm:o:ﬂnnv\‘l</strong></span> 
     </span>
    </p>
   </div>
   <div class='ocr_carea' id='block_1_106' title="bbox 2861 5053 3429 5084">
    <p class='ocr_par' dir='ltr' id='par_1_106' title="bbox 2861 5053 3429 5084">
     <span class='ocr_line' id='line_1_106' title="bbox 2861 5053 3429 5084; baseline 0 0"><span class='ocrx_word' id='word_1_700' title='bbox 2861 5054 3073 5084; x_wconf 70' lang='lat' dir='ltr'><strong>Anulum</strong></span> <span class='ocrx_word' id='word_1_701' title='bbox 3130 5053 3429 5084; x_wconf 67' lang='grc' dir='ltr'><strong>σιωῖοῗοοιιηι</strong></span> 
     </span>
    </p>
   </div>
  </div>
