3992 5338
158 306 269 363 ’149

1693 299 1873 355 VITA.

3341 281 3449 338 750

3324 359 3346 390 f
3397 374 3404 383 .

160 433 355 482 sancta
406 421 666 495 religione
696 420 1007 493 vigilantius
1036 418 1389 475 desudantcm
1416 458 1431 482 ,
1481 415 1751 470 nemiuem
1783 425 1829 477 Α
1865 432 1883 465 ι
1930 413 2123 469 cadere
2151 413 2461 484 contigerit,
2491 412 2612 466 licet
2642 412 2781 485 apud
2814 412 3061 469 homines
3094 414 3196 470 alio
3225 415 3449 472 nomine

160 517 359 574 ducem
388 557 405 583 ,
443 512 808 570 marchiouem
840 520 934 567 aut
978 512 1229 567 comitem
1257 524 1355 582 pro
1399 508 1608 579 imperii
1642 506 1753 561 Ro-

162 609 311 664 mani
367 607 652 669 ﬁdelitate,
676 618 775 677 pro
818 604 1010 674 patriae
1046 602 1219 659 salute
1244 600 1540 657 studiosius
1574 599 1758 654 decer-

163 707 335 754 tasse.
366 696 505 765 Quis
527 696 670 751 enim
691 695 795 749 nisi
827 693 916 748 ille
938 707 1059 749 cum
1084 692 1175 746 Dei
1205 689 1477 758 adiutorio
1509 686 1761 756 conjura-

165 793 374 845 tionem
442 791 701 844 adversus
774 787 1153 857 imperatorem
1208 783 1405 838 factam
1467 782 1763 852 prudenter

166 879 493 950 dissipavit?
514 877 649 946 Quis
676 876 896 933 castella
941 885 1133 931 natura
1156 883 1211 928 et
1242 883 1360 929 arte
1387 873 1592 927 munita
1623 880 1765 925 stra-

167 972 289 1025 vit?
312 968 668 1025 Godefridutn
694 981 819 1024 cum
865 967 1100 1021 maxima
1138 966 1372 1020 militum
1411 964 1763 1020 factiosorum

168 1072 371 1133 parte,
420 1060 546 1115 hinc
602 1058 763 1113 minis
815 1057 1200 1127 perterrendo,
1235 1056 1362 1110 hinc
1416 1054 1572 1109 donis
1644 1051 1767 1106 inde

169 1150 461 1221 promissis
486 1145 850 1212 sollicitando,
875 1144 1219 1201 exarmavit?

171 1261 302 1317 CAP.
339 1259 524 1315 XXIII.
557 1258 712 1326 Quod
740 1274 908 1328 regem
946 1255 1301 1317 Francorum,
1334 1271 1395 1307 ne.
1432 1251 1770 1328 Aquasgrani

462 1325 749 1391 invaderet,
780 1325 872 1397 per
897 1327 1098 1381 litteras
1137 1325 1493 1379 absterruerit.

168 1454 173 1457 Α
247 1424 358 1479 Sed
414 1435 541 1479 ecce
595 1421 724 1474 dum
777 1418 1028 1474 brevitati
1089 1417 1313 1472 studens
1361 1415 1604 1470 materia:
1654 1427 1774 1468 suc-

174 1514 439 1571 cumbere
471 1511 647 1575 timui,
695 1508 861 1562 multa
899 1508 1126 1562 dicenda
1171 1506 1431 1576 praeterii,
1464 1520 1531 1558 cx
1578 1505 1778 1575 quibus

166 1617 266 1663 est
300 1619 471 1660 unum
525 1602 670 1673 qttod
721 1601 905 1655 multis
957 1599 1196 1656 arbitror
1246 1613 1369 1653 esse
1414 1598 1776 1668 incognitum,

180 1701 389 1754 factum
414 1695 544 1750 illud
567 1693 940 1754 memorabile,
958 1692 1127 1762 quod,
1151 1691 1307 1762 longe
1332 1692 1543 1761 positus
1565 1700 1618 1744 et
1645 1687 1783 1744 facie

1863 525 1881 558 ι
1919 506 2201 561 videantur
2216 505 2513 568 honestari,
2532 514 2706 559 tamen
2725 505 2777 558 in
2794 504 2990 559 interni
3006 503 3448 575 arbitrtic‘ouspe-

1864 616 1885 650 ι
1930 608 2017 653 ctu
2032 597 2240 661 eadem,
2272 596 2442 651 imoin
2458 597 2739 667 tuagniseo
2758 598 2925 666 magis
2938 584 3452 653 exstantdamnabi-

1866 709 1883 741 ι
1928 688 2017 751 lia,
2038 706 2144 759 quo
2160 688 2353 741 minori
2371 696 2503 742 utea
2521 688 2865 743 admitterent
2883 689 3207 744 necessitate
3228 688 3451 759 fuerant

1867 801 1887 834 ‹
1929 779 2591 851 addueti.Pcusate|'gitur,
2606 795 2809 848 qu:csc,
2826 796 2984 850 quam
3002 781 3073 835 sit
3086 782 3195 836 Deo
3206 796 3455 838 exsecra-

1871 894 1887 925 ι
1931 873 2037 929 bile
2058 883 2111 927 et
2132 873 2405 945 indignum
2427 882 2614 926 vestrae
2630 873 3455 946 regimliberalitati,longissime

1871 982 1889 1014 ι
1936 963 2174 1017 absentis
2193 962 2464 1032 comparis
2484 962 2667 1016 sedem
2693 971 2747 1016 et
2771 977 2993 1032 regnum
3011 964 3147 1019 velle
3165 964 3366 1030 furari;
3400 974 3456 1023 et

1874 1073 1891 1106 ι
1940 1057 2007 1110 ab
2061 1054 2388 1120 istiusmodi,
2422 1069 2626 1125 quaeso,
2658 1055 2957 1112 intentione
3004 1059 3244 1115 animum
3299 1075 3455 1115 revo-

1876 1167 1892 1198 ι
1941 1157 2061 1203 cate
2113 1164 2233 1219 qua:
2287 1147 2576 1203 manifeste
2622 1160 2886 1220 repugnat
2935 1160 3127 1207 vestrae
3174 1153 3453 1224 dignitati.

1880 1258 1896 1290 ‹
1947 1240 2086 1307 Quin
2117 1240 2296 1309 potius
2346 1238 2392 1293 si
2420 1238 2548 1308 quid
2580 1237 2813 1302 fortiter,
2839 1238 2884 1294 si
2909 1240 3036 1309 quid
3058 1248 3310 1310 potenter
3330 1256 3460 1297 eun-

1881 1350 1899 1382 t
1949 1340 2030 1385 tra
2055 1347 2153 1385 nos
2182 1331 2366 1385 animo
2397 1340 2580 1385 vestro
2608 1329 2763 1386 sedet
2793 1329 3151 1394 actitandum,
3179 1342 3461 1401 exspecto-

1856 1422 1898 1473 't
1948 1432 2037 1475 tur
2065 1422 2269 1477 reditus
2298 1421 2441 1491 regis
2470 1421 2668 1486 nostri,
2713 1430 2772 1476 ut
2798 1420 2940 1492 quod
2987 1421 3238 1490 expediat
3266 1431 3393 1478 tunc
3426 1438 3458 1477 a

1885 1531 1903 1563 ι
1951 1513 2101 1566 vobis
2130 1513 2222 1565 liat
2267 1512 2568 1566 decentius.
2598 1510 2707 1568 Sed
2747 1522 2888 1577 esto,
2930 1514 3089 1570 sedes
3132 1515 3283 1584 regni
3311 1521 3463 1568 ante-

1887 1624 1905 1655 ‹
1952 1604 2261 1658 cessorihus
2292 1604 2414 1659 dolo
2446 1605 2831 1659 circumventis
2866 1605 3079 1661 sublata
3112 1605 3209 1659 tibi
3232 1614 3318 1660 est
3342 1605 3465 1675 jure

1889 1717 1907 1749 ι
1955 1695 2301 1751 bcercditario
2347 1695 2633 1765 repetenda
2671 1712 2683 1747 :
2742 1696 2983 1765 nunquid
3034 1711 3133 1767 per
3181 1695 3469 1763 iuterjccta

172 1789 414 1845 forsitan
448 1787 686 1859 ignoms.
736 1780 878 1855 regis
904 1782 1238 1837 Ffallmmm
1266 1780 1478 1834 animos
1503 1779 1616 1848 i=‘m
1659 1793 1781 1849 PC"
1814 1788 1856 1847 Β
1890 1810 1907 1841 ‹
1956 1798 2033 1845 tot
2061 1800 2328 1844 terrarum
2360 1789 2532 1859 spatia
2568 1788 2716 1842 solus
2739 1803 2819 1852 es,
2849 1799 2943 1842 aut
2970 1791 3088 1844 sine
3123 1788 3471 1844 multitudine

183 1895 370 1936 rasam
402 1878 586 1933 animo
614 1874 1018 1945 Lotharingiam
1049 1872 1149 1929 sibi
1181 1860 1445 1941 usurpare
1471 1870 1779 1924 deliberan-

188 1972 280 2035 tis,
308 1983 464 2024 more
489 1966 669 2031 Pauli,
689 1980 786 2035 per
808 1964 1023 2019 litteras
1050 1962 1317 2033 mitigavit
1339 1969 1393 2015 et
1414 1974 1552 2029 pene
1580 1958 1784 2027 abipso

188 2064 415 2135 incepti
445 2063 649 2132 impetu
681 2057 973 2116 revocavit.
996 2057 1173 2126 Quod,
1206 2056 1289 2111 vel
1318 2056 1585 2126 quomodo
1612 2055 1786 2110 conti-

188 2155 353 2226 gerit,
409 2161 558 2206 retro
604 2150 801 2205 seriem
851 2162 1029 2203 rerum
1080 2157 1383 2217 repetentes
1432 2147 1785 2201 disseramus.

194 2248 305 2300 Rex
338 2253 531 2300 uoster
562 2242 872 2306 Heinricus,
895 2242 1131 2296 nondum
1162 2240 1477 2309 imperator,
1503 2240 1555 2293 in
1578 2238 1787 2293 Italiam

190 2336 473 2409 profectus
500 2335 682 2390 fuerat
704 2334 930 2391 Romam
960 2348 1300 2398 accessurus,
1342 2349 1371 2386 a
1413 2347 1625 2386 summo
1653 2346 1790 2400 pon-

192 2431 338 2487 tilice
367 2428 805 2486 benedictionem
845 2426 1198 2497 apostolicam
1244 2441 1366 2480 cum
1403 2424 1618 2496 imperii
1659 2424 1790 2479 insi-

193 2527 391 2595 gnibus
418 2530 796 2595 percepturus.
824 2521 1002 2575 Rarus
1028 2520 1169 2591 apud
1192 2536 1291 2575 nos
1312 2519 1465 2575 miles
1494 2529 1546 2573 et
1568 2533 1792 2573 securus

195 2617 458 2688 agricola,
480 2614 684 2671 nullius
704 2614 920 2669 interim
939 2620 1244 2669 metuentes
1266 2612 1609 2677 incursionis,
1635 2612 1791 2682 grata

198 2709 449 2763 terebant
477 2707 618 2771 otia;
656 2722 778 2765 cum
819 2719 947 2761 ecce
980 2704 1207 2759 antistiti
1239 2712 1426 2759 nostro
1464 2718 1585 2759 cum
1624 2702 1793 2757 Maria

194 2798 406 2853 sedenti
436 2796 504 2850 ad
538 2795 705 2866 pedes
733 2794 977 2859 Domini,
1008 2810 1109 2850 nec
1136 2801 1315 2849 tamen
1348 2794 1571 2849 Marthae
1596 2792 1791 2849 sedulis

194 2899 367 2946 tatem
394 2888 692 2952 deserenti,
728 2887 1104 2959 significantur
1137 2888 1204 2941 ab
1242 2882 1592 2941 occidentalis
1624 2885 1791 2941 Fran-

198 2981 295 3035 cia:
320 2979 577 3051 partibus
612 2978 853 3049 ejusdem
889 2978 1067 3049 gentis
1096 2978 1316 3032 maximi
1354 2987 1565 3039 motus,
1593 2978 1797 3048 impor-

200 3079 330 3125 tune
398 3069 770 3125 insistentium
822 3078 878 3124 et
928 3068 1042 3139 regi
1110 3084 1211 3123 suo
1277 3070 1677 3139 suggerentium
1738 3077 1798 3124 ut

1893 1901 1911 1934 ‹
1956 1882 2131 1936 iturus
2155 1882 2178 1934 ?
2203 1880 2452 1946 minime;
2485 1880 2593 1935 imo
2618 1895 2749 1935 vero
2771 1879 2978 1935 infinita
3012 1881 3227 1946 militia,
3254 1880 3473 1936 miseris

1892 1995 1911 2027 ‹
1963 1990 2191 2044 parcere
2223 1976 2428 2040 nescia,
2478 1973 2845 2038 comitaberis,
2875 1974 2964 2043 qui
2989 1974 3154 2029 etiam
3184 1982 3233 2029 te
3253 1973 3474 2030 nolente

1894 2084 1911 2116 ι
1958 2075 2014 2121 et
2039 2065 2239 2119 frustra
2290 2066 2613 2134 prohibente
2650 2065 2796 2121 mille
2828 2066 3109 2122 hominum
3148 2066 3312 2120 ntiilia
3345 2080 3473 2121 con-

1896 2176 1912 2208 t
1958 2172 2173 2211 sumere
2206 2157 2477 2211 habebunt
2499 2156 2803 2214 incredibili
2830 2155 3263 2211 vastitate.Uude
3287 2166 3473 2211 certus

1897 2268 1913 2299 ‹
1960 2259 2102 2314 esto,
2128 2248 2171 2302 si
2218 2263 2409 2302 manus
2444 2265 2473 2302 a
2518 2248 2671 2303 clade
2718 2248 3083 2303 innocentium
3110 2263 3270 2318 quam
3294 2257 3477 2304 mente

1898 2364 1915 2395 ‹
1964 2342 2234 2413 iucmpisti
2262 2358 2366 2396 non
2409 2341 2767 2407 continueris,
2802 2352 2878 2396 tot
2911 2342 3324 2415 homicidiorum
3353 2355 3478 2396 rcus

1898 2455 1916 2487 ι
1962 2436 2013 2488 in
2044 2434 2215 2489 oculis
2260 2431 2521 2488 Altissimi
2552 2432 2841 2495 tenebcris,
2871 2442 3003 2504 quot
3032 2433 3311 2488 hominum
3350 2447 3474 2488 cor-

1901 2545 1918 2577 r
1966 2542 2097 2596 pora
2147 2527 2256 2581 vita
2290 2525 2555 2581 carebunt
2581 2524 2623 2579 si
2675 2526 2776 2580 hoc
2808 2526 3122 2595 perfeceris,
3161 2545 3178 2575 ι
3209 2524 3323 2592 Qua
3358 2540 3480 2580 sen-

1900 2619 2069 2673 tentia
2125 2618 2228 2671 viri
2280 2616 2373 2671 Dei
2404 2616 2610 2683 audita,
2641 2616 2921 2688 tyrannica
2978 2617 3157 2671 rabies
3196 2613 3479 2672 confestim

1898 2716 1982 2763 Cal
2034 2709 2242 2772 sedata,
2285 2716 2341 2762 et
2393 2708 2575 2763 subito
2630 2710 2945 2764 immutatus
3003 2721 3181 2764 mente
3214 2725 3304 2764 rex
3327 2710 3485 2780 iubet

1899 2802 2272 2872 episcoporum
2308 2801 2496 2856 adesse
2525 2809 2749 2856 emtum.
2800 2799 3094 2869 Epistulam
3132 2802 3351 2855 mandat
3383 2801 3483 2856 viri
3567 2833 3585 2848 ς

1902 2893 1996 2949 Dei
2028 2909 2212 2949 coram
2260 2908 2318 2947 se
2364 2891 2581 2947 recitari
2608 2909 2620 2944 :
2652 2892 2877 2947 recitata
2908 2892 3053 2948 hunc
3094 2902 3238 2946 recte
3267 2892 3373 2947 dici
3401 2907 3486 2946 sa-

1901 2984 2201 3050 cerdotem,
2235 2984 2379 3039 hunc
2408 3000 2597 3039 verum
2624 2992 2959 3055 protestatur
2996 2998 3119 3038 esse
3147 2983 3482 3052 cpiscopum.

1902 3076 1994 3150 qui
2043 3084 2336 3131 extraneus
2385 3083 2651 3130 extraneo
2694 3074 2799 3128 sibi
2848 3090 2956 3144 prae
2978 3074 3187 3128 cunctis
3212 3090 3277 3128 ex
3305 3073 3490 3128 debito

199 3162 533 3234 Aquisgrani
557 3162 840 3234 palatium,
861 3161 969 3231 juri
1001 3178 1124 3228 suo,
1153 3171 1212 3217 ut
1240 3163 1410 3229 aiunt,
1441 3163 1569 3218 olim
1594 3180 1797 3235 appcn-
1827 3151 1871 3211 Ο
1906 3168 2151 3225 fidelibus
2201 3182 2389 3222 sanum
2440 3165 2676 3221 dedisset
2696 3164 3002 3229 consilium.
3040 3164 3303 3219 Nescieus
3327 3161 3490 3218 forsi-

201 3254 428 3320 tlicium,
457 3270 582 3310 cum
608 3255 818 3326 magnis
840 3270 1112 3310 armorum
1135 3256 1303 3326 cepiis
1332 3256 1410 3310 im
1423 3257 1580 3321 adat;
1616 3270 1813 3327 regem.

202 3356 255 3400 et
290 3345 576 3417 principes
620 3354 836 3402 nostros
876 3346 1089 3410 abesse,
1138 3361 1293 3401 raros
1351 3348 1438 3402 hic
1486 3347 1683 3401 milites
1725 3344 1800 3400 nil

211 3451 407 3493 contra
442 3438 625 3493 moliri
668 3454 861 3509 posse,
905 3448 1181 3512 postremo
1231 3440 1363 3495 nihil
1415 3439 1627 3493 obstare
1674 3441 1799 3508 quin

204 3543 459 3599 possessa
489 3528 777 3599 principali
816 3530 944 3585 sede
978 3530 1039 3584 in
1066 3538 1277 3606 partem
1308 3531 1458 3601 regni
1496 3531 1577 3585 sui
1607 3538 1802 3584 cratera

202 3621 467 3690 deinceps
501 3621 664 3675 cedat
690 3620 1056 3691 Lotnaringia.
1088 3621 1256 3677 Pavet
1284 3622 1468 3677 audito
1494 3623 1683 3690 patriae.
1714 3636 1803 3691 pe-

210 3714 384 3769 riculo
407 3716 587 3770 sancti
612 3715 796 3770 Patris
825 3717 1150 3783 sollicitudo,
1183 3718 1269 3773 cui
1300 3718 1424 3787 quia
1455 3731 1552 3787 per
1580 3718 1687 3771 vim
1723 3732 1807 3771 rc-

209 3804 439 3859 sistendi
462 3804 622 3874 copia
656 3819 762 3859 non
788 3804 892 3861 fuit
916 3807 1173 3875 potentia:
1195 3808 1452 3872 hominis,
1482 3807 1575 3861 tali
1603 3816 1809 3876 tempos

212 3896 290 3951 ris
324 3897 743 3968 opportunitate
789 3898 936 3953 abuti
985 3899 1236 3962 volentis,
1271 3899 1487 3969 ingenio
1515 3907 1569 3952 et
1596 3899 1806 3953 ratione

210 3990 542 4044 obviandum
582 4005 706 4046 esse
746 4005 878 4061 opus
917 3991 1201 4057 intellexit,
1251 3993 1394 4062 quod
1440 4001 1495 4047 et
1543 3993 1811 4047 instanter

209 4097 375 4153 agere
398 4082 633 4139 omnino
658 4083 925 4139 sollicitus
958 4084 1077 4139 fuit.
1109 4084 1397 4141 Mittuntur
1428 4086 1495 4140 ad
1525 4101 1722 4157 regenti,
1753 4094 1813 4140 ut

210 4173 416 4227 dictum
441 4180 551 4238 est,
583 4172 867 4228 ell‘eratum
892 4175 1093 4239 animo,
1121 4176 1390 4246 supplices
1408 4177 1475 4229 ab
1503 4192 1567 4231 eo
1595 4176 1808 4238 litterae,
1858 4170 1863 4175 ’

210 4272 426 4319 veteres
459 4272 822 4333 utrorumque
855 4280 1146 4337 regnorum
1193 4277 1248 4321 et
1283 4267 1595 4322 eornmdcm
1633 4279 1810 4322 recto-

211 4371 341 4409 rum
374 4357 827 4412 commendantes
871 4358 1173 4423 amicitias;
1219 4359 1326 4413 duo
1376 4360 1489 4414 lucc
1535 4374 1721 4428 regna,
1767 4360 1810 4413 si

212 4447 446 4502 invicem
471 4456 531 4501 ut
556 4448 822 4502 hactenus
846 4449 1048 4507 fuerint
1068 4461 1281 4520 pacata,
1306 4453 1520 4506 cunctis
1537 4459 1807 4506 terrarum

217 4540 529 4595 nationibus
561 4540 744 4594 timori
773 4539 907 4605 fore,
938 4541 1071 4597 nihil
1102 4555 1296 4611 praeter
1322 4542 1488 4596 Deum
1519 4542 1811 4609 formidas-

217 4632 320 4695 tia;
376 4631 606 4701 proinde
666 4631 946 4688 alterutris
991 4649 1177 4704 paeetn
1228 4634 1593 4690 necessariam
1648 4649 1809 4697 esse,

217 4723 508 4778 concordia
541 4738 795 4779 crescere
830 4739 916 4779 res
954 4725 1238 4789 minimas,
1273 4725 1538 4778 discordia
1572 4739 1702 4779 vero
1730 4726 1809 4778 di-

220 4812 325 4868 labi
357 4815 645 4870 maximas.
682 4814 780 4870 Ille
821 4824 1073 4886 acceptas
1100 4825 1154 4871 et
1197 4818 1409 4871 auditas
1433 4817 1607 4887 primo
1638 4818 1805 4889 negli-

220 4917 368 4971 gere,
393 4905 695 4977 despicere,
731 4919 912 4977 regem
950 4915 1198 4962 nostrum
1241 4924 1517 4977 arcessere
1546 4908 1807 4979 perfidiae,

223 4993 539 5063 iniuriarum
584 5006 1020 5067 casterorumque
1057 4999 1344 5053 criminum
1369 5014 1488 5068 qua:
1502 5016 1608 5054 non
1625 5000 1819 5055 attinet

220 5083 405 5142 dicere
438 5103 453 5141 :
483 5087 578 5142 sed
607 5087 749 5143 velle
777 5087 881 5142 sibi
912 5088 1185 5146 vindicare
1208 5103 1432 5159 regnum
1470 5101 1525 5146 et
1555 5089 1816 5161 palatium

221 5177 294 5232 ab
332 5181 774 5238 antecessoribus
833 5181 1174 5239 hatreditario
1228 5181 1328 5238 sibi
1375 5183 1502 5252 jure
1551 5182 1813 5239 debitum.

225 5265 376 5323 Diem
409 5270 629 5338 insuper
655 5272 791 5327 satis
830 5266 1135 5338 procaciter
1162 5274 1405 5338 mandat,
1444 5290 1554 5338 quo
1591 5274 1708 5328 lucc
1740 5274 1819 5328 fa-

1905 3269 1996 3315 tan
2021 3260 2124 3314 istc
2156 3258 2399 3313 imitatus
2450 3265 2533 3311 est
2560 3255 2925 3312 Theodosium
2959 3256 3368 3325 imperatorem,
3388 3253 3492 3333 ’qui

1906 3351 2119 3422 publice
2168 3357 2485 3423 arguentem
2539 3364 2597 3403 sc
2629 3357 2681 3403 et
2721 3347 3281 3402 excommunicantcm
3316 3344 3493 3401 omni-

1906 3442 2008 3496 bus
2032 3441 2084 3496 id
2109 3440 2365 3510 temporis
2412 3438 2680 3508 episcopis
2724 3437 2960 3491 veridica
3008 3435 3225 3491 beatum
3255 3433 3491 3490 Ambro-

1908 3533 2048 3586 sium
2078 3531 2315 3601 prtetulit
2359 3532 2648 3586 sententia.
2683 3528 2779 3583 Cui
2807 3527 3125 3583 exhibenda:
3148 3526 3379 3597 amplius
3408 3544 3497 3581 re-

1907 3627 2164 3682 verentia:
2187 3641 2250 3680 ex
2288 3626 2400 3695 ipsa
2431 3641 2529 3680 sua
2556 3622 2880 3678 contumelia
2912 3621 3254 3676 occasionem
3288 3619 3495 3674 invenit

1912 3722 2057 3792 regia
2114 3720 2376 3790 dignitate
2407 3717 2690 3774 sublimior
2740 3714 3077 3771 nobilissima
3108 3713 3288 3770 cordis
3318 3712 3496 3767 humi-

1910 3810 2054 3865 litas.
2103 3810 2180 3863 ita
2224 3817 2370 3865 certe
2420 3807 2648 3871 facinus,
2682 3805 2749 3860 ad
2798 3805 2942 3876 quod
2975 3804 3145 3861 multa
3191 3803 3489 3858 satellitum

1907 3894 2077 3955 millia
2133 3900 2336 3970 rapinis
2394 3899 2718 3952 iuhiautium
2764 3896 3109 3967 impellebant
3140 3893 3493 3949 ﬂuctuantem

1911 3993 2052 4063 regis
2075 3991 2337 4053 animum,
2363 3989 2471 4043 Deo
2506 3988 2826 4057 inspirante,
2857 3987 3171 4041 dissuadere
3197 3992 3496 4056 potuerunt

1914 4085 2071 4153 longe
2118 4081 2275 4153 positi
2333 4083 2491 4135 unius
2547 4080 2781 4136 hominis
2824 4080 3056 4135 litterae:
3090 4094 3212 4149 qua:
3257 4091 3498 4147 eousque

1915 4175 2063 4244 pacis
2114 4188 2353 4227 amorem
2403 4173 2452 4226 in
2499 4173 2665 4243 ipsius
2700 4170 3136 4227 reformaverunt
3163 4175 3500 4242 peetorc,ut

1916 4266 1988 4319 nil
2046 4265 2150 4319 tale
2198 4265 2338 4319 ultra
2392 4250 2706 4335 concipiens
2768 4265 2948 4317 animo
2995 4260 3313 4333 imperatori
3368 4273 3498 4313 mox

1916 4376 1980 4415 ex
2011 4359 2156 4412 italia
2193 4354 2411 4414 reverso
2458 4358 2509 4411 in
2538 4358 2804 4427 reliquum
2846 4358 3122 4414 dexteram
3151 4372 3273 4411 cum
3303 4369 3500 4429 saera-g

1919 4459 2104 4504 Inenlo
2132 4449 2337 4504 dederit.
2373 4458 2427 4504 et
2458 4449 2742 4519 receperit.
2981 4505 2987 4512 ,
3060 4436 3064 4441 ’

1923 4562 2051 4617 Car.
2084 4560 2269 4616 XXIV.
2304 4560 2595 4631 Episcopus
2617 4560 3023 4615 Catalaunensts
3043 4578 3161 4615 eum
3185 4577 3281 4629 per
3302 4559 3501 4614 litteras

2050 4633 2273 4686 consulit
2301 4632 2428 4701 quid
2467 4631 2531 4684 de
2568 4631 2826 4685 htrreticis
2860 4643 3064 4686 censeat
3094 4632 3378 4702 agendum.

1991 4723 2263 4780 Praeterea
2294 4723 2590 4794 apostolica
2617 4724 2922 4779 sublimitas
2952 4711 3234 4795 praesulem
3259 4735 3504 4779 nostrum

1921 4802 2114 4874 crebra
2165 4815 2476 4871 literarum
2534 4815 2849 4871 visitatione
2887 4826 2969 4870 est
2993 4815 3230 4885 dignata,
3261 4808 3510 4882 quasillo

1922 4906 2361 4961 revetentissime
2409 4905 2666 4975 excipere
2731 4904 2965 4970 solebat;
2994 4901 3300 4966 humiliter,
3334 4901 3379 4956 si
3403 4913 3509 4965 qua

1922 4999 2061 5053 forte
2091 5014 2186 5071 per
2234 5000 2450 5055 easdem
2508 4998 2957 5067 interrogaretur,
3004 4993 3388 5062 respondebat.
3422 4987 3516 5042 Di-

1924 5094 2066 5147 versi
2099 5094 2266 5148 etiam
2316 5109 2414 5164 pro
2473 5092 2705 5147 diversis
2748 5090 3093 5148 consulendis
3114 5089 3401 5158 egregium
3432 5097 3520 5137 sa-

1922 5185 2141 5253 pientia:
2163 5194 2519 5256 symmystam
2556 5183 2792 5253 episcopi
2822 5180 3242 5254 frequentabant
3270 5196 3371 5249 per
3401 5174 3521 5247 epi-

1922 5276 2114 5338 stolas,
2152 5292 2383 5338 quorum
2435 5273 2616 5328 nullus
2641 5273 2797 5327 utilia
2826 5277 3210 5338 percunctatus
3235 5284 3408 5338 super
3436 5265 3521 5320 in-
