3992 5338
516 224 610 280 751
901 230 907 239 ’
1585 217 1878 276 VASONIS
1916 217 2321 276 LEODIENSIS
2356 218 2659 277 EPISCOPI

3669 220 3775 276 752

511 351 609 407 per
639 335 850 389 litteras
872 330 1161 388 fatebatur.
1187 328 1380 385 Aiebat
1414 329 1560 385 enim
1592 330 1644 383 in
1674 330 1907 399 quadam
1932 340 2083 401 parte
2111 337 2156 395 Α
2194 350 2212 383 ι
2262 347 2378 386 rum
2403 332 2469 387 de
2493 332 2610 387 solo
2636 330 2852 387 homine
2874 329 3136 402 scriptum
3179 345 3302 389 esse
3329 332 3562 388 credant
3597 351 3611 388 :
3649 334 3772 390 Non

510 425 765 482 ditecesis
791 438 902 480 suae
929 423 1192 493 quosdam
1232 421 1467 476 rusticos
1491 435 1631 485 esse,
1648 422 1738 492 qui
1769 436 2085 491 perversum

508 514 931 577 Manichaeorum
987 515 1179 583 dogma
1226 521 1520 577 sectantes,
1575 510 1774 567 furtiva
1824 511 1926 567 sibi
1981 511 2088 568 fre-

506 613 836 678 quentarent
884 602 1282 671 conventicula,
1340 602 1525 659 nescio
1584 618 1706 673 quae
1758 604 1993 659 obscena
2033 612 2088 657 et

509 701 657 756 dictu
689 698 865 768 turpia
913 697 1146 767 quadam
1201 711 1298 751 sua
1326 695 1676 752 solemnitate
1720 697 2006 751 actitantes
2032 705 2087 752 et

506 805 606 862 per
633 788 951 860 sacrilegam
972 801 1226 841 manuum
1256 785 1654 859 impositionem
1680 786 1795 842 dari
1822 785 2084 857 Spiritum

507 891 757 937 sanctum
814 878 1156 943 mentientes,
1213 893 1372 948 quem
1428 877 1493 932 ad
1526 878 1877 933 astruendam
1909 878 2083 933 errori

508 988 608 1028 suo
628 971 809 1035 ﬁdem,
862 985 969 1025 non
1017 967 1151 1024 alias
1188 984 1218 1023 a
1250 968 1362 1025 Deo
1412 969 1636 1024 missum
1676 984 1836 1040 quam
1880 968 1933 1023 in
1977 968 2088 1023 hae-

508 1064 783 1120 resiarcha
827 1077 929 1117 suo
977 1057 1154 1126 Mani,
1210 1061 1365 1132 quasi
1413 1060 1547 1115 nihil
1595 1059 1737 1114 aliud
1775 1061 1846 1113 sit
1901 1059 2086 1115 Manes

505 1157 610 1211 nisi
663 1154 895 1225 Spiritus
947 1160 1212 1217 sanctus,
1271 1150 1563 1207 falsissime
1610 1151 2079 1222 dogmatizarent,

506 1248 814 1304 incidentes
863 1246 914 1301 in
943 1245 1089 1300 illam
1134 1244 1526 1315 blasphemiam
1560 1259 1722 1314 quam
1745 1242 1899 1311 juxta
1930 1244 2085 1300 Veri-

506 1343 631 1397 tatis
679 1357 867 1397 vocem
894 1350 949 1397 et
973 1341 1063 1396 hic
1106 1340 1239 1396 etin
1280 1337 1462 1394 futuro
1510 1340 1841 1409 impossibile
1889 1350 1974 1395 est
2001 1355 2085 1395 re-

505 1433 668 1489 mitti.
704 1431 767 1487 lii
796 1433 951 1497 tales,
982 1440 1040 1486 ιιι
1067 1430 1300 1494 dicebat,
1325 1432 1590 1501 cogebant
1614 1446 1750 1500 quos
1785 1438 2004 1501 possent
2029 1431 2081 1484 in

504 1541 657 1581 suam
709 1521 1010 1579 concedere
1070 1520 1314 1585 turbam,
1380 1522 1597 1592 nuptias
1670 1521 2081 1583 abominantes,

501 1633 655 1672 csum
710 1617 955 1671 carnium
1000 1629 1107 1670 non
1154 1613 1313 1670 modo
1338 1613 1671 1677 devitantes,
1705 1617 1798 1670 sed
1829 1622 1882 1667 et
1913 1612 2082 1683 quod-

2197 438 2219 476 (
2261 424 2460 478 occides
2481 464 2497 489 ,
2526 434 2585 481 et
2618 425 2897 488 nobiscum
2933 425 3336 480 mactandarum
3365 428 3641 495 pecudum
3685 443 3775 484 eo-

2195 532 2213 566 ι
2256 515 2344 584 pia
2370 513 2515 570 licite
2536 524 2775 581 utantur;
2799 523 2892 569 aut
2914 514 2959 569 si
2984 514 3125 569 hanc
3150 514 3252 570 sibi
3276 515 3464 587 negari
3485 518 3779 573 contende-

2195 626 2212 656 (
2257 606 2384 671 rint,
2414 621 2510 661 nos
2534 620 2746 677 quoque
2767 622 2833 662 ex
2859 606 2970 676 ipsa
2993 606 3199 662 erroris
3234 607 3318 662 sui
3349 610 3649 673 sententia,
3676 624 3773 678 pa-

2194 714 2213 747 (
2260 697 2364 761 nis,
2394 696 2722 765 leguminum
2744 704 2800 751 et
2825 706 3145 751 cancrorum
3172 697 3479 768 huiusmodi
3507 703 3590 755 eis
3618 713 3774 755 usam

2193 808 2211 841 ι
2256 788 2644 856 inliciabimur;
2667 791 2924 860 quoniam
2955 805 3017 845 ea
3049 791 3151 845 nisi
3182 805 3282 845 suo
3313 793 3477 846 modo
3500 791 3779 848 interﬁce-

2194 897 2213 931 ι
2261 889 2467 946 rentur,
2515 880 2662 936 nullo
2708 882 2866 937 modo
2914 881 3165 936 humanis
3205 883 3390 955 usibus
3429 892 3770 953 aptareutur.

2193 991 2211 1023 ι
2255 970 2381 1026 Hazc
2433 966 2557 1026 licet
2604 972 2912 1028 Christiana
2954 973 3247 1029 abhorreat
3288 973 3502 1045 religio,
3548 985 3605 1030 et
3649 990 3773 1030 cura

2193 1080 2212 1112 ι
2257 1062 2471 1117 Arianae
2495 1063 2763 1119 haereseos
2781 1064 3000 1119 damnet
3019 1063 3324 1135 sacrilegio,
3353 1073 3536 1120 tamen
3564 1065 3773 1123 imitata

2193 1169 2211 1203 ι
2258 1150 2590 1207 Salvatorem
2625 1168 2807 1219 suum,
2834 1154 2925 1224 qui
2955 1153 3101 1209 mitis
3126 1163 3181 1210 et
3211 1153 3431 1208 humilis
3465 1156 3633 1209 corde
3664 1169 3772 1207 nou

2191 1262 2210 1293 ι
2256 1244 2403 1297 venit
2425 1244 2664 1299 clamare
2685 1259 2861 1314 neque
2885 1245 3236 1310 contendere,
3258 1246 3352 1301 sed
3378 1246 3563 1314 potius
3581 1260 3771 1316 oppros

2191 1353 2211 1387 ι
2254 1334 2395 1401 bria,
2425 1344 2605 1405 sputa,
2635 1335 2850 1406 alapas,
2873 1345 3146 1404 postremo
3169 1336 3350 1391 crucis
3377 1345 3615 1391 mortem
3638 1334 3763 1390 sub-

2191 1445 2208 1478 ι
2256 1427 2364 1491 ire,
2388 1424 2608 1495 jubetur
2638 1426 2854 1481 interim
2899 1425 3033 1480 tales
3079 1426 3481 1495 quodammodo
3513 1425 3769 1492 tolerare,

2190 1536 2208 1571 ι
2255 1518 2378 1588 quia
2400 1558 2415 1582 ,
2445 1530 2506 1572 ut
2540 1518 2618 1572 ait
2644 1517 2836 1573 beatus
2869 1516 3163 1587 Gregorius
3194 1536 3210 1570 :
3240 1514 3596 1585 Nequaquam
3621 1515 3773 1571 inno-

2190 1631 2207 1666 ι
2253 1612 2487 1667 centiam
2538 1611 2775 1666 obtinuit
2823 1609 2956 1665 Abel
3001 1626 3162 1680 quem
3215 1610 3349 1665 Cain
3403 1609 3617 1665 malitia
3665 1624 3769 1664 non

502 1721 717 1776 cunque
740 1705 937 1760 annual
960 1705 1208 1761 occidere
1235 1701 1522 1774 profanum
1556 1703 1828 1769 dicentes;
1855 1701 2078 1757 tutelam
2112 1722 2158 1782 Β
2192 1724 2211 1757 ι
2254 1703 2519 1767 exercuit,
2547 1717 2646 1757 nec
2677 1717 2776 1756 uva
2806 1703 2909 1757 nisi
2940 1701 3180 1757 calcibus
3220 1710 3337 1757 lusa
3377 1701 3435 1755 in
3472 1701 3589 1756 vini
3621 1714 3771 1772 sapo-

498 1800 675 1854 crrori
718 1812 815 1852 suo
846 1810 1125 1852 assumere
1168 1802 1559 1866 praesumentes
1615 1794 1942 1849 sententiam
1976 1793 2081 1848 Do-

501 1889 633 1944 mini
683 1891 738 1943 in
785 1889 952 1944 veteri
999 1888 1115 1960 lege
1153 1887 1405 1943 occidere
1469 1886 1823 1956 prohibentis.
1850 1885 1906 1941 Si
1947 1901 2083 1956 quos

498 1996 629 2035 vero
668 1980 867 2035 idiotas
906 1988 961 2035 et
1001 1979 1322 2034 infacundus
1358 1975 1518 2046 hujus
1545 1978 1749 2034 erroris
1792 1978 2083 2033 sectatori-

498 2076 601 2132 bus
626 2076 840 2148 adjuugi
874 2077 1238 2148 contingeret,
1271 2077 1455 2132 statim
1495 2077 1879 2132 eruditissimis
1915 2078 2081 2132 etiam

499 2171 784 2225 catholicis
826 2169 1172 2225 facundiores
1205 2169 1319 2224 ﬁeri
1366 2170 1736 2237 asseverabat,
1769 2170 1839 2223 ita
1882 2180 1935 2224 ut
1965 2169 2071 2225 sin-

499 2276 623 2318 cera
654 2277 786 2318 sane
813 2260 1138 2330 sapientium
1160 2259 1468 2330 eloquentia
1500 2275 1636 2331 pcnc
1677 2275 1865 2315 eorum
1897 2260 2084 2330 loqua-

498 2354 661 2408 citate
706 2350 952 2423 superari
983 2365 1143 2421 posse
1186 2350 1483 2404 videretur.
1518 2349 1742 2405 Addidit
1767 2351 1931 2404 etiam
1960 2350 2083 2419 plus

501 2443 568 2499 de
589 2443 903 2514 quotidiana
928 2440 1282 2511 perversione
1300 2453 1421 2496 sese
1450 2439 1680 2494 aliorum
1707 2439 1893 2494 dolere
1919 2454 2082 2509 quam

497 2537 565 2591 de
614 2536 853 2605 ipsorum
917 2532 1239 2602 perditione.
1305 2532 1446 2597 Quid
1511 2530 1579 2585 de
1628 2530 1825 2585 talibus
1860 2537 2085 2599 praestet

500 2630 770 2701 agendum
797 2628 991 2681 anxius
1021 2623 1216 2694 praesul
1252 2633 1461 2679 certum
1498 2623 1781 2693 sapientiae
1812 2622 2084 2677 consuluit

499 2720 880 2782 secretarium,
915 2733 982 2769 an
1023 2726 1255 2771 terrenae
1293 2714 1581 2784 potestatis
1608 2712 1786 2784 gladio
1813 2713 1866 2766 in
1892 2727 1985 2767 eos
2015 2712 2085 2766 sit

498 2807 1063 2871 animadvertendum,
1127 2820 1335 2870 necne;
1391 2805 1604 2860 modico
1654 2802 1946 2865 fermento,
1980 2801 2085 2858 nisi

499 2901 952 2965 exterminentur,
980 2906 1145 2953 totam
1190 2913 1424 2952 massam
1459 2911 1619 2968 posse
1647 2896 1954 2964 corrumpi;
1997 2894 2084 2949 Cui

499 2996 727 3051 antistes
751 3003 933 3048 noster
962 2993 1104 3047 inter
1141 2991 1448 3048 rescribens
1471 2990 1547 3044 ait
1571 3006 1586 3045 :

530 3108 660 3165 Car.
688 3106 855 3163 XXV.
894 3105 1201 3177 Responsio.
1230 3102 1365 3187 Ejus
1388 3120 1505 3228 ante
1532 3118 1689 3173 super
1712 3102 1809 3157 ltoc
1837 3101 2012 3157 sedeat

1086 3179 1341 3228 sententia
1374 3183 1386 3228 l
1431 3173 1508 3228 9i.

1086 3173 1341 3230 sententia
1374 3173 1508 3246 (29).

579 3291 597 3324 ι
629 3273 705 3328 De
732 3271 930 3343 quibus
957 3268 1276 3340 scripsistis,
1307 3282 1495 3322 eorum
1526 3266 1743 3338 quidem
1767 3264 2084 3322 manifestus

506 3384 523 3417 ι
569 3374 654 3421 est
675 3379 850 3429 error,
885 3362 1187 3433 antiquitus
1209 3376 1239 3415 a
1269 3360 1471 3417 sanctis
1517 3359 1768 3416 Patribus
1798 3360 2086 3416 ventilatus

507 3477 525 3507 ι
572 3465 626 3511 et
662 3453 1106 3512 luculentissimis
1163 3467 1351 3508 eorum
1411 3451 1694 3506 sententiis
1748 3449 2080 3505 confutatus.

505 3567 524 3597 ε
571 3544 701 3602 Nam
747 3555 806 3600 ιιι
833 3545 1151 3602 omittanms
1194 3542 1594 3604 insanissimas,
1634 3541 1834 3610 quibus
1864 3540 1930 3595 de
1962 3539 2085 3610 Spi-

426 3620 431 3625 ’
504 3659 525 3695 ι
576 3640 681 3697 ritu
718 3648 907 3695 sancto
944 3638 1043 3694 sibi
1102 3636 1461 3702 mentiuntur,
1513 3635 1902 3705 blasphemias,
1938 3633 2084 3688 acci-

506 3754 524 3786 ι
573 3733 686 3803 piat
722 3731 939 3787 dilectio
965 3740 1169 3792 vestra,
1192 3727 1410 3797 quantis
1438 3741 1497 3782 se
1536 3724 2085 3795 inopportunitatibus

507 3840 524 3871 ι
574 3835 753 3876 rerum
778 3833 897 3875 sese
920 3818 1019 3889 ipsi
1049 3816 1328 3886 implicare
1354 3814 1626 3878 studeant,
1652 3813 1791 3867 male
1814 3812 2086 3866 intellecto

575 3909 787 3965 Domini
837 3918 1106 3979 praecepto
1136 3922 1243 3978 quo
1276 3907 1329 3961 in
1359 3906 1530 3961 veteri
1563 3905 1682 3975 lege
1720 3905 1924 3959 dicitur
1955 3919 1970 3957 :
2005 3901 2086 3958 Ne

576 4006 825 4071 occidas;
877 4004 929 4058 in
964 4018 1094 4074 quo,
1125 4003 1228 4057 nisi
1260 4002 1430 4059 solatii
1488 4001 1724 4057 hominis
1755 3999 2084 4055 occisionem

572 4094 896 4167 prohibitam
931 4110 1053 4149 esse
1106 4092 1507 4159 intellexerint,
1551 4093 1715 4148 simili
1744 4092 1902 4147 modo
1932 4107 2085 4145 esum

576 4205 764 4244 eorum
819 4188 1016 4259 quibus
1050 4204 1107 4242 se
1163 4187 1307 4242 licite
1356 4187 1501 4242 vesci
1541 4188 1876 4248 existimant,
1905 4186 2087 4256 qualia

574 4288 701 4333 sunt
732 4278 1086 4342 frumentum,
1113 4277 1379 4348 legumina
1411 4287 1465 4331 ct
1496 4276 1701 4342 viuum,
1739 4277 1840 4332 sibi
1874 4277 2089 4331 videant

2190 1813 2209 1847 ι
2258 1812 2371 1851 rem
2399 1796 2655 1865 liquatur.
2683 1793 2757 1851 Ut
2783 1804 2962 1849 autem
2987 1794 3039 1849 in
3071 1804 3324 1864 promptu
3352 1794 3426 1849 sit
3444 1793 3579 1862 quid
3602 1794 3670 1850 de
3697 1804 3771 1850 ta-

2188 1910 2206 1942 (
2250 1890 2394 1946 libus
2429 1891 2555 1945 velit
2589 1889 2705 1945 lieri
2744 1890 3053 1946 misericors
3087 1898 3143 1944 et
3171 1889 3464 1944 miseratur
3492 1889 3769 1955 Dominus,

2188 2001 2207 2034 ι
2253 1983 2345 2052 qui
2379 1990 2667 2051 peccantes
2693 1996 2801 2036 non
2824 1980 3250 2049 statimjudicat,
3274 1981 3368 2036 sed
3395 1980 3466 2034 ad
3503 1981 3771 2050 pteniten-

2188 2092 2210 2127 ι
2256 2075 2384 2129 tiam
2431 2074 2808 2142 aequanimiter
2852 2084 3160 2143 exspectat,
3209 2073 3501 2128 audiamus
3552 2074 3683 2144 quid
3725 2074 3773 2129 in

2190 2184 2208 2218 ι
2251 2165 2547 2236 Evangelio
2571 2181 2671 2221 suo
2690 2166 3009 2236 exponendo
3034 2164 3348 2234 parabolam
3371 2164 3543 2219 tritici
3566 2175 3624 2220 et
3647 2166 3777 2221 ziza-

2189 2278 2207 2310 ι
2258 2258 2471 2314 niorum
2499 2258 2639 2329 agri,
2677 2257 2994 2329 discipulos,
3041 2258 3149 2313 imo
3178 2257 3230 2312 in
3264 2257 3369 2312 illis
3395 2272 3498 2312 nos
3526 2257 3776 2328 dignatus

2189 2371 2207 2404 ι
2251 2361 2335 2407 est
2363 2351 2557 2406 docere
2591 2367 2606 2406 ;
2645 2349 2838 2416 Homo,
2863 2349 3137 2419 inquiens,
3163 2350 3253 2418 qui
3284 2349 3564 2403 seminavit
3588 2349 3773 2403 bonum

2189 2468 2208 2496 ι
2250 2461 2424 2500 semen
2443 2446 2497 2497 in
2514 2460 2640 2514 agro
2653 2460 2769 2508 suo,
2785 2452 2860 2498 est
2873 2441 3048 2496 Filius
3064 2442 3310 2498 hominis.
3336 2441 3549 2497 Bonum
3571 2457 3777 2507 seuseu,

2190 2554 2209 2587 ι
2256 2536 2310 2590 hi
2344 2535 2439 2591 lilii
2478 2545 2605 2591 sunt
2631 2536 2816 2606 regni;
2849 2550 2979 2604 ager
3004 2543 3204 2597 autem,
3237 2534 3328 2589 hic
3356 2535 3601 2588 mundus
3628 2552 3643 2587 ε
3671 2533 3777 2588 Ini-

2189 2650 2208 2683 (
2254 2631 2418 2684 micas
2443 2630 2620 2696 homo,
2652 2629 2743 2699 qui
2765 2628 3196 2697 superseminauit
3227 2628 3463 2693 zizania,
3484 2639 3564 2681 est
3593 2627 3777 2680 diabo-

2138 2753 2143 2756 -
2190 2740 2209 2774 ι
2254 2722 2353 2775 lus.
2384 2719 2605 2773 Zizam‘a
2636 2730 2834 2783 autem,
2880 2719 2935 2772 Ιιί
2981 2718 3080 2786 ﬁlii
3122 2729 3240 2773 sunt
3289 2735 3553 2789 nequam;
3602 2719 3778 2773 messis

2191 2830 2209 2864 ι
2255 2822 2428 2865 autent
2458 2810 2838 2865 consummatio
2873 2809 3055 2865 saeculi
3105 2820 3220 2873 est;
3250 2825 3509 2864 messores
3540 2827 3661 2865 vero
3688 2826 3773 2863 (ιιιυ

2192 2921 2209 2954 ι
2254 2902 2356 2973 geli
2380 2912 2521 2956 sunt.
2555 2901 2694 2969 Quid
2738 2912 2918 2956 autem
2948 2916 3044 2971 per
3083 2915 3271 2956 servos
3301 2901 3482 2971 primo
3514 2916 3779 2971 apparen-

2193 3010 2211 3045 ι
2258 2993 2334 3047 tia
2365 2992 2574 3047 zizauia
2609 2991 2863 3047 vellicare
2904 2992 3166 3058 volentes,
3221 2992 3325 3047 nisi
3351 2993 3776 3062 prmdicntorum

2110 3090 2154 3149 C
2193 3105 2211 3138 ι
2253 3086 2386 3141 ordo
2423 3086 2705 3155 signatur?
2735 3086 2835 3152 Qui
2890 3085 3018 3141 dum
3058 3086 3230 3142 bonos
3256 3101 3287 3141 a
3319 3086 3481 3141 malis
3530 3101 3777 3143 seorsum

2190 3197 2208 3230 ι
2254 3191 2376 3232 esse
2407 3176 2461 3230 in
2506 3175 2748 3231 Ecclesia
2782 3175 3113 3242 desiderant,
3142 3176 3296 3246 quasi
3333 3178 3400 3231 de
3434 3176 3582 3231 bona
3618 3177 3778 3232 tritici

2189 3290 2206 3323 ι
2253 3279 2434 3341 segete
2476 3269 2683 3325 zizania
2706 3270 2988 3325 eradicare
3016 3279 3282 3339 qurerunt.
3324 3268 3433 3324 Sed
3459 3269 3569 3324 sub
3590 3284 3774 3340 magna

2191 3379 2209 3412 ι
2254 3361 2597 3417 discretionis
2621 3377 2849 3418 censura
2874 3361 3259 3432 paterfamilias
3283 3361 3372 3416 ille
3394 3376 3571 3430 prona
3593 3376 3778 3416 eorum

2192 3477 2210 3509 ι
2257 3468 2475 3513 coercet
2495 3458 2671 3513 studia
2702 3476 2715 3512 :
2747 3457 2947 3522 Nolite,
2974 3459 3256 3528 inquiens,
3284 3473 3348 3511 ne
3372 3456 3514 3526 forte
3541 3458 3779 3528 colligen-

2190 3569 2208 3601 ι
2255 3559 2330 3604 tes
2358 3550 2567 3603 zizania
2596 3535 2871 3603 eradicetis
2896 3548 3052 3603 simul
3074 3559 3121 3602 et
3147 3547 3399 3601 triticum.
3425 3546 3604 3602 Sinite
3631 3557 3779 3602 utru-

2191 3660 2209 3694 ι
2255 3659 2355 3711 que
2376 3657 2604 3696 crescere
2624 3657 2785 3711 usque
2808 3641 2876 3694 ad
2898 3656 3111 3695 messem
3135 3657 3154 3705 ;
3187 3648 3234 3694 et
3256 3640 3310 3693 in
3331 3648 3570 3707 tempore
3600 3640 3777 3695 messis

2192 3751 2211 3784 ι
2255 3733 2427 3786 dicant
2438 3732 2751 3787 messoribus
2763 3746 2782 3784 :
2794 3727 3034 3800 Colligite
3045 3730 3271 3799 primum
3283 3730 3495 3782 zizania
3506 3741 3557 3783 et
3570 3729 3779 3799 alligato

2192 3841 2211 3875 (
2257 3840 2318 3878 ea
2348 3839 2440 3891 per
2467 3821 2748 3891 fasciculos
2773 3822 2840 3876 ad
2882 3820 3313 3883 comburendum,
3337 3819 3579 3874 triticum
3609 3830 3775 3873 autem

2193 3933 2211 3966 ι
2259 3923 2565 3984 congregate
2586 3914 2640 3966 in
2659 3914 2907 3966 horreum
2940 3927 3133 3965 meum.
3160 3910 3299 3977 Quid
3320 3909 3407 3964 bis
3435 3910 3655 3973 verbis,
3677 3909 3775 3964 nisi

2193 4024 2212 4057 ι
2259 4006 2566 4076 patientiam
2608 4020 2761 4062 suam
2805 4005 3065 4060 Dominus
3106 4002 3340 4058 ostendit
3381 4017 3553 4071 quam
3589 4002 3776 4073 praedio

2195 4116 2213 4148 ι
2257 4107 2473 4152 catores
2498 4111 2626 4152 suos
2652 4110 2780 4166 erga
2809 4084 3057 4150 errantes
3086 4095 3362 4164 proximos
3385 4093 3659 4149 exhibere
3684 4093 3773 4145 de-

2196 4206 2215 4241 s
2261 4187 2496 4243 siderat?
2545 4187 2777 4243 Maxime
2824 4203 2945 4243 cum
2986 4188 3040 4242 hi
3073 4188 3165 4257 qui
3191 4187 3352 4241 hodie
3396 4186 3618 4241 zizania
3657 4193 3777 4241 sunt

2196 4300 2215 4333 ι
2260 4280 2514 4351 possibile
2561 4281 2632 4336 sit
2681 4296 2802 4335 cras
2843 4280 3084 4336 converti
3130 4286 3187 4335 et
3227 4291 3349 4333 esse
3389 4277 3665 4332 triticum.
3699 4276 3776 4331 Ad

2197 4388 2216 4421 ι
2259 4372 2454 4426 horum
2475 4371 2719 4441 profecto
2749 4386 3030 4426 servorum
3053 4385 3148 4425 vos
3167 4369 3443 4440 pertinere
3465 4382 3774 4432 numerum,

575 4455 813 4511 minibus
854 4472 949 4510 sua
1010 4457 1223 4511 vivendi
1270 4458 1451 4526 specie
1478 4455 1817 4522 coaluerunt,
1846 4463 1899 4511 et
1918 4455 2020 4511 nisi
2057 4472 2087 4509 a
2117 4460 2168 4520 Ι)
2200 4479 2217 4513 ι
2260 4462 2459 4517 ardens
2488 4463 2541 4518 in
2583 4472 2803 4533 pectore
2830 4472 3012 4517 vestro
3048 4476 3148 4531 pro
3184 4462 3476 4517 animabus
3512 4460 3776 4517 diabolica

580 4548 871 4603 viriditatis
916 4564 1027 4604 sua:
1080 4549 1188 4603 vita
1245 4548 1530 4603 interfecta
1594 4548 1847 4604 humanis
1904 4547 2090 4603 usibus

574 4637 782 4694 servire
845 4638 1227 4708 nequiverunt.
1289 4637 1680 4693 Przeterutissis
1751 4637 2087 4693 saecularium

575 4730 815 4802 scriptis,
866 4730 1023 4799 hujus
1063 4733 1137 4786 rei
1197 4731 1349 4787 testis
1396 4742 1481 4787 est
1514 4730 1802 4786 Psalmista
1852 4732 2083 4786 dicens:

575 4822 644 4878 Et
695 4824 882 4877 occidit
928 4825 983 4876 in
1042 4822 1300 4894 grandine
1350 4822 1526 4877 vineas
1578 4837 1797 4888 eorum;
1854 4822 2089 4892 itemque

573 4914 865 4985 Apostolus
926 4931 938 4966 :
988 4912 1250 4984 Insipicns
1318 4924 1373 4967 tu
1404 4955 1418 4977 ,
1488 4913 1628 4980 quod
1687 4914 1913 4968 seminus
1985 4930 2089 4970 non

968 5020 1068 5048 mss

511 4383 529 4417 ι
577 4365 946 4430 interdictum,
978 4380 1097 4434 qua:
1148 4373 1208 4418 ut
1232 4373 1414 4420 essent
1456 4379 1522 4418 ex
1558 4363 1780 4419 creditis
1804 4373 1962 4418 terra:
1996 4378 2084 4417 se-

503 5026 519 5048 ι
576 5004 867 5048 uiniﬁcntnr
968 5005 1070 5048 nisi
1138 5006 1283 5048 sirius
1356 5004 1631 5048 nini-inlur-
1688 5004 1805 5048 Inest
1875 5018 2088 5048 mimum

2199 4571 2218 4605 ι
2266 4550 2452 4608 fraude
2472 4553 2711 4624 deceptis
2727 4555 2805 4624 spi
2814 4554 2854 4608 ri
2864 4553 3022 4609 tualis
3037 4553 3135 4608 zeli
3155 4551 3337 4613 fervor
3352 4551 3585 4617 indicat,
3598 4564 3779 4622 quoue

2199 4664 2219 4697 ι
2263 4660 2293 4699 a
2319 4644 2476 4700 malis
2492 4643 3777 4715 bonicorrumpantur,judiciisarculotriticea

2197 4754 2216 4787 ι
2264 4744 2505 4807 segetem~
2520 4737 2741 4791 zizaniis
2752 4752 2983 4808 purgare
2996 4736 3254 4807 quaeritis.
3273 4734 3431 4802 Quod
3446 4742 3636 4790 tamen
3657 4750 3723 4789 ne
3748 4748 3779 4786 ι

2199 4845 2219 4878 ι
2266 4827 2418 4883 vobis
2434 4827 2741 4891 immature,
2763 4842 2830 4882 ne
2844 4836 2970 4882 ante
2993 4836 3200 4896 tempus
3213 4825 3329 4880 lieri
3351 4825 3574 4890 debeat,
3591 4826 3781 4879 divina.-

2203 4938 2222 4971 ι
2267 4921 2445 4991 potius
2458 4930 2543 4974 est
2567 4919 2921 4976 obediendum
2945 4919 3256 4983 sententize;
3282 4931 3352 4972 ne
3372 4918 3500 4972 dum
3517 4916 3779 4986 justitiam

2201 5031 2220 5048 ι
2269 5011 2320 5048 in
2354 5011 2638 5048 nnniandic
2662 5013 3171 5048 nnuvnninnlnpihnc
3204 5025 3306 5048 una
3335 5024 3601 5048 nte-mro
3626 5015 3778 5048 nuta-
