  <div class='ocr_page' id='page_1' title='image "/cluster/home/n/w/nwhite01/storage/ocr_20150623/142/hvd.32044015471808/382.png"; bbox 0 0 3992 5338; ppageno 0'>
   <div class='ocr_carea' id='block_1_1' title="bbox 189 292 1880 374">
    <p class='ocr_par' dir='ltr' id='par_1_1' title="bbox 189 292 1880 374">
     <span class='ocr_line' id='line_1_1' title="bbox 189 292 1880 374; baseline -0.002 0"><span class='ocrx_word' id='word_1_1' title='bbox 189 318 280 374; x_wconf 71' lang='lat'><strong>753</strong></span> <span class='ocrx_word' id='word_1_2' title='bbox 502 292 515 301; x_wconf 83' lang='grc'><strong>’</strong></span> <span class='ocrx_word' id='word_1_3' title='bbox 1701 313 1880 371; x_wconf 81' lang='lat' dir='ltr'><strong>vm.</strong></span> 
     </span>
    </p>
   </div>
   <div class='ocr_carea' id='block_1_2' title="bbox 3326 307 3428 365">
    <p class='ocr_par' dir='ltr' id='par_1_2' title="bbox 3326 307 3428 365">
     <span class='ocr_line' id='line_1_2' title="bbox 3326 307 3428 365; baseline -0.01 0"><span class='ocrx_word' id='word_1_4' title='bbox 3326 307 3428 365; x_wconf 66' lang='grc'><strong>754</strong></span> 
     </span>
    </p>
   </div>
   <div class='ocr_carea' id='block_1_3' title="bbox 191 416 3429 498">
    <p class='ocr_par' dir='ltr' id='par_1_3' title="bbox 191 416 3429 498">
     <span class='ocr_line' id='line_1_3' title="bbox 191 416 3429 498; baseline -0.002 -18"><span class='ocrx_word' id='word_1_5' title='bbox 191 448 208 480; x_wconf 80' lang='grc' dir='ltr'><strong>ι</strong></span> <span class='ocrx_word' id='word_1_6' title='bbox 237 423 479 498; x_wconf 73' lang='lat' dir='ltr'><strong>pulveris,</strong></span> <span class='ocrx_word' id='word_1_7' title='bbox 507 422 689 478; x_wconf 82' lang='lat' dir='ltr'><strong>audita</strong></span> <span class='ocrx_word' id='word_1_8' title='bbox 717 422 986 479; x_wconf 83' lang='lat' dir='ltr'><strong>sententia</strong></span> <span class='ocrx_word' id='word_1_9' title='bbox 1021 422 1492 489; x_wconf 75' lang='lat' dir='ltr'><strong>condemnator-Is;</strong></span> <span class='ocrx_word' id='word_1_10' title='bbox 1522 438 1625 480; x_wconf 87' lang='lat' dir='ltr'><strong>nec</strong></span> <span class='ocrx_word' id='word_1_11' title='bbox 1648 438 1743 481; x_wconf 85' lang='lat' dir='ltr'><strong>eos</strong></span> <span class='ocrx_word' id='word_1_12' title='bbox 1770 427 1819 487; x_wconf 76' lang='grc' dir='ltr'><strong>Α</strong></span> <span class='ocrx_word' id='word_1_13' title='bbox 1849 422 2139 486; x_wconf 82' lang='lat' dir='ltr'><strong>damnatis,</strong></span> <span class='ocrx_word' id='word_1_14' title='bbox 2173 422 2362 477; x_wconf 83' lang='lat' dir='ltr'><strong>maluit</strong></span> <span class='ocrx_word' id='word_1_15' title='bbox 2387 417 2855 477; x_wconf 65' lang='lat' dir='ltr'><strong>excellentissima:</strong></span> <span class='ocrx_word' id='word_1_16' title='bbox 2884 416 3101 473; x_wconf 84' lang='lat' dir='ltr'><strong>virtutis</strong></span> <span class='ocrx_word' id='word_1_17' title='bbox 3124 433 3235 474; x_wconf 73' lang='lat' dir='ltr'><strong>suae</strong></span> <span class='ocrx_word' id='word_1_18' title='bbox 3261 418 3429 475; x_wconf 83' lang='lat' dir='ltr'><strong>detri-</strong></span> 
     </span>
    </p>
   </div>
   <div class='ocr_carea' id='block_1_4' title="bbox 189 515 1746 589">
    <p class='ocr_par' dir='ltr' id='par_1_4' title="bbox 189 515 1746 589">
     <span class='ocr_line' id='line_1_4' title="bbox 189 515 1746 589; baseline 0 -17"><span class='ocrx_word' id='word_1_19' title='bbox 189 538 205 572; x_wconf 84' lang='grc' dir='ltr'><strong>ι</strong></span> <span class='ocrx_word' id='word_1_20' title='bbox 238 530 530 587; x_wconf 66' lang='lat' dir='ltr'><strong>quaramus</strong></span> <span class='ocrx_word' id='word_1_21' title='bbox 574 530 672 585; x_wconf 91' lang='lat' dir='ltr'><strong>per</strong></span> <span class='ocrx_word' id='word_1_22' title='bbox 718 515 997 570; x_wconf 62' lang='lat' dir='ltr'><strong>sacularis</strong></span> <span class='ocrx_word' id='word_1_23' title='bbox 1034 517 1289 587; x_wconf 77' lang='lat' dir='ltr'><strong>potentia:</strong></span> <span class='ocrx_word' id='word_1_24' title='bbox 1328 517 1565 589; x_wconf 88' lang='lat' dir='ltr'><strong>gladium</strong></span> <span class='ocrx_word' id='word_1_25' title='bbox 1618 516 1746 575; x_wconf 89' lang='lat' dir='ltr'><strong>huic</strong></span> 
     </span>
    </p>
   </div>
   <div class='ocr_carea' id='block_1_5' title="bbox 190 607 1748 679">
    <p class='ocr_par' dir='ltr' id='par_1_5' title="bbox 190 607 1748 679">
     <span class='ocr_line' id='line_1_5' title="bbox 190 607 1748 679; baseline 0.001 -17"><span class='ocrx_word' id='word_1_26' title='bbox 190 629 206 662; x_wconf 87' lang='grc' dir='ltr'><strong>ι</strong></span> <span class='ocrx_word' id='word_1_27' title='bbox 236 608 349 662; x_wconf 74' lang='lat' dir='ltr'><strong>vitze</strong></span> <span class='ocrx_word' id='word_1_28' title='bbox 391 607 734 672; x_wconf 73' lang='lat' dir='ltr'><strong>subtrahere,</strong></span> <span class='ocrx_word' id='word_1_29' title='bbox 760 608 957 679; x_wconf 82' lang='lat' dir='ltr'><strong>quibus</strong></span> <span class='ocrx_word' id='word_1_30' title='bbox 986 608 1098 664; x_wconf 87' lang='lat' dir='ltr'><strong>vult</strong></span> <span class='ocrx_word' id='word_1_31' title='bbox 1127 609 1270 665; x_wconf 89' lang='lat' dir='ltr'><strong>idem</strong></span> <span class='ocrx_word' id='word_1_32' title='bbox 1312 609 1543 666; x_wconf 76' lang='lat' dir='ltr'><strong>Greater</strong></span> <span class='ocrx_word' id='word_1_33' title='bbox 1565 618 1622 665; x_wconf 88' lang='lat' dir='ltr'><strong>et</strong></span> <span class='ocrx_word' id='word_1_34' title='bbox 1642 608 1748 664; x_wconf 82' lang='lat' dir='ltr'><strong>Re-</strong></span> 
     </span>
    </p>
   </div>
   <div class='ocr_carea' id='block_1_6' title="bbox 189 700 1747 771">
    <p class='ocr_par' dir='ltr' id='par_1_6' title="bbox 189 700 1747 771">
     <span class='ocr_line' id='line_1_6' title="bbox 189 700 1747 771; baseline 0.002 -18"><span class='ocrx_word' id='word_1_35' title='bbox 189 719 206 753; x_wconf 82' lang='grc' dir='ltr'><strong>ι</strong></span> <span class='ocrx_word' id='word_1_36' title='bbox 234 700 468 770; x_wconf 77' lang='lat' dir='ltr'><strong>dentptor</strong></span> <span class='ocrx_word' id='word_1_37' title='bbox 495 700 656 763; x_wconf 85' lang='lat' dir='ltr'><strong>Deus,</strong></span> <span class='ocrx_word' id='word_1_38' title='bbox 688 702 830 755; x_wconf 92' lang='lat' dir='ltr'><strong>sicut</strong></span> <span class='ocrx_word' id='word_1_39' title='bbox 854 702 1028 761; x_wconf 89' lang='lat' dir='ltr'><strong>novit.</strong></span> <span class='ocrx_word' id='word_1_40' title='bbox 1053 717 1275 771; x_wconf 87' lang='lat' dir='ltr'><strong>parcere</strong></span> <span class='ocrx_word' id='word_1_41' title='bbox 1302 719 1316 756; x_wconf 90' lang='lat'><strong>:</strong></span> <span class='ocrx_word' id='word_1_42' title='bbox 1342 712 1402 757; x_wconf 91' lang='lat' dir='ltr'><strong>ut</strong></span> <span class='ocrx_word' id='word_1_43' title='bbox 1422 704 1747 771; x_wconf 73' lang='lat' dir='ltr'><strong>resipiscam</strong></span> 
     </span>
    </p>
   </div>
   <div class='ocr_carea' id='block_1_7' title="bbox 190 791 1745 864">
    <p class='ocr_par' dir='ltr' id='par_1_7' title="bbox 190 791 1745 864">
     <span class='ocr_line' id='line_1_7' title="bbox 190 791 1745 864; baseline 0.004 -20"><span class='ocrx_word' id='word_1_44' title='bbox 190 810 207 844; x_wconf 84' lang='grc' dir='ltr'><strong>ι</strong></span> <span class='ocrx_word' id='word_1_45' title='bbox 235 807 261 846; x_wconf 85' lang='lat' dir='ltr'><strong>a</strong></span> <span class='ocrx_word' id='word_1_46' title='bbox 285 791 473 846; x_wconf 87' lang='lat' dir='ltr'><strong>diaboli</strong></span> <span class='ocrx_word' id='word_1_47' title='bbox 511 792 721 861; x_wconf 81' lang='lat' dir='ltr'><strong>laqueis</strong></span> <span class='ocrx_word' id='word_1_48' title='bbox 747 792 943 863; x_wconf 83' lang='lat' dir='ltr'><strong>quibus</strong></span> <span class='ocrx_word' id='word_1_49' title='bbox 972 795 1168 863; x_wconf 76' lang='lat' dir='ltr'><strong>captivi</strong></span> <span class='ocrx_word' id='word_1_50' title='bbox 1202 804 1453 849; x_wconf 80' lang='lat' dir='ltr'><strong>tenentur</strong></span> <span class='ocrx_word' id='word_1_51' title='bbox 1482 796 1548 849; x_wconf 87' lang='lat' dir='ltr'><strong>ad</strong></span> <span class='ocrx_word' id='word_1_52' title='bbox 1578 795 1745 864; x_wconf 83' lang='lat' dir='ltr'><strong>ipsius</strong></span> 
     </span>
    </p>
   </div>
   <div class='ocr_carea' id='block_1_8' title="bbox 189 882 1746 945">
    <p class='ocr_par' dir='ltr' id='par_1_8' title="bbox 189 882 1746 945">
     <span class='ocr_line' id='line_1_8' title="bbox 189 882 1746 945; baseline 0.004 -11"><span class='ocrx_word' id='word_1_53' title='bbox 189 902 207 934; x_wconf 91' lang='grc' dir='ltr'><strong>ι</strong></span> <span class='ocrx_word' id='word_1_54' title='bbox 235 882 576 937; x_wconf 80' lang='lat' dir='ltr'><strong>voluntatem.</strong></span> <span class='ocrx_word' id='word_1_55' title='bbox 612 882 726 945; x_wconf 88' lang='lat' dir='ltr'><strong>Sic,</strong></span> <span class='ocrx_word' id='word_1_56' title='bbox 760 884 839 939; x_wconf 92' lang='lat' dir='ltr'><strong>sic</strong></span> <span class='ocrx_word' id='word_1_57' title='bbox 884 883 1140 940; x_wconf 91' lang='lat' dir='ltr'><strong>nimirum</strong></span> <span class='ocrx_word' id='word_1_58' title='bbox 1192 885 1331 940; x_wconf 85' lang='lat' dir='ltr'><strong>tales</strong></span> <span class='ocrx_word' id='word_1_59' title='bbox 1369 885 1571 940; x_wconf 67' lang='lat' dir='ltr'><strong>ultimae</strong></span> <span class='ocrx_word' id='word_1_60' title='bbox 1602 885 1746 941; x_wconf 86' lang='lat' dir='ltr'><strong>illius</strong></span> 
     </span>
    </p>
   </div>
   <div class='ocr_carea' id='block_1_9' title="bbox 154 968 1744 1039">
    <p class='ocr_par' dir='ltr' id='par_1_9' title="bbox 154 968 1744 1039">
     <span class='ocr_line' id='line_1_9' title="bbox 154 968 1744 1039; baseline 0.005 -18"><span class='ocrx_word' id='word_1_61' title='bbox 154 968 635 1039; x_wconf 45' lang='lat' dir='ltr'><strong>,cpatrisl’amilias</strong></span> <span class='ocrx_word' id='word_1_62' title='bbox 682 972 845 1026; x_wconf 87' lang='lat' dir='ltr'><strong>messi</strong></span> <span class='ocrx_word' id='word_1_63' title='bbox 894 986 925 1025; x_wconf 87' lang='lat' dir='ltr'><strong>a</strong></span> <span class='ocrx_word' id='word_1_64' title='bbox 976 972 1133 1026; x_wconf 87' lang='lat' dir='ltr'><strong>nobis</strong></span> <span class='ocrx_word' id='word_1_65' title='bbox 1179 975 1431 1028; x_wconf 86' lang='lat' dir='ltr'><strong>convenit</strong></span> <span class='ocrx_word' id='word_1_66' title='bbox 1477 975 1744 1029; x_wconf 87' lang='lat' dir='ltr'><strong>reservari</strong></span> 
     </span>
    </p>
   </div>
   <div class='ocr_carea' id='block_1_10' title="bbox 157 1053 1745 1130">
    <p class='ocr_par' dir='ltr' id='par_1_10' title="bbox 157 1053 1745 1130">
     <span class='ocr_line' id='line_1_10' title="bbox 157 1053 1745 1130; baseline 0.004 -19"><span class='ocrx_word' id='word_1_67' title='bbox 157 1053 161 1055; x_wconf 74' lang='grc'><strong>’</strong></span> <span class='ocrx_word' id='word_1_68' title='bbox 191 1078 207 1111; x_wconf 85' lang='grc' dir='ltr'><strong>ι</strong></span> <span class='ocrx_word' id='word_1_69' title='bbox 240 1060 486 1129; x_wconf 81' lang='lat' dir='ltr'><strong>quidquid</strong></span> <span class='ocrx_word' id='word_1_70' title='bbox 519 1074 794 1116; x_wconf 82' lang='lat' dir='ltr'><strong>messores</strong></span> <span class='ocrx_word' id='word_1_71' title='bbox 820 1075 949 1117; x_wconf 90' lang='lat' dir='ltr'><strong>suos</strong></span> <span class='ocrx_word' id='word_1_72' title='bbox 979 1063 1163 1117; x_wconf 83' lang='lat' dir='ltr'><strong>facere</strong></span> <span class='ocrx_word' id='word_1_73' title='bbox 1189 1061 1400 1130; x_wconf 74' lang='lat' dir='ltr'><strong>jubeat,</strong></span> <span class='ocrx_word' id='word_1_74' title='bbox 1433 1064 1576 1118; x_wconf 84' lang='lat' dir='ltr'><strong>sicut</strong></span> <span class='ocrx_word' id='word_1_75' title='bbox 1600 1063 1745 1118; x_wconf 85' lang='lat' dir='ltr'><strong>etde</strong></span> 
     </span>
    </p>
   </div>
   <div class='ocr_carea' id='block_1_11' title="bbox 191 1148 1745 1224">
    <p class='ocr_par' dir='ltr' id='par_1_11' title="bbox 191 1148 1745 1224">
     <span class='ocr_line' id='line_1_11' title="bbox 191 1148 1745 1224; baseline 0.005 -23"><span class='ocrx_word' id='word_1_76' title='bbox 191 1168 207 1201; x_wconf 86' lang='grc' dir='ltr'><strong>ι</strong></span> <span class='ocrx_word' id='word_1_77' title='bbox 235 1148 623 1221; x_wconf 88' lang='lat' dir='ltr'><strong>nobismetipsis</strong></span> <span class='ocrx_word' id='word_1_78' title='bbox 650 1167 771 1207; x_wconf 88' lang='lat' dir='ltr'><strong>cum</strong></span> <span class='ocrx_word' id='word_1_79' title='bbox 804 1153 997 1207; x_wconf 84' lang='lat' dir='ltr'><strong>timore</strong></span> <span class='ocrx_word' id='word_1_80' title='bbox 1022 1162 1076 1208; x_wconf 92' lang='lat' dir='ltr'><strong>et</strong></span> <span class='ocrx_word' id='word_1_81' title='bbox 1120 1163 1354 1208; x_wconf 82' lang='lat' dir='ltr'><strong>tremore</strong></span> <span class='ocrx_word' id='word_1_82' title='bbox 1392 1163 1607 1224; x_wconf 83' lang='lat' dir='ltr'><strong>oportet</strong></span> <span class='ocrx_word' id='word_1_83' title='bbox 1652 1170 1745 1208; x_wconf 78' lang='lat' dir='ltr'><strong>ex-</strong></span> 
     </span>
    </p>
   </div>
   <div class='ocr_carea' id='block_1_12' title="bbox 190 1242 1746 1317">
    <p class='ocr_par' dir='ltr' id='par_1_12' title="bbox 190 1242 1746 1317">
     <span class='ocr_line' id='line_1_12' title="bbox 190 1242 1746 1317; baseline 0.004 -23"><span class='ocrx_word' id='word_1_84' title='bbox 190 1261 205 1294; x_wconf 89' lang='grc' dir='ltr'><strong>ι</strong></span> <span class='ocrx_word' id='word_1_85' title='bbox 234 1242 477 1311; x_wconf 86' lang='lat' dir='ltr'><strong>spectari;</strong></span> <span class='ocrx_word' id='word_1_86' title='bbox 509 1244 635 1313; x_wconf 87' lang='lat' dir='ltr'><strong>quia</strong></span> <span class='ocrx_word' id='word_1_87' title='bbox 669 1245 861 1299; x_wconf 91' lang='lat' dir='ltr'><strong>horum</strong></span> <span class='ocrx_word' id='word_1_88' title='bbox 886 1245 1327 1315; x_wconf 80' lang='lat' dir='ltr'><strong>quoslibet,quos</strong></span> <span class='ocrx_word' id='word_1_89' title='bbox 1362 1247 1545 1301; x_wconf 83' lang='lat' dir='ltr'><strong>nntndi</strong></span> <span class='ocrx_word' id='word_1_90' title='bbox 1586 1248 1746 1317; x_wconf 83' lang='lat' dir='ltr'><strong>hujus</strong></span> 
     </span>
    </p>
   </div>
   <div class='ocr_carea' id='block_1_13' title="bbox 190 1334 1743 1402">
    <p class='ocr_par' dir='ltr' id='par_1_13' title="bbox 190 1334 1743 1402">
     <span class='ocr_line' id='line_1_13' title="bbox 190 1334 1743 1402; baseline 0.005 -16"><span class='ocrx_word' id='word_1_91' title='bbox 190 1353 205 1386; x_wconf 87' lang='grc' dir='ltr'><strong>ι</strong></span> <span class='ocrx_word' id='word_1_92' title='bbox 237 1349 354 1402; x_wconf 84' lang='lat' dir='ltr'><strong>ager</strong></span> <span class='ocrx_word' id='word_1_93' title='bbox 381 1334 595 1390; x_wconf 80' lang='lat' dir='ltr'><strong>zizania</strong></span> <span class='ocrx_word' id='word_1_94' title='bbox 626 1335 811 1399; x_wconf 85' lang='lat' dir='ltr'><strong>habet,</strong></span> <span class='ocrx_word' id='word_1_95' title='bbox 864 1339 1059 1392; x_wconf 83' lang='lat' dir='ltr'><strong>messis</strong></span> <span class='ocrx_word' id='word_1_96' title='bbox 1109 1338 1197 1392; x_wconf 89' lang='lat' dir='ltr'><strong>illa</strong></span> <span class='ocrx_word' id='word_1_97' title='bbox 1244 1338 1471 1394; x_wconf 77' lang='lat' dir='ltr'><strong>forsitan</strong></span> <span class='ocrx_word' id='word_1_98' title='bbox 1505 1340 1743 1394; x_wconf 84' lang='lat' dir='ltr'><strong>triticum</strong></span> 
     </span>
    </p>
   </div>
   <div class='ocr_carea' id='block_1_14' title="bbox 188 1425 1745 1496">
    <p class='ocr_par' dir='ltr' id='par_1_14' title="bbox 188 1425 1745 1496">
     <span class='ocr_line' id='line_1_14' title="bbox 188 1425 1745 1496; baseline 0.006 -19"><span class='ocrx_word' id='word_1_99' title='bbox 188 1445 204 1477; x_wconf 84' lang='grc' dir='ltr'><strong>ι</strong></span> <span class='ocrx_word' id='word_1_100' title='bbox 238 1425 489 1490; x_wconf 78' lang='lat' dir='ltr'><strong>inveniet;</strong></span> <span class='ocrx_word' id='word_1_101' title='bbox 521 1435 580 1481; x_wconf 89' lang='lat' dir='ltr'><strong>et</strong></span> <span class='ocrx_word' id='word_1_102' title='bbox 604 1442 740 1496; x_wconf 88' lang='lat' dir='ltr'><strong>quos</strong></span> <span class='ocrx_word' id='word_1_103' title='bbox 769 1428 822 1482; x_wconf 90' lang='lat' dir='ltr'><strong>in</strong></span> <span class='ocrx_word' id='word_1_104' title='bbox 852 1430 938 1483; x_wconf 88' lang='lat' dir='ltr'><strong>via</strong></span> <span class='ocrx_word' id='word_1_105' title='bbox 987 1429 1199 1484; x_wconf 90' lang='lat' dir='ltr'><strong>Domini</strong></span> <span class='ocrx_word' id='word_1_106' title='bbox 1229 1432 1572 1486; x_wconf 76' lang='lat' dir='ltr'><strong>adversarios</strong></span> <span class='ocrx_word' id='word_1_107' title='bbox 1601 1446 1745 1486; x_wconf 87' lang='lat' dir='ltr'><strong>nunc</strong></span> 
     </span>
    </p>
   </div>
   <div class='ocr_carea' id='block_1_15' title="bbox 190 1517 1743 1589">
    <p class='ocr_par' dir='ltr' id='par_1_15' title="bbox 190 1517 1743 1589">
     <span class='ocr_line' id='line_1_15' title="bbox 190 1517 1743 1589; baseline 0.008 -22"><span class='ocrx_word' id='word_1_108' title='bbox 190 1517 501 1582; x_wconf 70' lang='lat' dir='ltr'><strong>«habemus,</strong></span> <span class='ocrx_word' id='word_1_109' title='bbox 550 1520 811 1586; x_wconf 80' lang='lat' dir='ltr'><strong>possibile</strong></span> <span class='ocrx_word' id='word_1_110' title='bbox 856 1522 1216 1589; x_wconf 87' lang='lat' dir='ltr'><strong>omnipotenti</strong></span> <span class='ocrx_word' id='word_1_111' title='bbox 1267 1523 1376 1577; x_wconf 89' lang='lat' dir='ltr'><strong>Deo</strong></span> <span class='ocrx_word' id='word_1_112' title='bbox 1418 1532 1500 1578; x_wconf 87' lang='lat' dir='ltr'><strong>est</strong></span> <span class='ocrx_word' id='word_1_113' title='bbox 1555 1524 1608 1577; x_wconf 92' lang='lat' dir='ltr'><strong>in</strong></span> <span class='ocrx_word' id='word_1_114' title='bbox 1654 1524 1743 1579; x_wconf 87' lang='lat' dir='ltr'><strong>illa</strong></span> 
     </span>
    </p>
   </div>
   <div class='ocr_carea' id='block_1_16' title="bbox 188 1607 1745 1681">
    <p class='ocr_par' dir='ltr' id='par_1_16' title="bbox 188 1607 1745 1681">
     <span class='ocr_line' id='line_1_16' title="bbox 188 1607 1745 1681; baseline 0.006 -23"><span class='ocrx_word' id='word_1_115' title='bbox 188 1626 205 1658; x_wconf 78' lang='grc' dir='ltr'><strong>ι</strong></span> <span class='ocrx_word' id='word_1_116' title='bbox 234 1607 423 1662; x_wconf 77' lang='lat' dir='ltr'><strong>ctelesti</strong></span> <span class='ocrx_word' id='word_1_117' title='bbox 455 1610 634 1678; x_wconf 87' lang='lat' dir='ltr'><strong>patria</strong></span> <span class='ocrx_word' id='word_1_118' title='bbox 654 1610 809 1665; x_wconf 89' lang='lat' dir='ltr'><strong>nobis</strong></span> <span class='ocrx_word' id='word_1_119' title='bbox 827 1611 991 1665; x_wconf 90' lang='lat' dir='ltr'><strong>etiam</strong></span> <span class='ocrx_word' id='word_1_120' title='bbox 1014 1609 1199 1666; x_wconf 79' lang='lat' dir='ltr'><strong>facere</strong></span> <span class='ocrx_word' id='word_1_121' title='bbox 1228 1612 1557 1681; x_wconf 85' lang='lat' dir='ltr'><strong>superiores.</strong></span> <span class='ocrx_word' id='word_1_122' title='bbox 1585 1613 1745 1668; x_wconf 89' lang='lat' dir='ltr'><strong>Certe</strong></span> 
     </span>
    </p>
   </div>
   <div class='ocr_carea' id='block_1_17' title="bbox 188 1701 1740 1772">
    <p class='ocr_par' dir='ltr' id='par_1_17' title="bbox 188 1701 1740 1772">
     <span class='ocr_line' id='line_1_17' title="bbox 188 1701 1740 1772; baseline 0.004 -20"><span class='ocrx_word' id='word_1_123' title='bbox 188 1722 203 1751; x_wconf 83' lang='grc' dir='ltr'><strong>ι</strong></span> <span class='ocrx_word' id='word_1_124' title='bbox 229 1701 435 1772; x_wconf 83' lang='lat' dir='ltr'><strong>legimus</strong></span> <span class='ocrx_word' id='word_1_125' title='bbox 469 1702 699 1758; x_wconf 70' lang='lat' dir='ltr'><strong>Sardum</strong></span> <span class='ocrx_word' id='word_1_126' title='bbox 751 1704 921 1772; x_wconf 85' lang='lat' dir='ltr'><strong>magis</strong></span> <span class='ocrx_word' id='word_1_127' title='bbox 966 1705 1220 1759; x_wconf 87' lang='lat' dir='ltr'><strong>omnibus</strong></span> <span class='ocrx_word' id='word_1_128' title='bbox 1255 1705 1567 1760; x_wconf 60' lang='lat' dir='ltr'><strong>saevientem</strong></span> <span class='ocrx_word' id='word_1_129' title='bbox 1598 1705 1740 1761; x_wconf 81' lang='lat' dir='ltr'><strong>beati</strong></span> 
     </span>
    </p>
   </div>
   <div class='ocr_carea' id='block_1_18' title="bbox 189 1781 1815 1866">
    <p class='ocr_par' dir='ltr' id='par_1_18' title="bbox 189 1781 1815 1866">
     <span class='ocr_line' id='line_1_18' title="bbox 189 1781 1815 1866; baseline 0.001 -17"><span class='ocrx_word' id='word_1_130' title='bbox 189 1812 204 1843; x_wconf 81' lang='grc' dir='ltr'><strong>ι</strong></span> <span class='ocrx_word' id='word_1_131' title='bbox 228 1793 467 1864; x_wconf 79' lang='lat' dir='ltr'><strong>Stephani</strong></span> <span class='ocrx_word' id='word_1_132' title='bbox 513 1797 933 1866; x_wconf 81' lang='lat' dir='ltr'><strong>protomartyris</strong></span> <span class='ocrx_word' id='word_1_133' title='bbox 966 1796 1360 1865; x_wconf 86' lang='lat' dir='ltr'><strong>lapidatorihus</strong></span> <span class='ocrx_word' id='word_1_134' title='bbox 1397 1795 1738 1865; x_wconf 67' lang='lat' dir='ltr'><strong>interfui~sc;</strong></span> <span class='ocrx_word' id='word_1_135' title='bbox 1778 1781 1815 1840; x_wconf 80' lang='grc' dir='ltr'><strong>θ</strong></span> 
     </span>
    </p>
   </div>
   <div class='ocr_carea' id='block_1_19' title="bbox 190 1888 1745 1959">
    <p class='ocr_par' dir='ltr' id='par_1_19' title="bbox 190 1888 1745 1959">
     <span class='ocr_line' id='line_1_19' title="bbox 190 1888 1745 1959; baseline 0.004 -24"><span class='ocrx_word' id='word_1_136' title='bbox 190 1905 204 1935; x_wconf 86' lang='grc' dir='ltr'><strong>ι</strong></span> <span class='ocrx_word' id='word_1_137' title='bbox 234 1896 282 1940; x_wconf 86' lang='lat' dir='ltr'><strong>et</strong></span> <span class='ocrx_word' id='word_1_138' title='bbox 308 1903 463 1956; x_wconf 85' lang='lat' dir='ltr'><strong>quem</strong></span> <span class='ocrx_word' id='word_1_139' title='bbox 498 1888 591 1941; x_wconf 90' lang='lat' dir='ltr'><strong>hic</strong></span> <span class='ocrx_word' id='word_1_140' title='bbox 639 1888 827 1941; x_wconf 85' lang='lat' dir='ltr'><strong>habuit</strong></span> <span class='ocrx_word' id='word_1_141' title='bbox 856 1895 1284 1958; x_wconf 83' lang='lat' dir='ltr'><strong>persecutorem,</strong></span> <span class='ocrx_word' id='word_1_142' title='bbox 1321 1898 1507 1959; x_wconf 84' lang='lat' dir='ltr'><strong>utpote</strong></span> <span class='ocrx_word' id='word_1_143' title='bbox 1538 1900 1745 1959; x_wconf 81' lang='lat' dir='ltr'><strong>martyr</strong></span> 
     </span>
    </p>
   </div>
   <div class='ocr_carea' id='block_1_20' title="bbox 188 1979 1745 2052">
    <p class='ocr_par' dir='ltr' id='par_1_20' title="bbox 188 1979 1745 2052">
     <span class='ocr_line' id='line_1_20' title="bbox 188 1979 1745 2052; baseline 0.005 -23"><span class='ocrx_word' id='word_1_144' title='bbox 188 1996 203 2029; x_wconf 85' lang='grc' dir='ltr'><strong>ι</strong></span> <span class='ocrx_word' id='word_1_145' title='bbox 237 1979 549 2049; x_wconf 80' lang='lat' dir='ltr'><strong>apostolum,</strong></span> <span class='ocrx_word' id='word_1_146' title='bbox 597 1979 707 2035; x_wconf 90' lang='lat' dir='ltr'><strong>illic</strong></span> <span class='ocrx_word' id='word_1_147' title='bbox 742 1996 799 2036; x_wconf 91' lang='lat' dir='ltr'><strong>se</strong></span> <span class='ocrx_word' id='word_1_148' title='bbox 829 1982 1029 2052; x_wconf 90' lang='lat' dir='ltr'><strong>gaudet</strong></span> <span class='ocrx_word' id='word_1_149' title='bbox 1075 1982 1276 2037; x_wconf 88' lang='lat' dir='ltr'><strong>habere</strong></span> <span class='ocrx_word' id='word_1_150' title='bbox 1314 1983 1570 2051; x_wconf 87' lang='lat' dir='ltr'><strong>priorem.</strong></span> <span class='ocrx_word' id='word_1_151' title='bbox 1603 1983 1745 2037; x_wconf 85' lang='lat' dir='ltr'><strong>Inte-</strong></span> 
     </span>
    </p>
   </div>
   <div class='ocr_carea' id='block_1_21' title="bbox 188 2073 1745 2147">
    <p class='ocr_par' dir='ltr' id='par_1_21' title="bbox 188 2073 1745 2147">
     <span class='ocr_line' id='line_1_21' title="bbox 188 2073 1745 2147; baseline 0.006 -26"><span class='ocrx_word' id='word_1_152' title='bbox 188 2093 203 2121; x_wconf 84' lang='grc' dir='ltr'><strong>ι</strong></span> <span class='ocrx_word' id='word_1_153' title='bbox 235 2075 324 2125; x_wconf 87' lang='lat' dir='ltr'><strong>rim</strong></span> <span class='ocrx_word' id='word_1_154' title='bbox 370 2073 730 2129; x_wconf 86' lang='lat' dir='ltr'><strong>nihilominus</strong></span> <span class='ocrx_word' id='word_1_155' title='bbox 784 2075 1094 2130; x_wconf 88' lang='lat' dir='ltr'><strong>meminisse</strong></span> <span class='ocrx_word' id='word_1_156' title='bbox 1141 2074 1402 2131; x_wconf 85' lang='lat' dir='ltr'><strong>debemus</strong></span> <span class='ocrx_word' id='word_1_157' title='bbox 1444 2076 1589 2147; x_wconf 91' lang='lat' dir='ltr'><strong>quod</strong></span> <span class='ocrx_word' id='word_1_158' title='bbox 1644 2091 1745 2132; x_wconf 90' lang='lat' dir='ltr'><strong>nos</strong></span> 
     </span>
    </p>
   </div>
   <div class='ocr_carea' id='block_1_22' title="bbox 188 2164 1746 2238">
    <p class='ocr_par' dir='ltr' id='par_1_22' title="bbox 188 2164 1746 2238">
     <span class='ocr_line' id='line_1_22' title="bbox 188 2164 1746 2238; baseline 0.008 -26"><span class='ocrx_word' id='word_1_159' title='bbox 188 2181 203 2212; x_wconf 83' lang='grc' dir='ltr'><strong>ι</strong></span> <span class='ocrx_word' id='word_1_160' title='bbox 232 2164 313 2232; x_wconf 83' lang='lat' dir='ltr'><strong>qui</strong></span> <span class='ocrx_word' id='word_1_161' title='bbox 340 2164 579 2235; x_wconf 79' lang='lat' dir='ltr'><strong>episcopi</strong></span> <span class='ocrx_word' id='word_1_162' title='bbox 610 2165 846 2220; x_wconf 88' lang='lat' dir='ltr'><strong>dicimur</strong></span> <span class='ocrx_word' id='word_1_163' title='bbox 865 2166 1104 2237; x_wconf 77' lang='lat' dir='ltr'><strong>gladium</strong></span> <span class='ocrx_word' id='word_1_164' title='bbox 1134 2166 1186 2220; x_wconf 90' lang='lat' dir='ltr'><strong>in</strong></span> <span class='ocrx_word' id='word_1_165' title='bbox 1220 2167 1746 2238; x_wconf 87' lang='lat' dir='ltr'><strong>ordinatione,quod</strong></span> 
     </span>
    </p>
   </div>
   <div class='ocr_carea' id='block_1_23' title="bbox 189 2254 1746 2328">
    <p class='ocr_par' dir='ltr' id='par_1_23' title="bbox 189 2254 1746 2328">
     <span class='ocr_line' id='line_1_23' title="bbox 189 2254 1746 2328; baseline 0.003 -20"><span class='ocrx_word' id='word_1_166' title='bbox 189 2261 305 2308; x_wconf 78' lang='lat' dir='ltr'><strong>test</strong></span> <span class='ocrx_word' id='word_1_167' title='bbox 350 2254 630 2310; x_wconf 69' lang='lat' dir='ltr'><strong>saecularis</strong></span> <span class='ocrx_word' id='word_1_168' title='bbox 667 2256 943 2324; x_wconf 69' lang='lat' dir='ltr'><strong>potentite,</strong></span> <span class='ocrx_word' id='word_1_169' title='bbox 998 2270 1106 2310; x_wconf 88' lang='lat' dir='ltr'><strong>non</strong></span> <span class='ocrx_word' id='word_1_170' title='bbox 1150 2256 1746 2328; x_wconf 79' lang='lat' dir='ltr'><strong>accipimuszideoque</strong></span> 
     </span>
    </p>
   </div>
   <div class='ocr_carea' id='block_1_24' title="bbox 189 2345 1746 2418">
    <p class='ocr_par' dir='ltr' id='par_1_24' title="bbox 189 2345 1746 2418">
     <span class='ocr_line' id='line_1_24' title="bbox 189 2345 1746 2418; baseline 0.006 -24"><span class='ocrx_word' id='word_1_171' title='bbox 189 2362 204 2394; x_wconf 86' lang='grc' dir='ltr'><strong>ι</strong></span> <span class='ocrx_word' id='word_1_172' title='bbox 233 2359 325 2399; x_wconf 92' lang='lat' dir='ltr'><strong>non</strong></span> <span class='ocrx_word' id='word_1_173' title='bbox 348 2345 416 2399; x_wconf 89' lang='lat' dir='ltr'><strong>ad</strong></span> <span class='ocrx_word' id='word_1_174' title='bbox 444 2346 907 2410; x_wconf 83' lang='lat' dir='ltr'><strong>mortiﬁcandum,</strong></span> <span class='ocrx_word' id='word_1_175' title='bbox 937 2349 1033 2402; x_wconf 89' lang='lat' dir='ltr'><strong>sed</strong></span> <span class='ocrx_word' id='word_1_176' title='bbox 1061 2348 1242 2418; x_wconf 89' lang='lat' dir='ltr'><strong>potius</strong></span> <span class='ocrx_word' id='word_1_177' title='bbox 1266 2348 1334 2402; x_wconf 85' lang='lat' dir='ltr'><strong>ad</strong></span> <span class='ocrx_word' id='word_1_178' title='bbox 1361 2348 1746 2404; x_wconf 82' lang='lat' dir='ltr'><strong>viviﬁcandum</strong></span> 
     </span>
    </p>
   </div>
   <div class='ocr_carea' id='block_1_25' title="bbox 189 2436 1747 2511">
    <p class='ocr_par' dir='ltr' id='par_1_25' title="bbox 189 2436 1747 2511">
     <span class='ocr_line' id='line_1_25' title="bbox 189 2436 1747 2511; baseline 0.009 -30"><span class='ocrx_word' id='word_1_179' title='bbox 189 2450 205 2481; x_wconf 85' lang='grc' dir='ltr'><strong>ι</strong></span> <span class='ocrx_word' id='word_1_180' title='bbox 231 2445 431 2490; x_wconf 84' lang='lat' dir='ltr'><strong>auctore</strong></span> <span class='ocrx_word' id='word_1_181' title='bbox 484 2436 602 2491; x_wconf 84' lang='lat' dir='ltr'><strong>Deo</strong></span> <span class='ocrx_word' id='word_1_182' title='bbox 643 2436 975 2507; x_wconf 80' lang='lat' dir='ltr'><strong>inungimur.</strong></span> <span class='ocrx_word' id='word_1_183' title='bbox 1020 2438 1119 2494; x_wconf 88' lang='lat' dir='ltr'><strong>Est</strong></span> <span class='ocrx_word' id='word_1_184' title='bbox 1171 2448 1353 2495; x_wconf 87' lang='lat' dir='ltr'><strong>tamen</strong></span> <span class='ocrx_word' id='word_1_185' title='bbox 1410 2440 1556 2495; x_wconf 87' lang='lat' dir='ltr'><strong>aliud</strong></span> <span class='ocrx_word' id='word_1_186' title='bbox 1600 2442 1747 2511; x_wconf 89' lang='lat' dir='ltr'><strong>quod</strong></span> 
     </span>
    </p>
   </div>
   <div class='ocr_carea' id='block_1_26' title="bbox 190 2524 1744 2600">
    <p class='ocr_par' dir='ltr' id='par_1_26' title="bbox 190 2524 1744 2600">
     <span class='ocr_line' id='line_1_26' title="bbox 190 2524 1744 2600; baseline 0.008 -24"><span class='ocrx_word' id='word_1_187' title='bbox 190 2524 442 2581; x_wconf 67' lang='lat' dir='ltr'><strong>«sollicite</strong></span> <span class='ocrx_word' id='word_1_188' title='bbox 493 2527 567 2583; x_wconf 86' lang='lat' dir='ltr'><strong>de</strong></span> <span class='ocrx_word' id='word_1_189' title='bbox 614 2529 889 2597; x_wconf 58' lang='lat' dir='ltr'><strong>praedictis</strong></span> <span class='ocrx_word' id='word_1_190' title='bbox 936 2530 1206 2600; x_wconf 84' lang='lat' dir='ltr'><strong>agendum</strong></span> <span class='ocrx_word' id='word_1_191' title='bbox 1238 2541 1320 2587; x_wconf 87' lang='lat' dir='ltr'><strong>est</strong></span> <span class='ocrx_word' id='word_1_192' title='bbox 1358 2532 1744 2599; x_wconf 85' lang='lat' dir='ltr'><strong>sehismatieis,</strong></span> 
     </span>
    </p>
   </div>
   <div class='ocr_carea' id='block_1_27' title="bbox 190 2615 1747 2695">
    <p class='ocr_par' dir='ltr' id='par_1_27' title="bbox 190 2615 1747 2695">
     <span class='ocr_line' id='line_1_27' title="bbox 190 2615 1747 2695; baseline 0.007 -26"><span class='ocrx_word' id='word_1_193' title='bbox 190 2630 205 2663; x_wconf 84' lang='grc' dir='ltr'><strong>ι</strong></span> <span class='ocrx_word' id='word_1_194' title='bbox 234 2615 359 2683; x_wconf 87' lang='lat' dir='ltr'><strong>quod</strong></span> <span class='ocrx_word' id='word_1_195' title='bbox 400 2624 456 2673; x_wconf 87' lang='lat' dir='ltr'><strong>et</strong></span> <span class='ocrx_word' id='word_1_196' title='bbox 502 2633 607 2673; x_wconf 87' lang='lat' dir='ltr'><strong>vos</strong></span> <span class='ocrx_word' id='word_1_197' title='bbox 651 2635 992 2689; x_wconf 84' lang='lat' dir='ltr'><strong>nequaquam</strong></span> <span class='ocrx_word' id='word_1_198' title='bbox 1026 2622 1304 2692; x_wconf 78' lang='lat' dir='ltr'><strong>ignoratis.</strong></span> <span class='ocrx_word' id='word_1_199' title='bbox 1338 2635 1395 2677; x_wconf 90' lang='lat' dir='ltr'><strong>ut</strong></span> <span class='ocrx_word' id='word_1_200' title='bbox 1431 2624 1529 2691; x_wconf 90' lang='lat' dir='ltr'><strong>ipsi</strong></span> <span class='ocrx_word' id='word_1_201' title='bbox 1559 2624 1747 2695; x_wconf 79' lang='lat' dir='ltr'><strong>eisque</strong></span> 
     </span>
    </p>
   </div>
   <div class='ocr_carea' id='block_1_28' title="bbox 191 2708 1746 2785">
    <p class='ocr_par' dir='ltr' id='par_1_28' title="bbox 191 2708 1746 2785">
     <span class='ocr_line' id='line_1_28' title="bbox 191 2708 1746 2785; baseline 0.009 -30"><span class='ocrx_word' id='word_1_202' title='bbox 191 2720 208 2753; x_wconf 82' lang='grc' dir='ltr'><strong>ι</strong></span> <span class='ocrx_word' id='word_1_203' title='bbox 235 2708 694 2765; x_wconf 87' lang='lat' dir='ltr'><strong>communicantes</strong></span> <span class='ocrx_word' id='word_1_204' title='bbox 722 2711 994 2766; x_wconf 87' lang='lat' dir='ltr'><strong>catholica</strong></span> <span class='ocrx_word' id='word_1_205' title='bbox 1035 2715 1417 2769; x_wconf 89' lang='lat' dir='ltr'><strong>communione</strong></span> <span class='ocrx_word' id='word_1_206' title='bbox 1445 2716 1746 2785; x_wconf 88' lang='lat' dir='ltr'><strong>priventur,</strong></span> 
     </span>
    </p>
   </div>
   <div class='ocr_carea' id='block_1_29' title="bbox 1846 506 3426 582">
    <p class='ocr_par' dir='ltr' id='par_1_29' title="bbox 1846 506 3426 582">
     <span class='ocr_line' id='line_1_29' title="bbox 1846 506 3426 582; baseline -0.005 -11"><span class='ocrx_word' id='word_1_207' title='bbox 1846 524 2084 570; x_wconf 89' lang='lat' dir='ltr'><strong>mentum</strong></span> <span class='ocrx_word' id='word_1_208' title='bbox 2116 513 2392 568; x_wconf 89' lang='lat' dir='ltr'><strong>incurrere</strong></span> <span class='ocrx_word' id='word_1_209' title='bbox 2437 525 2599 582; x_wconf 89' lang='lat' dir='ltr'><strong>quam</strong></span> <span class='ocrx_word' id='word_1_210' title='bbox 2629 508 2924 579; x_wconf 88' lang='lat' dir='ltr'><strong>eripiendis</strong></span> <span class='ocrx_word' id='word_1_211' title='bbox 2952 506 3115 563; x_wconf 90' lang='lat' dir='ltr'><strong>etiam</strong></span> <span class='ocrx_word' id='word_1_212' title='bbox 3153 509 3426 565; x_wconf 62' lang='lat' dir='ltr'><strong>haereticis</strong></span> 
     </span>
    </p>
   </div>
   <div class='ocr_carea' id='block_1_30' title="bbox 1845 597 3428 669">
    <p class='ocr_par' dir='ltr' id='par_1_30' title="bbox 1845 597 3428 669">
     <span class='ocr_line' id='line_1_30' title="bbox 1845 597 3428 669; baseline -0.006 -6"><span class='ocrx_word' id='word_1_213' title='bbox 1845 622 1950 663; x_wconf 93' lang='lat' dir='ltr'><strong>non</strong></span> <span class='ocrx_word' id='word_1_214' title='bbox 1979 604 2276 662; x_wconf 85' lang='lat' dir='ltr'><strong>consulere.</strong></span> <span class='ocrx_word' id='word_1_215' title='bbox 2311 603 2434 658; x_wconf 63' lang='lat' dir='ltr'><strong>Haec</strong></span> <span class='ocrx_word' id='word_1_216' title='bbox 2458 601 2712 666; x_wconf 89' lang='lat' dir='ltr'><strong>dicimus,</strong></span> <span class='ocrx_word' id='word_1_217' title='bbox 2759 615 2863 654; x_wconf 91' lang='lat' dir='ltr'><strong>non</strong></span> <span class='ocrx_word' id='word_1_218' title='bbox 2894 597 3021 669; x_wconf 88' lang='lat' dir='ltr'><strong>quia</strong></span> <span class='ocrx_word' id='word_1_219' title='bbox 3046 611 3289 669; x_wconf 85' lang='lat' dir='ltr'><strong>errorem</strong></span> <span class='ocrx_word' id='word_1_220' title='bbox 3315 599 3428 654; x_wconf 80' lang='lat' dir='ltr'><strong>hae-</strong></span> 
     </span>
    </p>
   </div>
   <div class='ocr_carea' id='block_1_31' title="bbox 1847 691 3426 763">
    <p class='ocr_par' dir='ltr' id='par_1_31' title="bbox 1847 691 3426 763">
     <span class='ocr_line' id='line_1_31' title="bbox 1847 691 3426 763; baseline -0.005 -10"><span class='ocrx_word' id='word_1_221' title='bbox 1847 699 2136 754; x_wconf 87' lang='lat' dir='ltr'><strong>reticorum</strong></span> <span class='ocrx_word' id='word_1_222' title='bbox 2154 695 2318 751; x_wconf 86' lang='lat' dir='ltr'><strong>tutari</strong></span> <span class='ocrx_word' id='word_1_223' title='bbox 2343 694 2589 759; x_wconf 80' lang='lat' dir='ltr'><strong>velimus;</strong></span> <span class='ocrx_word' id='word_1_224' title='bbox 2616 693 2708 748; x_wconf 89' lang='lat' dir='ltr'><strong>sed</strong></span> <span class='ocrx_word' id='word_1_225' title='bbox 2727 692 2852 762; x_wconf 86' lang='lat' dir='ltr'><strong>quia</strong></span> <span class='ocrx_word' id='word_1_226' title='bbox 2876 692 2979 746; x_wconf 88' lang='lat' dir='ltr'><strong>hoc</strong></span> <span class='ocrx_word' id='word_1_227' title='bbox 3002 691 3053 744; x_wconf 93' lang='lat' dir='ltr'><strong>in</strong></span> <span class='ocrx_word' id='word_1_228' title='bbox 3077 691 3275 746; x_wconf 77' lang='lat' dir='ltr'><strong>divinis</strong></span> <span class='ocrx_word' id='word_1_229' title='bbox 3292 691 3426 763; x_wconf 79' lang='lat' dir='ltr'><strong>legi-</strong></span> 
     </span>
    </p>
   </div>
   <div class='ocr_carea' id='block_1_32' title="bbox 1845 781 3422 859">
    <p class='ocr_par' dir='ltr' id='par_1_32' title="bbox 1845 781 3422 859">
     <span class='ocr_line' id='line_1_32' title="bbox 1845 781 3422 859; baseline -0.006 -13"><span class='ocrx_word' id='word_1_230' title='bbox 1845 791 1946 846; x_wconf 89' lang='lat' dir='ltr'><strong>bus</strong></span> <span class='ocrx_word' id='word_1_231' title='bbox 1972 801 2236 859; x_wconf 84' lang='lat' dir='ltr'><strong>nusquam</strong></span> <span class='ocrx_word' id='word_1_232' title='bbox 2267 783 2534 840; x_wconf 88' lang='lat' dir='ltr'><strong>sancitum</strong></span> <span class='ocrx_word' id='word_1_233' title='bbox 2565 797 2670 837; x_wconf 91' lang='lat' dir='ltr'><strong>non</strong></span> <span class='ocrx_word' id='word_1_234' title='bbox 2699 781 3002 853; x_wconf 81' lang='lat' dir='ltr'><strong>approbare</strong></span> <span class='ocrx_word' id='word_1_235' title='bbox 3035 788 3422 837; x_wconf 88' lang='lat' dir='ltr'><strong>monstremus.</strong></span> 
     </span>
    </p>
   </div>
   <div class='ocr_carea' id='block_1_33' title="bbox 1844 897 3430 969">
    <p class='ocr_par' dir='ltr' id='par_1_33' title="bbox 1844 897 3430 969">
     <span class='ocr_line' id='line_1_33' title="bbox 1844 897 3430 969; baseline -0.006 -8"><span class='ocrx_word' id='word_1_236' title='bbox 1844 906 1972 962; x_wconf 70' lang='lat' dir='ltr'><strong>CAP.</strong></span> <span class='ocrx_word' id='word_1_237' title='bbox 2000 902 2214 959; x_wconf 73' lang='lat' dir='ltr'><strong>XXVII.</strong></span> <span class='ocrx_word' id='word_1_238' title='bbox 2259 901 2331 955; x_wconf 80' lang='lat' dir='ltr'><strong>De</strong></span> <span class='ocrx_word' id='word_1_239' title='bbox 2359 900 2645 963; x_wconf 78' lang='lat' dir='ltr'><strong>opustoliro</strong></span> <span class='ocrx_word' id='word_1_240' title='bbox 2668 898 2903 969; x_wconf 76' lang='lat' dir='ltr'><strong>eligendo</strong></span> <span class='ocrx_word' id='word_1_241' title='bbox 2922 897 3047 969; x_wconf 75' lang='lat' dir='ltr'><strong>quid</strong></span> <span class='ocrx_word' id='word_1_242' title='bbox 3065 898 3166 952; x_wconf 76' lang='lat' dir='ltr'><strong>sibi</strong></span> <span class='ocrx_word' id='word_1_243' title='bbox 3192 898 3430 954; x_wconf 66' lang='lat' dir='ltr'><strong>videatur</strong></span> 
     </span>
    </p>
   </div>
   <div class='ocr_carea' id='block_1_34' title="bbox 2319 969 2944 1040">
    <p class='ocr_par' dir='ltr' id='par_1_34' title="bbox 2319 969 2944 1040">
     <span class='ocr_line' id='line_1_34' title="bbox 2319 969 2944 1040; baseline -0.002 -16"><span class='ocrx_word' id='word_1_244' title='bbox 2319 971 2623 1040; x_wconf 75' lang='lat' dir='ltr'><strong>imperatori</strong></span> <span class='ocrx_word' id='word_1_245' title='bbox 2655 969 2944 1039; x_wconf 79' lang='lat' dir='ltr'><strong>respondet.</strong></span> 
     </span>
    </p>
   </div>
   <div class='ocr_carea' id='block_1_35' title="bbox 1914 1057 3424 1128">
    <p class='ocr_par' dir='ltr' id='par_1_35' title="bbox 1914 1057 3424 1128">
     <span class='ocr_line' id='line_1_35' title="bbox 1914 1057 3424 1128; baseline -0.005 -8"><span class='ocrx_word' id='word_1_246' title='bbox 1914 1067 2058 1120; x_wconf 91' lang='lat' dir='ltr'><strong>Inter</strong></span> <span class='ocrx_word' id='word_1_247' title='bbox 2087 1065 2202 1118; x_wconf 75' lang='lat' dir='ltr'><strong>lucc</strong></span> <span class='ocrx_word' id='word_1_248' title='bbox 2248 1063 2314 1117; x_wconf 90' lang='lat' dir='ltr'><strong>ad</strong></span> <span class='ocrx_word' id='word_1_249' title='bbox 2358 1070 2593 1116; x_wconf 87' lang='lat' dir='ltr'><strong>mentem</strong></span> <span class='ocrx_word' id='word_1_250' title='bbox 2641 1059 2778 1113; x_wconf 90' lang='lat' dir='ltr'><strong>redit</strong></span> <span class='ocrx_word' id='word_1_251' title='bbox 2806 1057 2948 1128; x_wconf 89' lang='lat' dir='ltr'><strong>quod</strong></span> <span class='ocrx_word' id='word_1_252' title='bbox 2983 1074 3103 1112; x_wconf 91' lang='lat' dir='ltr'><strong>cum</strong></span> <span class='ocrx_word' id='word_1_253' title='bbox 3131 1073 3267 1128; x_wconf 89' lang='lat' dir='ltr'><strong>papa</strong></span> <span class='ocrx_word' id='word_1_254' title='bbox 3296 1057 3424 1114; x_wconf 87' lang='lat' dir='ltr'><strong>Cle-</strong></span> 
     </span>
    </p>
   </div>
   <div class='ocr_carea' id='block_1_36' title="bbox 1846 1149 3433 1224">
    <p class='ocr_par' dir='ltr' id='par_1_36' title="bbox 1846 1149 3433 1224">
     <span class='ocr_line' id='line_1_36' title="bbox 1846 1149 3433 1224; baseline -0.006 -13"><span class='ocrx_word' id='word_1_255' title='bbox 1846 1172 2001 1211; x_wconf 89' lang='lat' dir='ltr'><strong>mens</strong></span> <span class='ocrx_word' id='word_1_256' title='bbox 2030 1171 2097 1210; x_wconf 74' lang='lat' dir='ltr'><strong>ex</strong></span> <span class='ocrx_word' id='word_1_257' title='bbox 2127 1154 2381 1224; x_wconf 72' lang='lat' dir='ltr'><strong>episcopo</strong></span> <span class='ocrx_word' id='word_1_258' title='bbox 2418 1150 2850 1219; x_wconf 81' lang='lat' dir='ltr'><strong>Bavenbergensi</strong></span> <span class='ocrx_word' id='word_1_259' title='bbox 2884 1149 2935 1202; x_wconf 89' lang='lat' dir='ltr'><strong>in</strong></span> <span class='ocrx_word' id='word_1_260' title='bbox 2982 1149 3270 1218; x_wconf 86' lang='lat' dir='ltr'><strong>apostolica</strong></span> <span class='ocrx_word' id='word_1_261' title='bbox 3300 1150 3433 1211; x_wconf 74' lang='lat' dir='ltr'><strong>sede</strong></span> 
     </span>
    </p>
   </div>
   <div class='ocr_carea' id='block_1_37' title="bbox 1847 1240 3428 1310">
    <p class='ocr_par' dir='ltr' id='par_1_37' title="bbox 1847 1240 3428 1310">
     <span class='ocr_line' id='line_1_37' title="bbox 1847 1240 3428 1310; baseline -0.004 -8"><span class='ocrx_word' id='word_1_262' title='bbox 1847 1246 2168 1302; x_wconf 80' lang='lat' dir='ltr'><strong>sublimatus</strong></span> <span class='ocrx_word' id='word_1_263' title='bbox 2197 1246 2263 1299; x_wconf 88' lang='lat' dir='ltr'><strong>de</strong></span> <span class='ocrx_word' id='word_1_264' title='bbox 2306 1243 2409 1298; x_wconf 90' lang='lat' dir='ltr'><strong>bac</strong></span> <span class='ocrx_word' id='word_1_265' title='bbox 2454 1244 2559 1297; x_wconf 89' lang='lat' dir='ltr'><strong>vita</strong></span> <span class='ocrx_word' id='word_1_266' title='bbox 2609 1241 2979 1306; x_wconf 81' lang='lat' dir='ltr'><strong>discessisset,</strong></span> <span class='ocrx_word' id='word_1_267' title='bbox 3029 1240 3324 1310; x_wconf 86' lang='lat' dir='ltr'><strong>imperator</strong></span> <span class='ocrx_word' id='word_1_268' title='bbox 3360 1240 3428 1295; x_wconf 90' lang='lat' dir='ltr'><strong>de</strong></span> 
     </span>
    </p>
   </div>
   <div class='ocr_carea' id='block_1_38' title="bbox 1847 1330 3434 1408">
    <p class='ocr_par' dir='ltr' id='par_1_38' title="bbox 1847 1330 3434 1408">
     <span class='ocr_line' id='line_1_38' title="bbox 1847 1330 3434 1408; baseline -0.004 -15"><span class='ocrx_word' id='word_1_269' title='bbox 1847 1336 2189 1408; x_wconf 76' lang='lat' dir='ltr'><strong>subrogando</strong></span> <span class='ocrx_word' id='word_1_270' title='bbox 2218 1337 2270 1390; x_wconf 91' lang='lat' dir='ltr'><strong>in</strong></span> <span class='ocrx_word' id='word_1_271' title='bbox 2300 1336 2474 1390; x_wconf 91' lang='lat' dir='ltr'><strong>locum</strong></span> <span class='ocrx_word' id='word_1_272' title='bbox 2507 1334 2650 1389; x_wconf 89' lang='lat' dir='ltr'><strong>illius</strong></span> <span class='ocrx_word' id='word_1_273' title='bbox 2677 1333 2785 1387; x_wconf 91' lang='lat' dir='ltr'><strong>alio</strong></span> <span class='ocrx_word' id='word_1_274' title='bbox 2810 1331 3093 1387; x_wconf 87' lang='lat' dir='ltr'><strong>consilium</strong></span> <span class='ocrx_word' id='word_1_275' title='bbox 3131 1330 3250 1400; x_wconf 89' lang='lat' dir='ltr'><strong>ejus</strong></span> <span class='ocrx_word' id='word_1_276' title='bbox 3285 1346 3434 1401; x_wconf 74' lang='lat' dir='ltr'><strong>quzr-</strong></span> 
     </span>
    </p>
   </div>
   <div class='ocr_carea' id='block_1_39' title="bbox 1847 1422 3429 1488">
    <p class='ocr_par' dir='ltr' id='par_1_39' title="bbox 1847 1422 3429 1488">
     <span class='ocr_line' id='line_1_39' title="bbox 1847 1422 3429 1488; baseline -0.006 -2"><span class='ocrx_word' id='word_1_277' title='bbox 1847 1444 1967 1486; x_wconf 84' lang='lat' dir='ltr'><strong>rere</strong></span> <span class='ocrx_word' id='word_1_278' title='bbox 1993 1429 2231 1483; x_wconf 85' lang='lat' dir='ltr'><strong>animum</strong></span> <span class='ocrx_word' id='word_1_279' title='bbox 2261 1427 2491 1482; x_wconf 80' lang='lat' dir='ltr'><strong>induxit.</strong></span> <span class='ocrx_word' id='word_1_280' title='bbox 2517 1425 2607 1479; x_wconf 92' lang='lat' dir='ltr'><strong>Ille</strong></span> <span class='ocrx_word' id='word_1_281' title='bbox 2630 1434 2830 1488; x_wconf 89' lang='lat' dir='ltr'><strong>autem,</strong></span> <span class='ocrx_word' id='word_1_282' title='bbox 2854 1431 2913 1477; x_wconf 94' lang='lat' dir='ltr'><strong>ut</strong></span> <span class='ocrx_word' id='word_1_283' title='bbox 2933 1432 3053 1478; x_wconf 81' lang='lat' dir='ltr'><strong>erat</strong></span> <span class='ocrx_word' id='word_1_284' title='bbox 3074 1423 3128 1476; x_wconf 92' lang='lat' dir='ltr'><strong>in</strong></span> <span class='ocrx_word' id='word_1_285' title='bbox 3153 1422 3429 1487; x_wconf 85' lang='lat' dir='ltr'><strong>omnibus,</strong></span> 
     </span>
    </p>
   </div>
   <div class='ocr_carea' id='block_1_40' title="bbox 1846 1515 3431 1587">
    <p class='ocr_par' dir='ltr' id='par_1_40' title="bbox 1846 1515 3431 1587">
     <span class='ocr_line' id='line_1_40' title="bbox 1846 1515 3431 1587; baseline -0.004 -10"><span class='ocrx_word' id='word_1_286' title='bbox 1846 1532 1900 1577; x_wconf 88' lang='lat' dir='ltr'><strong>et</strong></span> <span class='ocrx_word' id='word_1_287' title='bbox 1931 1522 1985 1576; x_wconf 91' lang='lat' dir='ltr'><strong>in</strong></span> <span class='ocrx_word' id='word_1_288' title='bbox 2016 1520 2212 1576; x_wconf 88' lang='lat' dir='ltr'><strong>talibus</strong></span> <span class='ocrx_word' id='word_1_289' title='bbox 2238 1520 2472 1575; x_wconf 73' lang='lat' dir='ltr'><strong>maxime</strong></span> <span class='ocrx_word' id='word_1_290' title='bbox 2500 1527 2775 1574; x_wconf 87' lang='lat' dir='ltr'><strong>scrutator</strong></span> <span class='ocrx_word' id='word_1_291' title='bbox 2804 1516 3253 1577; x_wconf 89' lang='lat' dir='ltr'><strong>studiosissimus,</strong></span> <span class='ocrx_word' id='word_1_292' title='bbox 3288 1515 3431 1587; x_wconf 88' lang='lat' dir='ltr'><strong>vigi-</strong></span> 
     </span>
    </p>
   </div>
   <div class='ocr_carea' id='block_1_41' title="bbox 1846 1606 3431 1678">
    <p class='ocr_par' dir='ltr' id='par_1_41' title="bbox 1846 1606 3431 1678">
     <span class='ocr_line' id='line_1_41' title="bbox 1846 1606 3431 1678; baseline -0.004 -10"><span class='ocrx_word' id='word_1_293' title='bbox 1846 1614 2023 1668; x_wconf 87' lang='lat' dir='ltr'><strong>lanter</strong></span> <span class='ocrx_word' id='word_1_294' title='bbox 2050 1627 2171 1665; x_wconf 90' lang='lat' dir='ltr'><strong>eum</strong></span> <span class='ocrx_word' id='word_1_295' title='bbox 2204 1610 2327 1665; x_wconf 90' lang='lat' dir='ltr'><strong>aliis</strong></span> <span class='ocrx_word' id='word_1_296' title='bbox 2374 1625 2496 1663; x_wconf 91' lang='lat' dir='ltr'><strong>cum</strong></span> <span class='ocrx_word' id='word_1_297' title='bbox 2549 1610 2747 1678; x_wconf 83' lang='lat' dir='ltr'><strong>quibus</strong></span> <span class='ocrx_word' id='word_1_298' title='bbox 2789 1607 2992 1663; x_wconf 76' lang='lat' dir='ltr'><strong>laboris</strong></span> <span class='ocrx_word' id='word_1_299' title='bbox 3040 1606 3199 1675; x_wconf 83' lang='lat' dir='ltr'><strong>hujus</strong></span> <span class='ocrx_word' id='word_1_300' title='bbox 3249 1614 3431 1676; x_wconf 84' lang='lat' dir='ltr'><strong>partes</strong></span> 
     </span>
    </p>
   </div>
   <div class='ocr_carea' id='block_1_42' title="bbox 1846 1697 3431 1775">
    <p class='ocr_par' dir='ltr' id='par_1_42' title="bbox 1846 1697 3431 1775">
     <span class='ocr_line' id='line_1_42' title="bbox 1846 1697 3431 1775; baseline -0.005 -15"><span class='ocrx_word' id='word_1_301' title='bbox 1846 1704 2196 1775; x_wconf 73' lang='lat' dir='ltr'><strong>expenderet,</strong></span> <span class='ocrx_word' id='word_1_302' title='bbox 2219 1702 2346 1757; x_wconf 89' lang='lat' dir='ltr'><strong>hinc</strong></span> <span class='ocrx_word' id='word_1_303' title='bbox 2367 1710 2513 1772; x_wconf 87' lang='lat' dir='ltr'><strong>gesta</strong></span> <span class='ocrx_word' id='word_1_304' title='bbox 2541 1701 2856 1771; x_wconf 87' lang='lat' dir='ltr'><strong>pontiﬁcum</strong></span> <span class='ocrx_word' id='word_1_305' title='bbox 2889 1699 3278 1764; x_wconf 78' lang='lat' dir='ltr'><strong>Romanorum,</strong></span> <span class='ocrx_word' id='word_1_306' title='bbox 3304 1697 3431 1752; x_wconf 88' lang='lat' dir='ltr'><strong>hinc</strong></span> 
     </span>
    </p>
   </div>
   <div class='ocr_carea' id='block_1_43' title="bbox 1845 1789 3431 1860">
    <p class='ocr_par' dir='ltr' id='par_1_43' title="bbox 1845 1789 3431 1860">
     <span class='ocr_line' id='line_1_43' title="bbox 1845 1789 3431 1860; baseline -0.008 -7"><span class='ocrx_word' id='word_1_307' title='bbox 1845 1796 2158 1853; x_wconf 84' lang='lat' dir='ltr'><strong>earumdem</strong></span> <span class='ocrx_word' id='word_1_308' title='bbox 2190 1795 2428 1857; x_wconf 85' lang='lat' dir='ltr'><strong>decreta.</strong></span> <span class='ocrx_word' id='word_1_309' title='bbox 2466 1793 2591 1848; x_wconf 90' lang='lat' dir='ltr'><strong>hinc</strong></span> <span class='ocrx_word' id='word_1_310' title='bbox 2622 1792 2967 1846; x_wconf 87' lang='lat' dir='ltr'><strong>authenticos</strong></span> <span class='ocrx_word' id='word_1_311' title='bbox 2994 1804 3250 1853; x_wconf 85' lang='lat' dir='ltr'><strong>canones,</strong></span> <span class='ocrx_word' id='word_1_312' title='bbox 3282 1789 3431 1860; x_wconf 86' lang='lat' dir='ltr'><strong>capi-</strong></span> 
     </span>
    </p>
   </div>
   <div class='ocr_carea' id='block_1_44' title="bbox 1846 1884 3430 1956">
    <p class='ocr_par' dir='ltr' id='par_1_44' title="bbox 1846 1884 3430 1956">
     <span class='ocr_line' id='line_1_44' title="bbox 1846 1884 3430 1956; baseline -0.003 -13"><span class='ocrx_word' id='word_1_313' title='bbox 1846 1887 2018 1943; x_wconf 89' lang='lat' dir='ltr'><strong>tularc</strong></span> <span class='ocrx_word' id='word_1_314' title='bbox 2048 1903 2330 1943; x_wconf 88' lang='lat' dir='ltr'><strong>recensere</strong></span> <span class='ocrx_word' id='word_1_315' title='bbox 2361 1887 2623 1942; x_wconf 91' lang='lat' dir='ltr'><strong>sollicitus</strong></span> <span class='ocrx_word' id='word_1_316' title='bbox 2671 1885 2792 1940; x_wconf 83' lang='lat' dir='ltr'><strong>fuit.</strong></span> <span class='ocrx_word' id='word_1_317' title='bbox 2836 1885 2892 1940; x_wconf 93' lang='lat' dir='ltr'><strong>lu</strong></span> <span class='ocrx_word' id='word_1_318' title='bbox 2920 1886 3117 1956; x_wconf 84' lang='lat' dir='ltr'><strong>quibus</strong></span> <span class='ocrx_word' id='word_1_319' title='bbox 3144 1884 3430 1955; x_wconf 83' lang='lat' dir='ltr'><strong>diligenter</strong></span> 
     </span>
    </p>
   </div>
   <div class='ocr_carea' id='block_1_45' title="bbox 1845 1977 3428 2051">
    <p class='ocr_par' dir='ltr' id='par_1_45' title="bbox 1845 1977 3428 2051">
     <span class='ocr_line' id='line_1_45' title="bbox 1845 1977 3428 2051; baseline -0.004 -12"><span class='ocrx_word' id='word_1_320' title='bbox 1845 1983 2106 2040; x_wconf 88' lang='lat' dir='ltr'><strong>revolutis</strong></span> <span class='ocrx_word' id='word_1_321' title='bbox 2172 1982 2308 2037; x_wconf 90' lang='lat' dir='ltr'><strong>nihil</strong></span> <span class='ocrx_word' id='word_1_322' title='bbox 2349 1981 2497 2036; x_wconf 88' lang='lat' dir='ltr'><strong>aliud</strong></span> <span class='ocrx_word' id='word_1_323' title='bbox 2544 1996 2706 2051; x_wconf 89' lang='lat' dir='ltr'><strong>quam</strong></span> <span class='ocrx_word' id='word_1_324' title='bbox 2774 1995 3044 2036; x_wconf 90' lang='lat' dir='ltr'><strong>summum</strong></span> <span class='ocrx_word' id='word_1_325' title='bbox 3096 1977 3428 2049; x_wconf 90' lang='lat' dir='ltr'><strong>pontiﬁcem,</strong></span> 
     </span>
    </p>
   </div>
   <div class='ocr_carea' id='block_1_46' title="bbox 1845 2070 3431 2147">
    <p class='ocr_par' dir='ltr' id='par_1_46' title="bbox 1845 2070 3431 2147">
     <span class='ocr_line' id='line_1_46' title="bbox 1845 2070 3431 2147; baseline -0.006 -15"><span class='ocrx_word' id='word_1_326' title='bbox 1845 2076 2211 2147; x_wconf 86' lang='lat' dir='ltr'><strong>cujuscunque</strong></span> <span class='ocrx_word' id='word_1_327' title='bbox 2242 2074 2364 2129; x_wconf 67' lang='lat' dir='ltr'><strong>vita:</strong></span> <span class='ocrx_word' id='word_1_328' title='bbox 2386 2073 2566 2139; x_wconf 78' lang='lat' dir='ltr'><strong>fuerit,</strong></span> <span class='ocrx_word' id='word_1_329' title='bbox 2591 2087 2800 2128; x_wconf 92' lang='lat' dir='ltr'><strong>summo</strong></span> <span class='ocrx_word' id='word_1_330' title='bbox 2830 2072 3035 2128; x_wconf 89' lang='lat' dir='ltr'><strong>honore</strong></span> <span class='ocrx_word' id='word_1_331' title='bbox 3061 2070 3268 2134; x_wconf 88' lang='lat' dir='ltr'><strong>haberi,</strong></span> <span class='ocrx_word' id='word_1_332' title='bbox 3304 2085 3431 2124; x_wconf 87' lang='lat' dir='ltr'><strong>cum</strong></span> 
     </span>
    </p>
   </div>
   <div class='ocr_carea' id='block_1_47' title="bbox 1847 2161 3431 2237">
    <p class='ocr_par' dir='ltr' id='par_1_47' title="bbox 1847 2161 3431 2237">
     <span class='ocr_line' id='line_1_47' title="bbox 1847 2161 3431 2237; baseline -0.006 -13"><span class='ocrx_word' id='word_1_333' title='bbox 1847 2186 1877 2224; x_wconf 70' lang='grc' dir='ltr'><strong>ιι</strong></span> <span class='ocrx_word' id='word_1_334' title='bbox 1927 2169 2143 2223; x_wconf 88' lang='lat' dir='ltr'><strong>nemine</strong></span> <span class='ocrx_word' id='word_1_335' title='bbox 2188 2184 2425 2237; x_wconf 86' lang='lat' dir='ltr'><strong>unquam</strong></span> <span class='ocrx_word' id='word_1_336' title='bbox 2471 2165 2704 2236; x_wconf 82' lang='lat' dir='ltr'><strong>jndicari</strong></span> <span class='ocrx_word' id='word_1_337' title='bbox 2751 2173 3041 2235; x_wconf 75' lang='lat' dir='ltr'><strong>oportere,</strong></span> <span class='ocrx_word' id='word_1_338' title='bbox 3092 2164 3201 2218; x_wconf 89' lang='lat' dir='ltr'><strong>imo</strong></span> <span class='ocrx_word' id='word_1_339' title='bbox 3230 2161 3431 2217; x_wconf 89' lang='lat' dir='ltr'><strong>nullius</strong></span> 
     </span>
    </p>
   </div>
   <div class='ocr_carea' id='block_1_48' title="bbox 1848 2255 3428 2329">
    <p class='ocr_par' dir='ltr' id='par_1_48' title="bbox 1848 2255 3428 2329">
     <span class='ocr_line' id='line_1_48' title="bbox 1848 2255 3428 2329; baseline -0.005 -14"><span class='ocrx_word' id='word_1_340' title='bbox 1848 2260 2124 2315; x_wconf 81' lang='lat' dir='ltr'><strong>inferioris</strong></span> <span class='ocrx_word' id='word_1_341' title='bbox 2152 2259 2351 2329; x_wconf 84' lang='lat' dir='ltr'><strong>gradus</strong></span> <span class='ocrx_word' id='word_1_342' title='bbox 2380 2258 2780 2314; x_wconf 84' lang='lat' dir='ltr'><strong>accusationem</strong></span> <span class='ocrx_word' id='word_1_343' title='bbox 2808 2258 3064 2311; x_wconf 89' lang='lat' dir='ltr'><strong>adversus</strong></span> <span class='ocrx_word' id='word_1_344' title='bbox 3092 2255 3428 2325; x_wconf 86' lang='lat' dir='ltr'><strong>superiorem</strong></span> 
     </span>
    </p>
   </div>
   <div class='ocr_carea' id='block_1_49' title="bbox 1847 2343 3431 2420">
    <p class='ocr_par' dir='ltr' id='par_1_49' title="bbox 1847 2343 3431 2420">
     <span class='ocr_line' id='line_1_49' title="bbox 1847 2343 3431 2420; baseline -0.006 -14"><span class='ocrx_word' id='word_1_345' title='bbox 1847 2352 2010 2420; x_wconf 86' lang='lat' dir='ltr'><strong>recipi</strong></span> <span class='ocrx_word' id='word_1_346' title='bbox 2037 2351 2233 2405; x_wconf 85' lang='lat' dir='ltr'><strong>debere</strong></span> <span class='ocrx_word' id='word_1_347' title='bbox 2255 2350 2498 2404; x_wconf 85' lang='lat' dir='ltr'><strong>invenire</strong></span> <span class='ocrx_word' id='word_1_348' title='bbox 2519 2348 2725 2419; x_wconf 86' lang='lat' dir='ltr'><strong>putuit;</strong></span> <span class='ocrx_word' id='word_1_349' title='bbox 2755 2355 2809 2403; x_wconf 89' lang='lat' dir='ltr'><strong>et</strong></span> <span class='ocrx_word' id='word_1_350' title='bbox 2839 2346 3092 2418; x_wconf 86' lang='lat' dir='ltr'><strong>quoniam</strong></span> <span class='ocrx_word' id='word_1_351' title='bbox 3122 2343 3431 2400; x_wconf 89' lang='lat' dir='ltr'><strong>condictum</strong></span> 
     </span>
    </p>
   </div>
   <div class='ocr_carea' id='block_1_50' title="bbox 1846 2434 3435 2512">
    <p class='ocr_par' dir='ltr' id='par_1_50' title="bbox 1846 2434 3435 2512">
     <span class='ocr_line' id='line_1_50' title="bbox 1846 2434 3435 2512; baseline -0.008 -11"><span class='ocrx_word' id='word_1_352' title='bbox 1846 2456 1966 2501; x_wconf 87' lang='lat' dir='ltr'><strong>erat</strong></span> <span class='ocrx_word' id='word_1_353' title='bbox 2015 2445 2153 2499; x_wconf 90' lang='lat' dir='ltr'><strong>hanc</strong></span> <span class='ocrx_word' id='word_1_354' title='bbox 2194 2444 2514 2499; x_wconf 84' lang='lat' dir='ltr'><strong>electionem</strong></span> <span class='ocrx_word' id='word_1_355' title='bbox 2543 2441 2825 2512; x_wconf 85' lang='lat' dir='ltr'><strong>apostolici</strong></span> <span class='ocrx_word' id='word_1_356' title='bbox 2866 2438 3135 2512; x_wconf 85' lang='lat' dir='ltr'><strong>pontiﬁcis</strong></span> <span class='ocrx_word' id='word_1_357' title='bbox 3164 2437 3217 2491; x_wconf 94' lang='lat' dir='ltr'><strong>in</strong></span> <span class='ocrx_word' id='word_1_358' title='bbox 3246 2434 3435 2490; x_wconf 82' lang='lat' dir='ltr'><strong>Natale</strong></span> 
     </span>
    </p>
   </div>
   <div class='ocr_carea' id='block_1_51' title="bbox 1850 2527 3436 2601">
    <p class='ocr_par' dir='ltr' id='par_1_51' title="bbox 1850 2527 3436 2601">
     <span class='ocr_line' id='line_1_51' title="bbox 1850 2527 3436 2601; baseline -0.006 -10"><span class='ocrx_word' id='word_1_359' title='bbox 1850 2536 2133 2591; x_wconf 84' lang='lat' dir='ltr'><strong>Dominico</strong></span> <span class='ocrx_word' id='word_1_360' title='bbox 2200 2534 2481 2597; x_wconf 84' lang='lat' dir='ltr'><strong>futuram.</strong></span> <span class='ocrx_word' id='word_1_361' title='bbox 2540 2531 2938 2587; x_wconf 86' lang='lat' dir='ltr'><strong>audacissimus</strong></span> <span class='ocrx_word' id='word_1_362' title='bbox 2986 2544 3137 2601; x_wconf 70' lang='lat' dir='ltr'><strong>purae</strong></span> <span class='ocrx_word' id='word_1_363' title='bbox 3189 2527 3436 2583; x_wconf 84' lang='lat' dir='ltr'><strong>veritatis</strong></span> 
     </span>
    </p>
   </div>
   <div class='ocr_carea' id='block_1_52' title="bbox 1850 2621 3459 2697">
    <p class='ocr_par' dir='ltr' id='par_1_52' title="bbox 1850 2621 3459 2697">
     <span class='ocr_line' id='line_1_52' title="bbox 1850 2621 3459 2697; baseline -0.006 -14"><span class='ocrx_word' id='word_1_364' title='bbox 1850 2637 2087 2683; x_wconf 88' lang='lat' dir='ltr'><strong>assertor</strong></span> <span class='ocrx_word' id='word_1_365' title='bbox 2154 2627 2520 2697; x_wconf 86' lang='lat' dir='ltr'><strong>responsalcm</strong></span> <span class='ocrx_word' id='word_1_366' title='bbox 2592 2641 2749 2681; x_wconf 90' lang='lat' dir='ltr'><strong>suum</strong></span> <span class='ocrx_word' id='word_1_367' title='bbox 2818 2624 2909 2681; x_wconf 91' lang='lat' dir='ltr'><strong>illo</strong></span> <span class='ocrx_word' id='word_1_368' title='bbox 2980 2621 3319 2686; x_wconf 89' lang='lat' dir='ltr'><strong>transmisit,</strong></span> <span class='ocrx_word' id='word_1_369' title='bbox 3380 2624 3459 2677; x_wconf 86' lang='lat' dir='ltr'><strong>et&#39;</strong></span> 
     </span>
    </p>
   </div>
   <div class='ocr_carea' id='block_1_53' title="bbox 1851 2709 3431 2793">
    <p class='ocr_par' dir='ltr' id='par_1_53' title="bbox 1851 2709 3431 2793">
     <span class='ocr_line' id='line_1_53' title="bbox 1851 2709 3431 2793; baseline -0.008 -16"><span class='ocrx_word' id='word_1_370' title='bbox 1851 2724 2063 2793; x_wconf 78' lang='lat' dir='ltr'><strong>ingrato</strong></span> <span class='ocrx_word' id='word_1_371' title='bbox 2114 2720 2425 2790; x_wconf 87' lang='lat' dir='ltr'><strong>imperatori</strong></span> <span class='ocrx_word' id='word_1_372' title='bbox 2483 2718 2626 2773; x_wconf 84' lang='lat' dir='ltr'><strong>inter</strong></span> <span class='ocrx_word' id='word_1_373' title='bbox 2692 2716 2796 2772; x_wconf 90' lang='lat' dir='ltr'><strong>alia</strong></span> <span class='ocrx_word' id='word_1_374' title='bbox 2845 2713 3180 2773; x_wconf 84' lang='lat' dir='ltr'><strong>conﬁdenter</strong></span> <span class='ocrx_word' id='word_1_375' title='bbox 3232 2709 3431 2768; x_wconf 79' lang='lat' dir='ltr'><strong>deferri</strong></span> 
     </span>
    </p>
   </div>
   <div class='ocr_carea' id='block_1_54' title="bbox 189 2798 3435 2885">
    <p class='ocr_par' dir='ltr' id='par_1_54' title="bbox 189 2798 3435 2885">
     <span class='ocr_line' id='line_1_54' title="bbox 189 2798 3435 2885; baseline 0.002 -35"><span class='ocrx_word' id='word_1_376' title='bbox 189 2798 530 2870; x_wconf 70' lang='lat' dir='ltr'><strong>coaeterisque</strong></span> <span class='ocrx_word' id='word_1_377' title='bbox 561 2804 816 2858; x_wconf 86' lang='lat' dir='ltr'><strong>omnibus</strong></span> <span class='ocrx_word' id='word_1_378' title='bbox 854 2804 1065 2875; x_wconf 76' lang='lat' dir='ltr'><strong>publice</strong></span> <span class='ocrx_word' id='word_1_379' title='bbox 1113 2806 1503 2863; x_wconf 88' lang='lat' dir='ltr'><strong>denuntientnr</strong></span> <span class='ocrx_word' id='word_1_380' title='bbox 1533 2816 1614 2874; x_wconf 87' lang='lat' dir='ltr'><strong>ut,</strong></span> <span class='ocrx_word' id='word_1_381' title='bbox 1657 2823 1746 2863; x_wconf 86' lang='lat' dir='ltr'><strong>se—</strong></span> <span class='ocrx_word' id='word_1_382' title='bbox 1842 2815 2004 2885; x_wconf 89' lang='lat' dir='ltr'><strong>jussit</strong></span> <span class='ocrx_word' id='word_1_383' title='bbox 2071 2814 2418 2868; x_wconf 83' lang='lat' dir='ltr'><strong>mandamina</strong></span> <span class='ocrx_word' id='word_1_384' title='bbox 2489 2826 2608 2881; x_wconf 63' lang='lat' dir='ltr'><strong>qua:</strong></span> <span class='ocrx_word' id='word_1_385' title='bbox 2672 2809 2821 2866; x_wconf 82' lang='lat' dir='ltr'><strong>fuere</strong></span> <span class='ocrx_word' id='word_1_386' title='bbox 2888 2806 3195 2875; x_wconf 77' lang='lat' dir='ltr'><strong>huiusmodi</strong></span> <span class='ocrx_word' id='word_1_387' title='bbox 3262 2803 3435 2875; x_wconf 77' lang='lat'><strong>(5|):</strong></span> 
     </span>
    </p>
   </div>
   <div class='ocr_carea' id='block_1_55' title="bbox 191 2890 1746 2965">
    <p class='ocr_par' dir='ltr' id='par_1_55' title="bbox 191 2890 1746 2965">
     <span class='ocr_line' id='line_1_55' title="bbox 191 2890 1746 2965; baseline 0.011 -25"><span class='ocrx_word' id='word_1_388' title='bbox 191 2890 450 2947; x_wconf 68' lang='lat' dir='ltr'><strong>«eundum</strong></span> <span class='ocrx_word' id='word_1_389' title='bbox 507 2895 889 2965; x_wconf 82' lang='lat' dir='ltr'><strong>propheticam</strong></span> <span class='ocrx_word' id='word_1_390' title='bbox 927 2899 1379 2965; x_wconf 81' lang='lat' dir='ltr'><strong>admunitioncm,</strong></span> <span class='ocrx_word' id='word_1_391' title='bbox 1430 2910 1630 2957; x_wconf 77' lang='lat' dir='ltr'><strong>exeant</strong></span> <span class='ocrx_word' id='word_1_392' title='bbox 1680 2901 1746 2957; x_wconf 91' lang='lat' dir='ltr'><strong>de</strong></span> 
     </span>
    </p>
   </div>
   <div class='ocr_carea' id='block_1_56' title="bbox 190 2984 1748 3049">
    <p class='ocr_par' dir='ltr' id='par_1_56' title="bbox 190 2984 1748 3049">
     <span class='ocr_line' id='line_1_56' title="bbox 190 2984 1748 3049; baseline 0.007 -13"><span class='ocrx_word' id='word_1_393' title='bbox 190 2997 206 3030; x_wconf 83' lang='lat' dir='ltr'><strong>t</strong></span> <span class='ocrx_word' id='word_1_394' title='bbox 232 2984 392 3038; x_wconf 89' lang='lat' dir='ltr'><strong>medio</strong></span> <span class='ocrx_word' id='word_1_395' title='bbox 418 3000 613 3040; x_wconf 85' lang='lat' dir='ltr'><strong>eorum</strong></span> <span class='ocrx_word' id='word_1_396' title='bbox 662 2994 719 3042; x_wconf 90' lang='lat' dir='ltr'><strong>et</strong></span> <span class='ocrx_word' id='word_1_397' title='bbox 770 2989 1257 3045; x_wconf 68' lang='lat' dir='ltr'><strong>immundissimam</strong></span> <span class='ocrx_word' id='word_1_398' title='bbox 1311 3008 1500 3047; x_wconf 88' lang='lat' dir='ltr'><strong>eorum</strong></span> <span class='ocrx_word' id='word_1_399' title='bbox 1541 3002 1748 3049; x_wconf 84' lang='lat' dir='ltr'><strong>sectam</strong></span> 
     </span>
    </p>
   </div>
   <div class='ocr_carea' id='block_1_57' title="bbox 191 3075 1750 3152">
    <p class='ocr_par' dir='ltr' id='par_1_57' title="bbox 191 3075 1750 3152">
     <span class='ocr_line' id='line_1_57' title="bbox 191 3075 1750 3152; baseline 0.01 -32"><span class='ocrx_word' id='word_1_400' title='bbox 191 3087 292 3127; x_wconf 68' lang='lat' dir='ltr'><strong>«ne</strong></span> <span class='ocrx_word' id='word_1_401' title='bbox 316 3075 624 3146; x_wconf 79' lang='lat' dir='ltr'><strong>tetigerint;</strong></span> <span class='ocrx_word' id='word_1_402' title='bbox 658 3080 912 3147; x_wconf 86' lang='lat' dir='ltr'><strong>quoniam</strong></span> <span class='ocrx_word' id='word_1_403' title='bbox 942 3081 1033 3151; x_wconf 88' lang='lat' dir='ltr'><strong>qtti</strong></span> <span class='ocrx_word' id='word_1_404' title='bbox 1077 3081 1315 3151; x_wconf 72' lang='lat' dir='ltr'><strong>tetigerit</strong></span> <span class='ocrx_word' id='word_1_405' title='bbox 1356 3083 1530 3151; x_wconf 90' lang='lat' dir='ltr'><strong>picem</strong></span> <span class='ocrx_word' id='word_1_406' title='bbox 1574 3082 1750 3152; x_wconf 87' lang='lat' dir='ltr'><strong>inqui-</strong></span> 
     </span>
    </p>
   </div>
   <div class='ocr_carea' id='block_1_58' title="bbox 191 3166 1751 3245">
    <p class='ocr_par' dir='ltr' id='par_1_58' title="bbox 191 3166 1751 3245">
     <span class='ocr_line' id='line_1_58' title="bbox 191 3166 1751 3245; baseline 0.007 -27"><span class='ocrx_word' id='word_1_407' title='bbox 191 3166 434 3225; x_wconf 78' lang='lat' dir='ltr'><strong>tuabitur</strong></span> <span class='ocrx_word' id='word_1_408' title='bbox 472 3171 543 3226; x_wconf 92' lang='lat' dir='ltr'><strong>ab</strong></span> <span class='ocrx_word' id='word_1_409' title='bbox 575 3185 663 3226; x_wconf 90' lang='lat' dir='ltr'><strong>ea.</strong></span> <span class='ocrx_word' id='word_1_410' title='bbox 700 3190 719 3225; x_wconf 77' lang='grc' dir='ltr'><strong>ι</strong></span> <span class='ocrx_word' id='word_1_411' title='bbox 760 3171 886 3227; x_wconf 84' lang='lat' dir='ltr'><strong>Ilaec</strong></span> <span class='ocrx_word' id='word_1_412' title='bbox 914 3181 1194 3243; x_wconf 88' lang='lat' dir='ltr'><strong>tantopere</strong></span> <span class='ocrx_word' id='word_1_413' title='bbox 1242 3175 1326 3229; x_wconf 90' lang='lat' dir='ltr'><strong>vir</strong></span> <span class='ocrx_word' id='word_1_414' title='bbox 1363 3174 1456 3229; x_wconf 87' lang='lat' dir='ltr'><strong>Dei</strong></span> <span class='ocrx_word' id='word_1_415' title='bbox 1502 3174 1751 3245; x_wconf 74' lang='lat' dir='ltr'><strong>exemplo</strong></span> 
     </span>
    </p>
   </div>
   <div class='ocr_carea' id='block_1_59' title="bbox 185 3255 1751 3334">
    <p class='ocr_par' dir='ltr' id='par_1_59' title="bbox 185 3255 1751 3334">
     <span class='ocr_line' id='line_1_59' title="bbox 185 3255 1751 3334; baseline 0.004 -22"><span class='ocrx_word' id='word_1_416' title='bbox 185 3255 309 3314; x_wconf 87' lang='lat' dir='ltr'><strong>beati</strong></span> <span class='ocrx_word' id='word_1_417' title='bbox 352 3260 577 3318; x_wconf 74' lang='lat' dir='ltr'><strong>Martini</strong></span> <span class='ocrx_word' id='word_1_418' title='bbox 635 3264 891 3319; x_wconf 87' lang='lat' dir='ltr'><strong>studebat</strong></span> <span class='ocrx_word' id='word_1_419' title='bbox 944 3264 1240 3331; x_wconf 89' lang='lat' dir='ltr'><strong>inculcare,</strong></span> <span class='ocrx_word' id='word_1_420' title='bbox 1289 3274 1351 3319; x_wconf 91' lang='lat' dir='ltr'><strong>ut</strong></span> <span class='ocrx_word' id='word_1_421' title='bbox 1415 3265 1751 3334; x_wconf 70' lang='lat' dir='ltr'><strong>praecipitem</strong></span> 
     </span>
    </p>
   </div>
   <div class='ocr_carea' id='block_1_60' title="bbox 187 3345 1752 3421">
    <p class='ocr_par' dir='ltr' id='par_1_60' title="bbox 187 3345 1752 3421">
     <span class='ocr_line' id='line_1_60' title="bbox 187 3345 1752 3421; baseline 0.006 -22"><span class='ocrx_word' id='word_1_422' title='bbox 187 3345 619 3421; x_wconf 82' lang='lat' dir='ltr'><strong>Francigenarum</strong></span> <span class='ocrx_word' id='word_1_423' title='bbox 669 3355 875 3410; x_wconf 87' lang='lat' dir='ltr'><strong>rabiem</strong></span> <span class='ocrx_word' id='word_1_424' title='bbox 926 3355 1103 3410; x_wconf 65' lang='lat' dir='ltr'><strong>caedes</strong></span> <span class='ocrx_word' id='word_1_425' title='bbox 1158 3355 1418 3410; x_wconf 87' lang='lat' dir='ltr'><strong>anhelare</strong></span> <span class='ocrx_word' id='word_1_426' title='bbox 1472 3355 1689 3411; x_wconf 87' lang='lat' dir='ltr'><strong>solitam</strong></span> <span class='ocrx_word' id='word_1_427' title='bbox 1720 3370 1752 3409; x_wconf 88' lang='lat' dir='ltr'><strong>a</strong></span> 
     </span>
    </p>
   </div>
   <div class='ocr_carea' id='block_1_61' title="bbox 186 3438 1752 3515">
    <p class='ocr_par' dir='ltr' id='par_1_61' title="bbox 186 3438 1752 3515">
     <span class='ocr_line' id='line_1_61' title="bbox 186 3438 1752 3515; baseline 0.007 -24"><span class='ocrx_word' id='word_1_428' title='bbox 186 3438 477 3498; x_wconf 82' lang='lat' dir='ltr'><strong>crudelitate</strong></span> <span class='ocrx_word' id='word_1_429' title='bbox 495 3445 926 3515; x_wconf 63' lang='lat' dir='ltr'><strong>,quodammodo</strong></span> <span class='ocrx_word' id='word_1_430' title='bbox 963 3444 1285 3501; x_wconf 79' lang='lat' dir='ltr'><strong>refrenaret.</strong></span> <span class='ocrx_word' id='word_1_431' title='bbox 1318 3446 1580 3503; x_wconf 83' lang='lat' dir='ltr'><strong>Audierat</strong></span> <span class='ocrx_word' id='word_1_432' title='bbox 1605 3447 1752 3503; x_wconf 90' lang='lat' dir='ltr'><strong>enim</strong></span> 
     </span>
    </p>
   </div>
   <div class='ocr_carea' id='block_1_62' title="bbox 186 3530 1754 3608">
    <p class='ocr_par' dir='ltr' id='par_1_62' title="bbox 186 3530 1754 3608">
     <span class='ocr_line' id='line_1_62' title="bbox 186 3530 1754 3608; baseline 0.008 -27"><span class='ocrx_word' id='word_1_433' title='bbox 186 3540 264 3581; x_wconf 84' lang='lat' dir='ltr'><strong>eos</strong></span> <span class='ocrx_word' id='word_1_434' title='bbox 290 3530 397 3585; x_wconf 90' lang='lat' dir='ltr'><strong>solo</strong></span> <span class='ocrx_word' id='word_1_435' title='bbox 422 3533 633 3601; x_wconf 88' lang='lat' dir='ltr'><strong>pallore</strong></span> <span class='ocrx_word' id='word_1_436' title='bbox 652 3543 840 3591; x_wconf 89' lang='lat' dir='ltr'><strong>notare</strong></span> <span class='ocrx_word' id='word_1_437' title='bbox 866 3536 1176 3603; x_wconf 79' lang='lat' dir='ltr'><strong>haereticos,</strong></span> <span class='ocrx_word' id='word_1_438' title='bbox 1202 3538 1359 3608; x_wconf 80' lang='lat' dir='ltr'><strong>quasi</strong></span> <span class='ocrx_word' id='word_1_439' title='bbox 1382 3553 1523 3608; x_wconf 87' lang='lat' dir='ltr'><strong>quos</strong></span> <span class='ocrx_word' id='word_1_440' title='bbox 1548 3538 1754 3606; x_wconf 87' lang='lat' dir='ltr'><strong>pallere</strong></span> 
     </span>
    </p>
   </div>
   <div class='ocr_carea' id='block_1_63' title="bbox 186 3626 1757 3700">
    <p class='ocr_par' dir='ltr' id='par_1_63' title="bbox 186 3626 1757 3700">
     <span class='ocr_line' id='line_1_63' title="bbox 186 3626 1757 3700; baseline 0.008 -27"><span class='ocrx_word' id='word_1_441' title='bbox 186 3628 456 3690; x_wconf 87' lang='lat' dir='ltr'><strong>constaret,</strong></span> <span class='ocrx_word' id='word_1_442' title='bbox 484 3626 776 3682; x_wconf 75' lang='lat' dir='ltr'><strong>hmreticos</strong></span> <span class='ocrx_word' id='word_1_443' title='bbox 809 3643 932 3684; x_wconf 90' lang='lat' dir='ltr'><strong>esse</strong></span> <span class='ocrx_word' id='word_1_444' title='bbox 961 3636 1176 3684; x_wconf 87' lang='lat' dir='ltr'><strong>certum</strong></span> <span class='ocrx_word' id='word_1_445' title='bbox 1219 3638 1397 3695; x_wconf 88' lang='lat' dir='ltr'><strong>esset;</strong></span> <span class='ocrx_word' id='word_1_446' title='bbox 1440 3631 1627 3700; x_wconf 87' lang='lat' dir='ltr'><strong>sicque</strong></span> <span class='ocrx_word' id='word_1_447' title='bbox 1658 3645 1757 3699; x_wconf 87' lang='lat' dir='ltr'><strong>per</strong></span> 
     </span>
    </p>
   </div>
   <div class='ocr_carea' id='block_1_64' title="bbox 188 3719 1755 3797">
    <p class='ocr_par' dir='ltr' id='par_1_64' title="bbox 188 3719 1755 3797">
     <span class='ocr_line' id='line_1_64' title="bbox 188 3719 1755 3797; baseline 0.01 -32"><span class='ocrx_word' id='word_1_448' title='bbox 188 3725 401 3771; x_wconf 87' lang='lat' dir='ltr'><strong>errorem</strong></span> <span class='ocrx_word' id='word_1_449' title='bbox 440 3719 721 3790; x_wconf 86' lang='lat' dir='ltr'><strong>simulque</strong></span> <span class='ocrx_word' id='word_1_450' title='bbox 769 3721 1008 3779; x_wconf 82' lang='lat' dir='ltr'><strong>furorem</strong></span> <span class='ocrx_word' id='word_1_451' title='bbox 1054 3737 1265 3789; x_wconf 85' lang='lat' dir='ltr'><strong>eorum,</strong></span> <span class='ocrx_word' id='word_1_452' title='bbox 1299 3724 1588 3797; x_wconf 82' lang='lat' dir='ltr'><strong>plerosque</strong></span> <span class='ocrx_word' id='word_1_453' title='bbox 1627 3739 1755 3780; x_wconf 89' lang='lat' dir='ltr'><strong>vere</strong></span> 
     </span>
    </p>
   </div>
   <div class='ocr_carea' id='block_1_65' title="bbox 189 3807 1470 3887">
    <p class='ocr_par' dir='ltr' id='par_1_65' title="bbox 189 3807 1470 3887">
     <span class='ocr_line' id='line_1_65' title="bbox 189 3807 1470 3887; baseline 0.008 -27"><span class='ocrx_word' id='word_1_454' title='bbox 189 3807 549 3866; x_wconf 82' lang='lat' dir='ltr'><strong>catholicorum</strong></span> <span class='ocrx_word' id='word_1_455' title='bbox 581 3811 751 3868; x_wconf 83' lang='lat' dir='ltr'><strong>fuisse</strong></span> <span class='ocrx_word' id='word_1_456' title='bbox 777 3813 1067 3885; x_wconf 86' lang='lat' dir='ltr'><strong>aliquando</strong></span> <span class='ocrx_word' id='word_1_457' title='bbox 1096 3815 1470 3887; x_wconf 89' lang='lat' dir='ltr'><strong>interemptos.</strong></span> 
     </span>
    </p>
   </div>
   <div class='ocr_carea' id='block_1_66' title="bbox 217 3919 1719 4002">
    <p class='ocr_par' dir='ltr' id='par_1_66' title="bbox 217 3919 1719 4002">
     <span class='ocr_line' id='line_1_66' title="bbox 217 3919 1719 4002; baseline 0.007 -29"><span class='ocrx_word' id='word_1_458' title='bbox 217 3919 326 3978; x_wconf 68' lang='lat' dir='ltr'><strong>Car.</strong></span> <span class='ocrx_word' id='word_1_459' title='bbox 356 3923 547 3983; x_wconf 66' lang='lat' dir='ltr'><strong>XXVI.</strong></span> <span class='ocrx_word' id='word_1_460' title='bbox 599 3925 680 3982; x_wconf 81' lang='lat' dir='ltr'><strong>De</strong></span> <span class='ocrx_word' id='word_1_461' title='bbox 718 3928 997 4002; x_wconf 56' lang='lat' dir='ltr'><strong>haereticis</strong></span> <span class='ocrx_word' id='word_1_462' title='bbox 1027 3947 1352 4002; x_wconf 82' lang='lat' dir='ltr'><strong>nequaquam</strong></span> <span class='ocrx_word' id='word_1_463' title='bbox 1402 3929 1719 3998; x_wconf 78' lang='lat' dir='ltr'><strong>interﬁcien-</strong></span> 
     </span>
    </p>
   </div>
   <div class='ocr_carea' id='block_1_67' title="bbox 833 4000 1091 4073">
    <p class='ocr_par' dir='ltr' id='par_1_67' title="bbox 833 4000 1091 4073">
     <span class='ocr_line' id='line_1_67' title="bbox 833 4000 1091 4073; baseline 0.008 -20"><span class='ocrx_word' id='word_1_464' title='bbox 833 4000 915 4054; x_wconf 79' lang='lat' dir='ltr'><strong>dis</strong></span> <span class='ocrx_word' id='word_1_465' title='bbox 954 4001 1091 4073; x_wconf 73' lang='lat' dir='ltr'><strong>(so).</strong></span> 
     </span>
    </p>
   </div>
   <div class='ocr_carea' id='block_1_68' title="bbox 246 4080 1753 4162">
    <p class='ocr_par' dir='ltr' id='par_1_68' title="bbox 246 4080 1753 4162">
     <span class='ocr_line' id='line_1_68' title="bbox 246 4080 1753 4162; baseline 0.005 -25"><span class='ocrx_word' id='word_1_466' title='bbox 246 4080 366 4140; x_wconf 87' lang='lat' dir='ltr'><strong>Cum</strong></span> <span class='ocrx_word' id='word_1_467' title='bbox 396 4088 512 4144; x_wconf 71' lang='lat' dir='ltr'><strong>haec</strong></span> <span class='ocrx_word' id='word_1_468' title='bbox 543 4088 622 4144; x_wconf 86' lang='lat' dir='ltr'><strong>ita</strong></span> <span class='ocrx_word' id='word_1_469' title='bbox 648 4104 711 4145; x_wconf 90' lang='lat' dir='ltr'><strong>se</strong></span> <span class='ocrx_word' id='word_1_470' title='bbox 752 4091 1008 4157; x_wconf 85' lang='lat' dir='ltr'><strong>habeant,</strong></span> <span class='ocrx_word' id='word_1_471' title='bbox 1041 4105 1276 4162; x_wconf 88' lang='lat' dir='ltr'><strong>cumque</strong></span> <span class='ocrx_word' id='word_1_472' title='bbox 1304 4100 1413 4146; x_wconf 91' lang='lat' dir='ltr'><strong>tam</strong></span> <span class='ocrx_word' id='word_1_473' title='bbox 1445 4099 1633 4162; x_wconf 88' lang='lat' dir='ltr'><strong>aperte</strong></span> <span class='ocrx_word' id='word_1_474' title='bbox 1662 4105 1753 4145; x_wconf 90' lang='lat' dir='ltr'><strong>ra-</strong></span> 
     </span>
    </p>
   </div>
   <div class='ocr_carea' id='block_1_69' title="bbox 192 4172 1757 4257">
    <p class='ocr_par' dir='ltr' id='par_1_69' title="bbox 192 4172 1757 4257">
     <span class='ocr_line' id='line_1_69' title="bbox 192 4172 1757 4257; baseline 0.011 -30"><span class='ocrx_word' id='word_1_475' title='bbox 192 4172 314 4231; x_wconf 88' lang='lat' dir='ltr'><strong>tione</strong></span> <span class='ocrx_word' id='word_1_476' title='bbox 331 4181 646 4251; x_wconf 81' lang='lat' dir='ltr'><strong>evangelica</strong></span> <span class='ocrx_word' id='word_1_477' title='bbox 678 4184 958 4240; x_wconf 82' lang='lat' dir='ltr'><strong>sanctione</strong></span> <span class='ocrx_word' id='word_1_478' title='bbox 1003 4187 1233 4241; x_wconf 74' lang='lat' dir='ltr'><strong>subnixa</strong></span> <span class='ocrx_word' id='word_1_479' title='bbox 1282 4187 1358 4241; x_wconf 91' lang='lat' dir='ltr'><strong>nil</strong></span> <span class='ocrx_word' id='word_1_480' title='bbox 1402 4202 1556 4257; x_wconf 76' lang='lat' dir='ltr'><strong>aeque</strong></span> <span class='ocrx_word' id='word_1_481' title='bbox 1586 4188 1757 4244; x_wconf 91' lang='lat' dir='ltr'><strong>ratio-</strong></span> 
     </span>
    </p>
   </div>
   <div class='ocr_carea' id='block_1_70' title="bbox 192 4266 1758 4350">
    <p class='ocr_par' dir='ltr' id='par_1_70' title="bbox 192 4266 1758 4350">
     <span class='ocr_line' id='line_1_70' title="bbox 192 4266 1758 4350; baseline 0.011 -33"><span class='ocrx_word' id='word_1_482' title='bbox 192 4266 421 4326; x_wconf 84' lang='lat' dir='ltr'><strong>nabiliter</strong></span> <span class='ocrx_word' id='word_1_483' title='bbox 433 4272 945 4342; x_wconf 85' lang='lat' dir='ltr'><strong>valeatcontradici;</strong></span> <span class='ocrx_word' id='word_1_484' title='bbox 970 4277 1190 4333; x_wconf 90' lang='lat' dir='ltr'><strong>videant</strong></span> <span class='ocrx_word' id='word_1_485' title='bbox 1212 4278 1409 4348; x_wconf 80' lang='lat' dir='ltr'><strong>quibus</strong></span> <span class='ocrx_word' id='word_1_486' title='bbox 1429 4288 1607 4344; x_wconf 86' lang='lat' dir='ltr'><strong>vacat,</strong></span> <span class='ocrx_word' id='word_1_487' title='bbox 1622 4294 1758 4350; x_wconf 88' lang='lat' dir='ltr'><strong>quo-</strong></span> 
     </span>
    </p>
   </div>
   <div class='ocr_carea' id='block_1_71' title="bbox 195 4358 1757 4438">
    <p class='ocr_par' dir='ltr' id='par_1_71' title="bbox 195 4358 1757 4438">
     <span class='ocr_line' id='line_1_71' title="bbox 195 4358 1757 4438; baseline 0.01 -30"><span class='ocrx_word' id='word_1_488' title='bbox 195 4358 332 4412; x_wconf 84' lang='lat' dir='ltr'><strong>modo</strong></span> <span class='ocrx_word' id='word_1_489' title='bbox 354 4359 910 4433; x_wconf 88' lang='lat' dir='ltr'><strong>irreprehensibiliter</strong></span> <span class='ocrx_word' id='word_1_490' title='bbox 933 4377 1113 4422; x_wconf 87' lang='lat' dir='ltr'><strong>actum</strong></span> <span class='ocrx_word' id='word_1_491' title='bbox 1135 4367 1207 4422; x_wconf 90' lang='lat' dir='ltr'><strong>sit</strong></span> <span class='ocrx_word' id='word_1_492' title='bbox 1234 4368 1377 4438; x_wconf 90' lang='lat' dir='ltr'><strong>quod</strong></span> <span class='ocrx_word' id='word_1_493' title='bbox 1407 4383 1530 4424; x_wconf 90' lang='lat' dir='ltr'><strong>cum</strong></span> <span class='ocrx_word' id='word_1_494' title='bbox 1552 4369 1757 4437; x_wconf 73' lang='lat' dir='ltr'><strong>iGosla-</strong></span> 
     </span>
    </p>
   </div>
   <div class='ocr_carea' id='block_1_72' title="bbox 1857 2894 3439 2977">
    <p class='ocr_par' dir='ltr' id='par_1_72' title="bbox 1857 2894 3439 2977">
     <span class='ocr_line' id='line_1_72' title="bbox 1857 2894 3439 2977; baseline -0.007 -18"><span class='ocrx_word' id='word_1_495' title='bbox 1857 2926 1875 2959; x_wconf 83' lang='grc' dir='ltr'><strong>ι</strong></span> <span class='ocrx_word' id='word_1_496' title='bbox 1921 2906 2243 2977; x_wconf 82' lang='lat' dir='ltr'><strong>Recogitet,</strong></span> <span class='ocrx_word' id='word_1_497' title='bbox 2315 2904 2526 2974; x_wconf 88' lang='lat' dir='ltr'><strong>inquit,</strong></span> <span class='ocrx_word' id='word_1_498' title='bbox 2599 2902 2867 2957; x_wconf 88' lang='lat' dir='ltr'><strong>serenitas</strong></span> <span class='ocrx_word' id='word_1_499' title='bbox 2914 2908 3095 2954; x_wconf 77' lang='lat' dir='ltr'><strong>vestra</strong></span> <span class='ocrx_word' id='word_1_500' title='bbox 3166 2912 3234 2951; x_wconf 89' lang='lat' dir='ltr'><strong>ne</strong></span> <span class='ocrx_word' id='word_1_501' title='bbox 3298 2894 3439 2950; x_wconf 81' lang='lat' dir='ltr'><strong>forte</strong></span> 
     </span>
    </p>
   </div>
   <div class='ocr_carea' id='block_1_73' title="bbox 1859 2986 3438 3066">
    <p class='ocr_par' dir='ltr' id='par_1_73' title="bbox 1859 2986 3438 3066">
     <span class='ocr_line' id='line_1_73' title="bbox 1859 2986 3438 3066; baseline -0.007 -17"><span class='ocrx_word' id='word_1_502' title='bbox 1859 3015 1877 3049; x_wconf 84' lang='grc' dir='ltr'><strong>ι</strong></span> <span class='ocrx_word' id='word_1_503' title='bbox 1922 2996 2118 3052; x_wconf 90' lang='lat' dir='ltr'><strong>summi</strong></span> <span class='ocrx_word' id='word_1_504' title='bbox 2168 2995 2441 3066; x_wconf 72' lang='lat' dir='ltr'><strong>pontificis</strong></span> <span class='ocrx_word' id='word_1_505' title='bbox 2484 2994 2643 3049; x_wconf 80' lang='lat' dir='ltr'><strong>sedes</strong></span> <span class='ocrx_word' id='word_1_506' title='bbox 2702 2990 2929 3061; x_wconf 90' lang='lat' dir='ltr'><strong>depositi</strong></span> <span class='ocrx_word' id='word_1_507' title='bbox 2986 3004 3016 3043; x_wconf 92' lang='lat' dir='ltr'><strong>a</strong></span> <span class='ocrx_word' id='word_1_508' title='bbox 3065 2986 3261 3058; x_wconf 88' lang='lat' dir='ltr'><strong>quibus</strong></span> <span class='ocrx_word' id='word_1_509' title='bbox 3329 3000 3438 3039; x_wconf 88' lang='lat' dir='ltr'><strong>non</strong></span> 
     </span>
    </p>
   </div>
   <div class='ocr_carea' id='block_1_74' title="bbox 1859 3076 3435 3157">
    <p class='ocr_par' dir='ltr' id='par_1_74' title="bbox 1859 3076 3435 3157">
     <span class='ocr_line' id='line_1_74' title="bbox 1859 3076 3435 3157; baseline -0.005 -18"><span class='ocrx_word' id='word_1_510' title='bbox 1859 3105 1876 3139; x_wconf 80' lang='grc' dir='ltr'><strong>ι</strong></span> <span class='ocrx_word' id='word_1_511' title='bbox 1921 3087 2161 3156; x_wconf 84' lang='lat' dir='ltr'><strong>opertuit</strong></span> <span class='ocrx_word' id='word_1_512' title='bbox 2220 3087 2323 3157; x_wconf 89' lang='lat' dir='ltr'><strong>ipsi</strong></span> <span class='ocrx_word' id='word_1_513' title='bbox 2379 3086 2638 3140; x_wconf 88' lang='lat' dir='ltr'><strong>divinitus</strong></span> <span class='ocrx_word' id='word_1_514' title='bbox 2694 3082 2767 3138; x_wconf 91' lang='lat' dir='ltr'><strong>sit</strong></span> <span class='ocrx_word' id='word_1_515' title='bbox 2829 3087 3146 3144; x_wconf 85' lang='lat' dir='ltr'><strong>reservata;</strong></span> <span class='ocrx_word' id='word_1_516' title='bbox 3207 3091 3328 3133; x_wconf 80' lang='lat' dir='ltr'><strong>cum</strong></span> <span class='ocrx_word' id='word_1_517' title='bbox 3390 3076 3435 3131; x_wconf 89' lang='lat' dir='ltr'><strong>is</strong></span> 
     </span>
    </p>
   </div>
   <div class='ocr_carea' id='block_1_75' title="bbox 1859 3170 3441 3248">
    <p class='ocr_par' dir='ltr' id='par_1_75' title="bbox 1859 3170 3441 3248">
     <span class='ocr_line' id='line_1_75' title="bbox 1859 3170 3441 3248; baseline -0.004 -19"><span class='ocrx_word' id='word_1_518' title='bbox 1859 3196 1877 3229; x_wconf 85' lang='grc' dir='ltr'><strong>ι</strong></span> <span class='ocrx_word' id='word_1_519' title='bbox 1923 3192 2085 3248; x_wconf 88' lang='lat' dir='ltr'><strong>quem</strong></span> <span class='ocrx_word' id='word_1_520' title='bbox 2116 3178 2236 3232; x_wconf 90' lang='lat' dir='ltr'><strong>vice</strong></span> <span class='ocrx_word' id='word_1_521' title='bbox 2284 3177 2401 3248; x_wconf 85' lang='lat' dir='ltr'><strong>ejus</strong></span> <span class='ocrx_word' id='word_1_522' title='bbox 2435 3175 2674 3232; x_wconf 87' lang='lat' dir='ltr'><strong>ordinari</strong></span> <span class='ocrx_word' id='word_1_523' title='bbox 2719 3172 2975 3245; x_wconf 89' lang='lat' dir='ltr'><strong>jussistis,</strong></span> <span class='ocrx_word' id='word_1_524' title='bbox 3010 3170 3295 3225; x_wconf 81' lang='lat' dir='ltr'><strong>defunctus</strong></span> <span class='ocrx_word' id='word_1_525' title='bbox 3323 3180 3441 3223; x_wconf 74' lang='lat' dir='ltr'><strong>ces~</strong></span> 
     </span>
    </p>
   </div>
   <div class='ocr_carea' id='block_1_76' title="bbox 1860 3260 3438 3334">
    <p class='ocr_par' dir='ltr' id='par_1_76' title="bbox 1860 3260 3438 3334">
     <span class='ocr_line' id='line_1_76' title="bbox 1860 3260 3438 3334; baseline -0.005 -13"><span class='ocrx_word' id='word_1_526' title='bbox 1860 3289 1881 3321; x_wconf 75' lang='grc' dir='ltr'><strong>ι</strong></span> <span class='ocrx_word' id='word_1_527' title='bbox 1922 3271 2061 3326; x_wconf 86' lang='lat' dir='ltr'><strong>sisse</strong></span> <span class='ocrx_word' id='word_1_528' title='bbox 2089 3268 2339 3325; x_wconf 87' lang='lat' dir='ltr'><strong>videatur</strong></span> <span class='ocrx_word' id='word_1_529' title='bbox 2365 3269 2542 3323; x_wconf 83' lang='lat' dir='ltr'><strong>eidem</strong></span> <span class='ocrx_word' id='word_1_530' title='bbox 2575 3267 2753 3321; x_wconf 83' lang='lat' dir='ltr'><strong>adhuc</strong></span> <span class='ocrx_word' id='word_1_531' title='bbox 2797 3262 3094 3334; x_wconf 89' lang='lat' dir='ltr'><strong>superstiti.</strong></span> <span class='ocrx_word' id='word_1_532' title='bbox 3144 3260 3438 3329; x_wconf 83' lang='lat' dir='ltr'><strong>Quocirca,</strong></span> 
     </span>
    </p>
   </div>
   <div class='ocr_carea' id='block_1_77' title="bbox 1861 3351 3442 3432">
    <p class='ocr_par' dir='ltr' id='par_1_77' title="bbox 1861 3351 3442 3432">
     <span class='ocr_line' id='line_1_77' title="bbox 1861 3351 3442 3432; baseline -0.005 -19"><span class='ocrx_word' id='word_1_533' title='bbox 1861 3380 1880 3413; x_wconf 85' lang='grc' dir='ltr'><strong>ι</strong></span> <span class='ocrx_word' id='word_1_534' title='bbox 1925 3361 2360 3432; x_wconf 88' lang='lat' dir='ltr'><strong>quandoquidem</strong></span> <span class='ocrx_word' id='word_1_535' title='bbox 2409 3368 2650 3414; x_wconf 81' lang='lat' dir='ltr'><strong>nostram</strong></span> <span class='ocrx_word' id='word_1_536' title='bbox 2696 3370 2862 3424; x_wconf 88' lang='lat' dir='ltr'><strong>super</strong></span> <span class='ocrx_word' id='word_1_537' title='bbox 2902 3355 2986 3409; x_wconf 90' lang='lat' dir='ltr'><strong>his</strong></span> <span class='ocrx_word' id='word_1_538' title='bbox 3032 3352 3273 3425; x_wconf 74' lang='lat' dir='ltr'><strong>ﬂagitare</strong></span> <span class='ocrx_word' id='word_1_539' title='bbox 3324 3351 3442 3421; x_wconf 87' lang='lat' dir='ltr'><strong>pla-</strong></span> 
     </span>
    </p>
   </div>
   <div class='ocr_carea' id='block_1_78' title="bbox 1860 3442 3439 3516">
    <p class='ocr_par' dir='ltr' id='par_1_78' title="bbox 1860 3442 3439 3516">
     <span class='ocr_line' id='line_1_78' title="bbox 1860 3442 3439 3516; baseline -0.006 -11"><span class='ocrx_word' id='word_1_540' title='bbox 1860 3473 1879 3505; x_wconf 77' lang='grc' dir='ltr'><strong>ι</strong></span> <span class='ocrx_word' id='word_1_541' title='bbox 1922 3454 2034 3507; x_wconf 85' lang='lat' dir='ltr'><strong>cuit</strong></span> <span class='ocrx_word' id='word_1_542' title='bbox 2057 3452 2404 3516; x_wconf 87' lang='lat' dir='ltr'><strong>sententiam,</strong></span> <span class='ocrx_word' id='word_1_543' title='bbox 2427 3451 2636 3506; x_wconf 88' lang='lat' dir='ltr'><strong>desinat</strong></span> <span class='ocrx_word' id='word_1_544' title='bbox 2665 3444 2972 3503; x_wconf 86' lang='lat' dir='ltr'><strong>sublimitas</strong></span> <span class='ocrx_word' id='word_1_545' title='bbox 2999 3452 3177 3498; x_wconf 89' lang='lat' dir='ltr'><strong>vestra</strong></span> <span class='ocrx_word' id='word_1_546' title='bbox 3201 3442 3439 3510; x_wconf 86' lang='lat' dir='ltr'><strong>aliquem</strong></span> 
     </span>
    </p>
   </div>
   <div class='ocr_carea' id='block_1_79' title="bbox 1861 3533 3439 3615">
    <p class='ocr_par' dir='ltr' id='par_1_79' title="bbox 1861 3533 3439 3615">
     <span class='ocr_line' id='line_1_79' title="bbox 1861 3533 3439 3615; baseline -0.008 -18"><span class='ocrx_word' id='word_1_547' title='bbox 1861 3565 1880 3597; x_wconf 79' lang='grc' dir='ltr'><strong>ι</strong></span> <span class='ocrx_word' id='word_1_548' title='bbox 1923 3547 1977 3601; x_wconf 89' lang='lat' dir='ltr'><strong>in</strong></span> <span class='ocrx_word' id='word_1_549' title='bbox 2007 3545 2124 3615; x_wconf 89' lang='lat' dir='ltr'><strong>ejus</strong></span> <span class='ocrx_word' id='word_1_550' title='bbox 2153 3544 2328 3599; x_wconf 91' lang='lat' dir='ltr'><strong>locum</strong></span> <span class='ocrx_word' id='word_1_551' title='bbox 2357 3541 2447 3612; x_wconf 89' lang='lat' dir='ltr'><strong>qui</strong></span> <span class='ocrx_word' id='word_1_552' title='bbox 2478 3552 2751 3611; x_wconf 86' lang='lat' dir='ltr'><strong>superstes</strong></span> <span class='ocrx_word' id='word_1_553' title='bbox 2788 3550 2870 3595; x_wconf 91' lang='lat' dir='ltr'><strong>est</strong></span> <span class='ocrx_word' id='word_1_554' title='bbox 2899 3536 3035 3591; x_wconf 87' lang='lat' dir='ltr'><strong>velle</strong></span> <span class='ocrx_word' id='word_1_555' title='bbox 3065 3533 3394 3589; x_wconf 87' lang='lat' dir='ltr'><strong>substituere</strong></span> <span class='ocrx_word' id='word_1_556' title='bbox 3423 3546 3439 3597; x_wconf 89' lang='lat'><strong>;</strong></span> 
     </span>
    </p>
   </div>
   <div class='ocr_carea' id='block_1_80' title="bbox 1860 3627 3443 3707">
    <p class='ocr_par' dir='ltr' id='par_1_80' title="bbox 1860 3627 3443 3707">
     <span class='ocr_line' id='line_1_80' title="bbox 1860 3627 3443 3707; baseline -0.009 -18"><span class='ocrx_word' id='word_1_557' title='bbox 1860 3656 1879 3689; x_wconf 83' lang='grc' dir='ltr'><strong>ι</strong></span> <span class='ocrx_word' id='word_1_558' title='bbox 1924 3636 2048 3707; x_wconf 88' lang='lat' dir='ltr'><strong>quia</strong></span> <span class='ocrx_word' id='word_1_559' title='bbox 2093 3651 2191 3690; x_wconf 87' lang='lat' dir='ltr'><strong>nec</strong></span> <span class='ocrx_word' id='word_1_560' title='bbox 2237 3634 2447 3689; x_wconf 82' lang='lat' dir='ltr'><strong>divinas</strong></span> <span class='ocrx_word' id='word_1_561' title='bbox 2494 3647 2593 3687; x_wconf 82' lang='lat' dir='ltr'><strong>nec</strong></span> <span class='ocrx_word' id='word_1_562' title='bbox 2638 3632 2902 3686; x_wconf 88' lang='lat' dir='ltr'><strong>humanas</strong></span> <span class='ocrx_word' id='word_1_563' title='bbox 2950 3627 3096 3698; x_wconf 77' lang='lat' dir='ltr'><strong>leges</strong></span> <span class='ocrx_word' id='word_1_564' title='bbox 3122 3631 3330 3679; x_wconf 87' lang='lat' dir='ltr'><strong>certum</strong></span> <span class='ocrx_word' id='word_1_565' title='bbox 3358 3627 3443 3675; x_wconf 83' lang='lat' dir='ltr'><strong>est</strong></span> 
     </span>
    </p>
   </div>
   <div class='ocr_carea' id='block_1_81' title="bbox 1860 3719 3442 3794">
    <p class='ocr_par' dir='ltr' id='par_1_81' title="bbox 1860 3719 3442 3794">
     <span class='ocr_line' id='line_1_81' title="bbox 1860 3719 3442 3794; baseline -0.007 -15"><span class='ocrx_word' id='word_1_566' title='bbox 1860 3746 1878 3779; x_wconf 84' lang='grc' dir='ltr'><strong>ι</strong></span> <span class='ocrx_word' id='word_1_567' title='bbox 1921 3727 2219 3781; x_wconf 88' lang='lat' dir='ltr'><strong>concedere</strong></span> <span class='ocrx_word' id='word_1_568' title='bbox 2271 3726 2393 3791; x_wconf 82' lang='lat' dir='ltr'><strong>hoc,</strong></span> <span class='ocrx_word' id='word_1_569' title='bbox 2427 3722 2845 3794; x_wconf 90' lang='lat' dir='ltr'><strong>astipulantibus</strong></span> <span class='ocrx_word' id='word_1_570' title='bbox 2880 3719 3080 3790; x_wconf 89' lang='lat' dir='ltr'><strong>ubique</strong></span> <span class='ocrx_word' id='word_1_571' title='bbox 3126 3725 3442 3773; x_wconf 90' lang='lat' dir='ltr'><strong>sanctorum</strong></span> 
     </span>
    </p>
   </div>
   <div class='ocr_carea' id='block_1_82' title="bbox 1788 3806 3439 3887">
    <p class='ocr_par' dir='ltr' id='par_1_82' title="bbox 1788 3806 3439 3887">
     <span class='ocr_line' id='line_1_82' title="bbox 1788 3806 3439 3887; baseline -0.008 -16"><span class='ocrx_word' id='word_1_572' title='bbox 1788 3874 1801 3885; x_wconf 85' lang='lat'>_</span> <span class='ocrx_word' id='word_1_573' title='bbox 1861 3837 1880 3870; x_wconf 76' lang='grc' dir='ltr'><strong>ι</strong></span> <span class='ocrx_word' id='word_1_574' title='bbox 1922 3818 2142 3872; x_wconf 88' lang='lat' dir='ltr'><strong>Patrum</strong></span> <span class='ocrx_word' id='word_1_575' title='bbox 2172 3826 2278 3871; x_wconf 87' lang='lat' dir='ltr'><strong>tam</strong></span> <span class='ocrx_word' id='word_1_576' title='bbox 2308 3817 2467 3871; x_wconf 89' lang='lat' dir='ltr'><strong>dictis</strong></span> <span class='ocrx_word' id='word_1_577' title='bbox 2494 3830 2655 3887; x_wconf 90' lang='lat' dir='ltr'><strong>quam</strong></span> <span class='ocrx_word' id='word_1_578' title='bbox 2685 3813 2924 3883; x_wconf 88' lang='lat' dir='ltr'><strong>scriptis,</strong></span> <span class='ocrx_word' id='word_1_579' title='bbox 2958 3824 3227 3866; x_wconf 89' lang='lat' dir='ltr'><strong>summum</strong></span> <span class='ocrx_word' id='word_1_580' title='bbox 3261 3806 3439 3876; x_wconf 89' lang='lat' dir='ltr'><strong>ponti-</strong></span> 
     </span>
    </p>
   </div>
   <div class='ocr_carea' id='block_1_83' title="bbox 1862 3901 3442 3975">
    <p class='ocr_par' dir='ltr' id='par_1_83' title="bbox 1862 3901 3442 3975">
     <span class='ocr_line' id='line_1_83' title="bbox 1862 3901 3442 3975; baseline -0.004 -15"><span class='ocrx_word' id='word_1_581' title='bbox 1862 3925 1882 3960; x_wconf 80' lang='grc' dir='ltr'><strong>ι</strong></span> <span class='ocrx_word' id='word_1_582' title='bbox 1928 3908 2083 3964; x_wconf 84' lang='lat' dir='ltr'><strong>ﬁcem</strong></span> <span class='ocrx_word' id='word_1_583' title='bbox 2114 3924 2144 3961; x_wconf 86' lang='lat' dir='ltr'><strong>a</strong></span> <span class='ocrx_word' id='word_1_584' title='bbox 2177 3909 2393 3963; x_wconf 90' lang='lat' dir='ltr'><strong>nemine</strong></span> <span class='ocrx_word' id='word_1_585' title='bbox 2421 3907 2524 3963; x_wconf 88' lang='lat' dir='ltr'><strong>nisi</strong></span> <span class='ocrx_word' id='word_1_586' title='bbox 2554 3923 2583 3961; x_wconf 92' lang='lat' dir='ltr'><strong>a</strong></span> <span class='ocrx_word' id='word_1_587' title='bbox 2612 3905 2727 3962; x_wconf 90' lang='lat' dir='ltr'><strong>solo</strong></span> <span class='ocrx_word' id='word_1_588' title='bbox 2766 3906 2874 3961; x_wconf 91' lang='lat' dir='ltr'><strong>Deo</strong></span> <span class='ocrx_word' id='word_1_589' title='bbox 2899 3902 3181 3975; x_wconf 88' lang='lat' dir='ltr'><strong>dijudicari</strong></span> <span class='ocrx_word' id='word_1_590' title='bbox 3222 3901 3442 3956; x_wconf 89' lang='lat' dir='ltr'><strong>debere.</strong></span> 
     </span>
    </p>
   </div>
   <div class='ocr_carea' id='block_1_84' title="bbox 1862 3992 3447 4070">
    <p class='ocr_par' dir='ltr' id='par_1_84' title="bbox 1862 3992 3447 4070">
     <span class='ocr_line' id='line_1_84' title="bbox 1862 3992 3447 4070; baseline -0.004 -18"><span class='ocrx_word' id='word_1_591' title='bbox 1862 4016 1892 4052; x_wconf 81' lang='grc' dir='ltr'>ι·</span> <span class='ocrx_word' id='word_1_592' title='bbox 1928 4002 2124 4057; x_wconf 85' lang='lat' dir='ltr'><strong>Testor</strong></span> <span class='ocrx_word' id='word_1_593' title='bbox 2159 4002 2463 4065; x_wconf 89' lang='lat' dir='ltr'><strong>Dominum,</strong></span> <span class='ocrx_word' id='word_1_594' title='bbox 2496 4007 2549 4054; x_wconf 90' lang='lat' dir='ltr'><strong>et</strong></span> <span class='ocrx_word' id='word_1_595' title='bbox 2594 3999 2736 4070; x_wconf 90' lang='lat' dir='ltr'><strong>quod</strong></span> <span class='ocrx_word' id='word_1_596' title='bbox 2781 4013 2881 4070; x_wconf 89' lang='lat' dir='ltr'><strong>ego</strong></span> <span class='ocrx_word' id='word_1_597' title='bbox 2910 3996 3160 4067; x_wconf 89' lang='lat' dir='ltr'><strong>indignus</strong></span> <span class='ocrx_word' id='word_1_598' title='bbox 3189 3992 3447 4049; x_wconf 87' lang='lat' dir='ltr'><strong>sacerdos</strong></span> 
     </span>
    </p>
   </div>
   <div class='ocr_carea' id='block_1_85' title="bbox 1863 4084 3445 4161">
    <p class='ocr_par' dir='ltr' id='par_1_85' title="bbox 1863 4084 3445 4161">
     <span class='ocr_line' id='line_1_85' title="bbox 1863 4084 3445 4161; baseline -0.005 -16"><span class='ocrx_word' id='word_1_599' title='bbox 1863 4113 1882 4145; x_wconf 78' lang='grc' dir='ltr'><strong>ι</strong></span> <span class='ocrx_word' id='word_1_600' title='bbox 1925 4093 2080 4150; x_wconf 89' lang='lat' dir='ltr'><strong>vobis</strong></span> <span class='ocrx_word' id='word_1_601' title='bbox 2118 4091 2297 4161; x_wconf 84' lang='lat' dir='ltr'><strong>juravi</strong></span> <span class='ocrx_word' id='word_1_602' title='bbox 2364 4100 2803 4156; x_wconf 87' lang='lat' dir='ltr'><strong>sacramentum,</strong></span> <span class='ocrx_word' id='word_1_603' title='bbox 2854 4103 3016 4159; x_wconf 89' lang='lat' dir='ltr'><strong>super</strong></span> <span class='ocrx_word' id='word_1_604' title='bbox 3066 4087 3171 4143; x_wconf 78' lang='lat' dir='ltr'><strong>hac</strong></span> <span class='ocrx_word' id='word_1_605' title='bbox 3225 4084 3445 4156; x_wconf 81' lang='lat' dir='ltr'><strong>negotio</strong></span> 
     </span>
    </p>
   </div>
   <div class='ocr_carea' id='block_1_86' title="bbox 1863 4180 3447 4252">
    <p class='ocr_par' dir='ltr' id='par_1_86' title="bbox 1863 4180 3447 4252">
     <span class='ocr_line' id='line_1_86' title="bbox 1863 4180 3447 4252; baseline -0.004 -13"><span class='ocrx_word' id='word_1_606' title='bbox 1863 4208 1881 4239; x_wconf 83' lang='grc' dir='ltr'><strong>ι</strong></span> <span class='ocrx_word' id='word_1_607' title='bbox 1927 4186 2056 4242; x_wconf 87' lang='lat' dir='ltr'><strong>nihil</strong></span> <span class='ocrx_word' id='word_1_608' title='bbox 2090 4187 2191 4241; x_wconf 88' lang='lat' dir='ltr'><strong>hac</strong></span> <span class='ocrx_word' id='word_1_609' title='bbox 2219 4185 2485 4241; x_wconf 88' lang='lat' dir='ltr'><strong>sententia</strong></span> <span class='ocrx_word' id='word_1_610' title='bbox 2520 4182 2718 4249; x_wconf 88' lang='lat' dir='ltr'><strong>verius,</strong></span> <span class='ocrx_word' id='word_1_611' title='bbox 2757 4182 2890 4237; x_wconf 90' lang='lat' dir='ltr'><strong>nihil</strong></span> <span class='ocrx_word' id='word_1_612' title='bbox 2918 4180 3263 4252; x_wconf 69' lang='lat' dir='ltr'><strong>praestantius</strong></span> <span class='ocrx_word' id='word_1_613' title='bbox 3293 4192 3325 4232; x_wconf 90' lang='lat' dir='ltr'><strong>a</strong></span> <span class='ocrx_word' id='word_1_614' title='bbox 3354 4191 3447 4233; x_wconf 88' lang='lat' dir='ltr'><strong>me</strong></span> 
     </span>
    </p>
   </div>
   <div class='ocr_carea' id='block_1_87' title="bbox 1865 4276 3441 4350">
    <p class='ocr_par' dir='ltr' id='par_1_87' title="bbox 1865 4276 3441 4350">
     <span class='ocr_line' id='line_1_87' title="bbox 1865 4276 3441 4350; baseline -0.004 -18"><span class='ocrx_word' id='word_1_615' title='bbox 1865 4297 1884 4332; x_wconf 80' lang='grc' dir='ltr'><strong>ι</strong></span> <span class='ocrx_word' id='word_1_616' title='bbox 1926 4279 2219 4350; x_wconf 79' lang='lat' dir='ltr'><strong>excogitari</strong></span> <span class='ocrx_word' id='word_1_617' title='bbox 2248 4277 2332 4333; x_wconf 90' lang='lat' dir='ltr'><strong>vel</strong></span> <span class='ocrx_word' id='word_1_618' title='bbox 2360 4277 2591 4333; x_wconf 88' lang='lat' dir='ltr'><strong>inveniri</strong></span> <span class='ocrx_word' id='word_1_619' title='bbox 2621 4291 2797 4347; x_wconf 89' lang='lat' dir='ltr'><strong>posse.</strong></span> <span class='ocrx_word' id='word_1_620' title='bbox 2833 4296 2851 4329; x_wconf 74' lang='grc' dir='ltr'><strong>ι</strong></span> <span class='ocrx_word' id='word_1_621' title='bbox 2888 4276 3226 4331; x_wconf 84' lang='lat' dir='ltr'><strong>Adventante</strong></span> <span class='ocrx_word' id='word_1_622' title='bbox 3257 4280 3441 4327; x_wconf 90' lang='lat' dir='ltr'><strong>autem</strong></span> 
     </span>
    </p>
   </div>
   <div class='ocr_carea' id='block_1_88' title="bbox 1859 4367 3443 4441">
    <p class='ocr_par' dir='ltr' id='par_1_88' title="bbox 1859 4367 3443 4441">
     <span class='ocr_line' id='line_1_88' title="bbox 1859 4367 3443 4441; baseline -0.006 -14"><span class='ocrx_word' id='word_1_623' title='bbox 1859 4382 2159 4427; x_wconf 88' lang='lat' dir='ltr'><strong>memorato</strong></span> <span class='ocrx_word' id='word_1_624' title='bbox 2213 4370 2509 4441; x_wconf 87' lang='lat' dir='ltr'><strong>responsali</strong></span> <span class='ocrx_word' id='word_1_625' title='bbox 2567 4369 2825 4424; x_wconf 89' lang='lat' dir='ltr'><strong>antistitis</strong></span> <span class='ocrx_word' id='word_1_626' title='bbox 2876 4369 3045 4423; x_wconf 89' lang='lat' dir='ltr'><strong>nostri</strong></span> <span class='ocrx_word' id='word_1_627' title='bbox 3111 4367 3177 4421; x_wconf 87' lang='lat' dir='ltr'><strong>ad</strong></span> <span class='ocrx_word' id='word_1_628' title='bbox 3229 4374 3443 4421; x_wconf 86' lang='lat' dir='ltr'><strong>curtetn</strong></span> 
     </span>
    </p>
   </div>
   <div class='ocr_carea' id='block_1_89' title="bbox 194 4447 3446 4560">
    <p class='ocr_par' dir='ltr' id='par_1_89' title="bbox 194 4447 3446 4560">
     <span class='ocr_line' id='line_1_89' title="bbox 194 4447 3446 4560; baseline 0.001 -51"><span class='ocrx_word' id='word_1_629' title='bbox 194 4447 466 4560; x_wconf 54' lang='lat' dir='ltr'><strong>{iiquidam</strong></span> <span class='ocrx_word' id='word_1_630' title='bbox 482 4456 794 4560; x_wconf 59' lang='lat' dir='ltr'><strong>hujtrsmodi</strong></span> <span class='ocrx_word' id='word_1_631' title='bbox 819 4460 1024 4560; x_wconf 74' lang='lat' dir='ltr'><strong>erroris</strong></span> <span class='ocrx_word' id='word_1_632' title='bbox 1052 4469 1353 4517; x_wconf 88' lang='lat' dir='ltr'><strong>sectatores</strong></span> <span class='ocrx_word' id='word_1_633' title='bbox 1368 4472 1551 4518; x_wconf 88' lang='lat' dir='ltr'><strong>essent</strong></span> <span class='ocrx_word' id='word_1_634' title='bbox 1569 4463 1758 4533; x_wconf 79' lang='lat' dir='ltr'><strong>depre-</strong></span> <span class='ocrx_word' id='word_1_635' title='bbox 1787 4502 1834 4560; x_wconf 70' lang='grc' dir='ltr'>ι)</span> <span class='ocrx_word' id='word_1_636' title='bbox 1862 4463 2080 4534; x_wconf 82' lang='lat' dir='ltr'><strong>regiam,</strong></span> <span class='ocrx_word' id='word_1_637' title='bbox 2105 4462 2286 4533; x_wconf 86' lang='lat' dir='ltr'><strong>Poppo</strong></span> <span class='ocrx_word' id='word_1_638' title='bbox 2309 4462 2448 4535; x_wconf 81' lang='lat' dir='ltr'><strong>[qui]</strong></span> <span class='ocrx_word' id='word_1_639' title='bbox 2477 4471 2532 4518; x_wconf 89' lang='lat' dir='ltr'><strong>et</strong></span> <span class='ocrx_word' id='word_1_640' title='bbox 2558 4461 2736 4516; x_wconf 85' lang='lat' dir='ltr'><strong>Bruuo</strong></span> <span class='ocrx_word' id='word_1_641' title='bbox 2763 4460 3132 4516; x_wconf 77' lang='lat' dir='ltr'><strong>Brixionensis</strong></span> <span class='ocrx_word' id='word_1_642' title='bbox 3157 4460 3446 4529; x_wconf 82' lang='lat' dir='ltr'><strong>episcopus</strong></span> 
     </span>
    </p>
   </div>
   <div class='ocr_carea' id='block_1_90' title="bbox 191 4533 1751 4636">
    <p class='ocr_par' dir='ltr' id='par_1_90' title="bbox 191 4533 1751 4636">
     <span class='ocr_line' id='line_1_90' title="bbox 191 4533 1751 4636; baseline 0.012 -44"><span class='ocrx_word' id='word_1_643' title='bbox 191 4533 343 4636; x_wconf 70' lang='lat' dir='ltr'><strong>heusi,</strong></span> <span class='ocrx_word' id='word_1_644' title='bbox 363 4554 485 4612; x_wconf 90' lang='lat' dir='ltr'><strong>post</strong></span> <span class='ocrx_word' id='word_1_645' title='bbox 510 4546 740 4602; x_wconf 89' lang='lat' dir='ltr'><strong>multam</strong></span> <span class='ocrx_word' id='word_1_646' title='bbox 771 4549 1179 4619; x_wconf 89' lang='lat' dir='ltr'><strong>superstitionis</strong></span> <span class='ocrx_word' id='word_1_647' title='bbox 1203 4566 1315 4607; x_wconf 72' lang='lat' dir='ltr'><strong>sua:</strong></span> <span class='ocrx_word' id='word_1_648' title='bbox 1340 4553 1751 4618; x_wconf 88' lang='lat' dir='ltr'><strong>discussionem,</strong></span> 
     </span>
    </p>
   </div>
   <div class='ocr_carea' id='block_1_91' title="bbox 188 4639 1753 4711">
    <p class='ocr_par' dir='ltr' id='par_1_91' title="bbox 188 4639 1753 4711">
     <span class='ocr_line' id='line_1_91' title="bbox 188 4639 1753 4711; baseline 0.006 -18"><span class='ocrx_word' id='word_1_649' title='bbox 188 4639 466 4706; x_wconf 62' lang='lat' dir='ltr'><strong>lusumque</strong></span> <span class='ocrx_word' id='word_1_650' title='bbox 477 4653 580 4708; x_wconf 91' lang='lat' dir='ltr'><strong>pro</strong></span> <span class='ocrx_word' id='word_1_651' title='bbox 591 4641 887 4710; x_wconf 87' lang='lat' dir='ltr'><strong>pertinacia</strong></span> <span class='ocrx_word' id='word_1_652' title='bbox 899 4645 1753 4711; x_wconf 79' lang='lat' dir='ltr'><strong>errorisexcommunicationem,</strong></span> 
     </span>
    </p>
   </div>
   <div class='ocr_carea' id='block_1_92' title="bbox 190 4725 1758 4805">
    <p class='ocr_par' dir='ltr' id='par_1_92' title="bbox 190 4725 1758 4805">
     <span class='ocr_line' id='line_1_92' title="bbox 190 4725 1758 4805; baseline 0.011 -31"><span class='ocrx_word' id='word_1_653' title='bbox 190 4725 452 4790; x_wconf 77' lang='lat' dir='ltr'><strong>suspendio</strong></span> <span class='ocrx_word' id='word_1_654' title='bbox 502 4727 727 4798; x_wconf 89' lang='lat' dir='ltr'><strong>insuper</strong></span> <span class='ocrx_word' id='word_1_655' title='bbox 767 4731 876 4786; x_wconf 87' lang='lat' dir='ltr'><strong>sint</strong></span> <span class='ocrx_word' id='word_1_656' title='bbox 921 4733 1144 4789; x_wconf 89' lang='lat' dir='ltr'><strong>addicti.</strong></span> <span class='ocrx_word' id='word_1_657' title='bbox 1195 4733 1362 4805; x_wconf 78' lang='lat' dir='ltr'><strong>Cujus</strong></span> <span class='ocrx_word' id='word_1_658' title='bbox 1404 4735 1758 4791; x_wconf 88' lang='lat' dir='ltr'><strong>discussionis</strong></span> 
     </span>
    </p>
   </div>
   <div class='ocr_carea' id='block_1_93' title="bbox 192 4811 1756 4892">
    <p class='ocr_par' dir='ltr' id='par_1_93' title="bbox 192 4811 1756 4892">
     <span class='ocr_line' id='line_1_93' title="bbox 192 4811 1756 4892; baseline 0.013 -28"><span class='ocrx_word' id='word_1_659' title='bbox 192 4811 409 4869; x_wconf 86' lang='lat' dir='ltr'><strong>ordinem</strong></span> <span class='ocrx_word' id='word_1_660' title='bbox 429 4833 555 4872; x_wconf 89' lang='lat' dir='ltr'><strong>cum</strong></span> <span class='ocrx_word' id='word_1_661' title='bbox 573 4821 856 4892; x_wconf 80' lang='lat' dir='ltr'><strong>diligenter</strong></span> <span class='ocrx_word' id='word_1_662' title='bbox 874 4825 1301 4889; x_wconf 82' lang='lat' dir='ltr'><strong>sciscitaremur,</strong></span> <span class='ocrx_word' id='word_1_663' title='bbox 1320 4842 1427 4881; x_wconf 87' lang='lat' dir='ltr'><strong>non</strong></span> <span class='ocrx_word' id='word_1_664' title='bbox 1443 4828 1605 4882; x_wconf 88' lang='lat' dir='ltr'><strong>aliam</strong></span> <span class='ocrx_word' id='word_1_665' title='bbox 1629 4844 1756 4884; x_wconf 87' lang='lat' dir='ltr'><strong>con-</strong></span> 
     </span>
    </p>
   </div>
   <div class='ocr_carea' id='block_1_94' title="bbox 193 4896 1752 4987">
    <p class='ocr_par' dir='ltr' id='par_1_94' title="bbox 193 4896 1752 4987">
     <span class='ocr_line' id='line_1_94' title="bbox 193 4896 1752 4987; baseline 0.015 -37"><span class='ocrx_word' id='word_1_666' title='bbox 193 4896 527 4963; x_wconf 84' lang='lat' dir='ltr'><strong>detnnationis</strong></span> <span class='ocrx_word' id='word_1_667' title='bbox 570 4925 758 4967; x_wconf 89' lang='lat' dir='ltr'><strong>eorum</strong></span> <span class='ocrx_word' id='word_1_668' title='bbox 810 4930 1033 4970; x_wconf 85' lang='lat' dir='ltr'><strong>causam</strong></span> <span class='ocrx_word' id='word_1_669' title='bbox 1068 4931 1398 4986; x_wconf 78' lang='lat' dir='ltr'><strong>cognoscere</strong></span> <span class='ocrx_word' id='word_1_670' title='bbox 1451 4920 1752 4987; x_wconf 86' lang='lat' dir='ltr'><strong>potuimus,</strong></span> 
     </span>
    </p>
   </div>
   <div class='ocr_carea' id='block_1_95' title="bbox 192 4998 1759 5080">
    <p class='ocr_par' dir='ltr' id='par_1_95' title="bbox 192 4998 1759 5080">
     <span class='ocr_line' id='line_1_95' title="bbox 192 4998 1759 5080; baseline 0.013 -35"><span class='ocrx_word' id='word_1_671' title='bbox 192 5000 330 5080; x_wconf 68' lang='lat' dir='ltr'><strong>(luam</strong></span> <span class='ocrx_word' id='word_1_672' title='bbox 343 4998 467 5064; x_wconf 90' lang='lat' dir='ltr'><strong>quia</strong></span> <span class='ocrx_word' id='word_1_673' title='bbox 481 5001 1087 5078; x_wconf 83' lang='lat' dir='ltr'><strong>cuilibetepiscoporum</strong></span> <span class='ocrx_word' id='word_1_674' title='bbox 1103 5008 1314 5080; x_wconf 81' lang='lat' dir='ltr'><strong>jubenti</strong></span> <span class='ocrx_word' id='word_1_675' title='bbox 1331 5015 1382 5061; x_wconf 90' lang='lat' dir='ltr'><strong>ut</strong></span> <span class='ocrx_word' id='word_1_676' title='bbox 1400 5009 1602 5078; x_wconf 90' lang='lat' dir='ltr'><strong>pullum</strong></span> <span class='ocrx_word' id='word_1_677' title='bbox 1615 5010 1759 5065; x_wconf 89' lang='lat' dir='ltr'><strong>occi-</strong></span> 
     </span>
    </p>
   </div>
   <div class='ocr_carea' id='block_1_96' title="bbox 192 5077 1756 5165">
    <p class='ocr_par' dir='ltr' id='par_1_96' title="bbox 192 5077 1756 5165">
     <span class='ocr_line' id='line_1_96' title="bbox 192 5077 1756 5165; baseline 0.015 -34"><span class='ocrx_word' id='word_1_678' title='bbox 192 5077 360 5139; x_wconf 86' lang='lat' dir='ltr'><strong>derent</strong></span> <span class='ocrx_word' id='word_1_679' title='bbox 383 5090 756 5151; x_wconf 90' lang='lat' dir='ltr'><strong>inobedientes</strong></span> <span class='ocrx_word' id='word_1_680' title='bbox 784 5077 1130 5155; x_wconf 78' lang='lat' dir='ltr'><strong>exstiterant.</strong></span> <span class='ocrx_word' id='word_1_681' title='bbox 1169 5097 1325 5162; x_wconf 83' lang='lat' dir='ltr'><strong>Vere,</strong></span> <span class='ocrx_word' id='word_1_682' title='bbox 1361 5077 1569 5157; x_wconf 81' lang='lat' dir='ltr'><strong>fatebor</strong></span> <span class='ocrx_word' id='word_1_683' title='bbox 1590 5101 1756 5165; x_wconf 85' lang='lat' dir='ltr'><strong>enim,</strong></span> 
     </span>
    </p>
   </div>
   <div class='ocr_carea' id='block_1_97' title="bbox 192 5176 1756 5272">
    <p class='ocr_par' dir='ltr' id='par_1_97' title="bbox 192 5176 1756 5272">
     <span class='ocr_line' id='line_1_97' title="bbox 192 5176 1756 5272; baseline 0.007 -38"><span class='ocrx_word' id='word_1_684' title='bbox 192 5180 278 5272; x_wconf 58' lang='grc' dir='ltr'><strong>ξξείξ</strong></span> <span class='ocrx_word' id='word_1_685' title='bbox 304 5176 487 5247; x_wconf 83' lang='lat' dir='ltr'><strong>Silebo,</strong></span> <span class='ocrx_word' id='word_1_686' title='bbox 518 5182 815 5242; x_wconf 82' lang='lat' dir='ltr'><strong>Wazonem</strong></span> <span class='ocrx_word' id='word_1_687' title='bbox 839 5197 1101 5256; x_wconf 88' lang='lat' dir='ltr'><strong>nostrum,</strong></span> <span class='ocrx_word' id='word_1_688' title='bbox 1128 5190 1174 5245; x_wconf 91' lang='lat' dir='ltr'><strong>si</strong></span> <span class='ocrx_word' id='word_1_689' title='bbox 1207 5190 1322 5245; x_wconf 70' lang='lat' dir='ltr'><strong>haec</strong></span> <span class='ocrx_word' id='word_1_690' title='bbox 1351 5199 1594 5263; x_wconf 89' lang='lat' dir='ltr'><strong>tempora</strong></span> <span class='ocrx_word' id='word_1_691' title='bbox 1625 5206 1756 5246; x_wconf 84' lang='lat' dir='ltr'><strong>con-</strong></span> 
     </span>
    </p>
   </div>
   <div class='ocr_carea' id='block_1_98' title="bbox 194 5265 1759 5338">
    <p class='ocr_par' dir='ltr' id='par_1_98' title="bbox 194 5265 1759 5338">
     <span class='ocr_line' id='line_1_98' title="bbox 194 5265 1759 5338; baseline 0.004 -6"><span class='ocrx_word' id='word_1_692' title='bbox 194 5265 399 5336; x_wconf 67' lang='lat' dir='ltr'><strong>uSISset,</strong></span> <span class='ocrx_word' id='word_1_693' title='bbox 434 5275 566 5332; x_wconf 90' lang='lat' dir='ltr'><strong>huic</strong></span> <span class='ocrx_word' id='word_1_694' title='bbox 614 5283 892 5338; x_wconf 70' lang='lat' dir='ltr'><strong>sententiae</strong></span> <span class='ocrx_word' id='word_1_695' title='bbox 937 5300 1220 5338; x_wconf 83' lang='lat' dir='ltr'><strong>assensum</strong></span> <span class='ocrx_word' id='word_1_696' title='bbox 1256 5300 1596 5338; x_wconf 74' lang='lat' dir='ltr'><strong>nequaquam</strong></span> <span class='ocrx_word' id='word_1_697' title='bbox 1624 5301 1759 5338; x_wconf 64' lang='lat' dir='ltr'><strong>orae-</strong></span> 
     </span>
    </p>
   </div>
   <div class='ocr_carea' id='block_1_99' title="bbox 1862 4552 3443 4627">
    <p class='ocr_par' dir='ltr' id='par_1_99' title="bbox 1862 4552 3443 4627">
     <span class='ocr_line' id='line_1_99' title="bbox 1862 4552 3443 4627; baseline -0.004 -18"><span class='ocrx_word' id='word_1_698' title='bbox 1862 4554 1917 4609; x_wconf 91' lang='lat' dir='ltr'><strong>in</strong></span> <span class='ocrx_word' id='word_1_699' title='bbox 1945 4570 2212 4610; x_wconf 89' lang='lat' dir='ltr'><strong>summum</strong></span> <span class='ocrx_word' id='word_1_700' title='bbox 2242 4554 2578 4627; x_wconf 89' lang='lat' dir='ltr'><strong>pontiﬁcium</strong></span> <span class='ocrx_word' id='word_1_701' title='bbox 2625 4554 2736 4624; x_wconf 90' lang='lat' dir='ltr'><strong>jam</strong></span> <span class='ocrx_word' id='word_1_702' title='bbox 2779 4554 2986 4625; x_wconf 86' lang='lat' dir='ltr'><strong>pridem</strong></span> <span class='ocrx_word' id='word_1_703' title='bbox 3012 4555 3215 4609; x_wconf 86' lang='lat' dir='ltr'><strong>electus</strong></span> <span class='ocrx_word' id='word_1_704' title='bbox 3248 4552 3443 4614; x_wconf 79' lang='lat' dir='ltr'><strong>fuerat,</strong></span> 
     </span>
    </p>
   </div>
   <div class='ocr_carea' id='block_1_100' title="bbox 1861 4645 3445 4719">
    <p class='ocr_par' dir='ltr' id='par_1_100' title="bbox 1861 4645 3445 4719">
     <span class='ocr_line' id='line_1_100' title="bbox 1861 4645 3445 4719; baseline -0.004 -17"><span class='ocrx_word' id='word_1_705' title='bbox 1861 4648 1953 4719; x_wconf 85' lang='lat' dir='ltr'><strong>qui</strong></span> <span class='ocrx_word' id='word_1_706' title='bbox 1997 4656 2180 4718; x_wconf 83' lang='lat' dir='ltr'><strong>postea</strong></span> <span class='ocrx_word' id='word_1_707' title='bbox 2233 4664 2263 4702; x_wconf 90' lang='lat' dir='ltr'><strong>a</strong></span> <span class='ocrx_word' id='word_1_708' title='bbox 2313 4649 2575 4704; x_wconf 77' lang='lat' dir='ltr'><strong>Romanis</strong></span> <span class='ocrx_word' id='word_1_709' title='bbox 2634 4647 2897 4704; x_wconf 89' lang='lat' dir='ltr'><strong>Damasus</strong></span> <span class='ocrx_word' id='word_1_710' title='bbox 2950 4656 3034 4702; x_wconf 89' lang='lat' dir='ltr'><strong>est</strong></span> <span class='ocrx_word' id='word_1_711' title='bbox 3087 4645 3384 4716; x_wconf 87' lang='lat' dir='ltr'><strong>appellatus</strong></span> <span class='ocrx_word' id='word_1_712' title='bbox 3428 4658 3445 4694; x_wconf 92' lang='lat'><strong>:</strong></span> 
     </span>
    </p>
   </div>
   <div class='ocr_carea' id='block_1_101' title="bbox 1863 4739 3446 4810">
    <p class='ocr_par' dir='ltr' id='par_1_101' title="bbox 1863 4739 3446 4810">
     <span class='ocr_line' id='line_1_101' title="bbox 1863 4739 3446 4810; baseline -0.007 -17"><span class='ocrx_word' id='word_1_713' title='bbox 1863 4739 2104 4795; x_wconf 88' lang='lat' dir='ltr'><strong>incertus</strong></span> <span class='ocrx_word' id='word_1_714' title='bbox 2133 4740 2221 4793; x_wconf 90' lang='lat' dir='ltr'><strong>ille</strong></span> <span class='ocrx_word' id='word_1_715' title='bbox 2265 4741 2393 4810; x_wconf 89' lang='lat' dir='ltr'><strong>quid</strong></span> <span class='ocrx_word' id='word_1_716' title='bbox 2425 4739 2627 4795; x_wconf 83' lang='lat' dir='ltr'><strong>faceret</strong></span> <span class='ocrx_word' id='word_1_717' title='bbox 2648 4779 2663 4803; x_wconf 88' lang='lat'><strong>,</strong></span> <span class='ocrx_word' id='word_1_718' title='bbox 2716 4754 2840 4793; x_wconf 89' lang='lat' dir='ltr'><strong>nam</strong></span> <span class='ocrx_word' id='word_1_719' title='bbox 2885 4752 2973 4792; x_wconf 90' lang='lat' dir='ltr'><strong>res</strong></span> <span class='ocrx_word' id='word_1_720' title='bbox 3003 4743 3274 4790; x_wconf 88' lang='lat' dir='ltr'><strong>transacta</strong></span> <span class='ocrx_word' id='word_1_721' title='bbox 3306 4740 3446 4796; x_wconf 90' lang='lat' dir='ltr'><strong>erat,</strong></span> 
     </span>
    </p>
   </div>
   <div class='ocr_carea' id='block_1_102' title="bbox 1862 4828 3443 4901">
    <p class='ocr_par' dir='ltr' id='par_1_102' title="bbox 1862 4828 3443 4901">
     <span class='ocr_line' id='line_1_102' title="bbox 1862 4828 3443 4901; baseline -0.008 -16"><span class='ocrx_word' id='word_1_722' title='bbox 1862 4830 2440 4901; x_wconf 66' lang='lat' dir='ltr'><strong>cujustransl&#39;erenda}</strong></span> <span class='ocrx_word' id='word_1_723' title='bbox 2469 4847 2633 4888; x_wconf 88' lang='lat' dir='ltr'><strong>causa</strong></span> <span class='ocrx_word' id='word_1_724' title='bbox 2668 4831 2921 4886; x_wconf 86' lang='lat' dir='ltr'><strong>mandata</strong></span> <span class='ocrx_word' id='word_1_725' title='bbox 2957 4829 3026 4882; x_wconf 90' lang='lat' dir='ltr'><strong>ad</strong></span> <span class='ocrx_word' id='word_1_726' title='bbox 3058 4828 3443 4892; x_wconf 84' lang='lat' dir='ltr'><strong>imperatorem</strong></span> 
     </span>
    </p>
   </div>
   <div class='ocr_carea' id='block_1_103' title="bbox 1862 4913 3449 4995">
    <p class='ocr_par' dir='ltr' id='par_1_103' title="bbox 1862 4913 3449 4995">
     <span class='ocr_line' id='line_1_103' title="bbox 1862 4913 3449 4995; baseline -0.008 -16"><span class='ocrx_word' id='word_1_727' title='bbox 1862 4936 2204 4995; x_wconf 79' lang='lat' dir='ltr'><strong>susceperat;</strong></span> <span class='ocrx_word' id='word_1_728' title='bbox 2248 4926 2480 4982; x_wconf 88' lang='lat' dir='ltr'><strong>accessit</strong></span> <span class='ocrx_word' id='word_1_729' title='bbox 2522 4933 2728 4989; x_wconf 90' lang='lat' dir='ltr'><strong>tamen,</strong></span> <span class='ocrx_word' id='word_1_730' title='bbox 2776 4930 2832 4978; x_wconf 88' lang='lat' dir='ltr'><strong>et</strong></span> <span class='ocrx_word' id='word_1_731' title='bbox 2868 4919 2997 4984; x_wconf 89' lang='lat' dir='ltr'><strong>alia,</strong></span> <span class='ocrx_word' id='word_1_732' title='bbox 3035 4930 3194 4985; x_wconf 88' lang='lat' dir='ltr'><strong>quam</strong></span> <span class='ocrx_word' id='word_1_733' title='bbox 3250 4913 3449 4976; x_wconf 82' lang='lat' dir='ltr'><strong>facete,</strong></span> 
     </span>
    </p>
   </div>
   <div class='ocr_carea' id='block_1_104' title="bbox 1866 5004 3453 5089">
    <p class='ocr_par' dir='ltr' id='par_1_104' title="bbox 1866 5004 3453 5089">
     <span class='ocr_line' id='line_1_104' title="bbox 1866 5004 3453 5089; baseline -0.01 -18"><span class='ocrx_word' id='word_1_734' title='bbox 1866 5026 1924 5071; x_wconf 90' lang='grc' dir='ltr'><strong>ιιι</strong></span> <span class='ocrx_word' id='word_1_735' title='bbox 1951 5025 2207 5081; x_wconf 87' lang='lat' dir='ltr'><strong>noverat,</strong></span> <span class='ocrx_word' id='word_1_736' title='bbox 2232 5017 2547 5089; x_wconf 87' lang='lat' dir='ltr'><strong>imperatori</strong></span> <span class='ocrx_word' id='word_1_737' title='bbox 2570 5014 2786 5086; x_wconf 64' lang='lat' dir='ltr'><strong>praefert</strong></span> <span class='ocrx_word' id='word_1_738' title='bbox 2819 5008 3186 5065; x_wconf 87' lang='lat' dir='ltr'><strong>mandamiua.</strong></span> <span class='ocrx_word' id='word_1_739' title='bbox 3217 5004 3453 5073; x_wconf 86' lang='lat' dir='ltr'><strong>Postque</strong></span> 
     </span>
    </p>
   </div>
   <div class='ocr_carea' id='block_1_105' title="bbox 1865 5096 3455 5179">
    <p class='ocr_par' dir='ltr' id='par_1_105' title="bbox 1865 5096 3455 5179">
     <span class='ocr_line' id='line_1_105' title="bbox 1865 5096 3455 5179; baseline -0.013 -11"><span class='ocrx_word' id='word_1_740' title='bbox 1865 5111 2045 5168; x_wconf 88' lang='lat' dir='ltr'><strong>omnia</strong></span> <span class='ocrx_word' id='word_1_741' title='bbox 2077 5128 2088 5164; x_wconf 89' lang='lat'><strong>:</strong></span> <span class='ocrx_word' id='word_1_742' title='bbox 2130 5128 2149 5162; x_wconf 81' lang='grc' dir='ltr'><strong>ι</strong></span> <span class='ocrx_word' id='word_1_743' title='bbox 2177 5112 2390 5177; x_wconf 80' lang='lat' dir='ltr'><strong>Adhuc,</strong></span> <span class='ocrx_word' id='word_1_744' title='bbox 2422 5109 2616 5179; x_wconf 88' lang='lat' dir='ltr'><strong>inquit,</strong></span> <span class='ocrx_word' id='word_1_745' title='bbox 2656 5121 2821 5161; x_wconf 89' lang='lat' dir='ltr'><strong>unum</strong></span> <span class='ocrx_word' id='word_1_746' title='bbox 2872 5109 3119 5171; x_wconf 84' lang='lat' dir='ltr'><strong>superest</strong></span> <span class='ocrx_word' id='word_1_747' title='bbox 3166 5096 3311 5167; x_wconf 89' lang='lat' dir='ltr'><strong>quod</strong></span> <span class='ocrx_word' id='word_1_748' title='bbox 3354 5097 3455 5151; x_wconf 85' lang='lat' dir='ltr'><strong>do—</strong></span> 
     </span>
    </p>
   </div>
   <div class='ocr_carea' id='block_1_106' title="bbox 1868 5194 3454 5275">
    <p class='ocr_par' dir='ltr' id='par_1_106' title="bbox 1868 5194 3454 5275">
     <span class='ocr_line' id='line_1_106' title="bbox 1868 5194 3454 5275; baseline -0.011 -18"><span class='ocrx_word' id='word_1_749' title='bbox 1868 5219 2029 5259; x_wconf 87' lang='lat' dir='ltr'><strong>mnus</strong></span> <span class='ocrx_word' id='word_1_750' title='bbox 2058 5205 2275 5259; x_wconf 87' lang='lat' dir='ltr'><strong>mandat</strong></span> <span class='ocrx_word' id='word_1_751' title='bbox 2304 5205 2610 5275; x_wconf 85' lang='lat' dir='ltr'><strong>episcopus,</strong></span> <span class='ocrx_word' id='word_1_752' title='bbox 2640 5199 2783 5269; x_wconf 85' lang='lat' dir='ltr'><strong>quod</strong></span> <span class='ocrx_word' id='word_1_753' title='bbox 2826 5194 2950 5266; x_wconf 90' lang='lat' dir='ltr'><strong>quia</strong></span> <span class='ocrx_word' id='word_1_754' title='bbox 2997 5207 3085 5246; x_wconf 89' lang='lat' dir='ltr'><strong>res</strong></span> <span class='ocrx_word' id='word_1_755' title='bbox 3132 5198 3213 5244; x_wconf 81' lang='lat' dir='ltr'><strong>est</strong></span> <span class='ocrx_word' id='word_1_756' title='bbox 3240 5197 3454 5244; x_wconf 82' lang='lat' dir='ltr'><strong>exacta.</strong></span> 
     </span>
    </p>
   </div>
   <div class='ocr_carea' id='block_1_107' title="bbox 1866 5278 3456 5338">
    <p class='ocr_par' dir='ltr' id='par_1_107' title="bbox 1866 5278 3456 5338">
     <span class='ocr_line' id='line_1_107' title="bbox 1866 5278 3456 5338; baseline -0.006 0"><span class='ocrx_word' id='word_1_757' title='bbox 1866 5296 2023 5338; x_wconf 69' lang='grc' dir='ltr'><strong>νηιιίς</strong></span> <span class='ocrx_word' id='word_1_758' title='bbox 2049 5307 2319 5338; x_wconf 62' lang='lat' dir='ltr'><strong>exnunc-rp.</strong></span> <span class='ocrx_word' id='word_1_759' title='bbox 2349 5308 2456 5338; x_wconf 86' lang='lat' dir='ltr'><strong>nnn</strong></span> <span class='ocrx_word' id='word_1_760' title='bbox 2487 5299 2571 5338; x_wconf 70' lang='lat' dir='ltr'><strong>est</strong></span> <span class='ocrx_word' id='word_1_761' title='bbox 2622 5290 2674 5338; x_wconf 87' lang='lat' dir='ltr'><strong>in</strong></span> <span class='ocrx_word' id='word_1_762' title='bbox 2703 5302 2887 5338; x_wconf 74' lang='lat' dir='ltr'><strong>caiisa.</strong></span> <span class='ocrx_word' id='word_1_763' title='bbox 2918 5303 2936 5336; x_wconf 74' lang='grc' dir='ltr'><strong>ι</strong></span> <span class='ocrx_word' id='word_1_764' title='bbox 2980 5281 3102 5338; x_wconf 78' lang='grc'><strong>0110</strong></span> <span class='ocrx_word' id='word_1_765' title='bbox 3249 5278 3456 5338; x_wconf 85' lang='lat' dir='ltr'><strong>audito,</strong></span> 
     </span>
    </p>
   </div>
  </div>
