3992 5338
477 367 586 427 755

1556 363 1852 425 V’ASONIS
1890 365 2292 424 LEODIENSIS
2332 360 2636 422 EPISCOPI

3648 354 3763 411 756

480 484 745 544 industria
777 498 958 541 moras
986 483 1274 549 redimere,
1319 490 1373 538 et
1408 484 1560 554 quasi
1602 483 1724 538 inde
1752 482 2071 539 diverticula
2098 484 2152 544 Α
2177 481 2267 538 vix
2328 482 2547 538 demum
2603 478 2796 535 insano
2846 464 3061 547 fragore
3111 471 3548 547 obstrepentium
3574 490 3589 528 :
3620 490 3641 524 ο
3666 474 3770 530 τοι

482 594 760 651 qtnerere;
790 587 844 632 et
871 580 1035 633 t-aeite
1063 577 1457 649 quodammodo
1486 577 1758 632 hominem
1792 584 2064 646 potentem

482 673 636 754 prius
668 671 876 726 ambire
923 669 1197 726 nitebatur
1228 677 1308 743 ut,
1349 669 1491 725 sicut
1524 669 1662 723 bene
1707 676 1948 729 noverat,
1982 683 2065 721 re-

486 778 606 817 rum
656 761 1079 830 anticipatione,
1125 761 1168 815 si
1210 776 1314 829 qua
1360 760 1589 814 subinde
1632 760 1683 812 in
1733 759 1895 814 corde
1935 758 2067 814 oriri

483 860 691 922 posset,
721 837 995 919 frangeret
1029 851 1382 906 iracundiam.
1417 850 1555 917 Quid
1585 850 1782 919 plura?
1832 850 2069 920 Spondet

486 958 591 1020 rex
612 944 873 1016 quidquid
926 944 979 998 id
1030 941 1173 997 foret
1203 933 1625 1013 seneqnaquam
1657 957 2069 1004 succeitsuruui,

489 1052 708 1094 omnem
774 1035 1000 1107 proinde
1048 1034 1306 1091 offensam
1372 1036 1633 1090 adversus
1679 1034 2076 1105 quantumlibet

493 1145 684 1202 aspera
717 1129 1064 1184 mandantem
1095 1128 1471 1183 remissurum.
1525 1127 1824 1193 Postremo,
1857 1127 1902 1181 si
1930 1125 2075 1196 quod

489 1221 792 1292 periculurn
820 1222 1009 1293 gratiae
1035 1221 1302 1277 mittentis
1329 1222 1561 1291 episcopi
1589 1220 1702 1277 fore
1729 1220 1800 1276 illi
1831 1221 2074 1290 contige-

494 1314 588 1379 rit,
617 1329 682 1369 eo
726 1313 871 1383 quod
922 1312 1203 1368 reticenda
1232 1313 1551 1384 prodiderit,
1600 1327 1721 1367 sese
1754 1312 2079 1366 omnimodis

496 1403 863 1465 obviaturum.
920 1400 1160 1457 Tandem
1207 1416 1428 1458 securus
1469 1403 1692 1457 nuntius
1738 1416 1858 1471 quae
1899 1401 2082 1469 jussus

496 1494 1015 1564 fueratexsequitur
1064 1494 1443 1560 manlamina,
1473 1510 1592 1565 qua:
1621 1503 1882 1564 quantum
1930 1509 2081 1559 vera,

500 1586 708 1643 homini
758 1585 1086 1642 voluntatem
1130 1574 1288 1655 juxta
1338 1586 1635 1656 potentiam
1686 1600 1839 1639 suam
1902 1581 2083 1637 metiri

501 1675 798 1735 affectanti.
831 1674 956 1738 fere
988 1684 1194 1731 tantum
1240 1684 1422 1731 essent
1456 1675 1667 1741 odiosa,
1697 1676 1740 1729 si
1793 1672 2087 1744 praelibatae

503 1766 773 1836 pactionis
796 1765 1193 1834 praeoccupatio
1225 1780 1330 1820 non
1361 1764 1678 1820 obstitisset.

2171 591 2318 639 nunc
2353 586 2554 637 tamen,
2594 572 2787 642 inquit,
2822 570 3080 641 majestas
3110 575 3291 624 vestra
3323 568 3457 622 mihi
3486 565 3774 636 decrepito

2168 679 2225 724 et
2271 666 2523 723 imbecilli
2569 678 2779 720 sessum
2824 659 3620 734 (lignettir,,concetlere:nam
3663 656 3770 711 etsi

2170 758 2362 822 Wazo,
2395 757 2543 828 rugis
2573 754 2857 813 confectus
2899 761 2953 807 et
2974 750 3152 815 senio,
3192 748 3442 818 indignus
3478 759 3568 802 est
3595 747 3775 801 bono-

2174 850 2308 914 rari,
2332 857 2511 902 tamen
2534 845 2870 902 sacerdotem
2898 850 2953 897 et
2982 855 3138 897 sacro
3157 839 3453 895 chrismate
3486 838 3775 891 iniunctum

2174 941 2400 996 dedecet
2447 941 2588 993 inter
2642 935 2932 1007 pupulares
2982 942 3090 989 tam
3144 933 3432 988 inhoneste
3457 931 3705 1000 fatigari.
3742 951 3768 983 ι

2176 1029 2476 1099 Imperator
2505 1036 2708 1091 autem,
2759 1034 2946 1095 utpote
2974 1025 3065 1094 qui
3100 1021 3363 1093 ejusmodi
3402 1021 3570 1075 homo
3606 1030 3772 1082 esset,

2178 1123 2269 1192 qui
2303 1122 2407 1176 sibi
2445 1135 2607 1190 super
2637 1118 2923 1188 episcopos
2962 1121 3286 1186 potestatem
3336 1110 3504 1167 nimis
3533 1109 3776 1166 carnali-

2183 1223 2286 1278 ter,
2332 1227 2399 1267 ne
2428 1211 2604 1266 dicam
2639 1208 2943 1271 ambitiose,
2989 1212 3258 1276 quaereret
3283 1202 3551 1273 usurpare
3577 1218 3593 1255 :
3623 1219 3643 1252 ι
3666 1200 3779 1270 Ego

2181 1319 2332 1367 vero,
2382 1301 2577 1372 inquit,
2629 1297 2879 1353 similiter
2927 1310 3084 1351 sacro
3121 1293 3265 1360 oleo,
3318 1293 3443 1348 data
3486 1291 3622 1345 mihi
3668 1306 3787 1360 pra:

2185 1398 2398 1451 caneris
2425 1393 2725 1464 imperandi
2750 1400 3041 1462 potestate,
3071 1404 3188 1447 sum
3213 1395 3533 1461 perunctus.
3556 1406 3576 1439 ι
3607 1386 3779 1453 Quem

2185 1499 2405 1546 econtra
2437 1488 2667 1545 antistes
2714 1486 2963 1542 veritatis
3014 1483 3132 1540 zelo
3174 1481 3511 1552 justitiaque
3566 1478 3787 1533 fervore

2187 1582 2542 1638 vehementer
2580 1593 2844 1635 accensus
2883 1577 3080 1632 talibus
3117 1574 3359 1631 breviter
3394 1570 3780 1627 instruendum

2189 1670 2310 1730 esse
2337 1673 2550 1729 censuit
2578 1688 2592 1726 :
2617 1693 2634 1723 ε
2657 1671 2798 1737 Alia,
2822 1671 3094 1740 inquiens,
3119 1675 3276 1724 estet
3294 1665 3501 1735 longea
3530 1661 3786 1718 sacerdo-

2194 1766 2287 1821 tali
2314 1764 2570 1820 dilferens
2598 1772 2776 1818 vestra
2802 1762 2920 1816 haec
2955 1774 3120 1829 quam
3144 1756 3391 1813 asseritis
3410 1753 3631 1819 unctio;
3658 1750 3788 1821 quia

508 1877 639 1935 CAP.
671 1874 904 1931 XXVIII.
942 1873 1290 1931 Insimulalus
1313 1878 1376 1931 ab
1403 1877 1715 1947 imperatore
1735 1876 1859 1948 quid
1890 1875 2090 1945 fecerit,

2215 1874 2294 1913 rer
2321 1873 2442 1913 eam
2471 1870 2569 1910 vos
2593 1855 2661 1909 ad
2694 1851 3157 1914 mortificandum,
3185 1862 3285 1903 nos
3315 1854 3547 1902 auctore
3590 1844 3703 1899 Deo
3722 1841 3791 1895 ad

854 2006 857 2007 ν
1019 1948 1205 2019 quidve
1232 1948 1572 2018 responderit.

579 2042 698 2097 Alio
720 2041 953 2114 quodam
985 2049 1226 2112 tempore
1254 2039 1381 2096 dum
1404 2039 1638 2095 edictum
1664 2038 1858 2095 fuisset
1883 2048 1937 2094 ut
1962 2052 2094 2110 gens

508 2134 831 2201 Fresonum,
854 2149 974 2204 qua:
994 2133 1130 2189 duce
1154 2132 1488 2188 Theoderico
1510 2132 1820 2204 imperatori
1841 2145 2098 2202 repugna-

510 2229 627 2293 bat,
669 2225 847 2281 navali
879 2226 1115 2296 undique
1165 2225 1304 2282 bello
1349 2234 1645 2295 peteretur,
1693 2224 1803 2290 ille,
1854 2224 1932 2278 uti
1978 2232 2100 2277 erat

513 2332 743 2392 paterno
789 2310 979 2375 affectu
1007 2361 1020 2382 ,
1074 2320 1271 2374 timens
1322 2318 1526 2373 militiae
1576 2316 1782 2371 nullum
1811 2330 1842 2371 e
1872 2315 2101 2370 navibus

513 2415 791 2488 praeliandi
820 2431 975 2470 usum
1019 2424 1304 2480 assecutus,
1355 2412 1514 2468 simul
1559 2428 1627 2468 ne
1655 2419 1875 2483 paratas
1900 2410 2002 2466 sibi
2032 2410 2102 2464 ab

516 2506 764 2563 hostibus
811 2505 1073 2562 incideret
1118 2505 1361 2570 insidias,
1402 2503 1701 2575 przesertim
1729 2517 1850 2558 cum
1881 2502 1947 2555 ad
1976 2516 2104 2556 con-

519 2601 720 2656 dictum
769 2599 1130 2672 congregandi
1176 2598 1450 2653 exercitus
1496 2598 1672 2652 locum
1725 2611 1819 2665 per
1851 2597 2101 2658 ducenta,

519 2702 616 2749 aut
659 2708 724 2749 eo
764 2692 995 2764 amplius
1031 2690 1279 2745 milliaria
1313 2690 1491 2745 triduo
1522 2688 1635 2759 (52)
1664 2687 1839 2743 eundo
1870 2685 2109 2754 accepis-

521 2795 604 2841 set
654 2784 1010 2851 mandatum,
1060 2784 1511 2839 concurrentibus
1573 2790 1647 2836 tot
1710 2778 2108 2835 ratimiabilium

523 2894 813 2935 causarum
840 2877 1243 2933 difﬁcultatibus
1270 2893 1338 2931 ne
1368 2891 1638 2947 quoquam
1662 2874 1976 2936 discederet,
2008 2887 2109 2925 neu

524 2971 713 3027 fideles
756 2970 1013 3026 Ecclesia:
1060 2969 1259 3025 frustra
1308 2978 1552 3034 vexaret,
1589 2968 1871 3024 consilium
1903 2966 2109 3021 habuit.

523 3064 640 3119 Itur
668 3079 797 3135 ergo
823 3064 875 3118 in
903 3063 1219 3119 Fresoniatn
1268 3074 1323 3118 et
1352 3063 1559 3119 reditur
1584 3061 1652 3115 ab
1679 3059 1917 3115 exercitu
1949 3074 2115 3112 nava-

527 3158 673 3214 libus
715 3158 885 3233 armis
918 3157 1180 3213 instructo
1206 3196 1221 3221 ,
1259 3171 1380 3211 cum
1430 3172 1535 3209 non
1586 3153 1757 3208 multo
1802 3161 1923 3221 post
1951 3150 2117 3206 collo-

2197 1948 2580 2004 viviticaudum
2634 1942 2815 2001 ornati
2890 1955 3128 1998 sumus:
3161 1938 3303 1993 unde
3352 1944 3626 2006 quantum
3680 1931 3795 1984 vita

2198 2056 2372 2096 morte
2419 2036 2787 2110 praestantior,
2819 2043 3034 2089 tantum
3081 2037 3265 2085 nostra
3312 2035 3496 2083 vestra
3539 2022 3799 2077 unctione

2198 2133 2316 2188 sine
2366 2131 2528 2186 dubio
2583 2136 2665 2184 est
2721 2123 3093 2182 excellentior.
3132 2140 3152 2173 ι
3209 2117 3434 2174 Talibus
3476 2112 3797 2169 ﬂuctuantis

2200 2224 2381 2280 mundi
2403 2222 2641 2290 jactatus
2666 2216 2941 2289 procellis,
2970 2215 3182 2284 peritus
3215 2205 3602 2266 nauta‘navim
3642 2219 3797 2259 suam

2201 2317 2385 2373 odoris
2411 2315 2670 2369 virtutum
2713 2310 2891 2381 pomis
2919 2305 3177 2363 refertam
3221 2301 3291 2357 ad
3333 2297 3649 2355 innocentis
3673 2296 3799 2348 vita

2202 2419 2256 2462 et
2287 2405 2633 2463 conscientim
2685 2404 2841 2459 bona:
2890 2397 3097 2453 reflexit
3138 2402 3388 2466 portum;
3447 2399 3505 2445 et
3534 2387 3701 2444 fortis
3743 2385 3800 2438 in

2206 2498 2449 2556 adversis
2477 2494 2809 2564 humilisque
2845 2492 2897 2549 in
2928 2488 3204 2561 prosperis
3244 2485 3386 2541 sicut
3424 2480 3623 2538 mundi
3652 2478 3804 2533 leno-

2207 2593 2367 2650 ciniis
2398 2589 2644 2661 nequivit
2667 2585 2866 2657 frangi,
2897 2584 2975 2641 sic
3002 2596 3100 2637 nec
3143 2578 3443 2635 terroribus
3470 2574 3651 2628 valuit
3673 2585 3805 2627 cou-

2209 2686 2342 2753 cuti,
2378 2685 2565 2740 dicens
2595 2696 2720 2737 cum
2770 2675 3057 2733 Psalmista
3086 2692 3101 2727 :
3127 2671 3385 2727 Dominus
3427 2665 3564 2721 mihi
3592 2665 3809 2735 adjutor

2211 2792 2311 2847 est,
2341 2795 2445 2834 non
2473 2774 2663 2830 timebo
2693 2772 2819 2844 quid
2849 2769 3011 2841 faciat
3038 2766 3166 2821 mihi
3193 2766 3366 2819 homo.

2245 2893 2447 2950 Carur.
2481 2887 2674 2945 XXIX.
2719 2885 2863 2952 Quos
2898 2879 3168 2966 agonales
3211 2874 3613 2948 pmbendarios
3640 2887 3769 2939 _con-

2880 2954 3126 3010 stituerit.
3812 2954 3819 2960 ·

2289 3058 2450 3114 Redit
2479 3055 2645 3125 igitur
2670 3050 2879 3107 calcato
2925 3043 3112 3101 mundi
3145 3041 3360 3097 turbine
3404 3039 3476 3093 ad
3526 3035 3606 3090 tui
3634 3033 3811 3094 ovilis,

2220 3152 2377 3205 beata
2408 3124 2515 3203 Dei
2552 3141 2821 3206 Genitrix,
2872 3146 2928 3194 et
2973 3133 3231 3204 martyris
3272 3128 3553 3185 Lamberti
3607 3124 3814 3189 caulas,

530 3251 719 3322 quium
752 3228 1014 3315 habetur;
1046 3250 1110 3304 ad
1142 3249 1283 3320 quod
1315 3246 1553 3319 pontifex
1587 3255 1770 3301 noster
1798 3243 2109 3306 accersitus,

2222 3242 2473 3298 omnibus
2502 3235 2720 3308 palatiis
2758 3245 2945 3301 regum
2984 3226 3282 3299 gratiores;
3328 3229 3384 3277 et
3415 3226 3616 3291 pastor
3645 3216 3819 3270 bonus

512 3344 979 3416 ‘transgressionis
1004 3344 1334 3414 imperatorii
1360 3343 1520 3398 edicti
1546 3341 1885 3408 aliorumque
1915 3346 2009 3392 aut
2029 3350 2124 3391 ne-

536 3436 804 3507 gligenter
825 3449 917 3490 aut
941 3435 1229 3491 infideliter
1251 3443 1525 3506 gestorum
1548 3433 1786 3503 graviter
1807 3429 2125 3491 arcessitur,

545 3528 933 3583 accusantibus
971 3525 1169 3595 injuste
1210 3525 1341 3596 ipsis
1369 3526 1460 3596 qui
1494 3524 1733 3595 ejusdem
1758 3533 2129 3591 saepenumero

540 3619 827 3692 magnifice
857 3621 938 3674 usi
968 3619 1181 3673 fuerant
1215 3617 1519 3673 beneficiis.
1551 3614 1796 3683 Cumque
1820 3611 1887 3666 ad
1918 3608 2127 3681 singula

541 3726 662 3781 qua:
678 3708 1076 3780 objiciebautur
1093 3708 1487 3763 rationabiliter
1512 3721 1635 3762 sese
1658 3717 1890 3775 purgare
1910 3709 2130 3771 paratus

543 3811 706 3867 esset,
734 3803 779 3859 si
825 3802 1119 3858 excusandi
1154 3802 1306 3870 copia
1330 3802 1570 3864 daretur,
1603 3795 1974 3853 succlamante
2006 3792 2133 3846 hinc

446 3898 449 3907 ‘
546 3894 709 3966 regiae
739 3893 911 3965 partis
940 3891 1282 3947 adulatorum
1332 3890 1574 3953 fremitu,
1602 3888 1729 3943 hinc
1754 3886 2131 3956 episcoporum

546 3986 775 4043 consilia
804 3984 1176 4040 exhibentium
1209 3983 1533 4039 adhortante
1576 3988 1739 4043 cmtu,
1771 3975 1867 4032 soli
1900 3975 1953 4029 in
1989 3981 2136 4030 tanto

547 4080 768 4137 turbine
801 4079 1160 4150 deprehenso,
1206 4076 1409 4132 diutius
1456 4073 1616 4129 reniti
1675 4067 2020 4140 imperatoris
2046 4080 2141 4120 vo-

551 4169 748 4225 luntati
779 4184 1124 4243 nequaquam
1144 4165 1449 4222 constantia
1466 4161 1588 4218 fuit.
1614 4160 1983 4229 Tandemque,
2012 4156 2139 4227 quia

551 4261 794 4333 potentis
821 4262 991 4317 animi
1037 4259 1338 4332 indignatio
1369 4272 1477 4313 non
1525 4255 1682 4309 aliter
1714 4252 1839 4307 .visa
1872 4258 1956 4304 est
1984 4261 2143 4318 posse

555 4353 739 4419 leniri,
768 4352 838 4408 ad
865 4352 1028 4422 pedes
1060 4352 1176 4420 ejus
1205 4350 1405 4405 invitus
1434 4345 1708 4418 acquievit
1736 4341 2033 4405 incurvari,
2064 4348 2145 4393 at-

2225 3336 2292 3389 ad
2327 3342 2526 3388 aeterna
2555 3342 2755 3399 pascua
2786 3337 2917 3379 oves
2963 3318 3272 3377 Dominicas
3312 3327 3475 3384 agere
3512 3308 3817 3366 contende-

2226 3425 2340 3488 bat,
2373 3430 2534 3489 atque
2559 3395 2619 3472 in
2645 3414 2809 3484 hujus
2837 3409 3054 3466 interim
3086 3407 3208 3461 vita:
3248 3404 3338 3458 via
3366 3400 3553 3456 multis
3588 3395 3821 3452 difﬁcul-

2229 3524 2402 3570 tatum
2474 3506 2860 3578 asperitatibus
2915 3500 3166 3563 consita,
3244 3504 3355 3551 tota
3412 3491 3585 3547 animi
3646 3489 3819 3543 inten-

2232 3609 2380 3664 tione
2409 3606 2463 3659 in
2493 3603 2574 3658 eis
2624 3599 2769 3669 quod
2820 3592 3157 3650 confractum
3201 3588 3399 3648 fuerat,
3428 3583 3715 3652 alligabat,
3766 3588 3822 3633 et

2232 3701 2376 3775 quod
2401 3697 2674 3753 infirmum
2697 3686 3086 3747 consolidabat,
3111 3692 3168 3739 et
3189 3681 3331 3751 quod
3354 3679 3575 3775 firmum
3597 3684 3658 3731 et
3684 3674 3821 3728 forte

2234 3765 2591 3847 custodiebat,
2601 3780 2856 3850 judicans
2884 3789 3075 3831 senon
3101 3770 3224 3833 sibi,
3249 3767 3343 3824 sed
3364 3765 3472 3821 illis
3503 3774 3682 3819 totum
3705 3774 3825 3815 esse

2235 3896 2292 3942 et
2319 3885 2519 3939 vivere.
2556 3877 2806 3932 Vidimus
2829 3869 3018 3942 viginti
3052 3867 3294 3938 quinque
3316 3856 3647 3932 prabendas
3669 3854 3739 3908 ab
3761 3866 3823 3907 eo

2239 3981 2429 4035 inuno
2455 3973 2541 4029 die
2584 3971 2760 4030 datas,
2808 3976 3039 4035 quarum
3096 3953 3404 4028 quindecim
3458 3946 3824 4005 deservitores

2240 4066 2532 4124 canonicos
2561 4062 2614 4115 in
2639 4055 2870 4114 ecclesia
2897 4047 3357 4106 victoriosissimaa
3386 4041 3605 4104 Crucis,
3640 4037 3825 4092 decem

2242 4162 2297 4215 in
2326 4150 2707 4212 Bartholomrei
2738 4142 2967 4218 apostoli
2992 4139 3222 4197 ecclesia
3258 4150 3326 4190 ex
3356 4131 3521 4190 bonis
3542 4127 3741 4198 majori
3766 4140 3829 4180 ex

2243 4262 2399 4325 parte
2423 4268 2452 4306 a
2480 4263 2600 4305 sese
2630 4240 2915 4314 acquisitis
2945 4233 3253 4297 constituit,
3287 4230 3395 4302 (53,
3452 4223 3595 4279 nihil
3650 4220 3722 4275 ab
3753 4220 3830 4274 eis

2245 4314 2495 4418 quaerens
2524 4338 2626 4395 nisi
2656 4334 2856 4406 probos
2881 4341 3060 4385 mores
3085 4334 3142 4381 et
3162 4321 3451 4378 utilitatem
3481 4314 3690 4370 divina:
3718 4325 3835 4418 ser-

558 4462 667 4520 que
695 4462 794 4517 pro
835 4446 1012 4517 culpis
1043 4444 1376 4500 redimendis
1400 4458 1523 4512 quae
1551 4456 1657 4497 non
1685 4445 1844 4494 erant
1875 4442 2109 4490 trecenta

2246 4403 2473 4501 vitutis;
2504 4403 2670 4489 simul
2694 4442 2817 4483 cum
2849 4417 3290 4479 interminatioue
3315 4405 3690 4466 anathematis
3722 4403 3834 4520 edi-

2859 4515 2868 4520 -
3079 4508 3093 4520 .
3136 4510 3151 4520 _
3385 4506 3588 4520 ____‘_
3610 4496 3731 4520 Lm
3757 4508 3783 4520 ﬁ

561 4543 772 4613 argenti
817 4541 985 4596 libras
1015 4545 1240 4596 coactus
1279 4547 1365 4593 est
1403 4536 1702 4591 rcvadiarc.
1747 4530 1900 4598 Quod
1927 4527 2146 4597 quidem

562 4636 715 4690 omni
750 4634 960 4703 reliquo
988 4635 1115 4688 vitae
1143 4643 1384 4700 tempore
1411 4644 1534 4684 eum
1560 4625 1815 4697 pmnituit
1838 4621 2064 4683 fecisse;
2092 4627 2147 4673 et

564 4731 699 4786 licet
729 4730 1021 4800 imperator
1051 4738 1235 4799 postea
1266 4731 1513 4799 placatus
1539 4724 1719 4780 omnia
1752 4721 1827 4775 illi
1864 4733 1988 4774 cum
2020 4730 2147 4786 gra-

563 4822 642 4876 tia
671 4809 978 4891 donaverit,
1023 4834 1234 4889 semper
1271 4829 1452 4872 tamen
1483 4815 1729 4876 dolendo,
1763 4810 2057 4866 identidem
2097 4808 2150 4862 in

568 4928 630 4969 se
658 4911 1016 4983 redarguebat
1046 4927 1145 4966 cur
1168 4909 1292 4964 talis
1316 4908 1488 4979 culpae
1511 4905 1874 4977 suspicionem
1900 4910 2158 4956 constan-

570 5004 780 5060 tissime
805 5003 977 5085 etiam‘
1010 5017 1182 5073 usque
1222 5002 1291 5057 ad
1322 5001 1640 5073 sanguinem
1690 5012 1797 5052 non
1842 4991 2169 5050 removerit.

572 5098 680 5132 Qad
711 5098 833 5132 lina!
867 5099 1241 5132 οηῖοηΛιιΛιιηηι
1271 5095 1511 5132 ηηηαῖιίἰα

1558 5095 1941 5132 “tuumnon-nne
1972 5086 2025 5132 in
2058 5086 2161 5132 hac

2251 4491 2379 4585 cens
2408 4491 2623 4593 nequis
2642 4515 2985 4590 praepositus,
3012 4508 3095 4565 vel
3120 4510 3357 4564 decanos
3385 4496 3732 4593 praeteribam
3756 4491 3833 4546 al-

2253 4619 2422 4674 terius
2446 4586 2870 4671 emolumentum
2890 4601 3024 4657 lucri
3045 4599 3261 4668 exigere
3285 4593 3532 4648 auderet.
3563 4586 3834 4642 Praeterea

2255 4711 2298 4767 si
2329 4706 2545 4781 quando
2573 4701 2770 4771 aliquis
2800 4699 2855 4752 in
2896 4695 3074 4750 locum
3122 4687 3307 4743 fratris
3337 4680 3582 4781 defuncti
3625 4691 3835 4776 quare.

2258 4766 2645 4857 ret'substitui,
2664 4766 2804 4859 quia
2836 4785 3120 4840 nobiscum
3148 4790 3235 4834 res
3263 4771 3723 4833 stabiliendorum
3751 4766 3840 4821 sti-

2259 4892 2576 4965 pendiorum
2606 4881 2829 4953 respicit
2857 4877 2922 4932 ad
2945 4875 3280 4945 episcopum,
3309 4864 3690 4965 offerebantur
3707 4871 3840 4927 me

2263 4954 2330 5044 ab
2360 4987 2468 5043 illis
2491 4983 2582 5054 qui
2612 4985 2867 5050 parentes
2895 4980 2989 5026 aut
3012 4968 3152 5023 filios
3177 4960 3476 5020 canonicos
3528 4954 3650 5011 ﬁeri
3698 4965 3839 5021 qum-

2263 5083 2479 5132 rebant.
2506 5046 2893 5129 aut—fertilium
2923 5072 3178 5132 agrorum
3209 5051 3385 5117 fundi,
3414 5058 3511 5103 aut
3540 5046 3716 5101 multa
3747 5056 3842 5131 nu-
