3992 5338
229 381 326 437 757

1777 379 1954 439 VITA.

3379 383 3483 442 752

227 499 364 567 Quid
390 499 580 555 enim?
607 498 857 570 Nunquid
887 501 1017 556 dare
1046 500 1241 572 aliquis
1270 501 1443 558 valeat
1474 502 1651 573 seipso
1676 502 1805 557 cba-
1832 503 1880 563 Α
1912 515 2027 555 rum
2053 512 2114 555 ac
2152 506 2470 554 cmterorum
2502 512 2601 569 pro
2627 496 2844 553 Christo
2875 510 3115 555 .aoorntn
3138 497 3490 571 trrepreben;

225 591 378 646 rius?
406 590 594 660 lnjurii
621 606 752 662 ergo
782 608 899 647 mea
928 595 1198 649 sententia
1247 596 1472 659 erimus,
1515 597 1558 650 si
1616 595 1684 651 ab
1738 611 1803 651 eo

220 681 312 751 qui
340 682 586 752 seipsum
619 684 735 747 dat,
762 685 906 753 quod
934 684 1034 738 sibi
1061 693 1145 740 est
1192 688 1560 756 prmslantius,
1602 687 1803 758 impor-

219 784 349 829 tune
385 775 694 845 abjectiora
716 791 1042 847 quaeramus.
1070 776 1259 833 Liceat
1303 788 1480 832 tamen
1525 779 1675 848 prius
1709 796 1804 835 ex-

217 863 384 932 periri
414 865 461 918 si
493 865 691 934 quibus
718 864 911 920 studiis
939 881 1125 922 eorum
1155 868 1452 922 exercitata
1482 868 1681 923 fuerint
1710 884 1802 925 ne-

215 952 366 1022 gotia
392 971 407 1007 :
438 970 562 1024 qua:
587 956 654 1019 si,
688 964 746 1010 ut
781 958 1020 1025 expedit,
1070 958 1251 1014 valere
1300 960 1628 1022 constiterit,
1682 975 1801 1030 qua:

213 1052 478 1115 petuntur
508 1047 748 1117 gratuito
778 1048 908 1104 dare
934 1050 1107 1116 parati
1140 1065 1344 1106 sumus.
1381 1052 1443 1105 Et
1471 1068 1539 1107 ne
1568 1050 1800 1106 difficul-

215 1144 382 1189 tatem
406 1135 484 1190 rei
508 1121 898 1207 interposuisse
927 1138 1223 1205 videamur,
1255 1140 1467 1196 litteras
1492 1141 1583 1212 qui
1604 1142 1670 1195 ad
1702 1157 1798 1197 nos

211 1227 480 1283 accedere
507 1228 817 1284 desiderant
844 1228 1090 1285 afferant.
1118 1231 1232 1286 Hoc
1260 1240 1465 1287 tantum
1489 1234 1557 1289 ah
1579 1233 1658 1289 eis
1682 1249 1795 1288 mu-

209 1335 317 1375 nus
345 1330 405 1374 ut
429 1321 503 1377 sit
530 1323 759 1377 materia
781 1324 1197 1380 examinatiouis
1222 1326 1586 1395 exposcimus.
1622 1346 1639 1379 ι
1675 1326 1799 1383 ll-.cc

209 1409 394 1466 ﬁdelis
420 1414 725 1483 promissor
751 1414 978 1470 diversa:
1007 1416 1208 1481 aetatis,
1240 1427 1293 1472 et
1319 1418 1592 1488 ingenuis,
1626 1428 1683 1473 et
1731 1435 1797 1475 ex

205 1500 421 1557 familia
448 1502 705 1559 Ecclesia:
727 1504 1026 1577 progenitis
1052 1505 1363 1570 exhibebat,
1410 1509 1684 1563 nonnullis
1715 1509 1798 1564 in-

203 1607 380 1663 super
407 1594 609 1650 additis
637 1604 836 1665 praeter
877 1596 1146 1667 stipendia
1193 1597 1504 1666 beneficiis;
1554 1614 1678 1655 cum
1727 1614 1797 1656 ne

200 1695 505 1754 puerorum
532 1686 750 1756 quidem
779 1688 959 1743 minus
980 1687 1369 1761 intelligibilem
1398 1701 1638 1759 aetatem,
1660 1707 1796 1762 quos

201 1773 422 1831 videret
457 1776 656 1832 indolis
687 1792 827 1843 esse,
879 1786 935 1833 et
983 1793 1081 1847 pro
1130 1788 1291 1850 captu
1338 1797 1435 1837 suo
1483 1782 1680 1838 sciolos
1725 1783 1794 1838 ab

1907 593 2119 649 sibilem
2152 608 2335 648 coram
2369 591 2477 646 Deo
2500 600 2554 647 et
2580 592 2893 646 hominibus
2911 594 3168 650 exhibere
3199 596 3481 665 studebat;

1906 685 2113 742 nullum
2142 700 2241 739 net:
2272 684 2403 748 sibi,
2437 699 2536 738 nec.
2570 681 2693 738 aliis
2723 682 3079 741 familiaribus
3107 696 3317 743 secreta
3347 704 3484 759 pra:-

1904 777 2093 833 scntize
2141 791 2251 831 suae
2300 771 2768 844 frequentantibus
2815 788 3043 830 vacuum
3090 777 3156 831 ab
3185 791 3350 847 opere
3386 775 3485 835 Dei

1907 878 2118 940 tempus
2141 881 2260 922 esse
2292 866 2503 937 patiens
2524 907 2537 930 ,
2570 880 2676 937 quo
2706 880 2812 921 non
2860 875 2950 921 aut
2976 865 3255 935 psalleret,
3279 878 3483 935 oraret,

1905 967 1998 1012 aut
2032 958 2272 1027 legeret,
2314 963 2409 1011 aut
2452 958 2520 1010 de
2552 955 2731 1025 aliqua
2780 956 3012 1011 utilitate
3050 958 3350 1023 conferret,
3388 966 3485 1014 aut

1902 1058 2050 1104 certe
2080 1049 2144 1104 de
2174 1064 2345 1104 sacra-
2386 1047 2685 1118 Scripturae
2715 1048 3102 1117 quaestionibus
3140 1042 3438 1119 disputaret
3463 1067 3480 1106 :

1906 1142 1957 1196 in
1987 1142 2180 1211 quibus
2214 1140 2572 1196 dissolvendis
2611 1138 3003 1208 quamalacer,
3050 1155 3212 1210 quam
3257 1140 3480 1209 efficax,

1903 1248 2063 1303 quam
2106 1240 2383 1302 promptu:
2421 1240 2539 1285 erat
2571 1238 2628 1284 et
2673 1228 2870 1284 facilis!
2913 1230 3191 1286 Postremo
3223 1233 3277 1287 in
3329 1233 3480 1289 omni

1903 1321 2337 1378 confabulatione
2379 1321 2525 1389 ejus,
2564 1320 2607 1376 si
2646 1321 2864 1391 quando
2891 1322 3055 1376 etiam
3086 1338 3117 1377 a
3151 1324 3309 1379 seriae
3337 1312 3487 1381 esset.

1902 1416 1980 1472 rei
2010 1417 2188 1486 rigore
2210 1416 2415 1481 laxata,
2446 1423 2705 1485 quantam
2738 1415 3054 1485 dignitatem
3074 1456 3088 1480 ,
3116 1425 3484 1489 quautamqut

1895 1507 2290 1578 jucunditatem
2324 1507 2502 1562 inesse
2528 1506 2736 1576 liquido
2775 1514 2895 1561 erat
2940 1507 3237 1577 respiceret
3272 1508 3362 1577 qui
3391 1504 3483 1563 vita

1903 1616 2030 1656 raro
2060 1608 2154 1654 aut
2196 1614 2471 1669 nunquam
2510 1596 2654 1661 cibo,
2695 1596 2778 1650 vel
2825 1612 3038 1661 somno,
3085 1598 3185 1651 nisi
3218 1609 3481 1666 quantum

1901 1699 2109 1747 natura:
2133 1690 2429 1746 necessitas
2453 1697 2687 1760 cogeret,
2712 1687 3010 1743 indulserit.
3033 1687 3138 1743 Sed
3165 1690 3286 1759 quis
3299 1690 3481 1745 omnia

1902 1782 2043 1839 dicta
2072 1781 2213 1851 ejus,
2246 1781 2331 1837 vel
2363 1782 2505 1835 facta
2535 1787 2834 1835 memoratu
2861 1779 3041 1851 digna,
3067 1778 3150 1834 vel
3178 1778 3483 1835 eruditissi-

202 1866 312 1920 hac
337 1865 617 1938 largitatis
648 1883 759 1924 suae
783 1868 952 1939 janua
984 1870 1298 1926 excluserit.
1326 1871 1545 1929 Talibus
1572 1873 1791 1943 pietatis
1823 1871 1867 1931 Β
1896 1889 2016 1931 mus
2046 1874 2186 1946 ston
2212 1871 2730 1943 comprehenderet?
2758 1872 2907 1927 Adeo
2930 1870 3137 1927 meritis
3160 1870 3277 1941 ejus
3298 1872 3480 1926 omnia

200 1970 318 2011 sua:
347 1957 637 2013 beneﬁciis
668 1958 736 2012 ad
782 1973 1021 2015 amorem
1067 1961 1230 2016 studii
1279 1963 1570 2018 multorum
1621 1963 1787 2018 animi

198 2047 604 2115 accenduntur,
652 2057 708 2103 et
758 2052 1045 2107 nonnullos
1072 2054 1163 2124 qui
1214 2053 1498 2109 mobilitati
1546 2056 1788 2110 animum

194 2138 486 2195 dedissent
508 2141 745 2196 vidimus
775 2142 841 2196 ad
870 2143 1049 2197 studia
1098 2159 1412 2210 conversos,
1460 2146 1637 2216 obque
1684 2148 1787 2201 im—

196 2230 531 2300 probitatem
563 2231 770 2288 lahoris
796 2247 919 2288 cum
962 2233 1309 2305 perfectionis
1334 2237 1504 2304 gratia
1559 2252 1588 2291 a
1640 2246 1789 2293 tanto

197 2319 469 2393 largitore
499 2323 820 2378 canonicam
849 2324 1106 2381 Ecclesiae
1135 2328 1327 2398 stipem
1361 2336 1639 2383 asseeutos

195 2431 327 2489 Car.
372 2433 546 2490 XXX.
588 2435 668 2491 De
708 2437 983 2511 impendiis
1008 2438 1073 2493 ab
1101 2456 1162 2495 eo
1195 2442 1264 2495 ad
1292 2441 1517 2511 (edi/icio
1542 2442 1699 2510 datis,
1738 2452 1787 2498 et

691 2508 806 2562 vita’
828 2508 942 2579 ejus
971 2511 1306 2579 perfectione.

261 2598 391 2654 Jam
423 2615 555 2656 vero
581 2599 627 2657 si
665 2601 750 2656 cui
780 2617 844 2656 ex
871 2602 1018 2658 clero
1049 2612 1143 2658 aut
1166 2605 1332 2660 etiam
1359 2621 1424 2661 ex
1454 2606 1606 2661 laicis
1654 2607 1783 2661 mdi-

193 2689 319 2745 licia
345 2700 564 2747 struere
593 2692 809 2748 animus
836 2704 1000 2761 esset,
1023 2694 1212 2752 hilaris
1237 2699 1392 2753 dator
1420 2697 1784 2768 largissimam

189 2796 536 2856 gravemque
566 2800 677 2842 aere
722 2787 1047 2859 porrigendo
1094 2805 1313 2846 manum
1364 2792 1430 2847 ad
1483 2791 1534 2847 id
1587 2792 1787 2853 laboris

188 2891 316 2932 sese
360 2875 581 2932 volebat
636 2877 849 2932 admitti
895 2890 1324 2951 cooperatorem.
1370 2882 1521 2954 Quod
1567 2902 1668 2957 ego
1697 2886 1785 2942 bo-

190 2984 324 3026 num
390 2968 514 3041 ejus
576 2968 760 3027 multis
830 2980 955 3027 ante
1018 2981 1074 3029 et
1142 2985 1263 3045 post
1328 2978 1628 3050 impensum
1704 2984 1788 3039 in-

190 3060 360 3136 digno
432 3060 565 3119 mihi
638 3070 693 3117 et
772 3077 879 3120 non
956 3070 1234 3136 merenti,
1311 3088 1432 3128 cum
1500 3074 1784 3146 benignis-

184 3156 330 3211 sime
360 3164 479 3212 tum
509 3156 814 3227 largissime
846 3161 1148 3217 exbibitum
1188 3163 1240 3218 in
1272 3166 1432 3221 simili
1471 3182 1632 3236 opere
1659 3185 1779 3225 sum

1894 1967 2163 2022 minorata
2193 1974 2350 2031 sunt,
2382 1981 2502 2036 qua:
2542 1964 2608 2019 de
2642 1972 2791 2018 tanto
2820 1962 2935 2018 viro
2970 1963 3203 2035 elinguis
3239 1963 3479 2034 parvitas

1892 2072 2080 2119 nostra
2129 2062 2216 2115 vix
2249 2060 2447 2116 sullicit
2492 2058 2788 2128 explicare.
2834 2057 2941 2111 Sed
2988 2066 3043 2112 et
3082 2055 3185 2111 alia
3222 2072 3341 2125 quae
3371 2056 3476 2110 dici

1890 2163 2114 2225 possent
2163 2153 2228 2209 de
2272 2153 2383 2206 vita
2434 2150 2703 2221 pontificis
2750 2147 2921 2204 nostri
2966 2147 3227 2220 insignia;
3267 2165 3385 2219 qua:
3431 2149 3477 2203 si

1890 2259 2211 2300 enumerare
2232 2243 2460 2298 velimus
2479 2256 2578 2311 per
2600 2240 2830 2312 singula,
2856 2255 2963 2295 non
2983 2238 3095 2308 jam
3123 2239 3475 2303 breviarium,

1891 2345 1948 2391 ut
1986 2335 2209 2406 polliciti
2242 2351 2460 2400 sumus,
2513 2334 2607 2389 sed
2644 2332 2921 2404 proposito
2967 2331 3226 2403 majorem
3270 2325 3482 2386 codicis

1889 2428 2218 2484 incurrimus
2260 2427 2654 2499 quantitatem;
2689 2440 2752 2480 ac
2780 2424 2823 2479 si
2860 2424 2951 2495 qui
2979 2424 3284 2494 stagnantis
3319 2423 3470 2478 lacus

1888 2534 2053 2590 parva
2100 2519 2264 2573 lintre
2308 2516 2533 2571 nimium
2568 2530 2792 2570 securus
2833 2514 3015 2586 pergit
3055 2514 3296 2579 sulcare,
3342 2513 3471 2568 dum

1889 2610 2096 2675 nescit,
2125 2610 2318 2664 vicinis
2351 2608 2585 2679 aequoris
2622 2606 2924 2661 metuendis
2966 2604 3289 2661 absorbetur
3317 2603 3468 2660 testi-

1887 2701 2021 2768 bus,
2056 2710 2111 2757 et
2140 2716 2168 2754 a
2207 2699 2398 2756 mediis
2427 2697 2680 2769 periculis
2723 2708 2841 2769 post
2876 2697 3095 2752 dorsum
3139 2696 3468 2766 reSpiciens,

1888 2809 2012 2851 sero
2044 2792 2410 2850 reminiscitur
2441 2807 2630 2862 magna
2664 2787 2845 2862 parvis
2888 2797 3096 2845 tentare
3127 2787 3471 2844 adminiculis

1887 2894 2105 2962 quantae
2131 2884 2294 2942 fuerit
2317 2883 2659 2941 temeritatis.
2687 2880 2793 2937 Sed
2822 2887 3043 2953 przestat
3072 2880 3309 2946 interim,
3341 2880 3469 2936 dum

1888 2996 1976 3037 res
2008 2981 2059 3036 in
2090 2979 2477 3051 tranquillitate
2504 2985 2647 3041 sunt,
2686 2975 2754 3030 ad
2782 2974 2979 3030 littoris
3004 2975 3156 3029 sinus
3185 2972 3337 3029 clavo
3360 2972 3473 3027 fra-

1886 3076 2049 3147 gilem
2095 3075 2332 3131 lembum
2376 3071 2677 3137 reflectere,
2701 3084 2767 3125 ne
2800 3067 2843 3123 si
2879 3066 3023 3138 quod
3070 3064 3213 3120 vires
3242 3063 3471 3120 excedat

1888 3168 2280 3223 tentaverimus
2302 3207 2318 3234 ,
2356 3181 2461 3221 non
2492 3174 2600 3219 tam
2629 3176 2849 3219 cursum
2878 3172 3064 3232 agere,
3099 3158 3193 3214 sed
3217 3156 3471 3214 ﬂuctibus

182 3261 476 3319 expertus,
507 3250 782 3321 accipiens
816 3267 845 3305 a
875 3260 982 3307 tam
1013 3254 1266 3313 munifico
1296 3257 1551 3330 largitore
1586 3277 1783 3320 munus
1808 3232 1854 3295 Ο
1890 3259 2272 3314 miserabiliter
2297 3256 2451 3313 obrui
2481 3255 2784 3312 videamur.

181 3349 312 3394 octo
350 3340 616 3396 librarum
644 3358 769 3398 eum
801 3343 926 3399 aliis
963 3344 1147 3403 multis
1178 3350 1246 3405 ad
1282 3350 1396 3407 haec
1423 3356 1778 3424 necessariis;

181 3445 313 3484 cum
337 3446 450 3486 non
474 3432 645 3487 multo
658 3446 783 3503 post
797 3437 869 3491 nil
887 3438 1149 3505 speranti,
1172 3440 1369 3511 quippe
1383 3443 1474 3514 qui
1497 3445 1779 3501 minimum

182 3523 653 3591 promeruissem,
706 3530 1067 3584 mediocritati
1119 3546 1251 3587 mea:
1296 3549 1595 3607 congruum
1646 3540 1781 3595 satis

184 3613 417 3686 insuper
455 3615 650 3685 adjecit
693 3617 1035 3675 beneficium.
1075 3620 1270 3677 Parum
1320 3635 1405 3681 est
1441 3628 1583 3697 quod
1632 3629 1773 3697 dico,

185 3706 398 3776 majora
431 3710 767 3765 memorabo.
803 3709 1055 3767 Miserum
1090 3728 1207 3779 me,
1251 3716 1337 3770 vix
1369 3715 1523 3773 fateri
1571 3721 1774 3791 audeo,

170 3790 310 3850 cum
353 3812 444 3853 me
482 3798 921 3870 indignissimum
959 3810 1016 3857 et
1049 3802 1365 3861 confusione
1402 3807 1623 3878 plenum
1653 3810 1773 3867 dul-

180 3887 414 3944 cissimo
469 3888 563 3944 illo
610 3905 709 3945 suo
757 3889 1072 3948 excellentis
1118 3893 1360 3950 scientiae
1408 3904 1461 3951 et
1510 3898 1775 3970 elegantis

183 3978 392 4049 ingenii
441 3978 554 4035 sale
606 3981 825 4036 condito
856 3981 1172 4053 dignaretur
1207 3983 1479 4054 alloquio,
1528 4004 1774 4046 nonnun-

180 4084 348 4139 quam
376 4069 694 4138 psalmodia:
715 4084 770 4127 et
790 4075 1050 4130 orationis
1075 4090 1181 4131 non
1206 4077 1504 4149 repellebar
1528 4090 1769 4149 secreto;

179 4159 308 4215 licet
354 4160 560 4230 sapius
595 4171 796 4230 quanto
823 4165 1095 4231 solitarie,
1127 4169 1279 4223 tanto
1312 4168 1501 4225 devote
1525 4182 1685 4228 nocte
1718 4183 1774 4228 et

178 4263 343 4304 mane
383 4249 490 4305 soli
532 4249 646 4306 Deo
682 4252 736 4305 in
774 4255 1111 4326 orationibus
1144 4273 1338 4314 vacare
1381 4260 1572 4316 solitus
1601 4272 1767 4320 esset.

177 4339 458 4398 Prmterea
485 4343 653 4400 certis
681 4344 735 4400 in
770 4346 1103 4403 bebdomada
1140 4350 1325 4417 feriis,
1351 4352 1436 4410 vel
1465 4367 1612 4409 certe
1628 4355 1770 4427 jeju-

174 4434 397 4490 niorum
464 4443 711 4505 tempore
765 4452 831 4491 ex
888 4430 1278 4495 consuetudine
1331 4442 1563 4498 solemni
1620 4445 1767 4500 nulla

174 4539 424 4596 unquam
475 4523 674 4581 hiemis
717 4534 1039 4596 tempestate
1076 4530 1412 4598 retardatus,
1462 4534 1764 4602 patrocinia

171 4620 338 4689 pedes
374 4619 560 4674 nudus
607 4627 916 4675 sanctorum
956 4620 1248 4687 circuibat;
1291 4638 1416 4679 cum
1454 4624 1596 4680 inter
1633 4641 1768 4680 eun-
1799 4602 1844 4661 υ

168 4709 296 4766 dum
327 4724 555 4781 semper
578 4709 920 4782 eleemosyna
947 4712 1065 4782 ejus
1095 4713 1148 4767 in
1178 4728 1339 4768 manu
1367 4730 1549 4770 secum
1580 4717 1767 4771 deam-

168 4801 412 4860 bulantis
448 4803 774 4868 desudaret,
818 4804 992 4861 donec
1018 4814 1331 4862 occurreret
1371 4809 1457 4863 cui
1487 4824 1552 4864 ea
1599 4810 1763 4864 etiam

168 4897 436 4953 nescienti
495 4905 756 4967 tanquam
797 4895 1030 4953 Christo
1088 4902 1539 4959 committeretur.
1606 4902 1767 4959 Refe—

167 4989 362 5046 ctionis
385 5004 522 5045 vero
546 4989 682 5044 hora
711 5003 1045 5059 quaecunque
1063 4999 1251 5061 parata
1278 5001 1434 5047 erant
1461 4994 1759 5064 pulmenta,

169 5097 231 5138 ac
262 5083 309 5139 si
337 5081 658 5153 epulaturo,
688 5080 853 5136 nullis
883 5082 1178 5137 reservatis
1200 5084 1289 5152 qui
1317 5084 1400 5139 vel
1428 5101 1458 5141 a
1498 5101 1589 5154 se,
1620 5086 1757 5142 vela

1886 3349 2015 3405 CAP.
2045 3347 2237 3404 XXXI.
2274 3346 2347 3403 De
2374 3346 2675 3400 imminente
2705 3360 2937 3414 corporis
2963 3359 3078 3413 ejus
3102 3340 3466 3398 dissolutione.

1957 3438 2382 3512 [Praetermissis
2408 3437 2521 3508 ('54)
2553 3436 2737 3505 igitur,
2768 3443 2826 3489 ut
2856 3434 3058 3489 dictum
3081 3441 3186 3499 est,
3220 3431 3471 3507 pluribus

1886 3539 1993 3585 tam
2045 3531 2205 3586 dictis
2259 3545 2421 3603 quam
2473 3527 2635 3584 factis
2688 3524 2927 3596 ejusdem
2978 3524 3303 3581 venerabilis
3362 3522 3471 3578 viri

1882 3621 2172 3677 admodum
2218 3627 2522 3676 memoratu
2558 3617 2763 3690 dignis,
2800 3616 3032 3672 termino
3069 3617 3270 3670 chartae
3300 3610 3475 3669 ﬁnem’

1882 3717 2008 3773 vitae
2037 3715 2152 3785 ejus
2180 3714 2453 3785 explicare
2480 3712 2816 3775 Studeamus,
2843 3724 2948 3779 qua
2976 3715 3148 3763 morte
3180 3706 3342 3761 homo
3373 3704 3463 3759 hic

1882 3804 1978 3864 Dei
2009 3817 2221 3863 terrena
2253 3805 2534 3875 linquens,
2572 3800 2816 3858 etelestia
2857 3806 3148 3870 penetrans
3172 3837 3186 3862 ,
3226 3794 3467 3881 feliciter.

1881 3900 2080 3966 exivit;
2115 3909 2170 3955 et
2206 3912 2422 3970 gregem
2449 3894 2659 3950 Domini
2688 3890 2956 3947 insolabili
2997 3901 3230 3942 ma'rore
3272 3884 3459 3942 confe-

1877 4001 2025 4049 ctum
2050 3987 2372 4045 suavissima
2392 3984 2474 4041 sui
2505 3981 2794 4055 praesentia
2823 3977 3070 4051 egregius
3090 3984 3278 4048 pastor
3300 3975 3457 4029 deso-

1876 4074 2026 4137 lavit.
2056 4081 2226 4148 Quem
2253 4077 2469 4147 quidem
2498 4073 2918 4143 omnipotentem
2951 4070 3127 4124 Deum
3150 4066 3217 4121 ab
3241 4079 3305 4121 eo
3330 4079 3460 4134 pre-

1877 4176 2029 4231 cibus
2080 4180 2364 4227 exoratum
2406 4181 2557 4234 esse,
2609 4178 2768 4219 nemo
2794 4161 2887 4233 qui
2932 4160 3096 4214 vitam
3146 4157 3264 4229 ejus
3304 4155 3458 4211 novit

1875 4265 2143 4336 ambigat,
2188 4276 2310 4318 cum
2342 4259 2446 4315 hoc
2484 4267 2538 4313 et
2578 4255 2892 4325 frequentes
2929 4251 2989 4306 in'
3012 4249 3258 4306 oratione
3288 4257 3456 4303 testa-

1873 4366 2064 4413 rentur
2091 4356 2341 4426 lacryma;
2360 4395 2374 4421 ,
2399 4360 2453 4408 et
2483 4352 2597 4423 ipse
2623 4344 2896 4403 communi
2926 4357 3314 4414 nonnunquam
3342 4355 3460 4396 ser-

1872 4466 2038 4505 mone
2087 4463 2213 4503 cum
2259 4447 2342 4501 his
2396 4444 2488 4516 qui
2547 4441 2648 4497 sibi
2700 4436 3022 4494 familiarius
3070 4433 3456 4497 adhaerebant,

1872 4557 2044 4597 annos
2080 4556 2207 4596 suos
2237 4554 2301 4594 ac
2326 4538 2369 4594 si
2393 4538 2600 4593 dierum
2628 4532 2845 4588 malitia:
2869 4529 3057 4600 plenos
3083 4528 3154 4582 sit
3178 4534 3453 4589 causatus,

1870 4634 2034 4689 etiam
2071 4640 2284 4702 tempus
2322 4644 2442 4686 esse
2471 4643 2580 4699 quo
2617 4622 2886 4679 infelicem
2930 4627 3154 4675 exueret
3181 4617 3457 4672 hominem

1872 4726 1943 4780 sit
1969 4720 2357 4795 protestatus].
2393 4720 2616 4776 Sextum
2643 4718 2710 4772 ab
2731 4713 3075 4771 ordinatione
3098 4726 3196 4767 sua
3228 4711 3280 4764 in
3316 4707 3457 4777 regi-

1872 4816 2017 4871 mine
2041 4815 2384 4886 episcopatus
2421 4810 2615 4883 agebat
2638 4822 2862 4871 annum,
2891 4813 2974 4870 et,
3009 4814 3067 4858 ut
3105 4802 3307 4857 dictum
3335 4806 3455 4859 est,

1872 4906 2047 4963 fidelis
2072 4903 2269 4961 summi
2299 4896 2706 4974 patrisfamilias
2727 4898 3069 4967 dispensator
3099 4905 3195 4945 sua
3224 4888 3455 4959 quibus—

1870 5012 1975 5072 que
2006 4997 2285 5060 reddebat,
2308 5002 2520 5052 servata
2548 4990 2958 5062 diligentissime
2985 4987 3039 5040 in
3067 4983 3320 5039 omnibus
3347 4979 3459 5036 dis-

1870 5093 2099 5165 ciplina;
2151 5106 2273 5145 cum
2329 5088 2747 5159 superveniente
2792 5078 3159 5148 apostolorum
3198 5072 3365 5165 Petri.
3404 5076 3462 5165 et

3045 5164 3287 5192 :..Innrn.:.
3319 5158 3458 5192 uv:ﬁ:_

2770 5184 3009 5192 -..μοι--..ιη
