4116 5358
522 253 630 310 ῗὸθ

1601 239 1892 297 VASONIS
1926 234 2331 317 LEODIENSlS
2371 228 2675 289 EPISCOPI

3664 228 3765 285 760

528 369 881 437 subrepente,
912 360 1038 416 licet
1060 366 1185 412 ante
1214 363 1421 412 remota
1454 371 1558 409 non
1587 353 2065 426 surgeret-fercula
2085 392 2099 415 ,
2134 365 2178 421 Α
2208 354 2319 399 tum
2348 346 2547 407 fuerat,
2580 339 2726 395 nullo
2754 337 2948 393 mortis
2979 343 3121 390 metu
3151 342 3390 399 mutare,
3448 334 3563 389 imo
3614 333 3794 388 incon-

527 470 645 517 toto
671 470 901 527 corpore
946 462 1095 508 tanto
1130 450 1409 507 confectus
1449 458 1533 504 est
1578 449 1762 502 dolore
1803 458 1864 501 nt
1908 455 2106 517 pra'ter

525 551 742 641 εοέὶιιιιιι
787 546 1047 616 proximae
1083 542 1257 599 noctis
1285 541 1501 597 abesset
1531 539 1747 611 vigiliis.
1777 538 1882 593 Sed
1913 538 2106 591 iterum

528 634 824 714 resumptis
873 641 1099 704 viribus,
1151 640 1292 697 sicut
1336 654 1573 708 semper,
1622 646 1681 691 ut
1732 636 1933 698 credo,
1968 634 2107 688 ultra

526 752 717 793 omnes
740 733 997 789 mortales
1010 731 1305 787 infirmitati
1320 745 1591 800 eorporem
1613 728 1818 783 solebat
1834 726 2108 788 reluctari,

527 827 806 897 sequentis
834 825 938 881 diei
960 866 975 891 ,
1008 826 1112 880 hoc
1135 833 1219 878 est
1246 820 1467 877 Sabbati
1486 862 1500 885 ,
1528 820 1724 893 vigiliis
1747 830 1800 875 et
1830 818 2110 874 matutinis

532 918 743 985 adfuit;
777 932 877 972 nec
910 932 978 972 ex
1023 930 1089 970 eo
1119 914 1351 984 amplius
1375 913 1544 969 choro
1576 922 1631 967 et
1657 911 1851 965 dilecto
1884 911 2109 965 fratrum

528 1008 817 1065 eonventui
851 1007 1114 1060 interesse
1142 1004 1348 1065 valens,
1380 1002 1732 1059 nihilominus
1757 1001 1893 1055 intra
1921 1000 2113 1055 domus

530 1115 645 1157 sum
670 1097 964 1168 penetralia
996 1090 1409 1150 inVietiséimum
1443 1093 1753 1164 psalmodia:
1782 1100 1837 1146 et
1869 1090 2114 1146 lectionis

529 1201 653 1245 nela
686 1178 969 1244 dulcedine
995 1185 1276 1243 reﬁciebat
1300 1186 1571 1256 spiritum,
1602 1198 1763 1253 quem
1792 1178 2115 1252 cmpusculo

534 1280 776 1336 febribus
836 1276 1107 1331 fatiscenti
1161 1273 1538 1346 potentissime
1588 1273 1990 1342 imperitantem
2047 1268 2115 1322 ad

532 1379 777 1440 optatum
820 1368 909 1423 diu
936 1366 1330 1437 prmmuniebat
1377 1365 1584 1423 exitum
1615 1382 1627 1419 :
1660 1363 1791 1418 nihil
1827 1362 1971 1417 aliud
2013 1361 2116 1415 nisi

534 1460 805 1517 defectum
854 1459 1057 1514 sentire
1117 1474 1175 1513 se
1213 1458 1264 1512 in
1317 1466 1430 1513 toto
1484 1472 1710 1527 corpore
1766 1461 2115 1526 protestatus.

534 1552 612 1627 ita
635 1552 1047 1620 ingravescente
1080 1547 1312 1617 amplius
1336 1547 1545 1610 morbo,
1593 1545 1783 1615 spiritu
1814 1553 2028 1607 tamen,
2062 1549 2120 1594 ut

533 1641 803 1705 diximus,
865 1648 1007 1693 totus
1045 1638 1299 1693 robustus
1347 1648 1402 1692 et
1436 1638 1673 1709 integer,
1713 1654 1740 1690 a
1768 1636 2005 1691 Sabbato
2056 1633 2122 1687 ad

534 1740 781 1804 quartam
801 1733 1091 1802 productus
1106 1740 1187 1785 cst
1207 1731 1396 1784 feriam
1418 1730 1468 1784 in
1493 1746 1593 1800 qua
1612 1728 1974 1800 apostolorum
1993 1724 2126 1781 cclc-
2160 1714 2201 1769 Β

533 1824 763 1878 brautur
784 1837 1009 1877 octavae.
1033 1821 1198 1891 Cujus
1221 1821 1324 1876 diei
1354 1837 1565 1876 summo
1589 1819 1916 1889 mauejubet
1944 1832 2123 1872 accer-

540 1916 637 1971 siri
667 1916 1041 1987 presbyterum
1066 1914 1156 1984 qui
1186 1928 1311 1984 erga
1334 1913 1702 1969 ecclesiastica
1723 1911 1965 1982 pervigili
1991 1924 2120 1965 cura

534 2007 743 2061 solebat
771 2007 1066 2070 excubare;
1101 2005 1185 2059 cui
1216 2020 1338 2059 eum
1370 2004 1580 2059 seseab
1613 2003 1842 2059 invicem
1865 2016 2125 2071 separan-

537 2097 637 2151 dos
661 2111 782 2151 esse
809 2095 1153 2165 prmdiceret,
1185 2111 1303 2150 eam
1332 2111 1495 2165 quam
1544 2095 1775 2149 infirmis
1804 2094 1995 2149 beatus
2028 2090 2121 2145 Ja-

536 2188 703 2242 eobus
744 2186 1018 2257 apostolus
1059 2188 1213 2256 jubet
1263 2186 1379 2241 fieri
1426 2189 1737 2242 unctionem
1792 2201 1851 2241 se
1893 2185 2125 2240 libenter

538 2277 676 2332 velle
706 2280 952 2349 accipere
982 2277 1215 2347 adjecit;
1248 2293 1310 2332 ea
1342 2294 1461 2348 quae
1484 2278 1610 2333 huic
1640 2278 1789 2347 operi
1820 2278 1998 2331 forent
2028 2292 2123 2330 nc-

541 2369 776 2423 eessaria
805 2369 1027 2423 mandat
1049 2369 1264 2438 parari;
1296 2369 1522 2423 abbates
1556 2378 1611 2423 et
1638 2368 1982 2439 presbyteros
2002 2381 2123 2421 cum

542 2462 814 2517 nonnullis
855 2462 1048 2518 ordine
1097 2461 1448 2517 inferioribus
1496 2462 1712 2518 clericis
1762 2461 1815 2515 in
1865 2459 2124 2530 capellam

538 2572 659 2625 qtue
689 2556 940 2611 cubiculo
962 2555 1216 2625 contigua
1241 2553 1496 2624 estjubet
1523 2555 1712 2624 recipi,
1746 2564 1805 2608 ut
1832 2553 1916 2609 his
1941 2567 2125 2608 coram

538 2648 605 2702 de
639 2648 801 2703 rebus
830 2647 1085 2702 Ecclesiae
1135 2647 1473 2716 disponeret,
1519 2646 1915 2702 confessionem
1971 2657 2125 2699 suam

538 2740 653 2794 Deo
683 2739 788 2794 illis
816 2738 1043 2801 testibus
1069 2736 1312 2803 offerret,
1342 2738 1581 2807 ipsisque
1603 2737 1886 2791 orantibus
1908 2745 1958 2790 et
1991 2733 2129 2806 psal-

537 2831 797 2895 lentihus,
827 2818 1038 2884 sacram
1090 2830 1398 2885 unctionem
1453 2829 1774 2900 susciperet.
1823 2828 1943 2899 Ipse
2003 2842 2126 2881 cum

539 2922 751 2977 duobus
783 2932 992 2977 tantum
1024 2921 1185 2989 hujus
1212 2922 1406 2976 secreti
1440 2922 1684 2985 arbitris,
1720 2928 2021 2975 memorato
2049 2920 2128 2970 vi-

540 3011 732 3066 delicet
747 3012 1064 3082 presbytero
1079 3011 1494 3075 etsubdiacono,
1514 3012 1639 3066 item
1657 3011 1773 3081 ejus
1796 3011 2123 3071 eamerario,

543 3115 749 3156 remota
780 3104 927 3158 omni
955 3102 1231 3171 voluptate
1266 3103 1469 3169 carnis,
1501 3102 1698 3173 quippe
1735 3118 1854 3172 quae
1885 3102 1949 3156 ad
1983 3117 2130 3155 mor-

550 3205 658 3250 tem
693 3212 865 3266 usque
891 3206 1036 3251 esset
1059 3195 1282 3262 atllicta,
1302 3195 1354 3249 in
1377 3196 1546 3251 solam
1576 3212 1725 3267 spem
1749 3196 1924 3252 beatae.
1957 3210 2134 3249 resur-

545 3288 810 3342 rectionis
850 3286 992 3342 lavat
1033 3303 1229 3358 corpus
1280 3289 1466 3344 multis
1516 3298 1666 3344 retro
1712 3289 1869 3345 anuis
1918 3288 2132 3342 lavacro

545 3378 905 3451 incognitum,
942 3381 1196 3451 cupitque
1251 3380 1584 3437 fortissimus
1635 3390 1979 3452 contemptor
2024 3381 2130 3446 sui,

545 3467 727 3523 addita
756 3470 978 3540 insuper
1008 3470 1310 3525 infirmitati
1336 3486 1519 3541 poena,
1553 3487 1698 3526 nunc
1730 3472 1875 3528 circa
1907 3487 1966 3528 se
2013 3470 2131 3526 fieri

548 3561 692 3631 quod
724 3561 775 3615 in
815 3562 1045 3616 sanitate
1074 3562 1315 3618 devitarc
1344 3564 1623 3619 studuerat
1654 3580 1720 3619 ne
1751 3563 1925 3620 noxiae
1956 3562 2132 3619 servi-

547 3659 631 3705 ret
658 3651 941 3723 voluptati.
975 3651 1137 3708 Lotus
1167 3668 1296 3708 vero
1325 3654 1569 3724 albisqne
1614 3656 1855 3711 vestibus
1886 3654 2131 3720 indutus,

554 3745 994 3813 exspectantibus
1022 3746 1077 3798 in
1108 3746 1364 3815 praedicto
1403 3748 1648 3802 oratorio
1682 3764 1712 3801 a
1756 3747 1974 3801 nemine
2009 3762 2128 3801 sus-

550 3842 788 3890 tentatus
830 3852 949 3890 sese
1002 3835 1165 3891 infert
1207 3836 1499 3901 fratribus;
1561 3839 1713 3894 sedili
1767 3837 2001 3902 locatur,
2047 3837 2132 3891 cui

548 3922 795 3981 insidens
814 3925 1126 3997 psalmodiae
1150 3927 1232 3980 vel
1260 3926 1480 3982 lectioni
1512 3945 1711 3984 vacare
1733 3936 2094 3984 consueverat
2118 3945 2130 3981 :

548 4014 773 4074 missam
803 4019 974 4083 audit,
1006 4027 1358 4072 sacrosancto
1387 4018 1605 4073 Domini
1647 4019 1890 4088 corporis
1934 4018 2134 4072 viatico

548 4104 759 4164 felicem
777 4110 1009 4164 animam
1026 4108 1642 4181 prtemuuitjamdtulum
1661 4111 1889 4181 pulsanti
1907 4110 2134 4165 Domino

550 4200 765 4269 aperire
801 4210 1069 4271 paratam.
1098 4204 1318 4259 Interim
1350 4219 1436 4258 res
1461 4204 1718 4260 Ecclesia:
1760 4220 1855 4274 per
1886 4206 2131 4259 fidcima-

552 4306 657 4346 nus
685 4293 1063 4362 disponuntur,
1102 4311 1333 4366 quarum
1362 4306 1571 4366 partem
1618 4315 1777 4352 unam
1831 4298 2131 4352 successori

2207 435 2420 489 vulsum
2443 447 2563 488 esse
2581 429 2925 502 postobitum
2947 442 3103 483 suum
3125 425 3356 489 volebat,
3382 435 3436 479 et
3453 422 3797 478 inflexibilem

2206 525 2469 597 propositi
2501 522 2831 593 rigiditatem
2861 518 3078 574 fortiter
3102 532 3272 588 usque
3301 517 3370 570 ad
3403 526 3641 570 mortem
3674 517 3801 572 reti«

2208 620 2351 684 nuit;
2386 603 2636 674 conscius
2687 616 2875 686 utique
2920 612 3051 677 sibi,
3093 611 3219 681 quia
3246 610 3386 665 bona
3417 609 3589 664 animi
3630 608 3803 663 inten-

2211 711 2357 766 tione
2405 708 2585 763 omnia
2643 705 2865 770 fecerat,
2895 702 3041 773 fnihil
3090 703 3156 757 de
3191 702 3277 757 his
3316 699 3464 769 justo
3510 698 3692 755 Iudici
3734 698 3803 752 ad

2210 816 2369 873 quem
2424 796 3051 866 festiuabatdiSplieere,
3097 794 3213 863 ipso
3263 794 3369 847 hoc
3407 793 3461 846 in
3513 788 3808 860 Evangelia

2210 910 2309 951 suo
2330 900 2621 948 attestante
2651 907 2663 943 :
2685 889 2745 945 Si
2769 887 2977 952 oculus,
3002 885 3198 956 inquit,
3230 894 3353 937 tuus
3375 882 3603 952 simplex
3623 880 3803 950 fuerit,

2213 997 2378 1041 totum
2409 999 2597 1053 corpus
2624 991 2769 1035 tuum
2820 977 3053 1032 lucidum
3103 976 3234 1037 erit;
3277 975 3533 1028 siautem
3582 985 3804 1042 nemus

2215 1078 2410 1148 fuerit,
2464 1076 2620 1129 etiam
2668 1087 2857 1141 corpus
2894 1079 3044 1123 tuum
3091 1065 3423 1121 tenebrosum
3468 1064 3567 1117 erit
3595 1078 3616 1115 :
3661 1060 3802 1114 oeuli

2216 1168 2431 1223 nomine
2460 1165 2829 1226 intentionem;
2868 1157 3135 1223 corporis,
3178 1164 3446 1227 sequentes
3495 1149 3807 1223 significans

2216 1258 2484 1319 actiones;
2527 1254 2617 1323 qui
2652 1252 2792 1307 sicut
2821 1248 2977 1305 oculo
3007 1246 3308 1301 incedentis
3355 1251 3621 1314 reguntur
3647 1240 3814 1296 vesti-

2218 1351 2327 1421 gia,
2361 1350 2439 1404 sic
2469 1346 2721 1402 nimirum
2753 1344 2946 1414 pra-via
2978 1340 3298 1405 intentione,
3344 1338 3388 1393 si
3435 1338 3580 1391 bona
3627 1342 3711 1389 est
3755 1333 3807 1386 in

2221 1444 2449 1507 bonum,
2479 1442 2523 1495 si
2558 1439 2696 1493 mala
2723 1446 2807 1491 est
2836 1437 2891 1490 in
2922 1433 3145 1499 malum,
3178 1432 3581 1503 qualiacunque
3601 1426 3811 1500 agentis

2223 1542 2526 1605 sequuntur
2557 1545 2741 1601 opera.

2332 1648 2461 1705 Car.
2505 1645 2721 1702 XXXII.
2765 1642 2842 1697 De
2873 1640 3198 1710 confessione
3226 1639 3341 1710 ejus
3373 1645 3421 1691 et
3454 1634 3722 1690 unctione.

2302 1737 2589 1808 Dispositis
2634 1736 2799 1807 igitur
2845 1732 3143 1803 prudenter
3185 1728 3461 1792 omnibus,
3514 1726 3685 1781 abbas
3720 1722 3813 1779 Ol-

2224 1831 2411 1887 bertus
2434 1829 2501 1884 ab
2524 1826 2656 1898 ipsis
2684 1824 2932 1897 pueritiae
2953 1822 3112 1877 annis
3135 1835 3348 1875 coaevus
3387 1828 3445 1872 et
3481 1815 3690 1886 collega
3713 1828 3814 1869 nec

2225 1938 2331 1979 non
2385 1919 2772 1978 eonsecretalis
2822 1918 2898 1973 illi
2959 1916 3154 1972 divinae
3198 1913 3332 1983 legis
3378 1910 3708 1974 meditator,
3750 1906 3814 1962 ad

2224 2015 2433 2085 agenda
2466 2014 2614 2069 circa
2654 2026 2777 2067 eum
2823 2010 2939 2065 haec
2967 2006 3290 2063 Christianae
3334 2000 3614 2072 religionis
3654 1999 3815 2054 mini-

2224 2108 2389 2166 steria
2432 2115 2584 2161 veste
2630 2100 2955 2159 sacerdOtali
3007 2099 3273 2162 induitur,
3325 2094 3555 2164 cupiens
3602 2102 3661 2148 et
3706 2092 3816 2161 ipse

2226 2199 2380 2256 eunti
2405 2200 2471 2252 ad
2524 2196 2798 2253 Christum
2843 2209 2965 2249 sese
3008 2190 3208 2246 addere
3255 2187 3532 2252 comitem,
3576 2198 3739 2254 quem
3764 2182 3816 2236 in

2226 2294 2311 2348 via
2363 2292 2459 2348 Dei
2511 2290 2753 2345 unanimi
2789 2286 3078 2343 dilectione
3126 2284 3314 2339 habuit
3358 2288 3699 2337 consortem.
3752 2277 3817 2330 At

2226 2386 2316 2440 ubi
2347 2383 2627 2455 psallendo
2658 2392 2712 2437 et
2756 2378 2965 2435 orando
3003 2393 3069 2433 co
3114 2384 3329 2431 ventum
3379 2383 3484 2438 est,
3512 2371 3605 2425 ubi
3641 2368 3818 2423 oleum

2228 2478 2432 2549 imponi
2463 2478 2677 2532 infirmo
2702 2474 2949 2545 praecipit
2971 2473 3130 2536 ordo,
3162 2479 3307 2526 totus
3335 2475 3521 2523 mente
3548 2478 3606 2521 et
3625 2463 3820 2534 spiritu

2228 2572 2460 2637 vividus,
2494 2571 2619 2626 licet
2667 2584 2836 2624 carne
2883 2574 3268 2637 praemortuus,
3316 2558 3583 2631 quantulo
3629 2555 3819 2611 adnisa

2230 2665 2407 2719 valuit
2449 2681 2479 2718 e
2524 2662 2722 2717 lectulo
2750 2657 3004 2721 surrexit,
3041 2671 3224 2711 coram
3256 2652 3413 2707 altari
3453 2664 3635 2721 genua
3687 2645 3823 2709 fixit,

2233 2765 2289 2810 et
2314 2765 2370 2807 ut
2413 2754 2670 2822 scriptum
2721 2759 2803 2805 est
2837 2769 2847 2802 :
2891 2748 3078 2802 Justus
3126 2745 3180 2799 in
3211 2743 3397 2814 primis
3433 2748 3723 2794 accusator
3755 2741 3824 2788 est

2230 2847 2341 2910 sui,
2395 2860 2452 2899 se
2496 2854 2838 2914 peceatorem
2878 2854 3025 2902 esse,
3069 2852 3189 2892 sese
3235 2849 3342 2890 non
3395 2832 3581 2886 taliter
3627 2827 3828 2882 vixisse

2235 2938 2313 2992 U‘tl
2355 2936 2575 2990 deceret
2621 2933 2934 3002 episcopum
2976 2938 3036 2998 et
3083 2942 3271 2983 verum
3313 2923 3694 2981 Christianum
3747 2924 3827 2972 est

2182 3069 2203 3089 η
2236 3026 2537 3081 confessus.
2572 3020 2816 3091 Cumque
2847 3030 2901 3075 et
2928 3020 2994 3074 de
3043 3017 3166 3071 aliis
3198 3015 3333 3071 satis
3360 3022 3415 3068 ct
3445 3012 3536 3067 diu
3591 3022 3719 3064 sese
3743 3021 3829 3061 co-

2239 3131 2357 3171 ram
2402 3115 2514 3170 Deo
2560 3117 2848 3179 accusaret
2893 3105 3168 3168 admissis,
3198 3104 3314 3159 sine
3343 3100 3542 3171 quibus
3597 3098 3829 3165 irrcpre-

2237 3203 2521 3261 hensibilis
2570 3210 2884 3257 sanctorum
2913 3198 3047 3264 vita,
3075 3205 3169 3250 aut
3202 3194 3313 3257 vix,
3347 3201 3443 3247 aut
3489 3188 3643 3245 nullo
3671 3185 3830 3244 modo

2240 3296 2466 3368 transigi
2524 3302 2747 3365 potest;
2807 3288 3116 3361 suggeritur
3165 3286 3233 3340 ab
3280 3284 3473 3339 abbate
3529 3286 3832 3335 memorato

2241 3404 2377 3441 ausu
2432 3385 2578 3440 illius
2620 3394 2822 3439 saneta:
2856 3397 2967 3436 suae
3013 3376 3422 3439 familiaritatis,
3462 3372 3695 3443 siquid
3740 3370 3831 3425 ali-

2236 3480 2453 3550 quando
2484 3479 2535 3532 in
2563 3479 2947 3548 imperatorem
2996 3474 3113 3529 sive
3139 3472 3322 3528 verbis
3350 3468 3435 3525 vel
3461 3468 3637 3523 etiam
3661 3462 3834 3521 occul-

2233 3574 2306 3627 tis
2334 3570 2751 3642 cogitationibus
2780 3568 3118 3640 deliquisset,
3142 3568 3251 3622 Deo
3297 3561 3554 3620 confiteri
3583 3577 3697 3616 non
3731 3569 3832 3613 tar-

2236 3664 2412 3730 daret,
2449 3672 2757 3718 utseeurns
2802 3662 2871 3716 ab
2918 3660 3064 3714 omni
3097 3656 3430 3714 insidiatoris
3478 3653 3832 3710 accusatione

2238 3755 2487 3811 cordium
2520 3748 2812 3809 scrutatori
2866 3753 2975 3821 Deo
3038 3750 3304 3820 intrepide
3352 3755 3670 3802 mereretur
3702 3758 3834 3814 pra:-

2236 3844 2460 3900 seulari.
2493 3844 2572 3899 Ad
2599 3843 2714 3897 hac
2745 3843 2832 3896 ille
2859 3839 3234 3896 confidenter:
3265 3857 3285 3889 ι
3316 3835 3432 3891 Νοη
3482 3831 3835 3906 reprehendit

2243 3957 2261 3989 ι
2303 3951 2407 3999 me,
2434 3935 2632 4005 inquit,
2656 3932 2992 3989 conscientia
3028 3945 3148 3985 mea
3180 3931 3230 3984 in
3266 3928 3414 3984 omni
3445 3927 3559 3981 vita
3591 3940 3715 3980 mea
3752 3936 3833 3977 me

2245 4048 2262 4079 ι
2299 4029 2351 4082 in
2401 4026 2581 4097 aliquo
2614 4042 2813 4092 contra
2839 4024 3221 4094 imperatorem
3274 4019 3570 4089 deliquisse
3606 4034 3622 4083 ;
3681 4015 3834 4085 quin-

2240 4138 2259 4171 ι
2298 4119 2407 4172 imo
2448 4132 2662 4186 semper
2695 4115 2955 4169 honorem
2984 4109 3103 4181 ejus
3135 4110 3312 4180 cupivi
3344 4118 3405 4163 et
3445 4107 3641 4177 cupio,
3681 4106 3832 4173 isque

2242 4228 2260 4261 ι
2298 4220 2355 4263 ιιι
2379 4209 2432 4262 in
2463 4206 2580 4261 dies
2609 4222 2730 4260 cum
2766 4204 2858 4260 Dei
2881 4203 3154 4270 adjutorio
3183 4208 3637 4272 augtnentarctur
3667 4212 3834 4267 quan-

2242 4322 2260 4356 ι
2302 4313 2411 4355 tum
2445 4307 2629 4354 nostra
2653 4299 2918 4351 intererat
2944 4293 3365 4350 elaboravimus.
3394 4289 3670 4345 Caeterum
3694 4286 3834 4357 quod

557 4396 679 4448 suo,
712 4383 940 4439 alteram
972 4388 1298 4457 pauperibus
1325 4396 1380 4443 et
1409 4389 1519 4444 Deo
1558 4390 1922 4445 servientibus
1963 4390 2135 4445 fidelis
2167 4417 2212 4475 υ
2251 4412 2266 4443 ι
2307 4405 2407 4445 nos
2436 4387 2792 4445 libentissime
2836 4384 3110 4441 honestati
3167 4383 3286 4455 ejus
3320 4380 3717 4441 deservientes,
3760 4379 3832 4445 ip-

552 4481 785 4530 testator
823 4476 1118 4547 delegavit;
1153 4479 1283 4534 nulli
1305 4491 1533 4551 cognato
1562 4482 1644 4536 vel
1671 4482 1846 4536 amico
1883 4483 2134 4554 egregius

559 4561 743 4628 Pater,
775 4574 1003 4622 caeteros
1021 4583 1211 4625 omnes
1238 4570 1290 4623 in
1320 4569 1540 4626 Christo
1568 4572 1850 4641 aequaliter
1880 4573 2130 4643 diligens,

558 4654 866 4727 dereliquit.
898 4656 1010 4729 (55)
1038 4657 1280 4731 Cumque
1318 4672 1631 4717 reverenter
1678 4678 1707 4717 a
1742 4664 2012 4733 prioribus
2041 4678 2139 4719 no-

557 4748 686 4803 stris
715 4751 1099 4807 admoneretur
1118 4762 1178 4807 ut
1200 4755 1518 4823 parentibus
1540 4755 1708 4810 dehis
1727 4772 1847 4824 quae
1867 4754 2010 4811 Dens
2032 4754 2133 4810 sibi

555 4840 811 4904 donasset
837 4844 1150 4916 largiretur,
1183 4845 1344 4915 idque
1368 4862 1636 4915 nusquam
1667 4862 1696 4899 a
1750 4863 1907 4902 sacra
1951 4856 2135 4901 auclo-

2247 4501 2266 4533 ι
2301 4496 2416 4536 sms
2446 4480 2633 4551 gratim
2681 4478 2858 4531 minus
2905 4475 3112 4544 accepti
3153 4474 3382 4535 fuimus,
3424 4470 3550 4524 aliis
3592 4466 3833 4540 profecto

2245 4593 2264 4627 ι
2300 4574 2540 4644 peccatis
2587 4572 2936 4640 imputamus.
2983 4566 3183 4621 Verum
3232 4565 3335 4618 hoc
3382 4561 3625 4615 maxime
3667 4558 3834 4630 pumi-

2247 4681 2266 4715 ι
2300 4643 2463 4717 tentia
2497 4661 2716 4731 dignum
2750 4674 2837 4713 me
2887 4658 3063 4727 egisse
3111 4655 3226 4724 ipse
3277 4650 3641 4719 reprehendo,
3694 4643 3839 4718 quod

2248 4772 2266 4805 ι
2305 4751 2561 4808 immunis
2598 4751 2665 4806 ab
2695 4749 2945 4804 omnibus
2981 4747 3035 4801 in
3072 4746 3248 4816 ipsum
3290 4742 3590 4797 infideliter
3641 4739 3829 4809 gestis,

2249 4866 2267 4898 ι
2301 4846 2452 4917 quasi
2483 4861 2608 4901 reus
2639 4859 2822 4899 coram
2854 4841 3106 4898 omnibus
3129 4840 3195 4893 ad
3228 4840 3395 4909 pedes
3430 4836 3551 4905 ejus
3581 4837 3687 4890 sim
3715 4849 3828 4905 pro-
