4116 5358
234 286 323 343 761
1762 286 1938 343 νιτΑ.

3380 288 3488 347 762

240 430 258 464 t
289 406 415 462 falso
441 404 683 475 imputatt
738 402 983 458 criminis
1032 401 1395 473 suspicionem
1421 420 1530 459 non
1566 404 1794 470 removi,
1825 406 1872 465 Α
1901 407 2157 475 pascebat
2184 404 2435 472 Domino,
2462 414 2519 461 ct
2544 403 2929 475 benignissima
2957 410 3067 459 tam
3089 400 3487 462 eeclesiastica-
3516 420 3527 425 '

243 517 260 548 ι
292 496 478 568 plango
506 504 560 550 et
608 495 964 549 vehementer
992 493 1167 549 doleo.
1195 514 1212 546 ι
1253 494 1350 551 His
1375 495 1557 559 dictis,
1597 495 1643 550 si
1685 510 1793 566 qua

237 597 409 645 contra
431 602 523 641 eos
546 586 637 656 qui
688 596 982 655 praesentes
1024 596 1208 641 essent
1240 585 1436 643 fratres
1460 588 1792 657 deliquisset,

240 680 330 737 sibi
359 679 541 734 donari
585 678 762 748 petiit.
809 676 1011 732 Contra
1050 677 1356 733 assistentis
1406 678 1536 734 cleri
1582 678 1797 735 devotio

238 791 265 830 a
288 774 502 830 Domino
533 772 642 827 Deo
664 772 903 842 pontiﬁci
935 787 1035 827 suo
1068 772 1284 827 veniam
1310 773 1485 841 petiit.
1516 774 1798 843 ipsamque

239 874 477 937 quantum
519 877 615 916 sua
648 863 910 917 intererat
939 878 1002 916 ex
1032 878 1090 917 se
1136 862 1495 917 libentissime
1540 878 1646 917 non
1677 862 1796 916 sine

239 954 399 1010 multis
448 953 703 1024 lacrymis
758 953 1052 1021 impendit,
1110 951 1362 1021 idemque
1409 951 1510 1005 sibi
1559 952 1628 1005 ab
1680 950 1797 1020 ipso

240 1044 340 1100 ﬁeri
359 1042 667 1114 suppliciter
701 1042 971 1111 implorat.
1004 1041 1121 1109 Quo
1151 1042 1295 1095 facto
1323 1039 1639 1096 solctttniter
1671 1056 1796 1095 cum

239 1134 440 1207 psalmis
488 1142 543 1188 et
582 1133 924 1189 orationibus
977 1135 1044 1188 ad
1096 1132 1149 1187 id
1196 1131 1358 1188 oﬁicii
1405 1131 1800 1202 pertinentibus

239 1229 296 1284 ab
328 1226 512 1282 abbate
540 1242 703 1296 quem
757 1242 919 1296 supra
950 1226 1392 1289 memoravimus,
1443 1241 1538 1295 per
1587 1240 1798 1280 sacram

240 1320 325 1375 olei
355 1321 663 1376 unctionem
696 1320 749 1374 in
779 1320 919 1374 viam
943 1320 1093 1391 pacis
1118 1328 1175 1375 et
1215 1320 1390 1376 beata:
1435 1318 1634 1390 quietis
1662 1316 1799 1371 diri-

240 1412 380 1482 gitur.

1900 512 2019 553 rum
2049 497 2367 552 facultatum
2419 512 2584 568 quam
2636 494 2989 551 consiliorum
3020 493 3328 564 largitione
3363 509 3489 564 pru-

1896 588 2449 657 denterdispensata,
2503 585 2866 642 exterioribus
2913 599 3257 655 nequaquam
3302 585 3491 642 deerat

1898 678 2113 735 solatio.
2142 678 2318 732 Ambo
2344 678 2529 732 divina
2572 686 2630 732 et
2679 676 2914 731 humana
2963 675 3227 746 sapientia
3272 674 3490 741 imbuti,

1899 773 2060 828 ambo
2088 772 2477 827 robustissima:
2500 771 2552 825 itt
2586 770 2785 839 templo
2816 770 2909 825 Dei
2937 769 3221 825 columna.
3253 768 3492 839 Uterque

1901 867 1954 921 in
1987 875 2216 936 utroque
2268 864 2379 919 Deo
2424 863 2777 918 servientium
2823 862 3016 918 ordine
3063 861 3263 930 reginae
3300 860 3492 916 dextra

1900 957 2139 1012 divinant
2203 956 2388 1026 sponsi
2441 954 2783 1024 majestatem
2832 953 3031 1008 astanti
3080 967 3215 1007 auro
3279 958 3492 1006 vestem

1903 1052 2108 1115 texere,
2160 1048 2440 1117 ipsamque
2477 1044 2889 1113 iucundissima
2918 1044 3246 1099 varietatum
3294 1041 3493 1098 distin-

1900 1140 2083 1197 ctione
2141 1139 2295 1209 gnari
2355 1137 2736 1206 circumdare,
2797 1135 2959 1205 idque
3013 1134 3258 1191 studiose
3313 1130 3492 1203 quoad

1904 1232 2145 1286 viverent
2197 1230 2541 1285 decertantes
2583 1228 2832 1287 actitare.
2887 1227 2999 1283 Sub
3028 1227 3196 1282 tantis
3243 1234 3358 1281 tuta
3398 1240 3495 1281 cu-

1903 1323 2182 1389 stodibus,
2213 1323 2486 1392 tantisque
2514 1320 2846 1376 communita
2882 1317 3375 1390 propugnatoribus
3408 1314 3494 1369 in-

1904 1424 1985 1470 tra
2016 1414 2400 1470 honestissima
2444 1414 2712 1468 bonarum
2756 1412 2955 1465 artium
3002 1408 3315 1478 quiescebat
3357 1405 3493 1470 otia,

1902 1521 2003 1563 nec
2036 1505 2400 1561 clandestinas
2437 1504 2706 1558 latronum
2756 1502 3000 1565 insidias,
3028 1514 3132 1555 nec
3172 1503 3359 1568 aperte
3390 1496 3495 1551 im-

1899 1599 2258 1670 pugnantium
2290 1596 2588 1652 formidans
2633 1598 2903 1658 incursus,
2942 1602 3072 1650 tunc
3111 1592 3328 1664 quidem
3359 1587 3498 1646 felix.

1905 1689 2091 1760 Legia,
2142 1688 2238 1744 sed
2280 1702 2423 1742 nunc
2463 1686 2661 1742 amissa
2712 1686 2814 1741 hac
2858 1683 3119 1740 felicitate
3162 1678 3499 1737 multoinfc-

297 1769 522 1840 Singulis
558 1769 755 1826 deinde
805 1770 856 1824 in
909 1787 1003 1825 sua
1037 1771 1409 1834 redeuntibus,
1457 1770 1539 1825 vir
1580 1770 1675 1825 Dei
1720 1771 1798 1825 sic
1830 1783 1874 1842 Β
1902 1779 2076 1835 licior.

239 1870 397 1917 manet
425 1863 474 1915 in
504 1862 651 1918 lecto
696 1863 993 1929 decnbans,
1044 1862 1176 1917 nihil
1206 1878 1327 1918 sese
1377 1861 1480 1917 nisi
1529 1861 1796 1917 defectum
1972 1870 2135 1926 sexta
2196 1868 2361 1939 igitur
2412 1867 2547 1922 feria
2603 1866 2975 1928 illucescente,
3039 1873 3235 1920 octavo
3289 1859 3501 1916 scilicet

245 1953 339 2024 pati
363 1968 635 2020 asserens,
668 1963 1057 2024 exspectatque
1101 1955 1173 2008 ita
1220 1963 1278 2009 ut
1313 1969 1587 2024 nunquam
1617 1954 1669 2007 in
1706 1969 1798 2007 sa-

1903 1961 2024 2016 ldus
2068 1960 2217 2025 Julii,
2269 1961 2483 2015 beatam
2542 1966 2732 2028 pastor
2761 1965 2970 2023 noster,
3024 1964 3085 2011 ut
3138 1952 3497 2025 praedixerat,

240 2043 381 2101 nim-
414 2044 661 2111 hilarior.
690 2055 999 2115 exoptatam
1030 2046 1121 2099 diu
1157 2046 1344 2101 horam
1376 2061 1481 2116 qua
1513 2058 1797 2099 vocantem
1899 2053 2144 2110 Creatori
2198 2049 2429 2105 reddidit
2475 2049 2737 2104 animam.
2792 2046 3027 2117 Postque
3075 2045 3225 2101 illum
3264 2043 3498 2114 septimo

241 2140 408 2207 m'gret
443 2136 507 2189 ad
557 2135 866 2189 Dominum.
910 2134 1222 2205 Testatique
1250 2146 1374 2191 sunt
1414 2134 1713 2205 presbyteri
1746 2142 1798 2188 et

1903 2144 2011 2208 die,
2041 2143 2180 2198 sicut
2206 2158 2235 2195 a
2260 2140 2369 2196 Deo
2395 2150 2742 2211 poposcerat,
2767 2137 3047 2193 memorati
3072 2135 3284 2192 abbatis
3312 2133 3497 2188 anima

241 2229 474 2299 rapellani
506 2229 598 2299 qui
631 2229 679 2283 ci
721 2229 1053 2284 excubantes
1102 2243 1202 2299 pro
1247 2228 1657 2299 exspectatione
1687 2225 1800 2298 gloo
1900 2234 2011 2288 voti
2068 2246 2290 2302 compos
2335 2231 2648 2301 cpisc0pum
2704 2240 2789 2284 est
2841 2239 3050 2295 secuta,
3107 2236 3165 2281 ut
3219 2231 3501 2282 constaret

241 2322 351 2377 riisi
395 2322 572 2376 exitus
622 2322 978 2386 assistebant,
1029 2321 1380 2392 psalmodiam
1447 2329 1503 2377 et
1529 2321 1801 2375 orationes
1902 2324 2183 2380 evidenter
2233 2324 2335 2378 hoc
2381 2321 2613 2393 mystico
2647 2320 2856 2375 dierum
2901 2332 3127 2373 numero
3158 2318 3228 2373 ob
3273 2314 3498 2385 aequalis

242 2413 353 2482 ipsis
385 2414 578 2484 quibus
624 2415 915 2470 incolumis
951 2414 1161 2471 solebat
1208 2414 1358 2471 horis
1404 2431 1436 2470 a
1480 2423 1802 2485 praemortua
1903 2417 2028 2471 vitm
2057 2416 2307 2471 meritum
2339 2415 2393 2468 in
2424 2428 2586 2468 unam
2619 2421 2839 2467 aeterna:
2864 2410 3215 2467 beatitudinis
3249 2407 3495 2479 requiem

243 2506 361 2562 illius
385 2524 475 2563 ore
502 2508 802 2578 palpitante
828 2507 844 2560 ι
870 2524 1009 2578 ngua
1037 2508 1233 2577 saepius
1262 2508 1475 2561 iterari.
1528 2506 1798 2560 Nimirum
1903 2510 2004 2563 hos
2036 2517 2219 2563 tantos
2244 2516 2427 2578 patres
2462 2523 2490 2562 a
2525 2507 2708 2561 mundi
2742 2506 2903 2577 hujus
2929 2504 3189 2575 voragine
3235 2516 3356 2558 esse
3405 2514 3496 2555 re-

243 2608 414 2666 quanto
437 2615 532 2653 usu
561 2600 755 2653 vivens
795 2608 851 2653 et
891 2598 1181 2654 incolumis
1209 2598 1542 2669 imperitanti
1593 2597 1801 2652 servire
1902 2611 2112 2671 ceptos.
2149 2601 2383 2672 Migrant
2409 2600 2593 2671 igitur,
2625 2598 2859 2669 migrant
2887 2596 2953 2651 ad
2994 2595 3280 2650 Dominum
3324 2591 3499 2647 facto-

241 2697 563 2743 consueverat
586 2688 835 2758 spiritui,
862 2704 990 2744 caro
1033 2689 1145 2758 jam
1176 2688 1414 2742 moriens
1442 2689 1797 2758 approbabat.
1905 2708 2018 2747 rem
2064 2707 2222 2746 suum
2275 2691 2459 2745 felices
2490 2690 2761 2760 justorum
2814 2688 3045 2751 animae,
3102 2683 3494 2754 multiplicibus

244 2775 415 2844 Quarta
458 2777 615 2845 feria,
650 2778 862 2833 scilicet
893 2780 1312 2850 apostolicarum
1344 2790 1661 2835 octavarum
1685 2781 1802 2835 dies
1905 2784 2123 2854 pietatis
2153 2783 2350 2837 studiis
2394 2782 2706 2837 exercitata:
2734 2797 2746 2833 :
2776 2780 2881 2833 vivi
2929 2780 3116 2847 utique
3155 2776 3364 2848 lapides
3426 2773 3499 2829 ad

244 2870 532 2934 transierat;
584 2871 776 2940 quinta
803 2871 996 2926 deinde
1026 2870 1158 2927 feria
1187 2871 1529 2942 superfuerat
1555 2890 1569 2925 :
1598 2882 1652 2927 ct
1677 2889 1799 2928 cum
1906 2875 2145 2930 ccclesiis
2175 2869 2474 2928 Jerusalem
2504 2872 2792 2927 aediﬁcium
2824 2870 3154 2939 colliguntur
3183 2877 3262 2932 et,
3286 2865 3498 2921 malitia
3554 2904 3569 2918 .

238 2959 334 3029 jam
360 2963 525 3016 vicina
564 2963 769 3028 exitus,
798 2972 855 3017 ut
892 2964 1205 3033 putabatur,
1240 2966 1370 3020 hora
1406 2981 1436 3020 a
1472 2980 1803 3021 concurren-

246 3050 364 3105 tibus
390 3050 740 3107 devotissime
770 3053 838 3107 ad
882 3067 1006 3108 eum
1035 3054 1341 3109 senioribus
1367 3064 1799 3125 exspectaretur,
1909 3061 2085 3116 adhuc
2106 3068 2346 3128 tempore
2371 3065 2623 3128 poterant
2653 3058 2926 3127 prodesse,
2950 3054 3086 3109 heu!
3113 3052 3275 3107 nimis
3299 3049 3502 3105 feSline

243 3150 379 3213 atque
415 3145 615 3199 obnixe
647 3153 705 3201 ut
754 3160 784 3198 a
815 3145 953 3201 lecto
1007 3161 1067 3202 se
1106 3146 1311 3202 sineret
1341 3147 1558 3216 deponi,
1587 3156 1646 3202 ut
1690 3162 1806 3201 mo-
1833 3142 1878 3205 C
1910 3151 2323 3207 subtrahuntur.

245 3232 475 3290 rientibus
505 3235 649 3291 solet
679 3235 794 3290 ﬁeri
820 3235 1170 3299 Christianis,
1195 3236 1585 3308 efflagitaretur
1613 3255 1626 3292 :
1659 3255 1678 3289 t
1703 3237 1806 3293 Νοο

246 3324 338 3391 lite,
360 3327 547 3396 inquit,
579 3326 744 3382 hodie
787 3327 985 3383 frustra
1032 3328 1277 3399 fatigari,
1323 3330 1419 3385 sed
1445 3345 1570 3385 cras
1605 3330 1808 3385 disces-

245 3430 350 3470 suro
389 3416 513 3471 mihi
565 3418 625 3471 in
672 3417 763 3471 Dei
808 3419 1027 3472 nomine
1072 3419 1363 3474 occurrite.
1405 3439 1423 3472 ι
1473 3422 1644 3488 Quam
1690 3417 1804 3488 ejus

244 3519 401 3563 vocent
431 3517 699 3579 quotquot
749 3509 1065 3577 adfuerunt,
1096 3512 1361 3577 audiere;
1411 3516 1503 3567 sed
1556 3523 1609 3570 et
1638 3515 1806 3569 abbas

246 3609 543 3656 memoratus
570 3602 668 3672 qui
692 3602 867 3671 pridie
888 3617 1010 3657 eum
1036 3604 1405 3666 unxerat,hoc
1433 3606 1806 3675 praenuntiata:

244 3687 300 3741 ab
319 3705 376 3744 eo
404 3692 589 3748 mortis
635 3692 894 3747 indictum
923 3694 1012 3764 pio
1038 3694 1238 3764 excipit
1265 3694 1467 3764 gemitu
1495 3714 1508 3749 :
1546 3715 1564 3747 ι
1593 3694 1651 3751 Si
1696 3697 1806 3752 tlis-

246 3781 396 3849 cedis,
423 3782 637 3856 inquit,
679 3785 1079 3857 Omnipotentis
1116 3788 1483 3844 misericordia
1520 3805 1625 3844 non
1662 3790 1809 3845 sinat

246 3882 318 3925 me
355 3879 549 3942 septem
600 3874 719 3930 dies
762 3890 927 3944 super
952 3886 1005 3930 te
1042 3877 1094 3931 in
1144 3878 1247 3932 hoc
1287 3878 1489 3932 mundo
1544 3877 1742 3935 facere.
1780 3899 1801 3934 ι

248 3957 354 4026 Qum
398 3966 557 4022 verba
608 3967 913 4038 petitionis,
952 3978 1010 4023 ιιι
1055 3969 1305 4039 probavit
1361 3971 1435 4025 rei
1486 3971 1686 4037 exitus,
1738 3973 1805 4027 ad

248 4064 381 4107 aures
407 4056 475 4123 pii
502 4057 773 4111 auditoris
798 4059 1109 4114 ascendisse
1133 4060 1408 4115 credimus
1432 4079 1444 4114 :
1472 4078 1597 4116 nam
1620 4062 1805 4116 statim

249 4141 303 4193 ad
345 4147 725 4202 monasterium
776 4146 917 4203 beati
978 4147 1164 4205 Jacobi
1212 4166 1513 4219 regressus,
1554 4152 1644 4207 ubi
1692 4152 1806 4223 ipse

250 4247 414 4301 pncter
445 4242 608 4297 alium
649 4259 810 4313 quem
846 4246 1070 4315 gerebat
1116 4245 1525 4302 Gemblacensis
1570 4247 1801 4304 caenobii

241 1566 349 1621 Car.
394 1563 627 1621 XXXIII.
674 1564 826 1631 Quod
868 1566 1030 1621 abbas
1078 1565 1321 1621 Olberttts
1360 1582 1423 1619 ne
1459 1574 1650 1634 septem
1688 1562 1800 1616 dies

611 1648 727 1707 post
757 1654 875 1691 eum
906 1640 1101 1706 facere:
1141 1638 1394 1691 exoravit.

1965 3288 2095 3345 CAP.
2136 3287 2374 3342 XXXIV.
2419 3287 2575 3353 Quod
2605 3284 2766 3356 Legio
2794 3295 2940 3341 tanta
2963 3292 3173 3357 pastore
3201 3282 3436 3337 orbatur.

1981 3425 2263 3496 Relinquit
2290 3426 2471 3493 itaque
2502 3440 2569 3479 ex
2600 3432 2773 3479 matre
2810 3423 2972 3477 ﬁliam
3019 3422 3130 3477 ﬁlio
3165 3422 3402 3487 beatam,
3435 3435 3501 3478 ac

1907 3507 2248 3589 postmodum
2279 3518 2468 3572 eodem
2496 3524 2650 3586 patre
2682 3515 2850 3570 multo
2881 3515 3203 3578 beatiorem,
3237 3516 3493 3568 miseram

1907 3619 2097 3680 pastor
2123 3610 2295 3664 bonus
2318 3624 2441 3664 cum
2468 3608 2685 3678 pupillis
2713 3607 2826 3661 suis
2853 3606 3096 3676 Legiam.
3124 3603 3255 3672 Qua:
3276 3603 3501 3660 etiamsi

1908 3703 2114 3773 lapides
2165 3710 2386 3770 possent
2436 3704 2704 3772 lacrymas
2756 3698 3011 3763 fundere,
3068 3695 3493 3768 irrecuprrabile

1909 3793 2073 3849 ablati
2105 3791 2362 3846 Wazonis
2387 3791 2644 3845 damnum
2675 3805 3014 3860 nequaquam
3040 3787 3371 3844 sufﬁcienter
3401 3802 3498 3841 va-

1909 3886 2045 3940 leret
2068 3885 2352 3955 plangere;
2387 3884 2586 3952 quippe
2616 3882 2700 3935 cui
2731 3889 2852 3952 post
2886 3880 3053 3935 Deum
3101 3880 3205 3935 hoc
3246 3877 3495 3933 noscitur

1908 3974 2105 4030 debere
2134 3983 2192 4028 ttt
2221 3972 2512 4044 singularis
2545 3956 2780 4027 nominis
2806 3971 3161 4043 przerogativa
3204 3972 3348 4024 inter
3382 3984 3503 4024 ma-

1901 4065 2051 4136 jores
2092 4067 2519 4134 circumquaque
2555 4063 2717 4119 urbes
2768 4063 2882 4118 sola
2927 4071 3218 4118 vocaretur
3245 4060 3368 4116 fons
3411 4074 3499 4115 sa-

1907 4157 2141 4229 pientia).
2189 4157 2319 4225 Qua:
2364 4166 2543 4211 autem
2583 4158 2732 4228 regio
2765 4166 2870 4211 tam
2909 4158 3159 4211 abstrusa
3210 4155 3261 4209 in
3314 4153 3499 4219 terris,

1908 4262 2092 4317 quam,
2116 4247 2474 4317 pervolitante
2501 4246 2670 4310 fama,
2694 4246 2954 4302 Wazonis
2972 4246 3150 4317 Legite
3174 4261 3368 4300 nomen
3390 4260 3498 4299 non

249 4340 453 4398 gregem,
481 4334 777 4388 multorum
807 4333 1644 4402 Paterexstititmonachorum;
1678 4340 1807 4395 sub-
1907 4339 2310 4412 penetraverit?
2364 4339 2561 4393 Parum
2621 4349 2705 4395 est
2760 4341 2903 4411 quod
2954 4339 3130 4395 triﬁda
3184 4347 3237 4394 te
3296 4338 3503 4393 celsam

252 4431 440 4489 repente
470 4427 600 4482 totis
631 4428 861 4484 artubus
898 4430 1161 4492 molestia,
1189 4432 1355 4487 sentit
1388 4432 1678 4503 optabilem
1702 4434 1803 4489 sibi
1908 4441 2061 4487 tanto
2088 4440 2244 4502 patre
2290 4433 2437 4488 novit
2466 4432 2658 4487 Gallia.
2705 4433 2782 4487 Te
2824 4434 3016 4503 Alpina
3049 4447 3241 4503 gerens
3266 4445 3504 4501 corpora

251 4526 351 4568 cum
373 4518 640 4583 pontiﬁce,
681 4520 981 4590 eodemque
1018 4523 1275 4579 unanimo
1308 4523 1479 4579 fratre
1502 4524 1807 4580 dissolutio-
1837 4512 1882 4571 Ι)
1910 4541 2251 4596 nequaquam
2296 4525 2509 4597 ignorat
2548 4524 2862 4581 Germania.
2913 4526 3358 4596 Experimentum
3407 4535 3503 4576 ac-

253 4610 613 4679 nemcorpnris
650 4611 966 4679 imminere;
1014 4614 1300 4671 fastidiens
1335 4615 1447 4685 jam
1484 4615 1801 4687 confragosa
1911 4627 2172 4688 ceperunt
2245 4616 2430 4688 gloriae
2510 4625 2613 4669 tua:
2682 4615 2982 4680 Pannonii,
3042 4622 3096 4669 et
3151 4612 3503 4667 nihilominus

252 4692 384 4763 huius
425 4703 547 4758 vita:
590 4704 893 4773 dispendia,
924 4722 1045 4776 qua:
1086 4707 1312 4764 ulterius
1356 4710 1459 4765 sibi
1499 4711 1617 4765 sine
1669 4711 1802 4765 tanti
1913 4709 2120 4766 Hiberi.
2167 4707 2277 4764 Nec
2308 4709 2441 4765 latet
2481 4717 2730 4763 extremo
2759 4705 2982 4762 diffusos
3028 4703 3159 4760 orbe
3185 4702 3505 4758 Britannos.

254 4789 546 4850 cunviatoris
571 4795 770 4852 solatio
791 4801 1603 4868 restarentcalcanda;Cbristi
1621 4802 1804 4872 potius
1911 4803 2212 4877 Aquitanos
2271 4819 2396 4858 cum
2456 4800 2755 4862 Arvernis,
2822 4797 2958 4852 tanti
3017 4793 3248 4850 rectoris
3305 4800 3503 4846 aucto-

252 4881 504 4940 manifesta
539 4887 995 4959 contemplatione
1034 4908 1159 4947 cum
1206 4892 1297 4948 illo
1335 4895 1555 4963 cupiens
1590 4894 1800 4960 satiari,
1913 4898 2076 4952 ritate
2119 4908 2282 4965 quam
2332 4895 2446 4950 alte
2474 4900 2634 4962 caput
2663 4887 2943 4945 extuleris.
3008 4883 3124 4939 Tibi
3153 4882 3353 4937 cedunt
3391 4891 3518 4950 prte-

253 4969 438 5035 quicum
464 4977 689 5034 visionis
717 4979 832 5047 ejus
855 4981 1190 5039 dulcedinem
1222 4985 1458 5039 nondum
1484 5002 1562 5050 re,
1590 4985 1684 5040 sed
1706 5000 1799 5056 spe

252 5063 490 5129 cognitam
510 5066 654 5123 inter
669 5068 1054 5126 conferendum
1072 5072 1137 5126 de
1158 5075 1299 5129 notis
1312 5089 1480 5129 sacrm
1502 5074 1799 5142 Scripturae

254 5159 492 5194 [mmini-ii:
525 5162 799 5194 οιιοηῖιιιιιιη
830 5164 1035 5194 onlnknl
1100 5166 1243 5194 ᾹΙιΑ-
1284 5167 1559 5194 ηΑ1.ἶηιι-..υι
1596 5182 1795 5194 ’.ΛυΛηΑ

1907 4988 2183 5059 pontiﬁcis
2233 4986 2438 5045 virtute
2491 4980 2846 5038 circumcirca
2912 4975 3076 5030 nrbes
3117 4971 3516 5059 nobilissimae;

1905 5051 2000 5141 sed
2072 5094 2174 5136 nec
2260 5077 2399 5138 olim
2476 5076 2647 5131 Roma
2737 5078 2930 5138 potens
3007 5051 3297 5129 indignum
3362 5059 3509 5114 ducit

1908 5190 1957 5194 --
2022 5184 2109 5194 ..--
2160 5179 2419 5194 -.._n----
2487 5165 2643 5194 ...1,...ἕιι
2745 5173 2865 5194 Illam
2922 5156 3180 5194 mmini-nn
3246 5160 3520 5194 Inmnnre-

593 5162 799 5194 οηῖιιιιιιη
830 5164 1035 5194 onlnknl

2160 5182 2348 5194 -..αλ-Α
2365 5190 2377 5194 μ
2406 5179 2419 5191 ο

1908 2968 2305 3023 remanentium
2338 2966 2610 3036 exigente,
2643 2964 2697 3019 hi
2748 2964 2840 3035 qtti
2892 2973 3081 3017 tenero
3130 2961 3277 3032 gregi
3328 2957 3505 3014 multo
3588 2968 3597 2973 '
