4116 5358
582 358 687 417 ⁸163

1510 358 1805 418 VASONIS
1843 358 2247 417 LEODIENSIS
2281 357 2589 417 EPISCOPI
2630 358 2930 414 CHARTA.

3751 351 3852 408 ’168

584 479 657 533 Ea
685 475 832 532 enim
876 486 978 546 spe
1029 472 1221 545 patria
1267 474 1465 531 ﬁnibus
1513 489 1574 531 se
1603 476 1811 532 excitos
1864 482 2166 538 autumant,
2196 477 2243 537 Α
2272 475 2481 545 gremio
2531 487 2631 546 ego
2680 473 2821 529 inter
2869 487 3014 529 verae
3050 470 3403 544 philosOphia:
3458 470 3661 526 tirones
3707 470 3854 525 solus

583 567 869 624 credentes
903 563 1012 619 illis
1035 564 1396 621 referentibus
1426 567 1517 635 qui
1550 567 1674 621 talia
1708 577 2005 636 praesentes
2029 564 2171 635 apud

584 673 685 712 nos
708 654 918 726 experti
964 654 1145 709 forent
1177 674 1189 709 :
1219 656 1309 725 qui
1347 657 1665 726 plerumque
1687 658 1993 712 litterarum
2020 672 2172 712 exer-

582 747 713 801 citio
740 760 848 799 non
900 743 1099 799 frustra
1136 746 1396 816 expetito,
1426 762 1548 801 cum
1584 746 1731 801 solus
1770 746 1942 802 Wazo
1982 760 2173 803 omnes

585 840 831 909 recipere
874 838 1066 894 solitus
1111 849 1255 894 esset
1301 850 1355 895 et
1389 828 1571 894 omnia
1619 838 1984 911 suppeditare,
2026 842 2172 910 quod

581 929 744 985 fateri
774 928 943 985 rubor
978 938 1063 985 est
1084 943 1142 984 et
1185 946 1386 1003 negare
1420 932 1651 997 latlacia,
1683 932 1860 987 nullus
1893 947 2080 987 eorum
2104 933 2172 987 ab

583 1022 841 1078 omnibus
893 1023 1051 1079 nobis
1103 1023 1263 1093 hujus
1311 1025 1413 1079 loci
1461 1024 1753 1093 indigentis
1809 1032 2167 1079 sustentatur.

581 1114 735 1169 Adeo
786 1114 1004 1184 pietatis
1053 1131 1216 1183 opera
1271 1132 1392 1185 qua:
1431 1132 1569 1170 unus
1621 1116 1992 1171 imlcllcicnter
2043 1131 2172 1186 age-

583 1206 696 1271 bat,
726 1223 916 1264 omnes
939 1209 1102 1264 simul
1140 1225 1420 1291 exercere,
1450 1211 1553 1265 etsi
1584 1211 1852 1275 volumus,
1899 1226 2008 1265 non
2048 1226 2173 1281 pos-

588 1311 796 1351 sumus.

804 1386 931 1443 Car.
973 1387 1192 1444 XXXV.
1233 1392 1581 1462 Apostropln'a
1626 1393 1694 1446 ad
1723 1392 1958 1462 chiam.

656 1478 768 1549 Age
815 1495 944 1548 ergo
990 1498 1148 1544 nunc,
1181 1498 1214 1538 ο
1260 1482 1432 1538 dulcis
1489 1483 1669 1553 Legia,
1718 1485 1762 1540 si
1812 1500 1918 1555 qua
1966 1493 2050 1539 est
2078 1485 2172 1541 tibi

587 1569 736 1624 cordi
786 1571 961 1639 pietas
1010 1571 1061 1626 in
1113 1573 1278 1628 Deum
1320 1584 1415 1628 aut
1450 1575 1751 1629 honestatis
1778 1590 1935 1629 amor
1970 1575 2039 1629 ad
2074 1590 2176 1629 Sae-

587 1657 804 1726 culum,
850 1662 1230 1719 ardentissime
1283 1679 1496 1733 quaeso,
1533 1665 1725 1719 saltem
1773 1666 2013 1735 antiqua:
2044 1665 2174 1720 reli-

585 1748 762 1821 gionis
795 1752 1019 1822 vestigia
1069 1754 1321 1825 amplecti
1368 1755 1725 1822 contendito;
1783 1755 1908 1825 quia
1939 1756 2041 1811 etsi
2087 1772 2175 1810 or-

2273 564 2480 620 inutilis
2526 564 2749 620 vernula
2798 563 2995 628 coalui,
3058 563 3246 635 paucis
3294 579 3354 619 es
3405 560 3747 617 admouenda
3788 577 3854 615 ne

2274 656 2414 711 dona
2458 654 2670 710 Domini
2700 654 2796 716 tui,
2838 654 2881 709 si
2927 669 3031 723 qua
3085 652 3180 709 tibi
3212 661 3360 718 sunt,
3389 651 3603 707 meritis
3631 650 3740 703 tuis
3773 665 3855 704 aro

2271 763 2465 819 rogare
2487 747 2759 816 incipias;
2810 746 2904 800 sed
2945 745 3125 815 potius
3174 753 3341 800 temet
3374 741 3739 816 mstimatione
3785 740 3856 794 in-

2274 838 2549 894 ﬁrmitatis
2590 847 2694 894 tum
2738 837 2977 893 omnium
3028 837 3392 892 Ecclesiarum
3448 835 3679 905 pedibus
3728 834 3855 887 sub-

2273 941 2508 995 steruas,
2540 939 2595 985 et
2627 929 2862 985 maxime
2884 931 3071 984 matris
3093 939 3194 984 tua:
3222 938 3422 985 sancta:
3456 937 3511 983 et
3534 925 3855 981 venerabilis

2274 1024 2510 1080 Coloniae
2539 1040 2701 1094 quam
2754 1024 3016 1079 Dominus
3072 1032 3193 1094 post
3221 1021 3410 1077 urbem
3453 1019 3710 1083 Romam,
3750 1028 3855 1073 tum

2275 1115 2490 1170 infinito
2544 1115 2742 1170 diversi
2797 1098 3012 1185 generis
3060 1123 3374 1174 sanctorum
3421 1124 3686 1174 numero,
3752 1118 3855 1163 tum

2268 1205 2660 1275 jncundissime
2697 1207 2953 1261 distincta
2994 1215 3197 1261 sancta:
3241 1204 3517 1275 religionis
3543 1216 3750 1257 corona
3785 1201 3859 1255 di-

2276 1309 2473 1370 gnatus
2515 1308 2598 1353 est
2641 1297 2924 1367 insignire.
2978 1295 3127 1352 Ilanc
3159 1305 3214 1350 tu
3245 1309 3509 1350 venerare
3555 1309 3655 1349 ceu
3696 1291 3859 1345 domi-

2278 1406 2426 1457 nam,
2465 1399 2525 1444 ut
2566 1399 2616 1443 te
2642 1404 2746 1443 non
2794 1388 3113 1458 dedignetur
3138 1400 3435 1457 agnoscere
3475 1384 3642 1439 filiam
3676 1399 3695 1448 ;
3738 1399 3865 1453 qua-

2279 1494 2438 1538 tenus
2468 1493 2518 1538 te
2563 1501 2659 1555 pro
2683 1482 3012 1549 humilitate,
3043 1481 3189 1536 illam
3229 1496 3328 1552 pro
3374 1476 3661 1535 charitatis
3693 1492 3864 1531 nemo.

2279 1577 2563 1631 ueratione
2592 1574 2862 1630 rctherens
2902 1573 2995 1628 ille
3047 1572 3283 1642 claviger
3325 1569 3564 1642 pratvius
3585 1568 3863 1623 ambarum

2278 1667 2387 1723 dux
2410 1676 2461 1722 et
2494 1676 2772 1735 patronus,
2800 1680 2922 1721 cum
2954 1673 3311 1735 utrarumque
3335 1663 3528 1718 ovibus
3568 1660 3640 1715 ad
3679 1659 3862 1732 gaudia

2282 1760 2492 1817 Domini
2519 1760 2602 1816 sui
2649 1760 2995 1825 intromittat,
3036 1767 3093 1814 et
3124 1758 3190 1815 ad
3221 1757 3512 1823 videndum
3543 1756 3721 1811 Deum
3751 1754 3865 1809 deo-

583 1842 710 1899 hata
738 1859 798 1899 es
829 1842 1101 1910 Patribus,
1131 1862 1228 1917 pro
1264 1847 1396 1916 ipsis
1429 1857 1607 1903 tamen
1638 1849 1749 1901 nati
1776 1856 1902 1903 sunt
1934 1847 2027 1903 tibi
2054 1847 2175 1914 ﬁlii,
2218 1841 2257 1899 ll
2289 1869 2406 1908 rum
2447 1852 2499 1908 in
2545 1851 2698 1918 Sion,
2724 1851 2775 1906 in
2807 1850 3048 1907 caelestis
3073 1848 3376 1907 Jerusalem
3404 1848 3626 1904 sedibus
3650 1860 3864 1915 compo-

585 1951 724 2004 quos
753 1937 1098 2007 o.nnipotc.ns
1144 1939 1305 2006 Deus,
1354 1940 1482 1994 licet
1519 1940 1699 1995 adhuc
1729 1950 1947 1995 teneros
1984 1950 2039 1996 et
2089 1957 2179 1996 ru-

586 2026 702 2093 des,
730 2029 980 2099 exemplo
1024 2030 1289 2085 bonorum
1322 2031 1544 2085 Patrum
1582 2031 1650 2084 ad
1676 2042 1876 2085 sanctae
1905 2031 2180 2100 religionis

589 2118 803 2176 culmen
860 2130 1052 2192 potens
1093 2132 1175 2179 est
1233 2124 1544 2180 informare.
1588 2123 1707 2179 Tibi
1737 2126 1905 2190 enim,
1933 2126 2181 2189 Domine,

589 2211 833 2269 derclicti
857 2225 979 2270 sunt
1006 2232 1294 2287 pauperes,
1324 2218 1541 2289 pupillis
1574 2227 1630 2273 tu
1669 2220 1777 2274 eris
1808 2218 2042 2288 adjutor.
2073 2220 2182 2275 Sed

587 2312 671 2360 est
724 2306 868 2377 quod
923 2309 1065 2364 inter
1112 2310 1247 2375 haec,
1301 2326 1334 2365 ο
1380 2311 1552 2368 dulcis
1600 2311 1891 2377 nutricula,
1935 2313 1987 2366 itt
2029 2311 2186 2383 cujus

598 2484 1968 2514 m—

2282 1958 2397 2014 nat,
2423 1957 2718 2020 praestante
2757 1947 2874 2017 ipso
2906 1945 3017 2001 Deo
3062 1945 3186 2001 vivo
3225 1953 3281 1999 et
3316 1958 3469 2007 vero,
3508 1942 3604 2012 qui
3648 1954 3792 1995 unus
3818 1938 3865 1991 in

2285 2041 2528 2096 trinitate
2550 2050 2604 2095 et
2628 2040 2803 2095 trinus
2834 2039 2888 2093 in
2916 2039 3149 2103 unitate,
3192 2036 3340 2093 solus
3382 2034 3547 2091 habet
3591 2034 3866 2088 immorta-

2283 2129 2514 2195 litatem,
2564 2139 2616 2184 et
2659 2128 2835 2183 lucem
2875 2127 3084 2183 habitat
3124 2124 3579 2182 inaccessibilem.
3607 2122 3714 2179 Cui
3769 2121 3868 2190 regi

2286 2218 2606 2274 saeculorum
2661 2216 2977 2282 immortali,
3030 2215 3306 2279 invisibili,
3369 2213 3469 2269 soli
3519 2211 3636 2267 Deo
3684 2211 3867 2273 honor,

2285 2309 2403 2364 laus
2430 2316 2485 2364 et
2504 2308 2671 2377 gloria
2695 2308 2749 2363 in
2772 2308 2967 2365 saecula
2991 2307 3334 2364 sreculorum.
3366 2306 3564 2361 Amen.

3322 2480 3858 2507 Μ

1485 2655 2102 2775 VASONIS
2187 2590 2971 2772 EPISTOLE.

1070 2998 1405 3057 EPISTOLA
1449 3000 1682 3057 PRIMA.

805 3124 874 3164 AD
919 3124 1157 3166 JOANNEII
1208 3128 1562 3173 ινιυεροειτυιι
1610 3132 1963 3175 ιευυιῑκεειί.

875 3199 1032 3256 lianc
1077 3203 1236 3259 habes
1273 3222 1457 3275 supra,
1509 3209 1687 3277 cap.5
1735 3207 1892 3265 Viue.

1163 3316 1496 3377 EPISTOLA
1549 3323 1614 3378 ll.

866 3440 935 3482 ΑΒ
973 3442 1241 3487 HENRICUN
1282 3446 1298 3484 1
1339 3448 1653 3492 FRANCORU!
1708 3450 1902 3492 ηεϐει.

917 3538 1103 3599 Exslat
1140 3545 1373 3616 ejusdem
1416 3546 1549 3604 Vita:
1599 3567 1718 3621 cap.
1770 3550 1859 3609 25.

2203 3008 2250 3071 C

2841 3000 3176 3059 EPISTOLA
3217 2999 3279 3056 ΙΙΙ
3291 3041 3307 3056 .

2427 3112 2496 3152 Αἰ)
2534 3110 2807 3152 ιιοσειιιωί
2847 3110 2886 3150 ll
2922 3108 3378 3151 CATALAUNENSEI
3418 3107 3745 3148 EPISCOPUI.

2715 3184 2811 3241 Est
2858 3196 3014 3255 caput
3058 3185 3131 3241 ‘25
3168 3186 3452 3256 integrum.

2834 3276 3172 3333 EPISTOLA
3213 3274 3304 3330 IV.

2323 3388 2390 3426 ιι)
2427 3384 2698 3426 BENBICUI
2749 3384 3166 3434 IIPEBATOREH,
3219 3381 3579 3425 COGNOIENTO
3628 3378 3843 3421 NIGUUI.

2872 3459 3285 3526 Fragmentum.
3824 3459 3831 3465 ’

2750 3551 3094 3608 Interserttur
3132 3551 3291 3619 capiti
3327 3548 3420 3603 27.

618 3707 3845 3738 W

1601 3862 2199 3985 CHARTA'
2271 3866 2893 3989 VASONIS

1201 4090 1339 4147 PRO
1373 4090 1737 4148 LEODIENSI
1773 4089 2110 4149 ECCLESIA
2147 4091 2584 4151 COLLEGIATA
2628 4092 2687 4149 S.
2732 4090 3283 4150 BARTHOLOMEI.
3331 4049 3345 4061 .

2003 4251 2216 4332 (Anno
2255 4254 2463 4335 toto.)

607 4411 807 4477 Addit
842 4414 1041 4479 decem
1071 4416 1431 4498 prwbmdas
1466 4421 1550 4480 ad
1575 4437 1901 4480 numerum
1936 4419 2172 4500 viginti
2208 4421 2681 4498 eanonicorum,
2729 4422 2934 4504 eisque
2974 4423 3255 4504 assignat
3297 4423 3545 4503 amplos
3575 4424 3875 4487 redditus.

1539 4579 1808 4654 [Martene
1834 4580 2087 4651 Ampliss.
2124 4579 2362 4645 Cellach,
2398 4589 2526 4639 tom.
2560 4581 2611 4649 Ι,
2642 4597 2764 4656 pag.
2809 4582 2963 4656 HL]

677 4869 736 4924 ln
767 4877 984 4926 nomine
1014 4879 1217 4928 sancta
1234 4880 1291 4927 et
1326 4872 1617 4931 individua:
1649 4875 1956 4931 Trinitatis.
1989 4858 2197 4931 Notum.
2221 4878 2267 4938 D
2294 4876 2456 4932 etiam
2488 4876 2727 4944 ejusdem
2756 4877 2898 4933 villae
2924 4886 3154 4934 matrem
3184 4875 3501 4941 ecclesiam,
3531 4891 3659 4933 cum
3687 4874 3880 4947 optima

611 4959 983 5028 sitomriibus,
1022 4963 1168 5033 quod
1211 4964 1396 5020 comes
1445 4964 1771 5022 Lambertus
1818 4966 1886 5021 de
1932 4965 2195 5036 Lovanio,
2303 4975 2454 5023 corte
2497 4976 2555 5023 et
2603 4966 2771 5022 certis
2826 4967 3052 5024 decimae
3096 4983 3207 5024 sua:
3262 4966 3540 5022 dominiis.
3598 4965 3712 5038 Ego
3761 4976 3883 5019 vero

609 5067 711 5123 pro
737 5051 911 5125 culpis
936 5053 1051 5111 suis
1074 5056 1599 5124 excommunicatus,
1628 5059 1776 5115 dedit
1804 5059 1937 5113 mihi
1968 5059 2197 5115 Waznni
2299 5062 2761 5131 praedecessorum
2792 5076 3037 5118 meorum
3077 5059 3309 5117 Baldrici
3336 5060 3570 5125 scilicet,
3601 5055 3884 5115 Wolbodo-

611 5142 832 5213 indigno
858 5145 1075 5214 praesuli
1107 5161 1206 5216 pro
1236 5150 1579 5205 absolutione
1626 5165 1723 5205 sua
1770 5151 2011 5221 quinque
2041 5167 2196 5207 mau-
2301 5155 2385 5210 nis
2438 5162 2494 5211 et
2527 5153 2824 5226 Raynardi,
2870 5153 2963 5225 qui
3011 5167 3300 5226 pauperem
3351 5150 3642 5208 ecclesiam
3677 5148 3738 5204 S.
3770 5145 3886 5201 Bar-

614 5249 705 5290 sos
734 5235 946 5293 ﬁscales
967 5239 1106 5309 apud
1140 5240 1419 5299 'Villersin
1462 5243 1754 5308 E'asbania,
1808 5254 2042 5314 quatuor
2082 5261 2196 5301 ser-
2300 5246 2571 5302 tholomzei
2624 5246 2739 5302 suis
2796 5255 3067 5302 auxerunt
3118 5243 3621 5317 acquisitionibus,
3675 5248 3888 5296 secutus
