4116 5358
292 247 394 303 769

1707 246 2122 306 CHRONICON.

367 620 458 713 ί)
1404 596 2431 784 QDORANNI:
2520 611 2719 683 MA

1051 835 1423 899 MONACHI
1467 834 1749 897 SANCTI
1794 833 2027 897 PETRI
2073 834 2243 897 VlVl
2287 832 2768 895 SENONENSIS

1368 1052 2460 1210 CHRONICON

276 1323 462 1403 Quod
502 1324 614 1387 ille
644 1324 781 1406 jam
823 1323 1271 1403 sexagenarius
1314 1339 1452 1382 cum
1493 1320 1642 1382 aliis
1688 1320 2011 1401 opusculis
2055 1322 2189 1382 suis
2231 1322 2297 1381 in
2343 1340 2530 1381 unum
2573 1339 2805 1401 corpus
2850 1320 3103 1402 collegit
3144 1341 3304 1384 anno
3348 1321 3525 1393 10M.

1056 1484 1231 1556 (Apud
1256 1484 1527 1541 Duchesn.
1558 1483 1755 1555 Script.
1784 1481 1910 1538 Rer.
1946 1481 2152 1538 Frena.
2182 1491 2316 1549 tom,
2346 1482 2408 1548 ΙΙ,
2442 1498 2565 1555 pag.
2591 1482 2743 1555 636.)

339 1792 499 1849 Anno
526 1792 595 1846 ab
624 1792 999 1849 lncarnatione
1047 1793 1257 1848 Domini
1304 1792 1409 1850 675
1454 1794 1587 1850 obiit
1632 1804 1853 1851 sanctus
1882 1807 1928 1863 Α
2027 1795 2184 1849 Anno
2212 1793 2318 1849 840
2344 1795 2478 1850 obiit
2531 1794 2859 1852 lllmluvicus
2906 1796 3036 1853 Pius
3071 1797 3387 1868 imperator.

267 1882 464 1941 Emme
509 1884 844 1940 Senonensis
888 1886 1348 1956 archiepiscopus.
1392 1885 1488 1941 Hic
1512 1886 1858 1958 privilegium

267 1976 549 2033 libertatis
568 1993 672 2032 una
695 1993 819 2033 eum
846 1979 1263 2050 provincialibus
1286 1980 1551 2048 episcopis
1580 1980 1858 2036 monachis

265 2070 444 2124 sancti
492 2069 638 2126 Petri
689 2068 814 2127 fecit
848 2071 1181 2143 synodaliter
1232 2069 1563 2141 temporibus
1594 2071 1854 2127 Chlotarii

265 2163 413 2233 regis
444 2171 501 2216 et
536 2161 884 2218 Baltechildze
914 2163 1103 2219 matris
1129 2163 1269 2235 ejus.

337 2254 503 2308 Anno
579 2253 681 2309 688
720 2254 981 2326 Pippinus
1016 2255 1215 2310 Auster
1257 2252 1432 2322 major
1474 2253 1663 2309 domus
1696 2254 1857 2325 regiae

257 2342 633 2413 principatum
664 2343 1000 2399 Francorum
1034 2345 1292 2415 suscepit.
1323 2343 1491 2416 Hujus
1521 2344 1856 2413 temporibus

259 2445 493 2490 sanctus
522 2434 854 2493 Vulfrannus
879 2436 1155 2492 Senonum
1197 2435 1550 2492 archioraasul
1599 2434 1846 2491 Fresiam

259 2527 566 2599 praedicare
598 2529 783 2598 coepit.

330 2619 495 2673 Anno
523 2618 629 2672 712
672 2620 807 2675 obiit
846 2618 1105 2690 Pippinus
1150 2618 1361 2685 senior;
1410 2626 1466 2673 et
1522 2618 1662 2674 ﬁlius
1714 2617 1851 2687 ejus,

259 2709 357 2781 qui
421 2710 627 2765 dicitur
683 2711 908 2768 Carolus
951 2710 1250 2773 Martellus,
1290 2710 1649 2781 principatum
1697 2726 1853 2765 usur-

258 2802 429 2873 pavit.

2031 1888 2187 1941 Anno
2217 1887 2317 1942 841
2346 1895 2524 1942 actum
2546 1894 2629 1942 est
2656 1888 2850 1941 bellum
2879 1889 3019 1943 inter
3048 1888 3297 1945 Carolum
3330 1904 3536 1963 regem,

1958 1976 2049 2047 qui
2081 1976 2279 2031 dicitur
2327 1975 2544 2043 Calvus,
2592 1986 2646 2031 et
2688 1976 3027 2046 Lothariuin,
3078 1989 3133 2034 et
3184 1979 3510 2038 Luduvicum

1957 2078 2010 2123 et
2054 2067 2331 2138 Pippinum
2364 2069 2501 2138 apud
2531 2067 2913 2123 Fontanetum.

2028 2162 2185 2217 Anno
2227 2160 2329 2215 847
2367 2162 2623 2215 translata
2689 2172 2817 2216 sunt
2867 2172 3176 2218 sanctorum
3231 2176 3528 2237 martyrum

1956 2268 2209 2321 corpora,
2255 2252 2556 2312 Saviniani,
2614 2251 2939 2317 Potentiani,
2980 2253 3163 2315 Altini.
3218 2264 3377 2324 atque
3425 2257 3533 2310 Eo-

1955 2344 2118 2409 daldi,
2152 2344 2204 2398 in
2234 2343 2454 2399 basilica
2488 2344 2543 2398 S.
2572 2343 2713 2397 Petri
2739 2359 2770 2398 a
2800 2344 3082 2401 Wenilone
3104 2348 3533 2417 arctiiepisc0po,

1955 2450 2049 2490 Vill
2078 2433 2195 2488 Kal.
2230 2434 2504 2502 Septemb.

2022 2523 2177 2578 Anno
2206 2524 2309 2579 865
2342 2526 2474 2579 obiit
2503 2524 2716 2579 Wenilo
2757 2527 3194 2599 archiepiscopus
3226 2528 3524 2592 Senonum,
3620 2562 3625 2567 -

1952 2615 2045 2685 qui
2090 2614 2420 2671 Luduvicum
2477 2615 2702 2668 fratrem
2731 2616 2909 2671 Caroli
2947 2618 3097 2671 unxit
3136 2618 3189 2673 in
3240 2635 3419 2690 regem
3477 2621 3531 2674 iu

1951 2704 2275 2777 Burgundia.
2326 2705 2462 2761 lluic
2509 2706 2767 2761 successit
2798 2706 2913 2776 Egil
2944 2708 3102 2763 abba.

2019 2799 2171 2853 Anne
2211 2797 2313 2852 870
2356 2798 2489 2852 obiit
2514 2799 2744 2854 domnus
2776 2800 2891 2871 Egil
2936 2798 3398 2873 archiepiscopus,
3431 2804 3527 2873 qui

328 2894 489 2951 Anno
530 2895 629 2950 721
670 2895 807 2951 obiit
848 2893 991 2950 Beda
1032 2895 1340 2967 presbyter,
1381 2894 1852 2967 historiograpbus
1948 2888 2292 2960 privilegium
2358 2901 2544 2945 sancto
2589 2891 2752 2949 Petro
2804 2891 2932 2946 fecit
2985 2894 3050 2947 de
3099 2894 3270 2952 altare
3316 2897 3533 2957 AlSOIllS

256 2988 582 3060 Anglorum.

330 3080 493 3133 Anno
527 3080 624 3134 7H
675 3080 925 3153 migravit
954 3081 1021 3138 ad
1067 3081 1355 3137 Dominum
1407 3080 1465 3136 S.
1498 3080 1846 3149 Vull‘rannus,

1950 2980 2109 3035 villas.
2157 2980 2255 3036 Hic
2287 2980 2545 3036 Lolbario
2584 2981 2799 3051 juniore
2843 2986 3195 3052 concedente,
3246 2996 3298 3041 et
3339 2986 3527 3058 Treje—

1950 3074 2215 3128 ctensium
2264 3076 2518 3146 episcopo
2560 3074 2820 3144 jubente,
2869 3093 2934 3131 ex
2980 3078 3146 3148 ipsius
3187 3080 3429 3147 dimcesi,
3478 3092 3535 3140 et

257 3178 314 3225 et
378 3169 616 3227 Carolus
665 3174 918 3245 princeps
969 3173 1152 3241 obiit;
1224 3189 1331 3244 quo
1386 3182 1600 3229 mortuo
1665 3171 1901 3231 Carlo—l

1953 3165 2280 3219 monasterio
2318 3167 2459 3234 quod
2491 3166 2688 3220 dicitur
2712 3165 2949 3234 Promia,
2985 3179 3311 3238 assumptus,
3359 3189 3389 3226 a
3427 3172 3534 3229 Ca-

257 3277 494 3318 mannus
547 3270 602 3319 et
646 3262 908 3336 Pippinus
960 3264 1054 3320 ﬁlii
1108 3263 1224 3334 ejus
1266 3264 1625 3337 principatum
1678 3265 1847 3320 susci-

254 3353 429 3423 piunt.

325 3444 487 3498 Anno
540 3442 644 3499 750
685 3444 939 3519 Pippinus
988 3454 1195 3521 statura
1245 3446 1470 3518 pusillus
1517 3447 1720 3503 electus
1763 3456 1847 3502 est

257 3533 313 3589 in
368 3550 580 3606 regem,
607 3549 663 3592 et
719 3537 1078 3604 Cliildericus,
1108 3539 1196 3609 qui
1230 3540 1297 3594 de
1326 3540 1496 3608 stirpe
1526 3539 1669 3610 regis
1689 3539 1844 3594 Chlo.

254 3625 408 3681 dovei
456 3640 819 3692 remanserat,
860 3639 1183 3686 tonsoratus.
1234 3629 1334 3686 Hic
1389 3629 1571 3684 deﬁcit
1621 3647 1844 3701 regnum

254 3718 573 3775 Chlodovei.
627 3720 725 3776 His
776 3723 1106 3793 temporibus
1150 3723 1401 3794 migravit
1449 3723 1515 3777 ad
1559 3723 1842 3777 Dominum

253 3814 635 3869 sanctissimus
670 3815 823 3870 Ebbo
852 3816 1125 3873 Senonum
1163 3819 1626 3890 archiepiscopus,
1659 3826 1712 3876 et
1762 3834 1849 3873 se-

252 3901 437 3969 pultus
464 3910 555 3958 est
596 3905 650 3959 in
697 3908 1023 3964 monasterio
1064 3911 1235 3966 sancti
1268 3909 1414 3965 Petri
1462 3910 1709 3981 apostoli.
1752 3910 1843 3965 ubi

253 4006 424 4061 usque
452 3994 509 4047 in
545 4006 870 4063 prrcsentem
899 3997 1041 4053 diem
1068 4000 1316 4070 gloriosis
1344 4001 1617 4055 miraculis
1653 4000 1839 4071 fulget.

1953 3259 2068 3314 rolo
2110 3274 2233 3331 rege
2276 3259 2328 3313 in
2372 3260 2698 3319 umnasterio
2736 3258 3057 3319 Flaviniensi
3086 3260 3227 3320 abba
3275 3274 3356 3321 est
3399 3281 3529 3323 con~

1950 3354 2132 3409 stitus.
2159 3352 2350 3407 Postea
2388 3354 2661 3409 Senonum
2701 3355 3138 3426 archiepiscopus
3165 3358 3233 3412 ob
3257 3358 3339 3412 sui
3370 3361 3533 3415 meri-

1954 3455 2004 3501 ta
2038 3444 2233 3509 factus,
2266 3447 2497 3517 quiescit
2520 3447 2572 3501 in
2601 3448 2929 3503 monasterio
2956 3448 3013 3503 S.
3044 3448 3208 3504 Petri.
3243 3449 3359 3516 Quo
3388 3467 3531 3507 mor-

1952 3545 2082 3603 tuo,
2134 3538 2427 3609 Ansegisus
2480 3539 2802 3594 venerabilis
2847 3542 3214 3611 episcopatum
3269 3544 3528 3614 suscepit.

1949 3629 2046 3685 Hic
2081 3628 2331 3684 Carolum
2364 3629 2585 3685 Calvum
2629 3631 2782 3685 unxit
2810 3630 2865 3686 in
2899 3646 3100 3701 regem.

2016 3722 2175 3776 Anno
2205 3721 2309 3777 874
2335 3721 2560 3777 Carolus
2594 3723 2892 3793 imperator
2934 3725 3143 3790 tertius,
3191 3724 3281 3795 qui
3330 3725 3529 3781 dicitur

1947 3812 2159 3876 Calvus,
2192 3812 2333 3867 ﬁlius
2375 3813 2652 3868 Hlmlovici
2681 3813 2784 3880 Pii,
2815 3830 2936 3870 cum
2969 3816 3205 3870 secunda
3237 3814 3527 3885 profectio-

1948 3920 2015 3959 ne
2040 3904 2266 3959 Romam
2311 3913 2537 3975 peteret,
2567 3921 2622 3959 ιιι
2657 3905 2775 3959 Kal.
2823 3904 3038 3971 Octob.,
3069 3908 3121 3960 iu
3169 3907 3284 3976 ipso
3338 3906 3528 3960 itinere

1946 3997 2099 4061 obiit,
2130 4008 2186 4053 et
2213 3998 2539 4053 llludovicus
2562 3998 2697 4053 ﬁlius
2724 3999 2839 4069 ejus
2869 4014 3092 4069 regnum
3120 4000 3373 4071 suscepit.
3398 3999 3525 4055 dlu-

319 4086 481 4139 Anno
542 4086 646 4141 764
700 4087 958 4159 Pippinus
1016 4107 1113 4146 rex
1173 4092 1425 4154 moritur,
1476 4100 1531 4146 et
1582 4090 1674 4146 ﬁlii
1726 4091 1842 4161 ejus
1937 4085 2028 4155 jus
2063 4089 2242 4144 Caroli
2281 4089 2611 4160 temporibus
2653 4088 2791 4144 facta
2825 4100 2949 4144 sunt
2975 4088 3221 4158 Capitula
3252 4091 3303 4145 in
3334 4090 3523 4145 Ponti-

250 4172 498 4239 Carolus,
543 4178 636 4248 qui
681 4179 873 4234 licitur
908 4182 1203 4252 imperator
1253 4182 1496 4254 Magnus,
1550 4195 1602 4238 et
1655 4182 1842 4241 Carlo-
1944 4180 2081 4250 gone
2111 4194 2137 4231 a
2165 4179 2343 4233 Leone
2369 4179 2739 4250 apocrisiario.

251 4283 508 4336 manuus,
541 4270 817 4340 eliguntur
846 4273 896 4327 in
942 4289 1131 4344 regno.

318 4361 479 4417 Anno
529 4362 635 4417 767
681 4355 1075 4420 Carlomannus
1105 4367 1260 4421 obiit.

316 4451 477 4506 Anno
500 4451 611 4507 804
640 4451 776 4507 obiit
816 4453 1072 4508 Alcuinus
1099 4454 1468 4525 philosophus,
1498 4456 1664 4513 abbas
1714 4470 1841 4512 san-

2017 4271 2213 4325 Sancta
2247 4272 2500 4344 synodus,
2549 4287 2668 4341 qua:
2717 4272 2768 4325 in
2816 4271 3030 4327 nomine
3080 4271 3326 4338 Domini,
3364 4288 3525 4349 voeag

1946 4362 2089 4418 tione
2111 4364 2290 4419 domni
2318 4361 2539 4418 Joannis
2572 4375 2653 4418 ter
2681 4364 2979 4419 beatissimi
3004 4365 3325 4420 universalis
3350 4380 3521 4435 papae,

1944 4455 2260 4524 ctjussione
2306 4454 2507 4510 domini
2537 4453 2712 4511 Caroli
2739 4457 2980 4527 perpetui
3012 4457 3239 4527 Augusti
3290 4471 3519 4527 congre-

248 4539 322 4594 eti
378 4539 621 4595 Martini.
669 4541 928 4597 Aleninus
974 4551 1026 4597 et
1071 4544 1295 4600 Carolus
1326 4545 1739 4615 disputaverunt
1778 4546 1843 4600 de
1870 4531 1913 4591 (ἶ
1946 4559 2065 4619 gata
2098 4557 2180 4603 est
2213 4549 2264 4602 in
2287 4547 2407 4603 loco
2433 4549 2524 4618 qui
2558 4557 2782 4603 vocatur
2809 4548 3139 4620 Pnntigonis,
3170 4566 3313 4606 anno
3340 4550 3521 4605 incar-

249 4629 618 4701 philosophia,
652 4633 741 4702 qni
793 4632 929 4688 liber
976 4642 1175 4689 exstat.

314 4724 473 4777 Anno
512 4722 621 4778 8M
675 4723 809 4778 obiit
862 4724 1092 4780 Carolus
1142 4726 1440 4796 imperator
1492 4725 1746 4798 Magnus;
1787 4734 1843 4780 et

248 4811 558 4870 Ludovicus
607 4815 744 4869 ﬁlius
787 4814 947 4884 ejus,
1007 4817 1097 4886 qui
1149 4816 1278 4873 Pius
1328 4818 1559 4883 dicitur,
1614 4831 1839 4888 regnum

248 4905 585 4963 Francorum
618 4918 672 4962 et
699 4909 987 4979 imperium
1020 4907 1389 4964 Romanorum
1438 4909 1695 4978 suscepit.

312 4997 476 5051 Anno
537 4997 643 5053 828
692 5000 827 5054 obiit
894 4996 1192 5055 Hieremias
1241 4998 1512 5053 Senonum
1565 4997 1833 5068 archiepi-

1946 4640 2182 4694 nationis
2215 4640 2508 4695 Dominica:
2529 4639 2656 4705 876,
2689 4640 2981 4696 indictione
3012 4658 3099 4707 Ix,
3132 4641 3280 4711 regni
3312 4640 3520 4711 praefati

1946 4730 2283 4786 invictissimi
2330 4731 2675 4801 imperatoris
2708 4748 2914 4795 xxxvu,
2947 4733 3157 4803 imperii
3198 4742 3377 4786 autem
3414 4731 3521 4801 pri-

1946 4838 2060 4887 mo,
2093 4837 2187 4876 ιιιιι
2215 4821 2332 4876 Kal.
2384 4822 2637 4893 August.,
2695 4823 2811 4878 lucc
2869 4822 3106 4893 capitula
3151 4836 3270 4891 qua:
3334 4822 3528 4876 subtus

1942 4929 2156 4970 annexa
2188 4922 2310 4967 sunt
2339 4914 2567 4969 instituit
2600 4932 2612 4966 :

2013 5004 2142 5061 CAP.
2176 5000 2217 5057 1.
2259 5001 2500 5059 Obeunle
2545 5001 2861 5066 Illudovico,
2915 5003 3003 5073 qui
3036 5001 3267 5056 Romani
3315 4999 3525 5073 imperii

246 5100 459 5157 scapus.
490 5086 594 5143 Hic
625 5099 895 5159 prtecepta
928 5088 1225 5158 imperialia
1265 5098 1467 5143 sanctae
1500 5087 1689 5144 matris
1727 5089 1830 5142 Ec-
1934 5095 2058 5165 jura
2087 5097 2324 5164 regebat.
2352 5095 2580 5149 domnus
2625 5091 2861 5148 Joannes
2894 5104 2974 5148 ter
3002 5090 3352 5148 beatissinms
3394 5108 3527 5162 papa

1141 5181 1203 5208 :3"
1238 5186 1286 5208 nl
1520 5181 1583 5208 Α..
1626 5194 1683 5208 Dn
1713 5194 1807 5208 Ian-
2073 5186 2094 5200 ν
2153 5187 2165 5200 ³
2210 5188 2246 5208 ..ε
2274 5205 2315 5208 ,η
2344 5206 2369 5207 γέ
2411 5186 2573 5208 1Ῡ-Ιῗιιι

249 5176 421 5208 tatu-:0.
457 5178 727 5208 ennAnI-m
762 5189 811 5208 Α.
869 5181 1203 5208 σιιΛιιΑηΙΔ-ἶῗη
1238 5186 1286 5208 nl
1339 5176 1486 5208 ΛΛΙΙῘΑ
1520 5180 1583 5208 σι..
1626 5194 1683 5208 nn
1713 5194 1807 5208 Isn-

3074 5198 3221 5208 nanum
3273 5184 3507 5208 “5-.--n-s

2528 5195 2831 5208 ιιι-.-ι-ι-ιιδΑμ..
2904 5185 3064 5208 παι-,ιω
