4116 5358
514 194 519 197 ’
554 193 652 249 771

1407 191 1762 251 ODORANNI
1803 190 2114 249 MONACHI
2153 188 2214 247 S.
2253 189 2459 246 PETRI
2490 191 2628 249 VlVl
2669 191 2915 250 SENON.

3715 196 3825 253 77?.

555 326 661 381 que
692 325 804 381 pra:
830 309 1041 365 eunetis
1064 308 1240 364 solum
1260 310 1570 380 specialiter
1611 310 1836 381 eligens,
1891 312 1980 381 qui
2031 309 2135 365 Ro-
2165 308 2213 368 Α
2243 306 2365 362 dolo
2406 317 2621 378 captum
2664 309 2906 364 retinuit.
2956 306 3069 361 lllie
3118 306 3326 377 positus
3373 306 3636 373 Carolus,
3685 327 3827 365 anno

557 401 701 456 mani
732 399 939 470 imperii
968 408 1179 468 sceptra
1233 409 1459 455 teneret.
1493 399 1659 470 Cujus
1707 400 1878 455 sacris
1929 400 2141 454 institi:-

558 491 797 548 tionibus
824 505 921 560 pro
949 489 1131 545 debito
1157 502 1434 560 parentes,
1464 491 1604 560 quod
1637 492 1751 561 ipse
1776 490 2139 556 conﬁrmavit,

556 581 675 652 pari
707 594 978 636 consensu
1001 595 1191 635 omnes
1217 578 1682 635 conﬁrmavimus.

632 672 763 728 CAP.
805 671 868 728 11.
913 670 1068 727 Sicut
1096 672 1326 728 domnus
1348 669 1584 727 Joannes
1611 685 1747 743 papa
1769 670 1969 737 sanxit,
1997 686 2143 727 com-

558 776 814 822 monente
846 775 902 820 et
936 765 1335 831 consentiente,
1391 779 1456 820 ac
1485 766 1918 821 condeeernente
1945 763 2144 842 domno

560 873 625 913 ac
659 856 1052 930 gloriOsissimo
1086 856 1284 913 Carolo
1330 855 1661 926 imperatore
1697 871 1913 927 semper
1957 854 2144 926 Auguo

560 960 668 1016 sto,
723 949 1045 1021 Ansegisum
1095 949 1460 1011 venerabilem
1506 949 1818 1019 episcopum
1867 948 2143 1004 Senonum

561 1057 716 1097 suam
745 1041 918 1096 vicem
962 1049 1167 1108 tenere,
1203 1049 1257 1095 et
1282 1041 1574 1111 primatum
1617 1040 1665 1094 ei
1698 1036 1885 1095 Galliae
1926 1048 1978 1092 et
2008 1038 2144 1096 Ger-

561 1132 756 1187 mania:
785 1130 1036 1198 contulit,
1071 1132 1122 1186 in
1161 1132 1434 1188 evocanda
1472 1130 1701 1203 synodo,
1744 1138 1798 1186 et
1839 1129 2147 1184 deﬁniendo

560 1227 847 1291 canonice,
876 1226 921 1281 si
951 1226 1201 1296 quaelibet
1232 1225 1627 1281 insurrexcrint
1657 1224 1989 1285 necessaria.
2019 1230 2147 1278 etut

563 1318 814 1391 graviora
837 1318 1092 1388 qumlibct
1119 1320 1185 1373 ad
1226 1318 1391 1389 ipsius
1418 1319 1664 1373 notitiam
1696 1316 1932 1382 referat;
1968 1326 2019 1371 et
2052 1330 2148 1370 nos

565 1410 896 1465 unanimiter
922 1411 1066 1465 omni
1094 1410 1383 1465 devotione
1423 1410 1724 1476 laudamus,
1758 1419 1812 1462 et
1834 1418 1891 1463 ut
1922 1409 1993 1462 ita
2036 1407 2151 1476 ipse

567 1501 862 1570 primatum
889 1508 1067 1555 teneat
1095 1500 1280 1556 Galliae
1309 1510 1360 1554 et
1387 1499 1692 1556 Cermauim
1715 1499 2077 1559 decernimus,
2096 1509 2150 1551 rt

566 1589 864 1655 sancimus,
879 1590 1166 1659 cunctique
1187 1604 1532 1644 successores
1551 1586 1667 1657 ejus
1687 1588 1739 1642 in
1756 1589 1972 1658 propria
1994 1586 2146 1643 urbe.

634 1681 797 1734 Anno
853 1681 958 1736 878
1009 1681 1247 1735 Joannes
1321 1696 1457 1750 papa
1509 1681 1786 1735 Romanus
1832 1681 1897 1734 ad
1950 1680 2152 1735 Gallias
2184 1663 2228 1721 Β

565 1773 828 1836 veniens,
890 1772 1069 1841 primo
1116 1773 1394 1827 Arelatum
1448 1773 1664 1843 navigio
1728 1774 2005 1835 advectus.
2059 1790 2156 1844 per

567 1862 912 1932 Lugdunum,
939 1863 1181 1932 aliasque
1205 1863 1459 1917 Civitates
1490 1878 1660 1932 usque
1683 1862 1747 1917 ad
1772 1861 2155 1917 Treeassincn-

568 1964 682 2008 sem
736 1955 923 2009 urbem
972 1954 1234 2017 accessit,
1283 1953 1465 2022 ibique
1521 1969 1642 2008 cum
1692 1953 1988 2008 l‘lludovico
2046 1952 2156 2008 ﬁlio

568 2045 743 2100 Caroli
774 2046 1073 2101 collocutus
1102 2048 1167 2102 ad
1198 2045 1406 2100 Italiam
1437 2047 1733 2117 repedavit.

641 2139 796 2193 Anno
852 2136 956 2193 879
1011 2137 1144 2193 obiit
1197 2113 1512 2192 Ludovicus
1555 2153 1648 2192 rex
1692 2113 2187 2209 Burgundionumg

571 2224 745 2281 frater
783 2226 983 2283 Caroli.

642 2319 795 2374 Anno
832 2319 938 2375 885
972 2321 1107 2375 obiit
1159 2320 1455 2392 Ansegisus
1497 2321 1825 2377 venerabilis
1880 2321 2157 2377 Senonum

569 2410 1032 2482 archiepiscopus,
1061 2421 1115 2465 et
1143 2412 1384 2482 sepultus
1416 2422 1498 2467 est
1534 2412 1585 2466 in
1615 2411 1946 2467 monasterio
1977 2411 2034 2466 S.
2058 2411 2159 2466 Pe~

571 2501 662 2555 tri.
710 2501 806 2556 llic
863 2517 1089 2572 corpora
1144 2501 1245 2558 SS.
1300 2502 1589 2574 praesulatu
1661 2513 1715 2558 et
1781 2503 2158 2557 eonfessorum

569 2591 786 2655 Leonis.
824 2591 1079 2658 Ursicini,
1133 2593 1425 2658 Ambrosii,
1456 2603 1618 2664 atque
1650 2595 1856 2666 Agricii
1882 2595 1935 2649 in
1967 2610 2158 2650 mona-

570 2688 742 2739 stcr'o
783 2684 840 2738 S.
888 2684 1033 2741 Petri
1062 2685 1358 2750 transtulit,
1399 2694 1453 2740 et
1494 2685 1562 2739 ab
1615 2686 1749 2741 urbe
1779 2687 1949 2741 Roma
1992 2692 2159 2756 caput

575 2775 635 2829 S.
664 2775 910 2846 Gregorii
940 2776 1178 2831 d‘octoris
1202 2776 1420 2847 plumbo
1454 2776 1742 2841 inclusum,
1776 2794 1897 2832 cum
1928 2777 2155 2834 brachio

573 2866 635 2921 S.
676 2867 873 2924 Leonis
920 2868 1162 2922 doctoris
1210 2867 1481 2947 deferens,
1512 2870 1565 2924 in
1611 2872 1799 2925 eodem
1833 2869 2162 2924 monasterio

573 2961 1010 3016 conservandum
1042 2964 1304 3032 reposuit.
1356 2962 1527 3034 Hujus
1557 2966 1890 3035 temporibus
1931 2983 2158 3036 corpora

576 3050 679 3107 SS.
713 3061 1012 3124 martyrum
1059 3052 1337 3108 Sanctiani
1392 3064 1553 3122 atque
1601 3055 1882 3126 Augustini
1923 3058 1989 3112 de
2034 3058 2158 3112 villa

574 3160 695 3214 qua:
719 3145 905 3200 dieitut
960 3144 1251 3201 Sanceeias
1293 3163 1321 3199 a
1352 3146 1610 3203 fratribus
1632 3147 1747 3216 jam
1780 3149 1908 3204 dicti
1947 3150 2071 3214 loci,
2106 3159 2162 3204 et

574 3237 891 3308 presbytero
934 3237 1169 3306 ejusdem
1198 3239 1419 3293 nomine
1464 3239 1702 3295 Eodaldo
1740 3242 2002 3296 translata
2028 3252 2157 3298 sunt

578 3326 633 3380 in
683 3326 873 3381 eodem
917 3328 1251 3383 tnonasterio
1301 3344 1395 3384 vm
1445 3328 1565 3383 Kal.
1601 3329 1707 3385 Jul.
1741 3330 2013 3388 Praaterea
2062 3337 2160 3388 do-

581 3431 741 3472 mnus
774 3417 1093 3488 Ausegisus,
1122 3427 1407 3489 postquam
1451 3419 1740 3489 primatum
1783 3422 1950 3478 totius
1978 3422 2163 3480 Galliae

576 3507 836 3575 obtinuit,
861 3518 917 3563 et
941 3524 1172 3580 superna
1218 3510 1587 3567 moderatione
1616 3513 1887 3568 secundus
1908 3530 2043 3584 papa
2072 3532 2164 3585 ap-

578 3599 768 3671 pellari
803 3601 1021 3666 meruit,
1048 3600 1262 3658 Judaros
1284 3611 1433 3657 certa
1484 3603 1549 3658 de
1588 3618 1774 3669 causa,
1801 3614 1856 3659 et
1905 3605 2164 3662 iuoniales

579 3691 648 3748 ab
686 3691 821 3747 urbe
847 3689 1116 3749 Senonica
1140 3692 1365 3763 expulit,
1403 3704 1458 3750 et
1513 3711 1581 3750 ne
1608 3697 1837 3751 ulterius
1883 3699 1936 3751 in
1967 3714 2029 3752 ea
2070 3700 2163 3752 ha-

578 3782 874 3838 bitaculum
902 3784 1151 3840 manendi
1178 3784 1440 3840 haberent
1467 3786 1567 3840 sub
1592 3787 1953 3841 anathematis
1977 3787 2164 3858 jugulo

581 3877 883 3933 interdixit.

596 3970 597 3973 “
652 3971 812 4026 Λιιιιο
842 3971 947 4028 886
976 3972 1106 4027 obiit
1150 3971 1495 4038 Hludovicus,
1530 3971 1669 4028 ﬁlius
1692 3973 1868 4030 Caroli
1901 3975 1963 4029 111
1997 3976 2167 4046 impe-

583 4064 805 4118 ratoris.
842 4061 956 4119 Iloc
1003 4079 1169 4125 anno,
1216 4080 1255 4120 ιι
1306 4064 1424 4119 Kal.
1461 4063 1769 4132 Decembr.,
1806 4067 2167 4122 ascenderunt

583 4152 879 4208 Normanni
917 4170 946 4209 a
997 4154 1238 4209 Parisios
1277 4154 1529 4211 Senonis.
1571 4154 1645 4209 Et
1685 4157 1928 4227 sequenti
1981 4171 2165 4211 mense

585 4239 725 4297 Maio
753 4245 1031 4300 redierunt
1057 4246 1109 4300 in
1156 4245 1464 4311 Franciam,
1489 4247 1603 4316 jam
1634 4246 1887 4302 defuncto
1908 4248 2164 4303 Ewrardo

586 4332 1012 4406 archiepiscOpo,
1058 4345 1113 4390 et
1155 4336 1403 4391 ordinato
1447 4337 1710 4393 Walterio
1759 4338 1810 4392 in
1856 4338 1977 4394 loco
2023 4338 2157 4411 ejus.

587 4419 688 4487 Qui
716 4423 904 4478 eodem
935 4439 1078 4479 anno
1109 4426 1262 4480 unxit
1287 4427 1525 4482 Odouem
1555 4428 1607 4481 iu
1639 4443 1840 4500 regem.
1869 4428 1965 4484 llic
1996 4431 2161 4499 privi-

585 4510 784 4583 legium
813 4514 1093 4569 monachis
1123 4514 1180 4571 S.
1211 4516 1351 4571 Petri
1398 4517 1523 4572 fecit
1547 4519 1613 4573 de
1640 4520 1850 4574 abbatis
1878 4520 2160 4575 electione.

661 4605 815 4659 Anno
846 4604 950 4660 896
978 4605 1282 4662 Richardus
1321 4609 1571 4678 princeps
1599 4610 1919 4680 Burgundize
1960 4612 2163 4682 recepit

588 4693 832 4750 Senonas
859 4693 980 4767 [al.,
1007 4694 1225 4769 Seunis]
1247 4708 1433 4753 contra
1456 4699 1777 4756 Walterium
1805 4702 2164 4772 archiepisco-

587 4799 713 4853 pum
741 4794 796 4840 et
817 4783 1165 4842 Warnerium
1192 4789 1464 4845 comitem.

656 4875 812 4931 Anno
837 4878 940 4934 898
969 4880 1103 4935 obiit
1134 4880 1248 4937 Odo
1293 4898 1407 4947 rex,
1438 4892 1493 4936 et
1536 4880 1762 4937 Carolus
1807 4880 2044 4955 Simplex
2078 4901 2166 4941 re-

586 4981 749 5036 gnum
777 4971 1005 5039 accepit.

658 5056 816 5112 Anno
843 5058 949 5113 922
984 5061 1252 5118 Rohcrlus
1280 5066 1529 5136 princeps
1555 5074 1750 5123 unctus
1770 5078 1852 5124 est
1882 5058 1931 5123 in
1962 5085 2164 5141 regem,

590 5157 644 5202 et
670 5144 743 5204 eo
786 5167 929 5207 anno
975 5169 1086 5209 xvii
1133 5155 1252 5210 Kal.
1283 5155 1392 5211 Jttl.
1437 5157 1638 5212 factum
1680 5169 1762 5214 est
1792 5161 1985 5216 bellant
2029 5164 2169 5218 inter

590 5236 842 5295 Catulum
870 5254 926 5299 et
954 5244 1272 5312 Robertum,
1304 5248 1394 5302 ubi
1422 5247 1740 5306 interfectus
1765 5261 1848 5307 est
1875 5252 2165 5308 Robertus.

591 5327 785 5358 l-‘n-n'n
812 5346 988 5358 ..Α-Α...
1022 5353 1030 5358 .
1050 5338 1156 5358 --.1-
1192 5339 1209 5358 1

2188 3014 2235 3076 C

2246 397 2351 451 923
2388 396 2727 466 Rodulphum
2776 396 3009 451 nobilem
3062 395 3227 450 ﬁlium
3268 395 3525 451 Richardi
3571 400 3829 470 principis

2244 486 2716 558 Burgundionum,
2765 503 2869 544 una
2922 502 3045 543 cum
3090 486 3317 542 consilio
3362 486 3606 559 Hugonis
3651 489 3827 561 Magni

2244 577 2578 633 Francorum
2611 579 2786 643 ducis,
2833 586 2888 633 et
2919 594 3200 650 procerum
3244 578 3605 648 Francorum,
3642 581 3695 635 iu
3740 597 3827 636 re-

2246 684 2409 740 gnum
2442 668 2774 724 subliinavit.
2812 669 2930 735 Quo
2971 677 3185 723 mortuo
3214 684 3356 723 anno
3384 668 3491 724 935
3521 672 3829 726 accersiens

2246 775 2351 814 una
2381 775 2504 814 cum
2545 759 2775 815 Francis
2804 759 2957 833 llugo
2985 760 3092 816 dux
3135 761 3489 816 llludovicum
3519 760 3690 817 ﬁlium
3714 762 3827 833 jam

2248 850 2378 905 dicti
2410 850 2608 916 Caroli,
2640 851 2783 906 datis
2807 852 3163 908 sacramentis
3186 852 3392 924 Otgivze
3414 854 3579 909 matri
3607 855 3744 925 ejus,
3774 857 3830 911 in

2250 955 2415 1011 regno
2443 941 2741 996 constituit.

2316 1031 2473 1086 Anno
2498 1031 2602 1087 954
2627 1032 2761 1089 obiit
2789 1032 3118 1089 Hludovicus
3144 1049 3260 1099 rex,
3283 1047 3337 1090 et
3364 1034 3657 1092 Lotharius
3689 1035 3831 1092 ﬁlius

2248 1125 2366 1195 ejus
2390 1142 2614 1195 regnum
2645 1129 2901 1197 suscepit.

2320 1220 2477 1274 Anno
2503 1218 2609 1274 956
2643 1219 2776 1275 obiit
2818 1218 2970 1289 Hugo
3003 1220 3113 1274 dux
3161 1219 3405 1292 Magnus,
3452 1231 3510 1275 et
3539 1220 3686 1278 ﬁlius
3718 1219 3833 1289 eius

2252 1312 2403 1384 [lugu
2439 1313 2693 1367 ducatum
2731 1312 2988 1383 suscepit.
3018 1312 3085 1367 Et
3115 1312 3452 1369 Gislebertus
3478 1330 3665 1369 comes
3695 1313 3833 1368 Bur-

2249 1409 2578 1480 gundionum
2625 1408 2777 1469 obiit,
2813 1417 2869 1462 et
2892 1407 3150 1462 honorem
3181 1406 3296 1477 ejus
3327 1422 3449 1461 cum
3480 1406 3589 1461 ﬁlia
3619 1409 3835 1464 nomine

2250 1500 2619 1570 Leudegarde,
2652 1514 2716 1553 ex
2764 1514 2869 1567 qua
2902 1507 3088 1569 postea
3124 1514 3152 1552 a
3197 1498 3480 1566 Radu'pho
3524 1499 3833 1556 Divioneusi

2251 1593 2461 1663 pipieus
2515 1591 2688 1647 factus
2732 1600 2835 1658 est,
2888 1590 3030 1647 Otho
3060 1590 3229 1646 frater
3270 1591 3513 1662 llugonis
3556 1593 3711 1649 ducis
3753 1607 3838 1648 re-

2256 1682 2418 1753 cepit.
2450 1682 2626 1736 Aliam
2659 1697 2785 1737 vero
2824 1681 2988 1736 ﬁliam
3032 1683 3251 1736 nomine
3294 1680 3551 1736 Werram
3590 1682 3742 1736 duxit
3775 1683 3836 1736 in

2255 1776 2659 1831 nnitrimonium
2679 1775 2946 1831 Robertus
2968 1789 3151 1829 comes
3165 1774 3610 1833 Trecasinorum.
3634 1774 3838 1829 Mortuo

2256 1884 2384 1924 vero
2411 1868 2644 1932 Othone,
2678 1867 2930 1922 Ainricus
2967 1866 3137 1923 frater
3160 1865 3277 1922 eius
3312 1867 3569 1923 ducatum
3604 1869 3840 1938 suscepit

2254 1960 2595 2031 Burguudirc.

2324 2049 2482 2104 Anno
2509 2049 2613 2104 986
2639 2048 2774 2104 obiit
2804 2049 3093 2105 Lotharius
3127 2066 3245 2114 rex,
3273 2049 3569 2105 commisso
3598 2049 3710 2104 ﬁlio
3742 2064 3842 2105 suo

2256 2143 2554 2198 llludovico
2573 2141 2773 2211 juvene
2804 2138 3012 2213 "Ilgmli
3046 2142 3191 2207 duci,
3229 2157 3333 2196 una
3358 2158 3481 2197 eum
3511 2158 3703 2214 regno.

2327 2234 2483 2290 Anno
2510 2233 2613 2290 987
2641 2234 2776 2288 obiit
2802 2233 3129 2288 llludoviCuS
3175 2250 3264 2288 rex
3307 2233 3547 2304 juvenis,
3581 2234 3677 2304 qui
3713 2232 3841 2288 nihil

2258 2326 2406 2389 fecit,
2446 2326 2644 2379 donato
2681 2340 2845 2394 regno
2882 2324 3092 2394 linguai
3142 2325 3288 2390 duci,
3325 2326 3414 2396 qui
3461 2326 3658 2380 eodem
3704 2340 3838 2381 anno

2260 2433 2351 2471 rex
2392 2416 2569 2472 factus
2596 2426 2678 2470 est
2721 2432 2752 2470 a
2799 2415 3045 2471 Francis.
3079 2416 3143 2470 Et
3174 2416 3364 2471 eodem
3395 2432 3543 2472 anno
3575 2416 3841 2472 Robertus

2259 2506 2402 2561 ﬁlius
2448 2507 2568 2578 ejus
2613 2520 2798 2576 regum
2846 2505 3125 2576 piissimus
3162 2521 3256 2562 rex
3290 2497 3579 2563 ordinatus
3617 2516 3722 2563 est.
3751 2506 3839 2561 llic

2261 2597 2446 2654 deﬁcit
2476 2614 2695 2669 regnum
2721 2597 2898 2653 Caroli
2930 2598 3130 2668 Magni.

2335 2688 2491 2745 Anno
2532 2689 2639 2745 998
2669 2688 2803 2744 obiit
2851 2687 3003 2760 llugo
3043 2705 3159 2755 rex,
3201 2688 3311 2745 lilio
3340 2704 3441 2745 suo
3486 2687 3733 2746 Roberto
3766 2704 3843 2744 re-

2261 2792 2479 2855 gnante.

2333 2874 2491 2931 Anno
2523 2868 2631 2929 999
2652 2874 2787 2929 obiit
2809 2873 3059 2930 Sewinus
3081 2874 3541 2945 archiepiscopus,
3571 2875 3664 2946 qui
3681 2874 3847 2943 jactu-

2266 2979 2382 3019 ram
2425 2965 2737 3021 monasterii
2777 2966 2948 3020 sancti
2992 2964 3159 3032 Petri,
3200 2980 3363 3035 quam
3402 2965 3732 3021 Anastasius
3769 2978 3846 3019 ar-

2265 3057 2643 3128 chiepiscopus
2691 3066 3007 3113 antecessor
3052 3057 3168 3127 ejus
3212 3057 3453 3123 relevare
3499 3068 3767 3128 coeperat,
3795 3057 3845 3111 in

2264 3149 2549 3218 pristinum
2598 3149 2837 3204 restituit
2876 3159 3077 3204 statum
3108 3167 3121 3203 :
3153 3149 3337 3220 ibique
3377 3148 3479 3204 sub
3509 3148 3847 3204 districtione

2265 3239 2500 3310 regulari
2528 3239 2795 3294 ordinavit
2828 3240 3078 3295 abbatem
3112 3238 3466 3302 Rainardum,
3501 3237 3662 3307 cujus
3688 3238 3844 3292 etiam

2265 3344 2461 3400 corpus
2493 3328 2545 3382 in
2593 3329 2781 3385 eodem
2822 3329 3155 3385 monasterio
3194 3338 3279 3384 est
3322 3328 3614 3398 sepultum.
3653 3328 3753 3382 llic
3782 3329 3847 3381 ab

2266 3420 2398 3475 urbe
2428 3419 2599 3476 Roma
2646 3436 2745 3491 per
2788 3437 3005 3476 manum
3045 3419 3271 3477 Joannis
3299 3435 3451 3490 papa:
3475 3420 3846 3490 archiepisco-

2265 3510 2386 3582 pale
2415 3511 2660 3582 pallium,
2696 3528 2806 3583 quo
2836 3522 3207 3570 antecessores
3238 3510 3354 3580 ejus
3382 3511 3596 3566 infulati
3625 3521 3771 3575 sunt,
3796 3519 3848 3565 et

2265 3602 2558 3671 primatum
2590 3600 2778 3659 Gallia:
2815 3605 3071 3673 suscepit.
3105 3601 3203 3658 Hic
3248 3603 3413 3656 etiam
3459 3604 3847 3659 monasterium

2266 3692 2439 3748 sancti
2471 3694 2613 3748 l‘etri
2638 3693 3007 3750 Milidunensis
3033 3693 3102 3748 ab
3128 3695 3235 3748 imo
3267 3693 3550 3759 relevavit,
3579 3704 3640 3750 et
3670 3710 3846 3749 mona-

2266 3783 2400 3838 chos
2429 3782 2480 3836 in
2513 3782 2602 3838 illo
2634 3784 2873 3849 mittens,
2904 3784 3155 3841 abbatem
3186 3783 3512 3840 Walterium
3547 3786 3632 3840 eis
3662 3783 3847 3854 prafe-

2266 3873 2359 3928 cit.
2392 3872 2490 3929 Hic
2534 3883 2760 3930 matrem
2796 3876 3080 3932 ecclesiam
3129 3874 3186 3932 S.
3234 3875 3522 3946 Stephani,
3563 3892 3690 3946 quae
3729 3877 3844 3947 igne

2267 3976 2506 4020 eremata
2556 3966 2753 4034 fuerat,
2786 3969 2853 4023 ab
2888 3968 3135 4038 epistiliis
3164 3969 3399 4040 erigens,
3441 3978 3496 4023 et
3527 3984 3599 4024 ex
3645 3969 3848 4040 integro

2266 4057 2575 4129 perﬁciens,
2617 4059 2785 4130 signis
2813 4069 2868 4117 et
2905 4062 3239 4117 ornamentis
3280 4060 3671 4118 ecclesiasticis
3698 4064 3849 4117 deco-

2266 4152 2429 4219 ravit,
2459 4160 2525 4208 et
2560 4152 2830 4223 adjunctis
2864 4154 2966 4209 sibi
3008 4153 3204 4208 Milone
3240 4153 3493 4225 episcopo
3526 4155 3848 4212 'l‘recassen-

2265 4244 2404 4298 sium
2428 4251 2483 4297 et
2504 4242 2751 4298 Eriberto
2774 4243 3346 4309 Antissimlorensium,
3373 4243 3618 4299 Rocleno
3640 4260 3849 4315 qtmque

2268 4334 2700 4402 Niverneusium,
2714 4350 2835 4390 cum
2859 4336 3094 4390 maximo
3116 4337 3320 4391 honore
3340 4336 3638 4393 dedicavit.
3656 4339 3845 4393 Eadem

2267 4441 2482 4497 quoque
2511 4425 2599 4481 die
2638 4427 2706 4481 ad
2737 4426 3001 4497 stipendia
3050 4426 3380 4482 clericorum
3403 4428 3606 4493 ibidem
3638 4429 3749 4485 Deo
3776 4428 3846 4482 fa-

2271 4516 2587 4570 mulantiutn
2619 4517 2721 4571 tria
2749 4517 2943 4571 altaria
2974 4518 3074 4572 sub
3103 4518 3364 4589 privilegii
3399 4527 3738 4575 testamento
3764 4521 3850 4575 dc-

2269 4606 2489 4679 legavit.
2544 4609 2747 4665 Deinde
2784 4610 3071 4666 brachium
3101 4613 3279 4667 sancti
3308 4612 3507 4669 Leonis
3545 4630 3705 4684 papce
3732 4630 3850 4670 cunt

2268 4698 2451 4770 digitis
2494 4700 2663 4755 sancti
2697 4699 2898 4757 Ehonis
2936 4702 3004 4756 ab
3042 4701 3238 4759 abbate
3286 4701 3559 4758 Raiuardo
3604 4715 3664 4760 et
3693 4721 3724 4759 a
3758 4705 3853 4758 fra-

2270 4789 2443 4845 tribus
2496 4792 2808 4849 monasterii
2856 4792 2915 4849 S.
2961 4793 3107 4849 Petri
3160 4794 3328 4852 multa
3368 4811 3536 4865 prece
3578 4796 3852 4859 obtinens,

2272 4895 2406 4936 auro
2436 4890 2489 4936 et
2513 4883 2741 4953 gemmis
2765 4884 2997 4949 ornavit,
3021 4894 3076 4938 ct
3098 4884 3273 4941 eidem
3308 4901 3447 4940 casa:
3474 4885 3574 4942 Dei
3605 4889 3853 4944 contulit.

2271 4971 2376 5026 Pro
2404 4972 2597 5043 quibus
2624 4980 2808 5027 mutua
2839 4973 3210 5034 vlt-issituiiue
3251 4987 3305 5030 et
3333 4992 3430 5047 pro
3466 4979 3716 5034 remedio
3745 4979 3854 5032 ani-

2273 5079 2374 5118 mae
2400 5081 2534 5128 sum,
2558 5065 2624 5118 de
2652 5062 2844 5120 altario
2890 5066 2945 5119 S.
2998 5066 3296 5142 Saviuiani,
3327 5069 3470 5138 quod
3512 5085 3623 5125 xu
3666 5086 3854 5141 passus

2274 5169 2305 5208 a
2327 5164 2516 5227 crypta
2538 5155 2850 5210 monasterii
2871 5156 3046 5222 abest,
3070 5165 3123 5210 et
3146 5158 3212 5212 de
3248 5158 3438 5213 altario
3463 5158 3518 5214 S.
3547 5159 3853 5220 Sanctiani.

2275 5246 2417 5318 quod
2446 5255 2530 5302 est
2574 5246 2630 5300 in
2678 5246 2800 5302 v'lla
2848 5246 3126 5316 Sanceias,
3164 5256 3219 5302 et
3252 5249 3321 5305 de
3356 5249 3551 5305 altario
3595 5251 3657 5306 S.
3687 5252 3853 5312 Petri.
