4116 5358
244 275 342 332 773

1644 245 2065 343 canonicos.

3387 282 3497 339 τη

242 388 460 458 ejusque
509 388 789 447 monachis
844 392 991 449 fecit.
1040 392 1292 450 Decrevit
1341 396 1508 451 etiam
1558 405 1617 450 ut
1672 396 1812 451 abba
1842 398 1890 458 Α
1919 393 2195 465 respondit
2224 411 2323 466 pro
2352 397 2607 454 munibus
2631 414 2646 452 :
2673 415 2692 447 ι
2730 395 2848 461 Est,
2876 394 3114 459 domina,
3142 394 3197 450 in
3225 401 3498 450 monaste-

239 478 470 550 ejusdem
500 483 815 540 monasterii
857 486 911 541 in
957 495 1225 543 conventu
1257 487 1512 543 abbatum
1542 487 1627 542 vel
1653 487 1810 543 cleri-

241 585 414 626 corum
442 581 564 641 post
599 575 911 647 episcopum
951 578 1164 648 primus
1197 581 1403 640 sedeat,
1437 588 1492 635 et
1535 579 1678 634 inter
1704 595 1811 633 cat—

239 670 375 718 teros
398 662 640 733 ejusdem
667 665 1009 736 episcopatus
1036 669 1259 725 abbates
1288 669 1576 739 primatum
1604 678 1807 733 teneat;

238 754 532 824 ipseautem
549 757 709 812 talem
729 772 788 814 se
802 760 1076 825 exhibeat,
1094 770 1153 815 ttt
1172 763 1366 833 dignus
1386 763 1457 817 sit
1473 763 1561 818 tali
1580 764 1804 818 honore.

238 843 484 900 Tabulam
532 863 751 919 quoque
795 863 863 904 ex
905 866 1041 907 auro
1082 861 1137 907 et
1183 862 1411 924 argento
1457 862 1583 908 ante
1635 853 1807 909 altare

238 938 397 992 sancti
425 937 687 1006 Stephani
717 943 1042 1005 construxit,
1074 942 1141 999 de
1169 958 1276 1015 qua
1306 944 1649 1015 postmodum
1680 952 1807 999 ante

237 1029 608 1084 monasterium
638 1029 779 1086 facta
809 1041 893 1087 est
920 1033 1104 1087 turris.

296 1126 447 1176 Anno
476 1122 614 1182 1002
641 1124 776 1178 obiit
802 1123 1076 1189 Aiurieus,
1107 1125 1212 1180 dux
1243 1124 1587 1196 Burgundiaz.

297 1212 447 1267 Auno
478 1215 617 1270 l003
651 1215 864 1273 obsedit
904 1216 1176 1274 Robertus
1218 1234 1311 1275 rex
1344 1219 1804 1287 Autissiodornm,

237 1312 284 1360 et
310 1306 538 1360 vastavit
564 1306 947 1378 Burgundiam.

298 1395 449 1451 Anno
478 1396 620 1451 l0l5
655 1400 856 1469 recepit
898 1401 1165 1458 Robertns
1197 1417 1289 1458 rex
1318 1404 1590 1458 civitatem
1634 1403 1807 1461 Seno-

238 1505 373 1553 num,
397 1498 452 1544 et
489 1488 803 1546 Rainardus
849 1494 986 1549 abba
1032 1497 1345 1551 monasterii
1384 1496 1440 1553 S.
1470 1497 1616 1554 Petri
1647 1501 1801 1554 obiit.

237 1579 323 1635 llic
346 1583 735 1639 monasterium
761 1585 818 1639 S.
852 1585 998 1641 Petri
1025 1588 1093 1642 ab
1117 1588 1224 1643 imo
1249 1590 1551 1657 renovavit,
1579 1602 1636 1647 et
1660 1592 1807 1647 elau-

234 1681 333 1728 stra
363 1675 679 1730 monasterii
708 1692 828 1731 cum
860 1679 1110 1735 domibus
1136 1682 1203 1735 ad
1228 1696 1286 1736 se
1313 1685 1709 1751 pertinentibus
1731 1700 1798 1740 ex

1914 488 1996 542 rio
2022 487 2083 542 S.
2127 485 2270 541 Petri
2322 488 2681 552 Saviniauus,
2729 488 2935 558 primus
2991 485 3266 543 Senonum
3318 484 3498 540 archi-

1910 576 2226 645 episcopus.
2254 579 2352 646 qui
2394 594 2491 647 per
2538 578 2782 648 martyrii
2842 576 3171 646 triumphum
3220 590 3329 631 una
3372 589 3495 639 cum

1911 667 2075 722 sociis
2102 669 2352 736 pervenit
2381 669 2449 723 ad
2477 668 2718 723 caelestis
2748 667 2898 737 regni
2928 666 3198 722 bravium.
3249 665 3306 721 Si
3336 665 3499 735 hujus

1910 762 2174 831 martyris
2201 764 2395 818 devote
2426 763 2626 818 adieris
2654 762 3016 830 prmsentiam,
3037 760 3090 815 id
3118 759 3264 829 quod
3294 758 3502 828 promi-i

1909 852 1998 910 sit.
2031 854 2237 924 absque
2264 854 2521 909 dilatione
2551 853 2766 908 noveris
2797 865 2847 907 te
2873 858 3311 906 consecuturant.
3357 868 3377 901 ι
3426 847 3502 901 At.

1909 942 2000 999 illa
2033 948 2097 999 de
2130 945 2265 999 tanti
2301 944 2400 999 viri
2429 944 2656 999 consilio
2703 942 2944 1013 gaudens
2990 940 3205 1005 effecta,
3229 938 3499 996 citissime

1910 1050 2014 1092 una
2044 1053 2167 1093 cum
2197 1037 2307 1093 ftlio
2335 1036 2560 1107 expetiit
2603 1036 2779 1090 sancti
2808 1035 2953 1091 Petri
2984 1034 3187 1098 limina,
3214 1043 3271 1089 et
3302 1031 3500 1087 diutis-

1911 1130 2046 1185 sime
2093 1131 2360 1202 lacrymas
2390 1130 2617 1184 fundens
2646 1138 2774 1183 ante
2811 1142 3009 1197 corpus
3040 1126 3181 1182 beati
3215 1124 3494 1195 martyris,

1910 1224 2145 1291 totisque
2178 1218 2383 1279 virihds
2430 1237 2490 1276 se
2531 1221 2878 1276 committens
2932 1217 3049 1285 ejus
3085 1216 3228 1279 fidei,
3254 1214 3499 1287 gaudens

1910 1314 2173 1369 remeavit
2218 1315 2285 1369 ad
2338 1329 2554 1384 propria
2619 1314 2686 1367 de
2732 1310 3042 1366 visitatione
3097 1306 3228 1362 tanti
3279 1304 3496 1375 patroni

1906 1403 2228 1460 confortata.
2257 1404 2501 1460 Nondum
2543 1401 2836 1458 transierat
2863 1400 2978 1454 dies
3021 1398 3203 1462 terl'a,
3233 1412 3357 1453 cum
3398 1409 3495 1449 su-

1907 1497 2022 1553 bito
2057 1498 2210 1553 adest
2248 1498 2569 1567 intempesta
2618 1505 2778 1550 nocte
2815 1492 3025 1562 legatus
3067 1490 3210 1559 regis
3246 1495 3373 1542 ante
3408 1484 3496 1557 ja-

1907 1607 2093 1655 nuam,
2124 1590 2383 1645 nuntians
2408 1591 2460 1646 in
2492 1588 2740 1659 proximo
2763 1586 3074 1643 adfuturam
3098 1583 3217 1654 ejus
3256 1595 3497 1651 praesen-

1905 1686 2058 1739 tiam.
2089 1685 2189 1752 Qui
2227 1684 2339 1739 Deo
2379 1685 2613 1738 ducente
2654 1680 2890 1753 propriis
2920 1679 3139 1735 sedibus
3189 1675 3490 1734 restitutus,

238 1776 336 1822 toto
362 1766 728 1822 remditicavit.
777 1769 1037 1824 Tahulam
1068 1772 1230 1827 etiam
1263 1789 1483 1829 auream
1524 1784 1581 1831 et
1609 1791 1803 1846 argeu-
1833 1780 1877 1839 Β
1905 1790 1965 1835 ut
2002 1779 2288 1834 verissima
2314 1776 2708 1847 approbaretur
2733 1773 3022 1845 promissio
3049 1767 3495 1842 martyris,dein-

240 1864 360 1911 team
406 1869 535 1913 ante
579 1860 752 1915 altare
791 1863 1119 1929 construxit,
1153 1880 1373 1922 crucem
1412 1882 1632 1922 auream
1677 1883 1800 1923 cum

236 1948 444 2016 gemmis
476 1948 786 2015 fabricavit,
824 1952 1012 2023 signis,
1053 1955 1349 2020 codicibus,
1391 1957 1588 2026 palliis,
1630 1958 1804 2013 sacris

235 2038 384 2103 vasis,
408 2050 459 2093 et
480 2040 709 2110 reliquis
735 2045 1075 2099 ornamentis
1096 2045 1485 2101 ecclesiasticis
1514 2048 1654 2101 idern
1683 2062 1801 2101 mo-

235 2130 509 2185 ua~terium
541 2131 758 2186 ditavit.
787 2133 1007 2202 Insuper
1033 2145 1089 2189 et
1116 2135 1346 2203 regulari
1380 2138 1594 2192 tramite
1623 2153 1805 2192 mena.

237 2219 353 2275 chos
386 2219 683 2281 instruens,
717 2222 1029 2279 liberalibus
1055 2226 1355 2295 disciplinis
1387 2227 1622 2283 edocuit.

290 2308 438 2364 Anno
469 2310 616 2366 1025
641 2309 965 2368 Odorannus
1001 2318 1332 2378 monachus,
1366 2328 1651 2386 postquam
1680 2330 1804 2370 cru-

237 2398 429 2456 ciﬁxum
459 2411 515 2457 et
548 2412 770 2474 puteum
797 2404 874 2475 (2)
906 2409 1220 2463 monasterii
1245 2407 1390 2473 fecit,
1418 2409 1654 2479 peccatis
1690 2408 1804 2463 suis

236 2494 657 2560 promerentibus
696 2496 921 2553 insidias
943 2515 974 2553 a
1003 2500 1150 2555 falsis
1180 2501 1438 2557 fratribus
1490 2518 1800 2572 perpessus,

236 2581 582 2657 Deopropitio
614 2588 704 2642 vix
729 2598 955 2645 mortem
983 2594 1173 2648 evasit.
1203 2593 1306 2661 Qui
1338 2596 1478 2663 apud
1510 2595 1568 2649 S.
1603 2597 1803 2667 Diony-

234 2675 355 2731 sium
375 2677 772 2752 aliquantisper
795 2699 1183 2753 commoratus,
1199 2704 1320 2743 cum
1346 2691 1582 2745 maximo
1598 2691 1803 2747 honore

233 2772 447 2842 propriis
468 2775 695 2831 sedibus
724 2786 810 2832 est
843 2778 1109 2836 redditus.

292 2864 435 2919 Anno
466 2866 601 2920 1031
639 2866 777 2923 obiit
798 2868 1091 2925 Hotbertus
1125 2888 1214 2927 rex
1245 2874 1387 2944 pius,
1417 2876 1509 2946 qui
1544 2874 1645 2929 fuit
1672 2892 1800 2945 erga

237 2965 431 3012 sanctos
454 2958 555 3013 Dei
583 2959 830 3029 supplex.
866 2962 1157 3019 benevolus
1181 2976 1237 3019 et
1264 2967 1520 3030 devotus,
1548 2978 1601 3023 et
1637 2969 1801 3022 totius

238 3049 488 3120 religionis
514 3063 736 3108 amator
760 3056 1032 3125 egregius.
1067 3056 1164 3112 llic
1193 3058 1430 3128 peractis
1457 3060 1688 3115 diversis
1717 3074 1799 3114 re-

1904 1888 2032 1944 ceps
2059 1873 2331 1944 prppriam
2358 1870 2641 1941 conjugem
2664 1869 2836 1941 magis
2850 1884 3010 1939 quam
3034 1876 3256 1922 eatenus
3279 1861 3490 1924 dilexit.

1902 1974 1959 2022 et
1987 1967 2088 2022 sub
2114 1964 2233 2034 ejus
2259 1973 2391 2020 nutu
2420 1964 2601 2019 omnia
2623 1961 2749 2031 jura
2793 1961 3020 2033 regalia,
3062 1970 3119 2017 et
3153 1970 3493 2031 quaecunque

1900 2058 2180 2128 possidere
2211 2055 2528 2119 videbatur,
2555 2069 2775 2109 manere
2804 2054 3088 2125 disposuit.
3126 2053 3231 2107 Sed
3272 2051 3360 2105 illa
3391 2049 3494 2104 mi-

1902 2147 2049 2202 nime
2077 2147 2245 2201 oblita
2280 2145 2658 2216 promissionis
2685 2144 3146 2211 sanansatagere
3169 2141 3334 2209 coepit
3357 2155 3493 2209 qua—

1902 2235 2028 2291 liter
2051 2246 2414 2291 exornaretur
2438 2251 2635 2307 corpus
2663 2236 2781 2305 ejus
2816 2234 3045 2303 gemmis
3075 2242 3130 2287 et
3161 2248 3318 2297 auro,
3348 2230 3493 2300 quod

1902 2328 1992 2384 ditt
2027 2329 2293 2384 inclusum
2324 2328 2541 2399 plumbo
2563 2329 2632 2383 ab
2661 2328 2898 2396 antiquis
2923 2325 3175 2380 Patribus
3203 2308 3492 2381 abscondi-

1904 2432 2016 2476 tum
2048 2422 2225 2476 fuerat
2245 2422 2348 2476 sub
2391 2436 2543 2475 arvo.
2589 2420 2658 2475 Et
2705 2420 2814 2488 regi
2855 2434 3152 2490 suggerens
3199 2432 3295 2472 sua
3337 2424 3488 2480 vota,

1902 2512 2016 2568 Deo
2039 2512 2360 2575 auxiliante,
2389 2512 2456 2565 ad
2476 2526 2540 2566 ea
2580 2510 2849 2581 implenda
2872 2519 3122 2580 paratum
3162 2508 3308 2562 illttm
3341 2506 3492 2563 iuve-

1902 2604 1985 2658 nit
2013 2618 2111 2673 per
2131 2603 2336 2658 omnia.
2372 2601 2473 2670 Qtti
2504 2601 2815 2657 aceersiens
2848 2600 3200 2656 Odorannum
3243 2598 3487 2668 ejusdem

1904 2694 2005 2749 loci
2029 2694 2377 2758 monachum,
2405 2694 2497 2764 qui
2528 2693 2603 2747 ad
2627 2692 2729 2748 hoc
2754 2706 2890 2763 opus
2916 2690 3307 2761 perliciendqu
3334 2688 3486 2742 vide-

1903 2788 2064 2843 batur
2093 2788 2339 2851 idonetts,
2367 2786 2638 2841 commisit
2680 2800 2783 2839 una
2826 2800 2948 2839 cum
2994 2783 3180 2853 regina
3218 2779 3336 2850 ejus
3362 2780 3486 2836 fidei

1905 2887 2067 2933 tantm
2099 2878 2316 2947 pietatis
2342 2892 2498 2948 opus.
2526 2876 2800 2931 Dederunt
2832 2874 2997 2944 igitur
3025 2870 3255 2928 Senouis
3288 2871 3340 2926 in
3370 2869 3485 2941 pri-

1903 2972 2006 3024 mis
2039 2986 2134 3040 per
2165 2985 2385 3024 manum
2447 2967 2707 3023 Waldrici
2752 2963 3028 3036 praepositi
3080 2963 3294 3033 argenti
3352 2960 3490 3016 uteri

1904 3061 2068 3116 libras
2096 3077 2168 3116 tv.
2204 3062 2405 3115 Deinde
2431 3059 2659 3115 Senonis
2680 3072 2778 3127 per
2806 3071 3025 3111 manum
3057 3052 3312 3109 Willelmi
3339 3051 3489 3107 euhi-

239 3146 647 3201 staurationibus
675 3146 1053 3214 ecclesiarum,
1078 3165 1287 3205 necnon
1315 3154 1649 3206 ornamentis
1677 3166 1801 3208 san-
1826 3145 1869 3207 C
1901 3154 2093 3212 cnlarii
2122 3154 2334 3225 argenti
2374 3152 2503 3206 meri
2528 3151 2733 3206 solidos
2756 3166 2842 3204 ιν.
2888 3149 3081 3203 Postea
3108 3146 3369 3202 miserunt
3394 3158 3492 3213 per

240 3243 426 3289 elerum
452 3252 770 3307 corporum,
802 3251 1046 3294 sanetum
1083 3256 1280 3309 corpus
1316 3243 1488 3296 sancti
1521 3242 1802 3298 Saviniani

241 3338 356 3381 auro
381 3336 435 3382 et
460 3329 694 3399 gemmis
723 3340 1056 3400 argentoque
1082 3334 1317 3385 ornavit.
1368 3334 1522 3400 Quod
1570 3334 1803 3403 qualiter

242 3427 400 3472 actum
424 3423 518 3485 sit,
551 3422 744 3490 paucis
774 3431 856 3477 est
884 3424 1255 3478 disserendum
1282 3443 1295 3479 :

300 3509 510 3566 Factum
534 3521 640 3576 est,
680 3512 808 3567 dum
840 3516 1070 3581 quodam
1098 3525 1339 3584 tempore
1372 3516 1663 3571 Rothertus
1708 3533 1798 3571 rex

239 3596 442 3656 Romam
471 3611 706 3672 peteret,
735 3609 794 3657 ut
822 3602 1138 3659 Constantia
1168 3607 1351 3675 regina
1399 3623 1503 3660 una
1536 3623 1658 3662 cum
1694 3608 1803 3662 litt-

239 3705 359 3762 gone
381 3694 486 3751 ﬁlio
513 3695 744 3765 parvulo
775 3695 913 3751 'l'illo
959 3708 1282 3753 remaneret.
1334 3698 1486 3767 Quod
1538 3709 1597 3754 ttt
1643 3702 1802 3756 Bcrta

240 3785 420 3855 regina,
446 3788 648 3845 dudum
676 3804 839 3846 causa
888 3790 1380 3860 consanguinitatis
1408 3808 1438 3845 a
1468 3806 1592 3862 rege
1643 3808 1803 3862 repu-

226 3876 382 3954 diata,
408 3883 699 3953 comperit,
730 3892 1014 3951 prosecuta
1041 3893 1126 3938 est
1157 3899 1280 3940 eum
1303 3926 1317 3946 ,
1353 3899 1582 3954 sperans
1613 3901 1693 3947 se,
1718 3885 1803 3939 fa-

226 3962 466 4041 :Ventibus
492 3974 561 4028 ad
587 3974 694 4029 hoc
719 3974 1037 4045 quibusdam
1065 3975 1153 4030 aul
1178 3976 1277 4038 eis,
1319 3975 1541 4031 decreto
1583 3986 1802 4048 aposto-

240 4056 329 4117 lico
349 4067 719 4121 restituturum
745 4077 862 4122 toro
887 4066 1055 4135 regio.
1083 4065 1235 4123 Unde
1256 4067 1571 4123 Constantia
1594 4069 1798 4137 regina,

240 4147 414 4208 timens
434 4169 495 4209 se
524 4156 771 4211 amoreri
816 4172 845 4210 a
876 4157 1025 4227 regio
1053 4157 1241 4217 latere.
1267 4156 1615 4214 inenarrabili
1662 4159 1803 4214 deti-

227 4234 445 4299 uehatur
472 4262 736 4302 mozrore.
763 4246 892 4313 Quae
915 4250 1042 4302 dum
1087 4260 1244 4304 nocte
1293 4251 1525 4319 quadam
1576 4254 1644 4306 ob
1699 4252 1801 4307 hoc

240 4332 399 4392 nimiis
431 4339 827 4407 cogitationum
859 4340 1177 4395 tumultibus
1204 4343 1414 4412 pulsata
1444 4343 1798 4407 obdormiret,

240 4434 461 4501 apparuit
490 4437 539 4488 ci
569 4448 668 4505 per
696 4434 866 4488 visunt
899 4436 1248 4490 inenarrabili
1286 4437 1535 4490 claritate
1564 4438 1799 4492 circum-

1904 3263 2124 3303 manum
2154 3245 2359 3303 Odonis
2385 3243 2608 3316 paratgii
2633 3241 2843 3313 argenti
2876 3255 3011 3295 mert
3040 3238 3242 3295 solidos
3278 3251 3484 3291 xxxvtt.

1904 3338 2346 3393 Miseruntetiam
2372 3353 2401 3390 τι
2436 3335 2659 3390 Parisiis
2685 3351 2782 3402 per
2819 3345 3035 3388 manum
3063 3326 3339 3389 O‘u‘omﬂni
3375 3341 3496 3385 mo-

1902 3430 2060 3485 nachi
2088 3429 2206 3483 auri
2236 3428 2442 3483 solidos
2487 3442 2598 3481 xvtt
2642 3434 2698 3481 et
2741 3424 2996 3481 denarios
3028 3438 3121 3477 \‘ltl
3160 3430 3216 3476 ct
3248 3432 3492 3492 gemmas

1900 3520 2342 3590 pretiosissimas.
2382 3517 2478 3573 llis
2508 3518 2579 3571 ita
2608 3517 2870 3587 patratis,
2897 3522 3068 3569 restat
3112 3521 3173 3567 ut
3215 3510 3490 3567 mirabilia

1905 3610 2017 3676 Dei,
2041 3624 2162 3679 qua:
2190 3610 2242 3664 iu
2273 3608 2494 3664 fabricis
2529 3607 2691 3678 hujus
2721 3607 2903 3676 operis
2931 3604 3106 3660 oculis
3128 3602 3330 3671 nostris
3352 3599 3492 3654 vidi-

1902 3714 2045 3764 mus,
2073 3707 2130 3753 et
2179 3712 2244 3754 ex
2288 3708 2443 3769 parte
2491 3698 2744 3753 manibus
2769 3694 3254 3757 eontrectavimus,
3281 3690 3488 3749 Christi
3544 3731 3548 3734 ρ

1903 3791 2152 3847 fidelibus
2176 3790 2511 3845 intimemus.
2534 3787 2667 3857 Quae
2687 3788 2903 3845 silentio
2928 3798 3132 3858 tegere,
3162 3784 3373 3843 crimen
3404 3791 3493 3840 est

1901 3883 2208 3939 admittere.

1970 3974 2140 4044 lgitur
2163 3983 2459 4042 occupatus
2485 3986 2580 4027 rex
2606 3970 2772 4026 variis
2801 3969 2984 4025 saeculi
3015 3968 3161 4025 euris
3192 3966 3487 4023 intermisit

1902 4065 2333 4137 aliquantulum,
2392 4065 2459 4119 ad
2520 4062 2910 4119 monasterium
2972 4061 3189 4115 mittere
3237 4067 3488 4129 sumptas

1902 4166 2066 4228 ccepti
2095 4156 2298 4226 operis.
2329 4154 2747 4224 Tranquillitate
2775 4168 2906 4207 vero
2940 4159 3217 4222 percepta,
3255 4151 3483 4205 manda-

1901 4251 1980 4305 vit
2024 4265 2122 4320 per
2167 4248 2549 4315 Francolinum
2601 4245 2714 4314 jam
2761 4243 2907 4299 dicto
2962 4242 3140 4307 fratri,
3169 4248 3226 4295 ut
3271 4239 3486 4295 concito

1902 4345 2070 4415 gradu
2103 4343 2310 4397 veniret
2336 4341 2494 4395 Druis
2518 4340 2586 4393 ad
2614 4336 3018 4407 suscipiendum
3047 4350 3242 4390 munus
3281 4334 3480 4404 aperis.

1903 4437 1971 4489 At
1998 4435 2087 4490 ille
2112 4434 2417 4505 vespertina
2442 4433 2630 4505 synaxi
2659 4430 2897 4501 expleta,
2919 4436 3064 4485 et'ut
3100 4443 3218 4484 mos
3243 4433 3327 4483 est
3368 4441 3485 4481 mo-

239 4520 373 4578 datus
401 4526 482 4579 vir
516 4526 740 4596 quidam
775 4526 1035 4596 angelicis
1071 4528 1359 4581 decoratus
1401 4528 1577 4593 canis,
1609 4527 1661 4581 in
1703 4542 1795 4582 sa-
1827 4505 1874 4564 θ
1901 4531 2091 4585 uachis
2129 4538 2384 4599 percepta
2414 4525 2789 4582 benedictione
2826 4522 3061 4586 abbatis,
3114 4521 3193 4576 ire
3244 4517 3486 4590 perrexit

238 4618 465 4672 cerdotali
499 4619 688 4672 habitu
723 4618 929 4688 virgam
960 4620 1288 4689 pastoralem
1338 4630 1558 4690 gestans
1610 4635 1794 4675 manu.

237 4702 384 4770 Quem
410 4709 579 4764 nimio
609 4718 816 4764 terrore
841 4711 1129 4778 perterrita
1160 4711 1284 4764 dum
1319 4711 1619 4780 requireret
1647 4711 1794 4779 quis-

238 4810 341 4849 nam
372 4810 534 4865 esset,
563 4800 797 4855 innotuit
821 4815 880 4852 se
909 4816 1028 4855 esse
1059 4802 1402 4873 episcopum,
1444 4811 1500 4858 et
1534 4784 1793 4872 appellari

238 4882 584 4944 Savinianutn.
613 4891 716 4957 Qui
753 4898 810 4944 ct
838 4890 1016 4944 dixit:
1072 4909 1086 4941 ι
1142 4893 1411 4948 Constans
1454 4904 1595 4956 esto,
1644 4893 1788 4948 Cou-

236 4980 430 5043 stantia,
459 4981 585 5049 quia
622 4979 733 5035 Deo
766 4981 999 5050 propitio
1036 4981 1264 5036 liberata
1294 4998 1352 5037 es
1380 4984 1448 5038 ab
1486 4983 1788 5039 imminenti

238 5070 445 5124 tristitia.
479 5091 498 5121 ι
532 5070 631 5125 illa
677 5086 810 5126 vero
846 5072 911 5125 de
956 5082 1062 5127 tatu
1106 5073 1362 5144 praeclara
1406 5077 1615 5132 visione
1666 5090 1789 5144 per-

237 5168 397 5210 lerrila
445 5168 588 5210 fat-tn
618 5185 774 5210 meum
826 5170 985 5210 omni!
1020 5187 1046 5210 ῃ
1069 5173 1541 5210 nirmnmctnntilma
1574 5172 1786 5210 nim-inin

1900 4625 1967 4678 ad
1998 4617 2280 4678 cacumina
2307 4620 2563 4675 Drttensis
2590 4617 2776 4673 castri.
2799 4615 3032 4672 Veniens
3054 4629 3184 4669 vero
3210 4624 3333 4683 post
3353 4611 3486 4667 solis

1897 4731 2150 4775 occasum
2186 4716 2253 4770 ad
2297 4722 2497 4770 sancta:
2526 4710 2800 4767 Columbae
2838 4718 3085 4780 portum,
3112 4703 3486 4760 transfretavit

1897 4826 2020 4865 eum
2045 4810 2159 4865 suis
2186 4807 2441 4862 lcauuam
2479 4803 2720 4860 ﬂuvium.
2755 4801 2998 4869 Cumque
3042 4795 3320 4867 paululum
3365 4792 3486 4847 sub-

1900 4904 2135 4959 stitisset
2161 4902 2216 4956 in
2248 4903 2454 4963 littore,
2486 4899 2626 4953 inter
2647 4902 2873 4950 caeteras
2904 4890 3089 4945 stellas
3130 4888 3334 4954 quibus
3382 4898 3487 4941 nox

1900 4996 2299 5059 illustrahatur,
2326 4993 2459 5048 vidit
2482 4989 2751 5062 quoddam
2775 4983 2923 5039 sidus
2946 4990 3264 5046 exsurgere,
3286 4990 3360 5032 eo
3385 4988 3494 5043 quo

1897 5093 2091 5148 aestivo
2125 5087 2368 5157 tempore
2398 5084 2535 5138 solet
2565 5083 2753 5136 horam
2775 5074 2877 5129 diei
2900 5071 3127 5142 primam
3157 5064 3238 5120 sol
3262 5068 3498 5133 demou-

1898 5195 2080 5210 -.-μω
2147 5180 2300 5210 nam:
2359 5176 2612 5210 availinnc
2657 5169 2723 5210 ,Ιρ
2767 5169 2847 5210 ςιιί
2902 5171 3053 5210 ortus
3107 5159 3226 5210 loco
3290 5162 3500 5210 virtute
