4116 5358
488 311 591 365 775

1371 305 1723 361 ODORANNI
1765 303 2070 360 MONACHI
2105 303 2164 357 8.
2210 301 2414 356 PETRI
2456 301 2588 357 VIVI
2629 300 2876 356 SENON.

3651 297 3755 351 776

488 426 599 479 tine
642 438 728 478 me
758 423 1050 494 paululum,
1083 419 1276 489 inquit,
1301 430 1354 474 et
1389 422 1602 475 intuere
1630 435 1753 474 cum
1787 429 1880 474 tuo
1909 419 2056 472 socio
2087 419 2132 478 Α
2161 415 2254 469 bat
2284 415 2539 469 Parisius.
2574 415 2727 470 [inde
2752 429 2986 470 evocans
3011 413 3476 484 archiepiscopum
3522 411 3759 466 Leothe-

488 517 752 575 mirabilia
795 518 908 580 Dei,
951 532 1070 586 quae
1095 518 1357 572 hactenus
1392 533 1495 572 non
1529 519 1658 572 vidi.
1699 538 1716 568 ι
1759 517 1876 583 Quo
1907 517 2067 570 mira-

489 610 610 666 culo
649 608 834 662 famuli
866 608 1104 670 attoniti.
1137 608 1450 677 ignorantes
1476 608 1606 676 quid
1643 607 1890 676 praesagii
1932 621 2064 674 prte-

490 701 684 763 ferret.
703 697 982 768 signaculo
1019 699 1198 751 crucis
1225 712 1283 752 se
1321 698 1602 762 muniunt,
1629 707 1683 751 et
1713 698 1821 750 Deo
1850 707 2066 751 saneto-

489 807 596 862 que
626 778 922 845 Saviniano
949 791 1211 859 pavefacti
1247 798 1356 842 toto
1387 790 1550 844 corde
1599 804 1658 844 se
1701 788 2065 843 committunt.

491 882 658 936 Stella
687 896 815 935 vero
845 880 898 934 in
927 881 1045 935 loco
1071 897 1178 951 quo
1208 890 1428 934 venerat
1479 879 1752 950 paululum
1805 879 2066 941 substitit,

491 983 546 1026 et
568 970 886 1040 retrogrado
920 985 1078 1023 cursu
1104 970 1169 1023 ad
1201 970 1373 1023 locum
1403 971 1542 1023 unde
1572 976 1791 1024 venerat
1831 969 1882 1021 in
1912 967 2071 1021 unius

491 1063 640 1117 horae
668 1061 842 1131 spatio
885 1061 1082 1114 iterum
1146 1061 1332 1126 rediit;
1394 1077 1552 1132 quam
1603 1075 1739 1130 pene
1783 1075 1953 1128 usque
2003 1058 2070 1110 ad

494 1160 710 1214 tertiam
748 1157 984 1228 vigiliam
1036 1157 1208 1212 noctis
1263 1157 1713 1226 contemplantes,
1762 1170 1880 1210 eam
1932 1154 2074 1207 inter

491 1259 687 1304 caetera
749 1247 930 1301 sidera
990 1247 1216 1317 implere
1267 1263 1484 1301 cursum
1540 1235 1758 1300 solitum
1822 1244 2074 1296 viderunt

490 1351 735 1405 ovantes,
758 1347 811 1393 et
840 1338 982 1392 inter
1008 1355 1066 1393 se
1105 1339 1234 1408 quid
1274 1339 1674 1393 demonstraret
1708 1335 2070 1390 conferentes.

491 1432 697 1500 Quibus
723 1433 906 1487 animo
929 1432 1187 1493 occurrit,
1214 1429 1355 1500 quod
1384 1439 1620 1498 ereptum
1661 1429 1766 1482 iter
1815 1439 2074 1496 prospero

492 1537 683 1594 gressu
719 1531 1060 1594 peragerent,
1092 1531 1145 1576 et
1186 1522 1398 1575 demum
1425 1520 1537 1574 voti
1566 1530 1842 1589 compotes
1877 1517 2070 1572 conciti

491 1613 558 1668 ad
598 1615 815 1668 domum
848 1615 1106 1668 redirent.
1139 1614 1335 1667 Dantes
1370 1621 1628 1681 prasterea
1657 1626 1778 1665 sese
1807 1609 2074 1663 maturius

490 1705 661 1760 labori
690 1707 852 1774 empti
888 1705 1124 1769 itineris,
1148 1719 1245 1774 per
1273 1705 1575 1774 squalidam
1603 1703 1834 1767 Belsam,
1862 1718 1927 1757 eo
1953 1718 2070 1756 sur-

2166 509 2361 572 ricitm,
2392 508 2669 563 humiliter
2711 507 2999 576 postulavit
3035 515 3090 560 ut
3138 506 3524 560 monasterium
3559 505 3755 567 adiret,

2165 609 2216 652 et
2241 600 2414 654 sancti
2440 599 2694 668 martyris
2722 613 2919 666 corpus
2948 599 3014 652 de
3033 597 3222 652 locello
3251 597 3523 666 plumbeo,
3560 595 3614 649 in
3650 609 3759 665 quo

2167 701 2235 745 ab
2257 691 2492 759 antiquis
2523 691 2772 744 Patribus
2802 691 3034 760 positum
3065 689 3259 754 fuerat,
3294 689 3347 742 in
3378 703 3539 743 aurea
3571 702 3758 756 capsa,

2165 795 2327 849 quam
2356 779 2428 832 illi
2458 789 2764 849 paraverat,
2818 789 3217 848 transponeret.
3257 781 3328 833 At
3366 779 3458 833 ille
3489 788 3646 832 sexta
3679 776 3761 831 fe-

2168 873 2270 936 ria,
2298 873 2382 925 cui
2419 873 2745 927 succedente
2772 873 2858 926 die
2880 872 3157 927 Dominica
3195 873 3375 926 futura
3408 871 3762 940 prtestolaba-

2172 975 2259 1020 tur
2289 966 2575 1031 festivitas,
2610 967 2678 1022 ad
2701 967 3092 1022 monasterium
3123 968 3352 1021 veniens
3378 982 3594 1020 summa
3633 981 3760 1020 cum

2170 1057 2537 1120 veneratione,
2563 1073 2667 1110 una
2712 1072 2832 1111 eum
2865 1056 3128 1110 fratribus
3155 1057 3358 1110 monita
3391 1057 3536 1126 regis
3564 1055 3761 1124 imple-

2171 1147 2267 1209 vit,
2295 1162 2598 1217 corpusque
2640 1149 2697 1202 8.
2749 1148 2992 1213 Eodaldi,
3041 1149 3183 1216 quod
3241 1164 3364 1202 cum
3414 1164 3479 1201 eo
3535 1148 3762 1216 reperit,

2171 1250 2292 1290 cum
2318 1252 2545 1306 corpore
2569 1239 2626 1292 8.
2660 1237 2934 1292 Saviniani
2967 1254 3193 1307 ponens,
3217 1253 3337 1292 οεετι
3371 1239 3521 1308 pueri
3547 1237 3759 1306 parvuli

2171 1343 2294 1381 cum
2336 1343 2401 1382 eo
2451 1330 2654 1382 bumati
2683 1329 2924 1398 reposuit
2952 1344 3080 1392 una,
3120 1338 3175 1382 et
3201 1329 3433 1398 expletis
3465 1331 3760 1384 missarum

2171 1417 2451 1473 solemniis
2487 1420 2753 1474 edendum
2805 1419 2959 1474 abiit.
3016 1419 3208 1473 Fratre
3262 1434 3422 1486 vero,
3481 1421 3583 1474 sub
3608 1417 3762 1485 cujus

2174 1511 2400 1565 arbitrio
2423 1521 2477 1565 et
2502 1512 2842 1580 providentia
2871 1511 3036 1566 totius
3071 1513 3251 1580 operis
3285 1511 3490 1566 fabrica
3543 1521 3767 1565 consta-

2175 1601 2282 1662 bat,
2313 1602 2365 1655 in
2391 1601 2559 1656 choro
2606 1602 2922 1656 monasterii
2974 1603 3264 1666 residente,
3295 1613 3347 1657 et
3377 1603 3647 1672 imagines
3676 1616 3766 1654 ar-

2173 1700 2415 1758 genteas,
2446 1706 2581 1759 quas
2601 1691 2856 1759 operculo
2877 1707 3052 1760 capsae
3081 1691 3368 1761 superponi
3395 1691 3757 1759 disposuerat,

489 1807 649 1869 gente
677 1814 706 1852 a
737 1814 920 1852 mensa
949 1808 1308 1867 pervenerunt
1333 1797 1397 1850 ad
1423 1799 1681 1868 palatium
1712 1798 1885 1867 regis.
1929 1794 2070 1849 Prai-

2179 1795 2297 1834 eera
2330 1781 2474 1836 molli
2505 1781 2803 1846 refovente,
2828 1783 3136 1852 supervenit
3160 1799 3226 1838 ex
3269 1783 3586 1852 improviso,
3625 1784 3760 1837 duce

490 1887 654 1942 missa
682 1903 812 1944 vero
843 1888 1170 1942 salutatione
1204 1889 1345 1959 regis
1385 1898 1436 1941 et
1483 1890 1700 1958 reginae,
1735 1898 1792 1941 nt
1841 1889 2078 1941 veracis-

489 1980 626 2035 sima
684 1992 1006 2051 apparerent
1059 1981 1256 2035 sideris
1303 1981 1564 2049 praesagia
1607 1995 1622 2034 :
1669 1999 1687 2030 ι
1739 1979 2071 2048 Snscipiens,

490 2071 953 2140 inquitmonacbo
994 2072 1198 2140 regina,
1246 2087 1365 2140 quae
1413 2082 1600 2126 sancto
1641 2071 1937 2125 Saviniano
1980 2085 2078 2140 pro

489 2178 650 2234 posse
714 2165 1078 2233 disposuimus
1133 2164 1199 2217 ad
1257 2178 1496 2232 praesens
1545 2163 1758 2216 mittere
1827 2177 2073 2223 munera,

494 2255 726 2310 festinus
753 2266 1025 2310 revertere
1045 2256 1112 2309 ad
1135 2256 1374 2325 propria,
1397 2254 1522 2324 quia
1549 2269 1647 2307 nos
1672 2268 1885 2306 summo
1919 2266 2080 2308 mane

493 2350 860 2418 disposuimus
887 2350 1037 2403 abire
1071 2348 1227 2402 alias.
1267 2369 1285 2399 ι
1343 2347 1407 2401 Et
1436 2347 1617 2400 statim
1647 2344 1928 2414 proferens
1959 2343 2076 2399 aun'

493 2441 753 2496 tredecim
782 2441 984 2495 solidos
1013 2440 1078 2493 ad
1109 2439 1378 2508 publicam
1415 2447 1685 2492 monetam
1727 2435 2076 2490 Aurelianen-

489 2548 604 2588 sem
631 2547 896 2603 appensos
927 2549 940 2584 :
975 2551 992 2582 ι
1035 2530 1089 2584 Si
1118 2530 1233 2592 tibi,
1265 2530 1455 2599 inquit,
1477 2544 1585 2581 non
1614 2524 1813 2581 sufficit
1849 2534 2077 2581 monetae

489 2626 853 2696 ponderatio,
897 2624 1140 2693 praebeat
1189 2622 1349 2676 fidem
1401 2622 1620 2691 pr0prio
1669 2620 1826 2674 oequ
1884 2619 2074 2674 iterata

488 2719 799 2790 propensio.
824 2738 841 2769 ι
869 2717 985 2783 Quo
1007 2717 1324 2784 ponderato,
1346 2731 1402 2768 re
1427 2713 1560 2766 nihil
1582 2712 1725 2766 aliud
1750 2727 1910 2781 quam
1933 2709 2077 2779 quod

491 2813 676 2883 regina
711 2811 1039 2881 prmdixerat
1087 2809 1188 2863 fuit
1233 2809 1494 2862 invenire.
1548 2805 1850 2876 Regressus
1893 2805 2076 2871 itaque

489 2905 791 2958 monachus
817 2902 925 2956 voti
952 2916 1173 2969 compos
1215 2900 1281 2952 ad
1335 2899 1745 2960 monasterium,
1790 2907 2075 2966 postquam

489 2995 633 3064 regis
656 3010 722 3049 ex
752 3003 904 3063 parte
930 3000 981 3046 et
1008 2992 1204 3061 reginae
1228 2990 1361 3044 dixit
1389 2988 1570 3042 abbati
1591 2996 1646 3040 et
1669 2987 1928 3040 fratribus
1953 3000 2088 3048 ave,-

490 3083 716 3155 protulit
738 3081 854 3135 auri
878 3079 1004 3134 fulvi
1029 3089 1213 3134 sancto
1235 3078 1529 3132 Saviniano
1557 3077 1934 3132 transmissum
1958 3089 2074 3128 mu-

492 3191 596 3230 nus
629 3175 693 3229 de
718 3165 986 3227 c'assilide.
1037 3170 1344 3239 Appensum
1400 3182 1531 3237 ergo
1576 3166 1750 3236 palam
1801 3165 2073 3230 omnibus,

491 3279 590 3334 per
620 3277 839 3317 manum
865 3260 1171 3314 Francolini
1215 3259 1419 3313 ostiarii
1464 3266 1518 3312 et
1564 3256 1860 3310 Raimberti
1917 3254 2078 3310 celle-

493 3356 625 3410 rarii
687 3356 855 3424 regis,
907 3353 1108 3407 trutina
1159 3361 1383 3420 urgente
1430 3351 1708 3403 inventum
1742 3358 1824 3402 est
1869 3357 2073 3417 septem

493 3447 747 3501 denarios
772 3446 888 3514 plus
920 3445 1142 3499 habens.
1185 3443 1339 3498 Unde
1389 3440 1725 3510 stupefactus
1771 3441 1937 3494 frazer
1984 3440 2074 3508 qui

495 3537 780 3602 detulerat,
823 3547 876 3592 et
927 3536 1108 3591 caeteri
1159 3535 1512 3599 admirantes,
1559 3542 1926 3602 cognoverunt
1980 3547 2078 3600 pro

494 3639 644 3684 certo
670 3629 912 3700 quiaqui
944 3627 1138 3682 sideris
1177 3626 1474 3680 mutatione
1531 3625 1583 3678 in
1620 3625 1796 3678 eundo
1827 3625 2076 3693 dignatus

495 3731 581 3775 est
640 3721 929 3774 ostendere
981 3717 1323 3781 miraculum,
1363 3726 1418 3771 et
1467 3718 1555 3786 qui
1611 3733 1674 3770 ex
1732 3716 1898 3770 nihilo
1951 3715 2079 3769 fecit

499 3819 670 3866 totum
693 3811 973 3876 mundum,
1002 3811 1053 3862 in
1080 3808 1294 3863 sacculo
1325 3808 1445 3862 fidei
1472 3809 1542 3862 ob
1582 3809 1832 3861 meritum
1881 3818 2079 3877 marty-

495 3905 574 3960 ris
601 3906 870 3959 concessit
899 3902 1199 3958 exuberare
1229 3900 1456 3965 fulvum,
1485 3902 1584 3956 sub
1627 3901 1957 3968 septiformis
1984 3916 2072 3954 nu-

497 4013 650 4053 mero
676 3999 914 4067 spiritus,
944 4011 1156 4050 aurum.
1185 3994 1360 4063 thui
1411 3993 1478 4047 ad
1525 3993 1897 4046 redimendum
1945 3991 2082 4046 lilios

498 4088 692 4153 viduas,
712 4089 871 4142 Elisei
897 4088 1194 4141 intercessu
1219 4085 1346 4138 fecit
1365 4100 1527 4154 super
1542 4099 1860 4138 exet-escere
1881 4083 2080 4146 oleum,

497 4182 679 4250 exigui
714 4181 831 4234 auri
877 4179 1252 4234 munusculum
1285 4178 1573 4232 devotione
1622 4177 1763 4246 regis
1794 4186 1848 4230 et
1885 4177 2084 4246 regina:

499 4269 630 4325 fecit
657 4271 974 4324 maximum.
1004 4271 1069 4323 Et
1099 4267 1480 4338 caputhristi
1514 4268 1676 4331 Deus,
1709 4269 1798 4337 qui
1833 4285 1929 4338 per
1968 4285 2088 4338 pro-

501 4363 717 4431 phetam
733 4377 889 4416 suum
912 4361 1089 4414 dixit:
1134 4364 1414 4431 Argentum
1445 4371 1492 4413 et
1539 4376 1727 4413 aurum
1771 4377 1942 4413 meum
1983 4369 2084 4423 est,

2179 1886 2347 1938 puero
2371 1873 2616 1940 parvulo,
2641 1873 2860 1942 quidam
2897 1888 3072 1927 czecns
3098 1873 3373 1942 postulans
3398 1889 3457 1928 se
3487 1873 3760 1928 intromit-

2182 1962 2219 2015 ti
2245 1963 2296 2016 itt
2324 1971 2510 2032 crypta
2537 1963 2624 2017 ubi
2656 1962 2713 2018 S.
2747 1963 3022 2017 Saviniani
3065 1965 3355 2032 repositum
3389 1975 3506 2018 erat
3538 1981 3757 2036 corpus.

2178 2054 2280 2120 Qui
2311 2054 2620 2108 sciscitatus
2654 2070 2686 2108 a
2725 2055 2990 2108 monacho
3025 2054 3148 2122 quis
3181 2063 3355 2117 esset,
3397 2065 3450 2110 et
3484 2059 3632 2111 unde
3676 2058 3758 2109 vel

2177 2143 2330 2212 cujus
2368 2145 2442 2199 rei
2495 2145 2669 2215 gratia
2721 2145 3050 2209 advenisset,
3105 2143 3385 2214 professus
3427 2157 3512 2200 est
3551 2161 3614 2202 se
3642 2161 3762 2201 esse

2180 2237 2464 2300 rusticum,
2503 2245 2555 2289 et
2587 2237 2642 2290 in
2667 2251 2802 2306 pago
2829 2235 3194 2299 Wastinense,
3231 2235 3282 2288 in
3311 2235 3435 2289 villa
3461 2252 3582 2302 qua:
3615 2237 3760 2292 Fon-

2180 2343 2332 2387 tanas
2367 2332 2595 2396 dicitur,
2621 2332 2824 2386 habere
2845 2330 3205 2384 habitaculum
3239 2331 3305 2383 ad
3332 2330 3680 2394 manendum,
3708 2341 3764 2383 et

2177 2426 2394 2494 proprio
2439 2424 2658 2478 nomine
2695 2425 2876 2478 vocari
2927 2423 3292 2488 Mainardum;
3337 2433 3392 2476 et
3424 2423 3760 2476 admonitqu

2178 2529 2336 2570 nocte
2365 2516 2638 2585 pra-terim
2668 2515 2720 2569 in
2755 2515 2982 2576 somnis,
3010 2523 3068 2568 ut
3097 2515 3163 2567 ad
3192 2513 3249 2568 8.
3287 2513 3563 2568 Saviniani
3621 2529 3764 2583 prte-

2177 2610 2408 2662 sentiam
2441 2609 2670 2672 veniret,
2727 2619 2781 2662 et
2834 2607 3013 2661 lumen
3043 2606 3321 2660 oculorum
3354 2607 3422 2659 ibi
3471 2608 3761 2675 reciperet.

2176 2698 2305 2751 Erat
2332 2698 2476 2754 enim
2519 2699 2812 2752 triennium
2844 2712 2910 2751 ex
2959 2713 3065 2767 quo
3091 2699 3269 2752 lumen
3300 2698 3559 2752 amiserat
3585 2697 3761 2751 oculo-

2176 2805 2313 2844 rum.
2345 2793 2690 2846 lntromissus
2718 2791 2899 2860 itaque
2928 2791 2995 2845 ad
3036 2799 3283 2846 sanctum
3331 2791 3532 2845 diutius
3559 2791 3763 2852 oravit,

2175 2885 2266 2941 sed
2298 2885 2430 2938 nihil
2457 2875 2673 2939 luminis
2726 2883 2839 2951 ipsa
2890 2884 2976 2938 die
3021 2884 3299 2954 percipere
3329 2884 3546 2937 meruit.
3588 2881 3766 2937 Nimio

2175 2990 2306 3028 vero
2329 2974 2610 3028 suavitatis
2641 2975 2827 3039 odore,
2855 2984 2911 3028 ut
2941 2975 3052 3043 ipse
3079 2975 3510 3045 dixit,repletus,
3535 2976 3602 3028 ad
3635 2991 3763 3042 pru-

2176 3065 2294 3134 pria
2321 3073 2404 3120 est
2448 3079 2720 3120 reversus.
2749 3067 3085 3120 Advenientc
3115 3065 3281 3133 igitur
3327 3068 3414 3120 die
3459 3065 3764 3128 Dominica,

2179 3159 2330 3217 adest
2357 3173 2451 3212 rex
2484 3173 2608 3212 cum
2640 3157 2753 3214 Suis
2777 3157 3047 3227 episcopis
3082 3165 3136 3211 et
3187 3155 3521 3226 proceribus,
3551 3155 3768 3210 abbati-

2177 3251 2278 3305 bus
2306 3264 2520 3319 quoque
2558 3257 2613 3304 et
2665 3249 2894 3310 clericis,
2952 3263 3162 3304 necnon
3205 3257 3258 3302 et
3289 3248 3486 3318 popqu
3514 3248 3768 3302 innume-

2179 3343 2357 3406 rabili,
2414 3343 2480 3397 ad
2524 3343 2980 3398 transvehendnm
3011 3357 3208 3412 corpus
3254 3343 3426 3394 sancti
3489 3339 3763 3411 martyris.

2178 3438 2347 3504 QJCI“
2375 3436 2676 3504 suscipiens
2704 3451 2806 3488 una
2833 3450 2956 3491 cuin
2989 3435 3098 3488 lilio
3125 3448 3222 3488 suo
3249 3433 3507 3499 Roherto,
3531 3431 3770 3501 propriis

2179 3529 2416 3600 scapulis
2458 3531 2697 3603 reposuit
2746 3545 2868 3584 cum
2935 3527 3186 3582 manibus
3232 3528 3346 3581 suis
3399 3526 3517 3588 illo,
3561 3526 3656 3578 ubi
3713 3527 3765 3577 in

2179 3623 2430 3690 praesenti
2447 3630 2738 3675 veneratur
2759 3636 2788 3674 a
2817 3620 3058 3676 fidelibus
3079 3619 3304 3690 p0pulis.
3323 3618 3552 3674 Peracto
3574 3617 3769 3672 deinde

2181 3713 2406 3768 solemni
2431 3711 2628 3778 ollicio,
2653 3721 2704 3767 et
2735 3727 2860 3782 rege
2887 3714 3237 3768 recumbente
3264 3713 3330 3767 ad
3357 3727 3622 3772 mensam,
3653 3725 3769 3764 mo-

2181 3807 2476 3876 nachisque
2499 3807 2803 3870 edentibus,
2833 3806 3055 3861 sedebat
3090 3805 3165 3860 ibi
3196 3820 3337 3875 sazpe
3371 3803 3549 3859 factus
3578 3818 3771 3858 mona-

2181 3900 2337 3964 chus,
2392 3900 2480 3954 ubi
2519 3915 2643 3954 eum
2694 3890 2952 3969 perendie
2996 3899 3274 3954 sedentem
3325 3913 3484 3968 supra
3531 3899 3769 3966 scriptus

2184 3995 2468 4048 invenerat
2503 4008 2696 4047 caecus.
2753 3992 2855 4059 Qui
2903 4001 3033 4046 nutu
3083 3992 3176 4046 Dei
3231 3991 3462 4047 ducente
3496 4005 3555 4045 se
3599 4003 3769 4060 puero

2184 4085 2589 4154 superveniens,
2614 4085 2752 4138 dixit
2780 4099 2838 4138 se
2862 4084 3056 4138 iterum
3091 4083 3142 4136 in
3171 4083 3375 4138 somnis
3399 4081 3764 4144 admonitum,

2185 4185 2243 4229 ut
2281 4176 2604 4244 quantocius
2650 4183 2924 4244 repeteret
2975 4173 3031 4228 8.
3081 4171 3359 4228 Saviniani
3397 4172 3676 4225 auxilium.
3705 4170 3772 4222 Et

2186 4265 2474 4335 projiciens
2503 4280 2562 4320 se
2586 4265 2702 4320 solo
2720 4275 2878 4319 tenus
2901 4274 3027 4318 ante
3055 4263 3397 4332 praesentiam
3431 4261 3631 4325 sancti,
3654 4257 3772 4326 ejus

2187 4358 2608 4428 suifragantibus
2631 4359 2862 4426 meritis,
2892 4359 3064 4412 visum
3090 4358 3314 4426 recepit.
3335 4357 3397 4410 Et
3419 4356 3508 4425 qui
3532 4367 3774 4423 eousque

503 4453 762 4522 quidquid
791 4452 1048 4506 membris
1074 4452 1215 4513 suis,
1251 4453 1304 4506 id
1346 4464 1430 4506 est
1477 4452 1681 4507 sanctis
1731 4452 2081 4522 martyribus,
2113 4484 2162 4542 ι)
2188 4466 2216 4502 a
2260 4449 2479 4518 parvulo
2515 4448 2740 4518 puerulo
2777 4449 3098 4512 ducebatur,
3143 4463 3209 4502 eo
3231 4448 3479 4510 ducente,
3524 4460 3662 4514 puer
3705 4447 3772 4498 ad

504 4543 736 4608 confert,
760 4543 982 4598 alterius
1002 4559 1106 4597 non
1125 4553 1225 4597 est.
1252 4543 1442 4596 Postea
1466 4544 1611 4597 dedit
1632 4560 1726 4597 rex
1751 4558 1846 4612 per
1866 4557 2085 4596 manum

506 4635 780 4692 Odoranni
838 4635 1086 4688 monachi
1151 4633 1379 4688 Senonis
1433 4636 1550 4688 auri
1616 4635 1804 4690 uncias
1865 4651 1961 4689 vnt
2033 4642 2090 4689 et

507 4727 717 4797 argenti
745 4726 879 4780 meri
913 4723 1112 4778 solidos
1152 4739 1241 4777 xv.
1283 4723 1338 4777 ln
1370 4725 1699 4793 perficiendo
1726 4740 1856 4785 vero
1901 4739 2084 4800 Opere,

508 4832 575 4872 ne
599 4815 754 4871 ﬁeret
775 4813 1056 4886 regioneri
1078 4812 1337 4882 frequens
1349 4814 1630 4881 requisitio
1641 4815 1758 4867 auri
1783 4823 1835 4869 et
1855 4815 2086 4883 argenti,

508 4909 702 4963 addita:
727 4916 854 4962 sunt
903 4906 968 4960 de
1026 4905 1278 4960 thesauro
1329 4904 1587 4958 Ecclesiae
1631 4905 1871 4973 quinque
1918 4905 2090 4959 uncia:

509 5001 649 5062 auri,
675 5010 728 5053 et
759 5005 870 5052 tres
899 4996 1048 5050 libra:
1071 4996 1278 5066 argenti
1304 4995 1454 5049 meri.

581 5088 863 5158 Descripto
892 5089 1072 5155 itaque
1099 5095 1359 5155 apparatu
1406 5087 1516 5140 Deo
1555 5085 1856 5155 dignissimi
1889 5086 2086 5154 operis,

511 5195 691 5253 operte
719 5183 949 5251 pretium
985 5191 1071 5236 est
1117 5182 1330 5235 exarari
1373 5179 1692 5234 miraculum
1719 5179 1972 5234 anserino
2002 5193 2092 5230 vo-

2192 4542 2407 4594 domum
2448 4541 2758 4595 revertitur.
2787 4540 2900 4594 Rex
2935 4555 3064 4594 vero
3095 4554 3322 4610 surgens
3354 4556 3383 4592 a
3428 4553 3612 4594 mensa
3653 4553 3780 4592 ora-

2195 4634 2360 4687 tionis
2406 4647 2592 4697 causa,
2644 4643 2703 4686 ut
2746 4647 2862 4687 mos
2916 4633 2992 4686 illi
3030 4641 3168 4698 erat,
3216 4631 3361 4687 solus
3408 4631 3673 4686 remansit
3722 4631 3773 4682 in

2195 4723 2446 4780 ecclesia.
2495 4723 2595 4789 Qui
2657 4725 2781 4778 dum
2831 4733 3032 4788 oraret,
3083 4723 3309 4792 contigit
3356 4732 3412 4775 ut
3456 4721 3778 4791 sarpedietus

2197 4817 2366 4870 frater
2399 4815 2685 4871 ecclesiam
2733 4819 2981 4869 intraret.
3031 4813 3202 4881 Quem
3242 4815 3511 4884 aspiciens
3542 4813 3776 4873 eminus.

2198 4905 2484 4974 tranquilla
2517 4922 2676 4960 manu
2704 4906 2881 4959 innuit
2919 4919 2978 4958 nt
3020 4909 3302 4961 accederet
3341 4906 3583 4974 propius.
3629 4904 3724 4958 Cui
3763 4921 3777 4956 :

2199 5021 2216 5050 ι
2257 4999 2463 5052 Enarra
2498 4999 2653 5063 mihi,
2683 4998 2887 5067 inquit.
2920 4998 2977 5052 S.
3016 4999 3370 5053 Potentianns
3395 4997 3454 5052 8.
3488 4997 3782 5050 Saviniano

2193 5091 2320 5160 quid
2349 5089 2531 5143 fuerit.
2563 5108 2582 5142 ι
2612 5091 2680 5142 At
2705 5089 2813 5153 ille,
2845 5089 2984 5157 quod
3027 5092 3204 5144 socius
3233 5087 3349 5155 ejus
3378 5089 3430 5140 in
3471 5088 3688 5142 itineris
3709 5087 3786 5140 la-

2194 5180 2349 5244 bore,
2394 5192 2448 5234 et
2487 5194 2772 5234 successor
2815 5181 2870 5234 in
2915 5180 3145 5240 honore,
3186 5188 3240 5232 et
3286 5177 3495 5246 collega
3533 5177 3784 5247 martyrii
