4116 5358
497 173 602 252 τζω

1401 171 1752 230 ODOBANNI
1793 174 2100 235 MONACIII
2141 175 2199 236 S.
2239 177 2440 235 PETRI
2480 177 2615 236 VIVI
2650 176 2873 238 SENON

3664 176 3766 234 τω

491 290 618 356 loci,
651 300 771 342 cum
810 283 956 341 omni
985 282 1260 354 diligentia
1307 283 1661 339 condiderunt
1693 301 1753 341 ea
1785 286 1839 341 in
1865 285 2073 344 locellis
2101 291 2148 352 Α
2178 296 2463 346 testantur.
2513 311 2532 344 ι
2561 289 2669 347 Sed
2712 290 2970 364 paganis,
3020 287 3196 362 inquit
3243 287 3502 348 Chronici
3554 301 3764 353 auctor.

489 380 780 454 plumbeis,
817 375 972 448 plura
1000 373 1262 430 miracula
1305 374 1379 429 ibi
1424 384 1684 444 operante
1709 375 1911 432 virtute
1965 377 2068 434 Do-

485 469 642 527 mini.
679 488 697 522 ι
729 465 1109 523 Plumbeorum
1149 464 1460 521 locellorum
1486 506 1500 530 ,
1548 465 1822 536 inquibus
1851 467 2066 525 condita

485 569 797 618 sanctorum
849 571 1118 628 corpora,
1173 557 1375 611 mentio
1427 556 1589 612 lit‘in
1641 558 1724 614 his
1773 558 1948 627 actis,
1998 575 2066 616 ex

483 652 682 725 quibus
737 652 1104 708 narrationem
1162 665 1316 706 suam
1365 649 1603 707 Clarium
1661 651 1909 709 hausisse
1956 669 2067 711 non

482 747 709 802 dubium
738 753 837 802 est.

550 841 606 894 4.
641 838 884 909 Denique
912 851 980 893 ex
1007 835 1196 892 eodem
1219 845 1459 900 auctore,
1490 850 1633 891 anno
1662 835 1798 892 1020
1826 857 1843 890 i
1875 837 2065 909 ingeni

480 930 668 986 abbati
701 929 962 986 successit
989 928 1218 984 domnus
1241 927 1622 994 Ermenaldus,
1655 929 1709 983 in
1738 928 1894 1000 cujus
1924 939 2065 986 tem-

481 1036 616 1091 pore
681 1036 778 1077 rex
819 1020 1092 1075 Robertus
1143 1028 1198 1075 et
1241 1018 1559 1075 Constantia
1613 1021 1797 1092 regina
1845 1036 2066 1093 compo-

479 1121 709 1168 suerunt
737 1121 927 1170 sancto
963 1111 1254 1169 Saviniano
1279 1113 1513 1171 locu-lum
1540 1130 1672 1170 auro
1695 1157 1712 1184 ,
1745 1125 1970 1187 argento
2012 1123 2067 1172 et

480 1204 708 1278 gemmis
737 1203 989 1276 pretiosis
1009 1213 1280 1260 ornatum.
1311 1205 1368 1260 In
1392 1221 1500 1276 quo
1529 1206 1876 1262 inseruerunt
1901 1205 2060 1261 etiam

480 1309 603 1350 eum
629 1309 696 1351 eo
744 1309 942 1366 corpus
981 1293 1158 1350 sancti
1202 1293 1426 1350 Eodaldi
1469 1311 1591 1351 cum
1651 1295 1868 1351 ossibus
1912 1295 2066 1366 pueri

477 1388 689 1460 parvuli
713 1403 820 1444 una
859 1388 1067 1444 humati
1099 1387 1154 1444 in
1179 1387 1358 1444 loculo
1411 1387 1692 1460 plumbeo,
1715 1389 1769 1443 in
1799 1403 1907 1460 quo
1939 1399 2064 1446 ante

477 1479 914 1535 continebantur.
961 1478 1021 1534 In
1061 1495 1167 1550 qua
1215 1478 1570 1535 translatione
1623 1479 1847 1550 quidam
1887 1494 2065 1536 caecus

478 1569 684 1640 recepit
711 1569 891 1624 lumen
916 1585 931 1637 ;
966 1579 1020 1625 et
1045 1569 1248 1640 pluvia,
1274 1583 1393 1640 qua:
1413 1586 1444 1624 a
1473 1569 1680 1626 Pascha
1703 1569 1918 1626 Domini
1950 1586 2060 1626 non

474 1659 729 1729 pluerat,
777 1659 1120 1716 abundanter
1156 1660 1477 1717 descendit:
1518 1669 1573 1717 et
1603 1661 1717 1718 haec
1775 1661 2058 1718 translatio

476 1751 621 1808 facta
655 1760 739 1808 est
760 1767 856 1806 vni
887 1751 1006 1808 Kal.
1057 1750 1415 1822 Septembris.
1454 1771 1473 1807 ι
1506 1751 1781 1809 Hactenus
1819 1753 2055 1820 Clarius,

472 1860 594 1915 qua:
620 1844 829 1900 auctori
858 1852 1045 1900 nostro
1073 1852 1440 1901 consentanea
1487 1854 1615 1900 sunt
1641 1885 1657 1912 ,
1685 1845 1788 1901 nisi
1829 1848 1970 1916 quod
1994 1861 2057 1902 ea

473 1937 573 1993 sub
598 1936 823 1993 Roberti
846 1937 968 1993 vitae
995 1935 1158 1992 tinem
1184 1936 1474 2008 contigisse
1496 1936 1784 2008 postremis
1814 1937 2059 1994 historia:

466 2031 656 2105 verbis
683 2031 908 2086 innuere
937 2029 1170 2084 videtur.
1195 2028 1443 2099 Uterque
1472 2046 1636 2100 porro
1663 2031 1836 2086 sancti
1858 2030 2058 2088 Poten-

473 2123 606 2178 tiani
666 2122 975 2193 reliquiasa
1007 2121 1296 2179 Wenilone
1343 2123 1748 2194 archiepiscopo
1793 2123 2058 2180 Hermen-

473 2212 617 2267 trudi
645 2209 880 2267 Jotrensi
911 2212 1201 2268 abbatissae
1246 2227 1534 2270 concessas
1579 2213 1794 2269 silentio
1837 2223 2060 2284 praeter—

472 2306 640 2361 misit.
669 2303 746 2359 lta
779 2313 960 2360 tamen
991 2319 1050 2360 se
1077 2319 1164 2361 res
1187 2303 1398 2369 habuit,
1423 2305 1468 2362 si
1500 2305 1806 2376 fragmento
1836 2321 1865 2360 a
1899 2306 2058 2362 nobis

471 2401 526 2455 in
566 2400 745 2455 smeuli
775 2398 840 2454 IV
871 2408 1026 2470 parte
1053 2415 1120 2464 ll,
1150 2415 1271 2470 pag.
1301 2397 1426 2463 578,
1461 2399 1606 2454 edito
1634 2399 1712 2470 (2)
1744 2398 1877 2454 ﬁdes
1904 2399 2061 2453 adhi-

467 2491 700 2546 beatur:
737 2492 879 2561 quod
906 2489 1032 2560 quia
1053 2490 1358 2559 sequiorem
1385 2489 1438 2544 in
1464 2498 1674 2559 partem
1714 2505 1744 2543 a
1787 2488 2058 2544 nonnullis

466 2581 638 2651 accipi
669 2581 998 2647 inaudimus,
1022 2579 1334 2635 accuratius
1370 2586 1672 2635 retractare
1697 2580 1873 2636 visum
1905 2589 2006 2636 est.

537 2675 588 2728 5.
633 2672 842 2728 Nemini
875 2672 1080 2728 venerit
1113 2672 1166 2727 in
1214 2681 1450 2727 mentem
1481 2671 1572 2744 qui
1626 2687 1749 2726 mox
1779 2671 2057 2729 laudatum

466 2774 746 2819 auctorem
775 2765 1011 2832 itemque
1035 2762 1305 2819 Odoranni
1333 2770 1388 2818 ct
1438 2761 1690 2818 monachi
1723 2761 2058 2819 Autissiodu-

468 2855 644 2912 rensis
685 2855 942 2911 chronica
991 2853 1298 2924 pellegcrit,
1349 2854 1618 2924 integrum
1655 2853 1826 2912 sancti
1858 2853 2055 2910 Poten-

465 2948 597 3003 tiani
637 2962 832 3018 corpus
861 2945 1243 3002 ﬂamentrudi
1284 2943 1568 3000 abbatissae
1607 2943 1840 3001 Jotrerisi
1867 2945 2052 3000 datum

466 3055 495 3092 a
535 3037 852 3104 Wenilone;
896 3051 1071 3106 neque
1113 3035 1470 3107 fragmentum
1517 3036 1635 3093 loco
1677 3035 1894 3092 laudato
1935 3036 2050 3091 edi-

467 3140 581 3184 tum
625 3131 676 3184 id
709 3130 992 3200 exprimit,
1032 3130 1126 3186 sed
1164 3130 1326 3186 habet
1361 3131 1624 3186 duntaxat
1667 3130 2054 3187 celeberrimum

465 3221 634 3274 sancti
678 3217 973 3274 Potentiani
1017 3221 1332 3291 stt/fragium
1380 3219 1816 3278 Hermentrudem
1854 3239 1886 3276 a
1925 3220 2053 3278 We-

469 3312 644 3367 nilone
683 3312 1012 3384 eﬂlagitasse,
1049 3330 1285 3384 a'greque
1309 3313 1611 3379 obtinuisse,
1642 3324 1794 3384 atque
1833 3314 1900 3370 ad
1941 3314 2054 3384 ejus

467 3407 844 3460 monasterium
867 3415 1105 3460 sanctum
1127 3417 1174 3461 et
1197 3406 1602 3478 incomparabile
1622 3408 1779 3462 decus
1793 3402 1923 3463 illud
1931 3421 2058 3477 per-

469 3496 640 3552 latum
679 3497 866 3553 fitlsse.
904 3497 1110 3564 Quibus
1134 3498 1313 3553 verbis
1336 3498 1526 3570 integri
1551 3499 1721 3553 sancti
1747 3497 2052 3554 Potentiani

467 3589 713 3659 corporis
737 3588 1144 3644 translationem
1171 3589 1444 3660 designari
1466 3604 1742 3659 nunquam
1763 3587 2050 3655 voluimus,

467 3681 564 3735 sed
593 3680 932 3736 solummodo
956 3679 1191 3749 aliquam
1217 3680 1389 3735 sancti
1417 3679 1676 3735 antistitis
1700 3679 2053 3748 reliquiarum

460 3779 698 3843 partem.
747 3769 1002 3826 Nonnihil
1036 3785 1162 3825 vero
1193 3786 1260 3825 ex
1287 3769 1446 3839 hujus
1486 3769 1660 3826 sancti
1691 3769 1933 3842 reliquiis
1961 3769 2055 3825 Jo-

463 3863 742 3918 trensibus
769 3861 1271 3918 sanctimonialibus
1299 3876 1616 3918 concessum
1640 3862 1830 3929 fuisse,
1855 3870 2053 3932 praeter

461 3954 739 4010 laudatum
771 3952 1154 4024 fragmentum,
1176 3953 1604 4024 probantaliqua
1630 3967 1844 4024 quoque
1868 3961 2051 4009 vetera

461 4056 830 4104 monumenta.
874 4045 1113 4101 Primum
1142 4045 1352 4101 eruitur
1388 4061 1456 4103 ex
1491 4045 1842 4117 sequentibus
1869 4044 2051 4100 Antis-

462 4138 793 4194 siodorensis
829 4139 1030 4194 codicis
1066 4139 1266 4204 verbis,
1289 4154 1411 4209 qua:
1436 4141 1608 4195 sancti
1636 4140 1892 4209 martyris
1917 4137 2047 4193 reli-

462 4230 621 4298 quias
636 4230 790 4288 Jotro
815 4233 868 4286 in
906 4231 1268 4302 Burgundiam
1318 4232 1420 4287 sub
1459 4247 1658 4287 annum
1698 4231 1803 4288 886
1844 4231 2048 4288 delatas

533 4343 612 4414 (5)
647 4341 1028 4414 Fragmentum
1058 4343 1333 4414 laudatum
1362 4345 1442 4400 sic
1468 4358 1528 4400 se
1556 4344 1755 4399 habet:

459 4411 917 4470 De'transla—tione
963 4414 1132 4469 sancti
1176 4413 1478 4470 Potentiani
1517 4416 1572 4470 in
1615 4414 1905 4470 coenobium
1946 4414 2042 4470 lo-

1159 4495 1349 4537 trense.

531 4550 691 4606 Anno
737 4551 865 4619 8i7,
906 4553 1046 4622 apud
1090 4552 1334 4608 Senonas
1370 4554 1747 4610 revelaverunt
1785 4569 1842 4611 se
1879 4557 2047 4610 sancti

463 4621 658 4694 Christi
687 4621 953 4694 martyres
983 4623 1328 4694 Sabinianus,
1369 4622 1717 4694 Potentianus
1736 4666 1750 4690 ,
1795 4625 2002 4680 Altinus
2027 4665 2043 4690 ,

461 4691 736 4748 Eodaldus
794 4691 845 4748 et
890 4693 1162 4749 Serotinus
1221 4692 1485 4748 Weniloui
1565 4697 1741 4751 archie
1778 4697 1950 4765 iscopo
1996 4706 2044 4750 et

461 4765 742 4819 Anastasio
783 4765 979 4820 abbati.
1025 4776 1219 4820 nempe
1266 4767 1578 4820 monasterii
1626 4766 1684 4820 S.
1729 4713 1896 4820 ﬂeui.
1942 4766 2044 4820 Oui

458 4765 742 4819 Anastasio
783 4765 979 4828 abbati,
1025 4776 1219 4833 nempe
1266 4767 1578 4821 monasterii
1626 4766 1684 4821 S.
1729 4765 1896 4822 Petri.
1942 4766 2046 4832 Qui

459 4834 684 4888 levantes
707 4850 793 4889 eos
823 4850 940 4916 cum
967 4851 1156 4904 magno
1181 4835 1377 4916 honore
1399 4835 1710 4916 de_ecclesi_a
1737 4837 1823 4916 ubi
1846 4836 2040 4916 sepulti

459 4914 639 4967 erant,
684 4904 1062 4959 transtulerunt
1106 4921 1192 4959 eos
1239 4907 1293 4960 in
1337 4906 1607 4961 basilicam
1654 4908 1718 4961 Β.
1764 4904 1914 4960 Petri
1947 4919 2040 4959 vttt

456 4971 587 5027 Kal.
615 4973 954 5044 Septembris.
985 4976 1110 5031 lliec
1157 4978 1297 5045 apud
1321 4977 1558 5033 Clarium
1611 4976 1934 5031 monachum
1987 4975 2040 5029 in

457 5044 729 5119 illironico
759 5045 818 5119 S_.
853 5045 996 5119 Petri
1016 5045 1176 5119 _Vivi.
1196 5044 1354 5102 Tunc
1379 5047 1802 5119 coutigittquptl
1833 5045 1886 5097 in
1915 5045 2038 5119 qui:

458 5114 681 5186 busdam
716 5116 987 5186 schcdulis
1016 5117 1117 5186 legi
1149 5118 1215 5172 de
1248 5114 1600 5173 translatione
1629 5114 1690 5186 S_.'
1724 5114 2034 5186 Potentiani

390 5225 400 5235 .
458 5183 527 5257 iu
555 5186 884 5257 parthenona
914 5183 1246 5257 ilotre'nseiu
1288 5187 1579 5257 (Jouarre).
1623 5184 1799 5257 Fama
1845 5185 2040 5252 quippe

458 5254 834 5336 miraculorum
883 5255 1024 5336 ill-ius
1055 5258 1168 5336 huc
1191 5254 1416 5336 illucque
1457 5254 1754 5336 pervola‘nte
1778 5293 1791 5318 ,
1825 5260 2035 5336 tandem

459 5322 528 5358 ΗΑ
580 5338 731 5358 nstrae
782 5326 1258 5358 οηοιριδηιηηῖηκηιη
1307 5322 1467 5358 niuoso";
1511 5323 1726 5358 luunt-ull“.
1766 5324 1993 5358 nos-naui!

2073 4364 2120 4424 ῐ)

2170 381 2447 455 aliquanto
2471 393 2592 456 post
2613 394 2856 456 tempore
2879 384 2979 440 hoc
2997 383 3304 440 caenobium
3332 383 3585 440 Jotrense
3608 399 3768 441 oecu-

2168 474 2437 542 pantibus,
2487 475 2605 530 dua:
2633 489 2702 530 ex
2747 473 3075 530 monialibus
3121 483 3434 530 memorata:
3475 475 3767 531 abbatissa

2168 559 2580 619 ilermentrudis
2629 561 2848 629 amnes,
2897 563 3185 619 imminens
3225 565 3517 620 evadentes
3556 567 3770 636 pericu-

2166 647 2299 716 lum,
2345 652 2414 708 ad
2463 653 2770 723 praesidium
2824 654 2905 710 sui
2958 654 3152 724 patris,
3216 657 3433 712 nomine
3487 656 3767 728 Norgaldi,

2167 742 2489 800 nobilissimi
2518 744 2570 799 in
2608 743 2916 817 Burgundia
2948 746 3048 802 viri
3078 755 3241 818 atque
3271 748 3487 817 optimi,
3513 749 3772 820 confuge-

2168 841 2315 898 runt,
2347 833 2440 905 qui
2466 833 2627 904 paulo
2653 845 2775 905 post
2812 836 2922 891 Deo
2973 836 3183 892 felicem
3227 839 3456 894 reddidit
3502 841 3766 895 animam.

2167 922 2302 1007 Ipsae
2331 939 2457 980 vero
2487 925 2752 982 moniales
2777 928 2936 982 matri
2964 943 3074 984 suae
3101 928 3401 996 Rothaidce,
3427 941 3481 986 et
3499 931 3769 988 fratribus

2166 1013 2509 1086 Agemherto,
2537 1015 2774 1073 Samueli
2797 1028 2852 1073 et
2873 1017 3118 1090 Algaudo
3167 1021 3407 1091 quotidie
3433 1024 3770 1079 enarrabant

2167 1115 2373 1178 quanta
2403 1109 2550 1165 Deus
2589 1110 2932 1181 omnipotens
2958 1113 3281 1169 sanctissimi
3319 1113 3622 1172 Poentiani
3654 1133 3770 1172 me-

2166 1197 2288 1254 ritis
2316 1208 2532 1270 patrare
2560 1201 2876 1270 dignaretur
2903 1203 3162 1260 miracula
3191 1221 3204 1258 :
3231 1204 3367 1260 adeo
3393 1215 3453 1261 ut
3488 1207 3592 1277 ipsi
3626 1207 3768 1262 miro

2166 1288 2465 1347 devotionis
2503 1291 2625 1361 igne
2658 1292 2946 1364 ﬂagrantes
2993 1296 3060 1351 de
3102 1300 3471 1368 comparando
3511 1299 3616 1355 sibi
3658 1309 3769 1355 tam

2165 1381 2410 1451 pretioso
2455 1381 2714 1438 thesauro
2743 1399 3022 1455 nunquam
3049 1401 3156 1442 non
3185 1397 3373 1442 noctes
3409 1387 3636 1457 diesque
3681 1405 3769 1445 eo-

2165 1471 2419 1542 gitarent.
2467 1473 2805 1544 Quapropter
2849 1473 3070 1531 Samuel
3103 1484 3161 1532 et
3195 1476 3470 1550 Algaudus
3510 1477 3769 1537 Jotrense

2165 1567 2552 1623 monasterium
2605 1578 2882 1640 expetunt,
2931 1571 3316 1642 negotiumque
3367 1579 3515 1629 tanta
3563 1584 3767 1646 gerunt

2088 1643 2133 1702 Β
2160 1654 2508 1724 dexteritate,
2554 1667 2613 1714 ut
2657 1675 2688 1714 a
2734 1660 2900 1728 Gisla,
2951 1660 3284 1720 nobilissima
3335 1671 3464 1720 tunc
3505 1643 3766 1736 temporis

2158 1747 2399 1818 ejusdem
2436 1749 2538 1807 loci
2566 1750 2863 1818 abbatissa,
2893 1751 2984 1808 diu
3012 1751 3378 1810 desideratum
3414 1771 3618 1812 munus
3655 1759 3760 1812 im-

2159 1848 2456 1908 petrarent.
2504 1839 2655 1908 Quod
2686 1841 2891 1908 statim,
2920 1841 3028 1897 voti
3071 1852 3371 1914 compotes,
3401 1845 3454 1900 in
3481 1857 3760 1905 monaste-

2161 1927 2300 1982 rium
2363 1930 2505 1998 quod
2554 1932 2897 1987 sanctissimo
2948 1933 3163 2002 praesuli
3239 1934 3292 1989 in
3347 1934 3472 1990 villa
3527 1936 3761 1992 Luciaco

2157 2015 2336 2072 fuerat
2379 2028 2775 2086 constructum,
2823 2022 3059 2076 maximo
3093 2037 3215 2078 cum
3248 2023 3453 2080 honore
3501 2036 3558 2081 ct
3609 2041 3760 2082 reve-

2160 2107 2331 2162 rentia
2363 2107 2689 2164 detulerunt.
2712 2129 2730 2163 ι
2764 2109 3034 2168 Hactenus
3054 2113 3224 2168 codex
3244 2113 3756 2180 Antissiodorensis.

2159 2193 2313 2264 cujus
2343 2196 2431 2251 hic
2461 2205 2666 2253 textum
2697 2197 3005 2268 referimus,
3044 2216 3152 2256 non
3198 2218 3307 2273 quo
3346 2204 3757 2263 Lttciaccnsium

2160 2285 2418 2340 adversus
2463 2285 2805 2344 Senonenses
2850 2289 2937 2346 vel
2983 2289 3262 2347 Jotronses
3301 2308 3479 2350 causa:
3527 2295 3757 2352 velimus

2158 2376 2518 2444 pairocinari;
2549 2379 2642 2433 sed
2671 2389 2726 2432 ut
2750 2380 2872 2435 inde
2906 2383 3273 2438 concessionis
3299 2383 3456 2440 facta:
3485 2385 3756 2442 Jotrensi-

2159 2472 2259 2528 bus
2287 2483 2560 2528 mouneuta
2591 2461 2852 2529 inluccni
2885 2478 3168 2547 prodeant.

2229 2564 2282 2620 Β.
2326 2567 2482 2620 Aliud
2520 2576 2896 2638 argumentum
2924 2569 3227 2625 desuinitur
3249 2586 3313 2627 ex
3360 2572 3454 2629 lite
3475 2572 3757 2631 Jatrenses

2146 2658 2300 2712 inter
2328 2659 2564 2728 virgines
2585 2675 2648 2712 ac
2669 2658 3010 2716 Sunonenses
3037 2663 3210 2718 sancti
3237 2661 3384 2718 Pitri
3427 2666 3540 2720 Viri
3565 2683 3756 2721 mona-

2159 2748 2293 2804 chos
2315 2758 2430 2804 orta
2459 2749 2655 2806 san-nlo
2683 2767 2801 2818 xm,
2829 2767 2949 2823 quae
2971 2768 3123 2809 nova:
3146 2755 3287 2810 beati
3321 2755 3654 2822 Potentiam,
3686 2759 3753 2812 ad

2160 2854 2409 2898 sanctum
2433 2843 2651 2900 Petrum
2675 2845 3385 2914 quiescentis,translationi
3407 2851 3755 2905 occasionem

2160 2934 2326 2990 dedit.
2379 2935 2554 2991 Litem
2589 2937 2690 2992 hac
2733 2938 2799 2993 de
2837 2952 2896 2994 re
2927 2948 3128 2994 motam
3163 2949 3498 2996 contestatur
3537 2940 3758 2996 Gattl'ri-

2157 3027 2255 3083 dus
2281 3028 2347 3084 de
2380 3026 2599 3094 Colone,
2630 3031 2926 3085 monachus
2952 3031 3122 3085 sancti
3163 3030 3310 3086 Petri
3354 3029 3494 3096 Vivi,
3540 3047 3663 3087 cum
3695 3033 3750 3088 iu

2157 3118 2352 3175 tabulis
2393 3119 2810 3192 chrenolog'eis,
2855 3130 2966 3176 tum
3016 3122 3068 3177 in
3101 3138 3202 3180 ms.
3244 3122 3425 3180 libello
3461 3123 3534 3179 De
3577 3124 3750 3179 sacris

2156 3208 2399 3278 reliquiis
2447 3210 2762 3266 monasterii
2803 3211 2975 3266 sancti
3005 3211 3148 3268 Petri
3187 3211 3324 3279 Vivi,
3354 3229 3514 3284 quem
3547 3215 3752 3283 Optima

2155 3313 2316 3353 manu
2363 3299 2715 3370 descriptum,
2764 3316 2888 3355 cum
2933 3301 3075 3356 serie
3126 3303 3408 3366 abbatum,
3452 3303 3504 3357 in
3544 3319 3748 3358 annum

2155 3389 2294 3447 1289
2330 3391 2633 3455 desinente,
2672 3401 2890 3448 servant
2933 3392 3173 3463 ejusdem
3220 3394 3321 3450 loci
3352 3405 3566 3450 ascetzc.
3603 3395 3749 3452 Gau-

2153 3479 2276 3536 lridi
2297 3481 2458 3536 verba
2483 3491 2606 3536 sunt
2632 3482 2684 3536 in
2709 3483 2906 3540 tabulis
2929 3484 3343 3554 chmnologicis.
3377 3503 3398 3538 ι
3421 3487 3580 3542 Anno
3618 3487 3751 3544 1218

2154 3571 2208 3626 in
2251 3572 2579 3628 monasterio
2615 3573 2786 3629 sanczi
2818 3573 2962 3630 Petri
3009 3575 3125 3631 V'ivi
3165 3577 3407 3648 reliquiae
3451 3576 3565 3634 fere
3614 3581 3749 3649 (luet:

2147 3659 2335 3715 vocula
2380 3659 2492 3716 fere
2539 3663 2891 3718 observatione
2950 3666 3109 3736 digna
3153 3666 3248 3738 est)
3301 3668 3461 3724 tutius
3501 3671 3750 3740 corporis

2151 3753 2324 3808 sancti
2356 3753 2661 3809 Potentiaui
2697 3765 2924 3810 ostensa:
2964 3755 3181 3812 fuerunt
3211 3773 3394 3814 coram
3434 3762 3748 3816 reverendis

2152 3845 2399 3902 Patribus
2418 3846 2578 3902 Petro
2605 3845 2902 3904 Senonensi
2924 3850 3350 3921 archiepiscopo,
3377 3849 3588 3908 llerveo
3613 3851 3747 3909 Tre-

2149 3939 2298 3995 censi
2333 3940 2604 4011 episcopo,
2641 3950 2695 3996 et
2724 3941 3041 4010 quibusdam
3080 3940 3199 3997 aliis
3227 3941 3484 4014 pnelatis,
3535 3945 3748 4014 cpiscoo

2151 4033 2235 4104 pis
2260 4041 2315 4089 et
2346 4033 2653 4089 abbatibus.
2703 4033 2961 4089 Dicebant
2999 4035 3261 4091 moniales
3286 4035 3353 4090 de
3403 4034 3558 4091 Jotro
3598 4035 3744 4107 quod

2152 4143 2348 4198 corpus
2376 4128 2518 4183 beati
2551 4127 2854 4183 Potentiani
2888 4127 3189 4196 habebant;
3221 4123 3313 4184 sed
3341 4127 3429 4182 illa
3462 4128 3571 4195 die,
3597 4129 3744 4183 vide-

2150 4219 2278 4276 licet
2309 4235 2378 4274 xv
2422 4218 2539 4274 Kal.
2573 4219 2719 4283 Maii.
2765 4218 2840 4274 illi
2884 4217 3074 4274 Patres
3114 4219 3357 4290 praedicti
3407 4219 3740 4274 contiat-ium

2148 4334 2273 4388 urbe
2298 4332 2506 4388 Wenilo
2535 4347 2752 4387 summa:
2798 4332 3095 4386 sanctitatis
3124 4341 3172 4385 et
3209 4330 3477 4402 religionis
3522 4331 3732 4402 episco-

2147 4420 2294 4473 pus;
2327 4405 2383 4457 in
2433 4411 2720 4456 memorato
2772 4418 2904 4473 vero
2951 4403 3266 4456 monasterio
3327 4401 3733 4473 llernientrudis

2149 4471 2382 4528 moribus
2411 4485 2455 4528 et
2492 4475 2700 4526 nomine
2730 4472 2996 4526 abbatissa
3029 4481 3276 4540 praeerat,
3299 4473 3466 4525 eidem
3494 4471 3734 4540 episcopo

2148 4545 2388 4614 proxima
2419 4543 2671 4613 afﬁnitate
2702 4541 3006 4614 conjuncta.
3047 4540 3178 4614 llth
3207 4542 3399 4614 partim
3429 4543 3740 4614 necessitate

2148 4611 2352 4679 coacta,
2379 4611 2571 4682 partim
2595 4611 2998 4683 propinquitatis
3041 4613 3242 4683 ﬁducia
3269 4612 3494 4664 incitata
3520 4650 3535 4674 ,
3552 4611 3736 4683 ipsum

2147 4680 2444 4754 episwptim
2469 4680 2620 4747 adiit,
2647 4680 2928 4754 precatum
2951 4691 3014 4754 ut
3038 4681 3136 4734 sibi
3160 4690 3209 4734 et
3257 4680 3650 4754 congregationi
3679 4680 3733 4732 in

2147 4751 2380 4807 maxima
2405 4751 2654 4821 angustia
2693 4752 3010 4815 constitutis,
3046 4767 3142 4805 suo
3169 4761 3216 4804 et
3250 4751 3582 4805 celeberrimo
3611 4765 3736 4803 san-

2146 4825 2213 4876 cti
2239 4823 2541 4876 Potentiani
2570 4822 2847 4892 suﬂ'ragio,
2885 4821 2936 4874 id
2980 4831 3064 4877 est
3108 4821 3458 4892 reliquiarum
3505 4833 3732 4875 conces-

2145 4895 2317 4960 sione,
2355 4908 2661 4946 succurrere
2685 4891 2788 4945 non
2818 4892 3076 4960 ili/ferret.
3116 4891 3462 4961 Repugnavit
3489 4892 3725 4961 primum

2143 4964 2469 5032 episcopus;
2502 4962 2596 5017 sed
2647 4959 3178 5016 tandem’abbatissa
3200 4959 3367 5032 quod,
3393 4963 3540 5029 petiit
3566 5000 3582 5024 ,
3624 4959 3731 5032 Deo

2142 5029 2442 5094 miserante,
2472 5044 2516 5086 et
2549 5048 2645 5086 sua
2678 5033 2840 5085 nimia
2886 5029 3282 5099 importunitate
3319 5030 3562 5083 obtinuit.
3614 5029 3725 5099 Da-

2142 5113 2250 5155 tum
2281 5112 2327 5154 et
2341 5103 2599 5170 perlatum
2623 5111 2696 5155 est
2743 5098 2977 5155 celeriter
2994 5113 3233 5154 sanctum
3253 5110 3300 5153 et
3323 5098 3730 5170 incomparabile

2139 5172 2300 5225 decus
2321 5169 2390 5224 ad
2421 5173 2591 5225 locum
2615 5189 2765 5240 quem
2810 5173 3152 5240 praediximus
3179 5211 3194 5236 ,
3231 5170 3459 5238 pondere
3490 5169 3722 5222 miseria-

2147 5257 2261 5294 rum
2289 5258 2544 5310 pressum,
2573 5239 2784 5295 et'omui
2829 5240 3082 5294 t;_'.;:;;;'uc
3121 5239 3468 5305 destitutum;
3497 5253 3658 5309 eoque
3695 5253 3728 5289 (ι

2144 5313 2538 5358 cmmreaatimm
2564 5326 2682 5358 cum
2713 5311 2876 5358 multa
2919 5310 3263 5358 exsultatione
3298 5320 3557 5358 susceuto.
3589 5319 3637 5358 et
3665 5323 3725 5358 ea
