4116 5358
313 343 412 402 781

1105 343 1194 400 DE
1229 341 1618 401 TRANSLAT.
1645 338 1758 425 _SS.
1803 333 2169 399 SAVINIANI,
2213 332 2644 401 ΡΟΤΕΝἨΑΝΙ,
2680 334 2848 396 ΕΤΩ..

3491 335 3592 391 782

309 464 655 518 invenerunt.
696 455 829 512 Nam
859 457 1180 514 invenerunt
1201 473 1399 529 corpus
1427 457 1742 530 prtedictum
1771 467 1898 510 san-
1927 452 1977 515 Α
2004 448 2426 520 archiepiseOpi;
2467 465 2586 522 quae
2613 449 2778 505 etiam
2817 463 2911 518 per
2940 462 3130 504 manus
3174 456 3388 505 nostras
3419 459 3594 507 trans-

308 553 385 612 cti
412 551 722 608 Potentiani
772 551 825 606 in
872 552 1204 607 monasterio
1243 551 1415 608 sancti
1454 549 1602 606 Petri
1636 547 1752 603 Vivi
1804 546 1906 602 sub

309 647 505 720 majori
536 644 717 707 altari,
752 653 898 700 retro
935 643 1106 698 altare
1134 643 1201 698 de
1231 644 1434 706 subter,
1459 650 1515 698 et
1536 647 1905 710 cognoverunt

310 738 382 794 ad
442 736 661 808 plenum
706 749 805 806 per
845 734 1158 790 testimonia
1199 733 1503 790 litterarum
1546 734 1740 804 quibus
1787 739 1908 788 erat

309 827 445 886 ﬁdes
469 826 710 883 totaliter
732 825 1068 888 adhibenda:
1093 835 1149 882 et
1169 840 1368 897 corpus
1385 825 1698 896 pradictum
1730 834 1907 881 transo

307 915 552 973 tulerunt
579 931 702 971 cum
731 929 958 986 corpore
986 915 1161 972 sancti
1188 915 1357 970 Altini
1401 930 1564 987 super
1610 913 1782 984 majus
1829 913 1906 969 al-

311 1019 450 1074 tare,
492 1009 545 1063 in
595 1022 811 1078 capsam
867 1018 1182 1079 argenteam
1230 1007 1488 1078 reliquias
1529 1017 1901 1079 apponentes:

309 1106 806 1168 eoneesscruntque
827 1097 1078 1154 omnibus
1104 1098 1404 1170 peregrinis
1426 1098 1492 1154 ad
1519 1098 1719 1154 festum
1747 1097 1907 1167 hujus

311 1186 688 1242 translationis
715 1186 1125 1242 advenientibus
1161 1202 1389 1259 magnas
1409 1187 1769 1259 indulgentias
1810 1203 1909 1258 per

310 1285 438 1334 octo
465 1276 584 1332 dies
612 1284 735 1347 post
764 1275 984 1344 festum,
1015 1285 1072 1331 ut
1108 1277 1162 1334 in
1203 1276 1398 1334 litteris
1423 1293 1588 1348 super
1617 1279 1720 1334 hoc
1745 1279 1908 1334 editis

310 1368 644 1426 continetur.
686 1385 706 1422 ο
772 1367 970 1424 Eadem
1019 1369 1409 1440 propemodum
1460 1369 1755 1427 Gautridus
1795 1371 1909 1441 ipse

313 1457 486 1515 tradit
510 1457 563 1512 in
587 1467 887 1512 memorato
911 1455 1091 1513 libello
1116 1457 1183 1514 de
1223 1456 1490 1531 reliquiis,
1535 1473 1602 1514 ex
1642 1474 1750 1530 quo
1793 1459 1911 1516 haec

315 1549 609 1620 decerpere
650 1546 920 1605 sufﬁciat:
960 1567 980 1602 ‹
1010 1550 1076 1605 Et
1117 1558 1394 1607 ostensum
1446 1551 1546 1608 fuit
1595 1553 1909 1623 praedictum

302 1657 515 1714 corpus
539 1642 711 1697 sancti
739 1640 1044 1696 Potentiani
1071 1656 1236 1714 super
1261 1651 1472 1714 portam
1504 1642 1754 1710 abbatiae,
1779 1653 1834 1699 et
1857 1645 1909 1700 in

317 1737 571 1803 ecclesia,
623 1753 746 1792 cum
779 1737 974 1793 litteris
1015 1738 1211 1808 quibus
1241 1738 1371 1794 fides
1401 1748 1520 1795 erat
1557 1741 1796 1797 letaliter
1823 1743 1911 1796 ad-

2008 539 2113 594 lata
2147 549 2272 595 sunt
2296 540 2349 594 in
2367 541 2656 610 quamdam
2684 555 2926 610 capsam,
2953 539 3142 596 eodem
3173 540 3282 608 die,
3314 557 3456 597 anno
3491 545 3597 598 Do-

2008 635 2139 693 mini
2195 633 2482 690 millesimo
2530 634 2902 690 ducentesimo
2947 644 3142 691 octavo
3197 651 3427 692 decumo.
3487 636 3594 692 Nos

2008 735 2187 781 autem
2228 725 2294 780 de
2326 723 2694 781 misericordia
2729 722 2856 780 Jesn
2887 724 3110 792 Christi,
3137 735 3192 782 et
3216 727 3387 784 beatae
3415 726 3598 784 Maria)

2009 815 2266 888 Virginis,
2305 825 2358 871 et
2403 817 2683 872 beatorum
2735 818 3097 886 apostolorum
3151 816 3298 876 Petri
3344 827 3399 875 et
3445 819 3597 875 Pauli

2007 909 2356 980 omniumque
2391 919 2701 964 sanctorum
2731 909 2939 964 meritis
2965 910 3318 976 c0niidentes,
3347 912 3600 968 omnibus

2008 999 2209 1056 Christi
2258 999 2528 1063 ﬁdelibus,
2562 1000 2651 1070 qui
2695 1015 2820 1057 \ere
2862 1003 3184 1072 puenitentes
3212 1019 3340 1061 suas
3359 1005 3598 1061 eleemo-

2009 1105 2174 1162 synas
2217 1090 2539 1147 rbaritative
2593 1090 2768 1147 cidem
2816 1092 3058 1150 ecclesiae
3110 1095 3479 1164 contulerint,
3535 1097 3600 1151 ab

2009 1182 2221 1238 octavis
2258 1183 2433 1238 beatae
2480 1181 2664 1239 Maria:
2711 1182 3035 1256 Mrgdalens:
3074 1201 3243 1258 usque
3281 1189 3348 1245 ad
3392 1199 3599 1260 septem

2008 1275 2126 1331 dies
2155 1284 2466 1346 sequentes,
2495 1274 2566 1332 ob
2601 1277 3004 1335 venerationem
3035 1281 3347 1336 eorumdem
3380 1291 3600 1338 sancto-

2011 1378 2153 1433 rum,
2177 1376 2392 1437 septem
2418 1367 2536 1426 dies
2569 1369 2636 1423 de
2675 1366 2928 1438 injunctis
2960 1370 3062 1426 sibi
3098 1373 3451 1442 pmnitentiis,
3478 1383 3604 1430 vota

2010 1454 2204 1522 fracta,
2247 1457 2291 1512 si
2333 1457 2400 1513 ad
2446 1472 2510 1513 ea
2551 1458 2836 1526 redierint,
2881 1471 3102 1531 peccata
3144 1463 3333 1531 oblita,
3369 1463 3604 1521 offensas

2010 1557 2225 1616 patrum
2256 1559 2312 1605 et
2354 1559 2588 1604 matrum
2615 1550 2732 1608 sine
2762 1568 3018 1608 manuum
3053 1555 3362 1627 injectione,
3386 1557 3603 1613 miseri-

2016 1640 2254 1696 eordi:er
2288 1640 2615 1698 relaxamus.
2659 1642 2715 1699 ln
2747 1644 2898 1714 cujus
2926 1647 3003 1702 rei
3029 1650 3346 1705 memoriam
3376 1665 3608 1720 praesen-

2015 1742 2124 1786 tem
2168 1733 2419 1804 paginam
2456 1733 2754 1804 sigillorum
2795 1746 3104 1794 nostrorum
3146 1741 3445 1796 munimine
3478 1739 3609 1795 ieci-

315 1829 586 1896 bibenda;
619 1830 742 1900 quia
767 1828 1206 1884 sanetimoniales
1237 1830 1302 1886 de
1322 1829 1472 1886 Jotro
1502 1833 1754 1888 dicebant
1778 1833 1908 1888 illud
1941 1817 1986 1877 Β
2015 1838 2135 1879 IDUS
2184 1825 2449 1882 roborari.
2495 1827 2689 1882 Datum
2738 1844 2880 1884 anno
2925 1833 3112 1902 gratia:
3165 1832 3322 1900 l218,
3373 1849 3432 1889 tu
3489 1835 3603 1889 Kal.

317 1919 372 1974 in
413 1934 512 1974 suo
543 1919 872 1974 monasterio
897 1919 1200 1974 conservari
1230 1939 1242 1974 :
1272 1921 1364 1976 sed
1397 1921 1450 1976 in
1481 1921 1566 1977 illa
1601 1923 1687 1978 die
1719 1924 1912 1994 proba.

317 2018 433 2063 tum
462 2007 564 2063 fuit
597 2010 948 2074 contrarium,
978 2018 1136 2078 prout
1168 2011 1220 2064 in
1256 2010 1406 2067 libris
1443 2013 1510 2068 de
1551 2015 1724 2069 sancti
1763 2014 1913 2071 Petri

317 2105 656 2158 monasterio
707 2103 1032 2159 continetur.
1079 2122 1097 2155 ι
1154 2102 1300 2158 Petri
1349 2106 1736 2177 a~rchie,iscopi
1782 2107 1915 2164 alio-

316 2208 548 2264 rumque
573 2195 859 2265 praesidum
884 2194 1094 2250 litteras
1116 2193 1337 2252 inferius
1358 2197 1755 2264 exhibebimus;
1774 2214 1914 2255 nunc

315 2301 448 2340 vero
478 2287 827 2358 reliquiarum
851 2287 1092 2342 omnium
1120 2287 1174 2342 in
1206 2288 1536 2344 monasterio
1567 2290 1738 2344 saneti
1769 2290 1912 2346 Petri

318 2376 712 2446 quiescentium
745 2375 1126 2432 translationes
1151 2377 1423 2434 chronicis
1449 2379 1608 2446 notis,
1647 2395 1749 2450 qui
1779 2379 1913 2436 lice-

319 2468 421 2534 bit,
459 2466 771 2523 alliciendaa.

389 2558 442 2611 7.
504 2558 660 2614 Anno
683 2559 786 2615 847
808 2559 981 2630 prima
1004 2559 1351 2632 reliquiarum
1377 2561 1607 2617 detectio
1628 2559 1916 2620 Wenilone

321 2650 577 2721 pontifice
604 2650 747 2707 facta
775 2661 877 2707 est.
926 2652 1092 2708 Paulo
1140 2662 1260 2723 post
1305 2654 1445 2710 idem
1494 2655 1696 2726 aliquot
1741 2656 1914 2712 sancti

318 2737 624 2797 Potentiani
656 2743 882 2815 pignora
910 2743 1250 2800 .lolrensibus
1277 2747 1563 2802 concessit.
1612 2747 1772 2803 Anno
1811 2747 1916 2805 936

325 2833 635 2888 eorumdem
662 2844 959 2907 martyrum
981 2850 1207 2906 corpora
1235 2837 1286 2891 in
1321 2836 1690 2892 Senonensem
1721 2838 1913 2896 urbem

327 2937 474 2983 metu
529 2926 987 2984 Nortmannorum
1038 2928 1183 2983 illata
1234 2936 1378 2982 sunt.
1424 2926 1644 2990 Eadem,
1695 2928 1918 2985 cedente

326 3021 597 3077 Willehno
648 3023 1082 3092 archiepiscopo,
1139 3021 1379 3091 pristinae
1432 3019 1544 3074 sedi
1589 3035 1693 3075 non
1748 3021 1916 3078 trralto

326 3123 448 3183 post
473 3124 599 3168 sunt
623 3114 895 3180 restituta,
923 3121 977 3171 et
1001 3114 1052 3169 in
1080 3113 1274 3177 antris,
1300 3113 1440 3167 hanc
1465 3113 1518 3166 in
1543 3128 1654 3168 rem
1677 3111 1914 3182 νεέξῖοεεὶε,

2013 1915 2260 1984 Augusti.
2326 1918 2529 1973 Durent
2560 1918 2610 1974 in
2640 1903 2978 1991 perpetuum.
3013 1944 3029 1976 ι

2085 2010 2138 2066 8.
2180 2011 2276 2067 His
2297 2011 2491 2070 litteris
2520 2014 2885 2089 sulfragantur
2912 2020 3045 2075 varii
3079 2021 3317 2093 ejusdem
3342 2023 3444 2079 loci
3476 2038 3606 2078 mss.

2015 2101 2229 2158 codices
2251 2119 2373 2158 cum
2398 2103 2660 2162 Gaufrido
2693 2108 2893 2166 llirone
2916 2114 3086 2167 sancti
3127 2113 3271 2169 Petri
3314 2116 3608 2182 emnobita,

2015 2194 2105 2264 qui
2134 2208 2277 2249 anno
2311 2195 2448 2251 1216
2477 2199 2827 2268 appendicem
2869 2203 3031 2257 Clarii
3078 2204 3348 2262 Chronico
3392 2208 3608 2278 adjecit.

2014 2279 2231 2338 Pt'ostat
2255 2285 2549 2342 etiamnum
2573 2291 2960 2363 autographnm
2985 2295 3127 2350 Petri
3152 2298 3409 2353 antistitis
3429 2315 3615 2355 axem.

2015 2371 2157 2442 plar,
2221 2375 2364 2442 quod
2410 2377 2535 2431 anni
2583 2378 2715 2434 1680
2762 2379 2847 2436 die
2898 2381 2965 2437 19
3012 2383 3285 2453 Octobris,
3321 2390 3613 2458 provincia:

2016 2473 2219 2518 nostrm
2247 2464 2569 2536 Burgundire
2611 2468 2861 2526 visitatur
2886 2477 3217 2546 recognovit.
3261 2479 3418 2534 Anno
3453 2480 3610 2545 iiii),

2018 2554 2104 2611 die
2150 2556 2212 2610 i7
2262 2556 2596 2627 Detembris,
2643 2559 2949 2621 Ludovicus
2991 2568 3055 2622 de
3089 2568 3390 2638 Melndnno,
3443 2574 3614 2629 Seno-

2016 2646 2201 2704 neasis
2239 2648 2488 2716 an'iQes,
2523 2651 2760 2709 Gurrino
2793 2659 2965 2714 sancti
2999 2657 3224 2732 Remigii
3259 2664 3610 2732 Senonensis,

2019 2737 2186 2796 Petro
2222 2741 2393 2796 sancti
2447 2741 2670 2800 Joannis
2712 2747 2895 2804 itidem
2937 2750 3268 2810 Senonensis
3304 2757 3612 2826 abbatibus,

2019 2837 2072 2886 et
2107 2827 2309 2887 Jaccbo
2345 2833 2628 2894 Hodoatdo
2679 2837 2880 2894 vicario
2913 2841 3147 2911 generali
3185 2854 3234 2898 et
3267 2845 3478 2902 olliciali
3521 2865 3615 2904 no-

2020 2936 2146 2980 Vara
2180 2923 2423 2994 corporis
2455 2925 2628 2982 sancti
2663 2926 2968 2986 Potentiani
3001 2934 3408 2992 translationem
3447 2939 3618 3010 impe-

2022 3013 2195 3078 ravit;
2241 3028 2360 3086 qua:
2391 3026 2718 3085 procurante
2763 3018 3048 3077 Guillehno
3094 3023 3392 3092 Quatranio
3439 3032 3614 3086 sancti

2021 3100 2169 3162 Petri
2201 3103 2394 3160 abbate
2418 3107 2519 3162 hoc
2550 3107 2636 3165 die
2659 3109 2928 3167 celebrata
2959 3123 3059 3169 est.
3093 3115 3284 3172 Exstat
3312 3119 3614 3178 lnnoccntii

329 3205 569 3260 studiose
617 3206 913 3262 recondita.
957 3206 1092 3262 Dum
1138 3213 1317 3262 tamen
1364 3221 1517 3262 sacra
1560 3208 1783 3279 pignora
1829 3222 1915 3264 re—

2022 3209 2172 3265 papic
2198 3192 2308 3251 \‘lll
2350 3199 2691 3268 rescriptum,
2731 3217 2872 3259 anno
2902 3204 3038 3261 H88
3067 3208 3270 3275 datum,
3307 3229 3411 3283 quo
3440 3219 3614 3272 sancti

327 3299 618 3366 ferrentur,
645 3301 948 3357 Bernardus
979 3313 1179 3359 sanciat:
1200 3301 1382 3357 Maria:
1424 3301 1747 3361 arelt‘clavis
1770 3302 1920 3372 pallii

327 3392 502 3447 sancti
527 3393 801 3447 Saviniani
835 3402 1043 3462 partem
1073 3391 1368 3449 abscissam
1396 3393 1782 3450 reluctantibus
1808 3409 1921 3448 ιηο·

327 3483 518 3538 nachis
546 3483 761 3554 eripuit,
811 3499 930 3553 qua:
973 3483 1228 3552 deinceps
1260 3483 1312 3538 in
1356 3483 1584 3539 ecetesia
1624 3482 1920 3539 eathedrali

331 3583 549 3631 servata
579 3584 682 3632 est.
717 3575 829 3631 Sub
863 3591 1063 3631 annum
1097 3575 1232 3633 1015
1262 3576 1474 3630 visitata
1515 3585 1640 3632 sunt
1666 3575 1719 3630 in
1751 3575 1922 3630 antris

332 3674 643 3722 sanctorum
687 3681 934 3736 corpora,
982 3681 1100 3735 qua:
1120 3664 1473 3722 Leothericus
1509 3665 1729 3736 praesul,
1767 3665 1922 3720 adni-

333 3765 478 3813 tente
527 3757 804 3812 Rainardo
861 3758 1076 3824 abbate,
1110 3756 1300 3813 loculis
1359 3757 1624 3830 plumbeis
1683 3756 1920 3812 inclusit.

332 3846 459 3902 Post
489 3863 688 3902 annum
723 3848 883 3917 1025,
928 3847 1165 3902 Boberto
1203 3856 1258 3903 et
1298 3847 1616 3904 Constantia
1645 3847 1922 3918 suppetias

332 3939 652 4006 ferentibus,
688 3940 920 3995 levatum
966 3948 1050 3996 est
1094 3939 1265 3994 sancti
1301 3939 1578 3994 Saviniani
1610 3954 1829 4008 corpus,
1867 3947 1924 3994 et

326 4045 438 4084 uita
466 4048 587 4086 cum
618 4032 791 4087 sancti
822 4030 1066 4097 Eodaldi,
1097 4032 1336 4102 itemque
1368 4028 1596 4100 alicujus
1620 4030 1773 4102 pueri
1801 4043 1924 4084 cor-

329 4138 467 4194 pore
495 4122 817 4176 ditissimam
845 4122 898 4177 in
927 4123 1136 4178 thecam
1165 4123 1368 4177 illatum
1397 4131 1501 4178 est.
1533 4123 1663 4192 Quae
1688 4122 1924 4177 transla-

334 4216 431 4280 tio,
470 4214 737 4272 referente
765 4214 969 4283 Clario,
1001 4215 1142 4286 facta
1168 4225 1242 4270 est
1279 4231 1371 4270 vm
1404 4213 1531 4269 Kal.
1579 4213 1919 4286 Septembris.

332 4302 595 4362 Eumdem
627 4306 804 4362 sancti
842 4306 1148 4363 Potentiani
1179 4306 1423 4377 reliquiis
1451 4307 1714 4364 honorem
1740 4306 1921 4362 animo

331 4395 644 4452 destinabat
689 4396 960 4454 Robertns
995 4413 1088 4453 rex
1132 4413 1199 4454 ex
1241 4398 1378 4454 actis
1409 4397 1496 4454 hic
1527 4396 1732 4464 relatis,
1779 4397 1923 4469 quod

334 4493 509 4541 morte
537 4497 843 4555 prarventus
867 4485 1059 4544 eﬂ’ectu
1094 4489 1296 4544 caruit.
1346 4489 1507 4544 Anno
1553 4489 1692 4544 1228
1731 4489 1923 4544 Petrus

2023 3283 2166 3338 Petri
2199 3287 2479 3342 monachis
2507 3285 2783 3345 licentiam
2814 3297 3060 3351 concedit
3090 3314 3276 3356 sat-ras
3299 3307 3614 3362 monasterii

2023 3375 2105 3431 sui
2143 3375 2396 3446 reliquias
2441 3382 2848 3440 transferendi:
2900 3403 3004 3456 qua
3047 3392 3231 3448 nescio
3274 3409 3339 3451 an
3387 3399 3466 3453 usi
3509 3399 3619 3455 sint

2024 3477 2150 3560 ante
2192 3485 2395 3560 annum
2439 3471 2592 3538 1680,
2650 3489 2757 3546 quo
2807 3482 3080 3550 prtepusiti
3129 3487 3300 3542 nostri
3350 3491 3618 3560 generalis

2017 3555 2170 3627 jussu
2211 3558 2324 3629 jam
2369 3558 2618 3618 lauda1us
2648 3568 2942 3637 provinciae
2986 3555 3616 3644 Burgundicm'visitator

2023 3661 2147 3702 ossa
2191 3649 2336 3704 beati
2387 3650 2692 3710 Potentiani
2731 3673 2929 3714 norant
2984 3661 3036 3717 in
3085 3665 3297 3720 thecam
3343 3669 3618 3727 decentius

2023 3748 2271 3796 ornatam
2298 3744 2558 3811 reposuit.
2585 3745 2710 3801 llzec
2732 3749 2988 3807 chronieo
3011 3756 3200 3810 ordine
3227 3773 3618 3829 neprcesentare

2024 3831 2197 3924 visum
2228 3840 2330 3888 est.
2370 3834 2638 3891 Caeterum
2684 3840 2826 3908 quod
2869 3841 3010 3899 diem
3046 3862 3138 3902 vm
3180 3848 3295 3904 Kal.
3339 3852 3618 3924 Septemb.

2024 3922 2153 3979 huic
2178 3925 2518 3981 translationi
2546 3931 2891 3998 ascribimus,
2918 3939 3128 3993 tametsi
3149 3940 3351 3996 nullum
3375 3922 3616 4017 subjecta

2024 4019 2268 4075 narratio
2308 4022 2572 4094 designet,
2604 4024 2951 4084 Odorannum
2984 4039 3036 4086 et
3060 4032 3297 4090 Clarium
3339 4041 3621 4109 sequimur

2025 4119 2314 4176 auctores,
2369 4114 2458 4183 qui
2525 4114 2934 4174 translationem
2990 4138 3020 4175 a
3075 4123 3352 4182 Wentlone
3421 4130 3620 4188 factam

2026 4210 2217 4273 aptant
2259 4203 2384 4260 huic
2418 4205 2562 4273 diei;
2602 4208 2710 4264 imo
2751 4219 2804 4264 et
2835 4209 3046 4269 Clarius
3082 4231 3199 4270 eam
3257 4234 3374 4288 qua:
3402 4221 3492 4279 hic
3523 4227 3621 4280 de-

2024 4294 2281 4349 scribitur
2311 4297 2378 4352 ad
2412 4297 2660 4354 eumdem
2703 4301 2900 4358 iterum
2931 4305 3071 4360 diem
3129 4309 3456 4370 subnotavit.
3520 4318 3623 4374 ltev

2023 4393 2134 4440 stat
2179 4395 2240 4441 ut
2277 4387 2344 4443 de
2395 4391 2726 4449 narrationis
2777 4391 2938 4464 hujus
2981 4399 3244 4470 scriptore
3293 4409 3617 4464 sententiam

2023 4483 2265 4532 nostram
2307 4491 2638 4548 promamus.

282 4636 286 4639 ,
336 4575 404 4631 de
421 4575 690 4642 Corbolio,
720 4577 1050 4634 Senonensis
1071 4579 1324 4646 antistes,
1359 4581 1548 4636 accitis
1571 4572 1925 4653 suifraganeis
1950 4557 2002 4618 Ῑ)
2100 4567 2153 4623 9ο
2195 4569 2422 4625 νίάθωτ
2444 4572 2490 4627 ίε
2509 4587 2631 4629 esse
2651 4573 2974 4636 Odorannus
2995 4585 3167 4639 sancti
3191 4585 3337 4643 Petri
3365 4590 3481 4647 V'ivi
3510 4610 3600 4647 mo

335 4668 618 4740 episcopis,
657 4668 927 4726 celebrem
956 4670 1196 4739 ejusdem
1223 4673 1475 4743 martyris
1514 4672 1922 4729 translationem

336 4760 562 4816 adorsus
597 4771 701 4826 est,
739 4777 902 4832 quam
929 4763 1054 4818 dato
1079 4763 1370 4833 diplomate
1397 4766 1478 4820 sic
1507 4765 1730 4836 exponit
1755 4782 1768 4818 :

337 4884 346 4892 ο
411 4871 428 4902 ι
451 4851 643 4908 Petrus
665 4853 760 4908 Dei
774 4854 946 4924 gratia
963 4855 1295 4912 Senonensis
1311 4853 1768 4928 archiepiscopus,
1787 4855 1921 4910 Wil-

335 4941 527 5000 lelmus
554 4945 1069 5012 Antissiodorensis,
1102 4946 1344 5004 Hervens
1369 4944 1678 5014 Trecensis,
1710 4947 1921 5006 Willel-

337 5053 456 5092 inus
505 5039 824 5105 Meldensis,
870 5048 927 5095 et
973 5039 1272 5096 Willelnms
1305 5038 1679 5111 Nivernensis,
1731 5044 1922 5099 eadem

336 5132 510 5198 gratia
545 5132 812 5204 episcopi,
844 5135 1096 5190 omnibus
1139 5135 1208 5188 ad
1243 5149 1380 5204 quos
1407 5144 1704 5205 praesentes
1733 5136 1924 5191 littera:

336 5223 679 5250 “Alamanna-zu.
774 5233 1085 5250 nat—mal..-“
1142 5224 1193 5250 τοι
1248 5224 1474 5250 ἢ-...3-Α
1496 5237 1500 5241 ”
1530 5223 1755 5250 ακΙιιολ..ι
1848 5224 1922 5250 Μαι

2027 4663 2254 4730 nachus,
2281 4663 2551 4723 Chronico
2573 4670 2714 4740 apud
2735 4670 3028 4730 Chesnium
3049 4677 3192 4734 edito
3218 4681 3467 4740 celebris.
3524 4685 3621 4740 ilic

2027 4754 2174 4813 etum
2213 4765 2408 4828 praeter
2439 4755 2554 4829 jam
2580 4760 2856 4818 laudatum
2886 4764 3212 4837 Chronicon,
3247 4778 3616 4844 sexagenarius

2028 4867 2166 4905 anno
2213 4849 2350 4906 1045
2394 4853 2502 4908 alia
2540 4855 2698 4910 etiam
2729 4859 2980 4928 opuscula
3031 4879 3126 4916 sua
3156 4863 3212 4917 in
3249 4883 3406 4919 unum
3433 4884 3618 4938 corpus

2026 4942 2294 5014 collegisse
2327 4945 2525 5002 dicitur
2544 4948 2600 5004 in
2618 4947 2872 5005 Chronici
2894 4953 2975 5008 sui
3001 4954 3177 5020 titulo,
3200 4956 3411 5026 qualem
3436 4967 3625 5026 procul

2028 5037 2192 5094 dubio
2226 5037 2438 5095 ferebat
2462 5056 2565 5096 ms.
2613 5043 2783 5097 codex
2813 5044 2954 5098 unde
2979 5044 3110 5101 illud
3150 5059 3466 5118 excerptum
3516 5065 3626 5111 est.

2030 5126 2101 5184 Ut
2122 5139 2306 5186 autem
2327 5131 2623 5200 subjectam
2650 5131 2933 5190 historiam
2953 5132 3054 5203 ipsi
3081 5141 3261 5200 potius
3282 5155 3440 5209 quam
3469 5142 3634 5204 alteri

2029 5223 2332 5250 O-ik..-.~...-
2391 5221 2514 5250 (μετ’
2548 5224 2598 5250 τοι
2629 5238 2697 5250 σι..
2719 5225 2817 5250 ..κει
2859 5241 2957 5250 --.Α
2981 5228 2996 5250 ι
3034 5231 3198 5250 ---ηνιθκ
3309 5233 3340 5250 ο.
3469 5236 3522 5250 nn
