4116 5358
286 324 398 398 ηδε

1131 335 1222 394 DE
1259 333 1650 397 TRANSLAT.
1687 330 1788 390 SS.
1831 329 2194 405 SAVINIANI,
2230 336 2665 408 POTENTIANI,
2706 298 2858 399 ETC.

2086 245 2149 263 ν..

3452 344 3565 402 ’1η

291 464 420 505 rens
444 463 543 521 per
572 447 814 521 ejusdem
836 447 1033 519 capitis
1062 463 1466 519 percussumm.
1503 447 1674 504 Porro
1696 447 1881 503 inven-
1909 446 1958 509 Α
1988 452 2139 508 curia
2169 454 2357 512 fratris
2411 456 2802 528 exstinguenda
2835 454 3142 522 diﬂinierst,
3166 458 3337 529 magis
3360 459 3529 521 illumi

293 543 366 597 tio
392 556 682 611 corporum
709 551 1020 596 sanctorum
1049 549 1348 613 martyrum
1384 540 1630 597 Gervasii
1659 547 1714 596 et
1743 537 1880 593 Pro-

291 633 445 699 tasii,
476 649 600 706 qua:
628 633 772 690 facta
806 641 891 688 est
917 648 947 688 a
971 643 1161 689 sancto
1187 633 1474 688 Ambrosio
1493 633 1746 704 episcopo
1776 631 1883 687 Me-

294 724 520 792 'jlrl'tlti,
579 735 637 780 ut
684 726 800 796 ipse
829 726 1020 780 beatus
1074 726 1414 796 suapropria
1449 741 1612 780 manu
1634 725 1875 797 scripsit,

294 831 489 874 narrat
514 820 705 874 eodem
742 833 831 874 mo
851 819 902 875 lo
928 803 980 872 in
1004 819 1357 890 sareopbagis
1383 818 1705 874 marmoreis
1737 818 1883 888 ipsos

293 922 551 982 repertos
598 908 804 966 recenti
861 909 1123 981 sanguine
1177 907 1446 979 perfusos,
1504 909 1660 978 quasi
1709 909 1884 965 eodio

292 1001 538 1074 ipsorum
581 1002 760 1071 eapita
804 1000 983 1071 gladio
1030 998 1253 1056 fuissent
1287 999 1673 1056 caesa.Vcrum
1721 1006 1886 1071 caput

299 1096 475 1150 nostri
513 1095 769 1167 martyris
803 1093 977 1150 tribus
1004 1095 1447 1163 percuSsionibus
1478 1094 1639 1165 gladii
1670 1095 1836 1150 ictum
1866 1111 1880 1148 :

292 1185 411 1238 dute
437 1199 609 1255 usque
636 1184 703 1238 ad
752 1200 990 1255 praesens
1023 1193 1247 1239 manent
1284 1199 1477 1240 cruore
1525 1183 1833 1255 sanguine!
1864 1197 1881 1248 ;

299 1274 484 1338 tertia,
517 1290 660 1345 qum.
686 1283 743 1328 nt
773 1283 1008 1343 putatur,
1065 1272 1358 1343 gloriosam
1409 1282 1639 1328 mortem
1672 1270 1882 1339 intulit,

308 1365 446 1420 nibil
473 1366 635 1422 baLet
664 1366 942 1436 sanguinei
980 1366 1211 1422 cruoris.

579 1497 708 1553 Car.
748 1496 838 1553 IV.
882 1496 957 1553 De
995 1514 1133 1553 meo
1173 1497 1245 1551 ibi
1284 1497 1602 1553 illuminato.

372 1608 453 1666 Ad
479 1618 684 1665 tantam
713 1611 1114 1666 solemnitatem
1146 1624 1269 1667 cum
1305 1620 1499 1666 caetera
1526 1610 1681 1681 plebe
1710 1625 1887 1665 etecus

299 1703 526 1773 quidam
575 1705 744 1764 venit.
776 1705 867 1774 qui
901 1705 1155 1759 virtutem
1195 1703 1451 1775 martyris
1473 1702 1525 1757 in
1556 1718 1651 1757 sua
1684 1701 1885 1755 illumi-

1983 557 2122 599 nans
2149 544 2588 603 subministraret
2613 547 2854 604 caelestis
2875 549 3153 615 divinitas,
3180 559 3287 605 etc.

1984 630 2113 690 CAP.
2147 633 2232 710 γι,
2264 635 2349 710 De
2366 638 2602 693 siccitate
2629 650 2675 692 et
2698 638 2888 710 pluuia:
2909 641 3192 710 infusione,
3218 651 3266 695 et
3296 643 3362 697 de
3384 644 3559 699 suavi-

2127 707 2251 759 tatis
2282 707 2441 761 odore
2464 709 2517 761 in
2540 710 2708 763 sancti
2752 707 3028 765 Sarinia'ni
3051 710 3419 769 translatione.

2054 796 2420 853 Miscrationis
2455 798 2548 854 Dei
2578 800 3061 857 clementissimam
3112 804 3565 872 misericordiam,

1984 902 2143 959 quam
2167 904 2332 961 penes
2359 890 2593 960 regionis
2640 901 2842 946 nostrce
2890 892 3052 947 situm
3084 910 3182 965 pro
3210 895 3407 950 merito
3437 912 3563 951 sau-

1984 975 2212 1035 ctissimi
2241 981 2499 1052 martyris
2531 979 2811 1036 Saviniani
2847 983 3005 1039 nobis
3044 984 3184 1038 Deus
3214 984 3451 1041 clemens
3486 1004 3566 1040 ιν.

1985 1083 2106 1128 ctor
2129 1072 2483 1138 concesserit,
2512 1073 2750 1127 arbitror
2791 1074 3035 1143 pauculis
3056 1074 3235 1131 verbis
3262 1075 3567 1132 futurorum

1986 1164 2264 1218 memoria:
2287 1163 2695 1219 commendare.
2721 1165 2765 1218 Δ
2790 1165 2987 1233 pascha
3016 1164 3161 1220 enim
3194 1166 3427 1229 Domini,
3451 1182 3572 1235 qutu

1985 1264 2070 1310 est
2122 1254 2438 1310 solemnitas
2483 1255 2890 1311 solemnitatum
2939 1265 2995 1311 et
3048 1258 3235 1329 gloria:
3265 1260 3430 1314 decus
3457 1273 3572 1313 om-

1986 1349 2137 1403 nium
2192 1349 2672 1415 Christianorum,
2725 1365 2832 1404 non
2892 1349 3192 1405 stillat-erat
3245 1350 3463 1420 penitus
3508 1351 3574 1406 ds

1986 1440 2125 1496 cmlo
2148 1441 2345 1511 pluvia,
2386 1451 2441 1497 et
2484 1444 2857 1497 marcescebat
2888 1443 3086 1496 humus
3116 1441 3321 1498 crebris
3350 1442 3573 1498 scissio-

1989 1532 2145 1587 nibus
2170 1531 2295 1588 ﬁssa
2322 1549 2494 1603 usque
2525 1534 2576 1588 in
2606 1535 2748 1589 diem
2774 1532 3143 1588 translationis
3168 1532 3305 1602 ejus.
3324 1533 3420 1589 Die
3445 1550 3576 1606 ergo

1986 1638 2095 1694 quo
2134 1624 2472 1679 sublevatum
2526 1633 2609 1679 est
2641 1640 2840 1695 corpus
2894 1625 3191 1695 supradicti
3228 1625 3485 1697 martyris
3506 1624 3575 1680 de

1987 1714 2107 1771 loco
2138 1718 2365 1787 antiquo
2399 1717 2631 1789 propria:
2683 1717 3102 1788 repansationis,
3150 1716 3431 1772 descendit
3459 1713 3575 1786 plu-

298 1811 336 1850 ιι
356 1796 526 1852 “(me
549 1796 818 1866 Ρετεοίιεῖι
847 1814 863 1853 ε
896 1805 1016 1851 οντὶι
1040 1811 1276 1867 namque
1298 1805 1357 1851 ιιι
1386 1795 1637 1852 CllriSllls
1662 1795 1727 1851 de
1750 1804 1885 1849 les"!
1914 1810 1963 1874 Β
1993 1808 2202 1863 viarum
2248 1810 2467 1879 copiosa
2491 1809 2825 1865 abundantia
2853 1819 2909 1865 et
2943 1818 3088 1866 terra
3117 1809 3328 1881 privata
3358 1817 3442 1864 est
3470 1808 3578 1863 sic-

301 1887 619 1941 ostenderet
648 1886 833 1956 quanti
884 1885 1024 1957 apud
1052 1901 1110 1942 se
1140 1887 1320 1942 meriti
1343 1895 1520 1952 esset,
1547 1894 1603 1941 et
1631 1886 1675 1940 si
1705 1900 1767 1941 ea
1799 1900 1888 1940 res

302 1988 426 2045 qua:
465 1974 627 2030 fiebat
680 1976 756 2030 illi
788 1975 1045 2047 placeret,
1074 1977 1271 2047 quibus
1321 1992 1536 2048 semper
1564 1977 1759 2032 enituit
1790 1975 1890 2031 mi-

301 2069 506 2124 raculis
542 2054 861 2126 declararet.
914 2070 1065 2127 Oculi
1098 2071 1226 2126 czeci
1278 2070 1546 2143 Iacrymas
1574 2069 1803 2124 fundunt
1836 2079 1893 2125 et

301 2160 358 2215 In
382 2160 581 2216 mentis
610 2163 725 2217 acie
752 2162 873 2217 ll;lei
897 2162 1099 2217 lumina
1130 2170 1379 2235 surgunt,
1407 2162 1730 2216 lmmilitatis
1759 2177 1891 2233 snp-

300 2250 528 2322 plicatio
585 2253 781 2307 caelum
839 2262 1087 2322 penetrat
1138 2263 1192 2311 et
1246 2252 1548 2308 divinitatis
1596 2252 1892 2308 faciem‘ad

302 2343 744 2399 misericordiam
783 2343 1040 2411 inclinat;
1091 2345 1244 2401 miles
1298 2345 1532 2399 invictus
1562 2343 1751 2399 ducem
1793 2343 1894 2399 im-

302 2435 502 2508 plorat,
525 2448 580 2492 et
607 2437 715 2509 agit
766 2448 823 2491 ut
853 2447 906 2491 et
946 2453 1092 2491 nunc
1119 2438 1324 2492 militiae
1349 2436 1651 2492 mercedem
1680 2435 1892 2502 reddat;

309 2530 555 2584 ostendit
603 2531 854 2607 vulnera,
895 2530 1108 2585 labores
1151 2537 1456 2597 enumerat,
1490 2544 1775 2583 numerum
1805 2544 1895 2583 su-

305 2621 501 2677 dorum
552 2630 820 2685 recenset,
870 2632 925 2678 et
972 2632 1232 2693 quantum
1264 2622 1365 2678 sibi
1394 2636 1494 2693 pro
1522 2621 1605 2675 his
1635 2620 1898 2675 debeatur

303 2712 482 2768 docet.
517 2713 755 2768 Proximi
785 2730 928 2770 casco
948 2715 1001 2770 in
1035 2714 1281 2769 oratione
1304 2713 1632 2785 junguntur,
1656 2720 1714 2766 et
1750 2709 1894 2780 quod

304 2818 410 2875 per
460 2820 517 2860 se
548 2805 757 2876 nequit,
793 2806 1152 2879 laerymarum
1203 2804 1490 2860 collatione
1520 2813 1794 2866 meretur;
1829 2800 1897 2856 de

305 2895 449 2951 cmlo
473 2896 653 2953 latens
684 2912 769 2954 me
790 2897 951 2952 licina
981 2897 1270 2951 dimittitur
1294 2903 1347 2951 et
1367 2895 1647 2949 oculorum
1681 2894 1897 2949 scabies

310 3006 474 3044 manu
506 2991 726 3062 pietatis
749 2989 1097 3062 abstergitnr,
1126 2989 1315 3045 videns
1359 3003 1535 3042 etceus
1566 2987 1745 3042 socios
1770 3001 1900 3041 con-

309 3092 518 3147 tuetur,
569 3096 621 3137 et
661 3084 802 3153 quod
851 3083 1052 3137 dudum
1109 3082 1498 3152 desperaverat
1533 3094 1653 3133 sese
1695 3076 1898 3133 habere

311 3177 567 3231 miratur.
592 3174 893 3231 Salvatoris
920 3174 1206 3229 clementia
1227 3172 1589 3236 collaudatur,
1614 3168 1765 3240 plebs
1792 3167 1891 3222 viri
1922 3167 1968 3231 C

311 3265 474 3322 Saluti
506 3267 936 3338 congratulatnr,
964 3266 1219 3337 martyris
1238 3264 1607 3320 reverentiain
1636 3276 1897 3331 augmen-

311 3354 425 3411 tum
465 3356 743 3411 dilatatur.
805 3356 1028 3411 Talibus
1057 3356 1173 3412 hate
1208 3356 1324 3411 dies
1350 3354 1578 3427 insignis
1628 3350 1897 3422 adjacenti

310 3447 513 3519 populo
540 3457 755 3503 constat
776 3463 896 3503 csse
924 3447 1203 3503 solemnis.

380 3562 513 3619 Car.
538 3562 604 3617 Υ.
642 3563 715 3617 De
741 3563 983 3633 lampade
1012 3579 1131 3628 quae
1165 3572 1285 3617 ante
1310 3578 1499 3630 corpus
1534 3559 1648 3630 eius
1675 3558 1827 3631 quasi

701 3644 882 3705 sponte
902 3649 997 3687 sua
1024 3634 1209 3687 ardere
1238 3633 1521 3686 consuerit.

385 3744 463 3799 De
506 3743 757 3814 lampade
792 3759 944 3809 vero,
986 3759 1106 3814 qme
1149 3753 1275 3800 ante
1322 3760 1536 3801 sacrum
1559 3743 1675 3813 ejus
1695 3757 1896 3812 corpus

316 3836 511 3891 ardere
571 3836 856 3891 consuevit
908 3845 1093 3892 noctes
1147 3844 1203 3905 et
1251 3835 1388 3902 dies,
1409 3847 1463 3891 et
1492 3844 1619 3892 ante
1665 3836 1897 3891 aliorum

317 3927 477 3981 nobis
501 3925 973 3981 innumerabilium
998 3935 1311 3983 sanctorum
1337 3927 1578 3981 membra
1608 3926 1661 3981 in
1688 3936 1902 3998 crypta,

315 4033 437 4089 quae
492 4016 733 4087 lapidum
795 4016 1129 4073 volubilitate
1175 4024 1488 4073 constructa
1546 4018 1816 4080 consistit,
1850 4024 1907 4071 et

318 4108 558 4165 arcubus
583 4119 884 4165 sustentata
926 4110 1058 4165 decc
1100 4118 1185 4165 ter
1223 4110 1518 4174 stabiliter,
1547 4108 1751 4180 aliquid
1776 4124 1907 4164 nar-

321 4219 444 4259 rare
479 4213 537 4258 ut
557 4218 658 4257 vox
687 4202 984 4258 videntium
1012 4211 1267 4267 testatur,
1297 4202 1591 4256 absurdum
1616 4216 1722 4254 non
1749 4201 1910 4255 debet

318 4293 513 4350 videri.
546 4294 932 4363 Sarpeanmero
976 4294 1226 4348 accidere
1271 4292 1410 4349 solet
1437 4302 1494 4347 ut
1544 4292 1774 4364 pigritia.
1814 4309 1911 4347 cu-

323 4386 492 4440 stodis
514 4384 987 4455 lumen.lampadis
1018 4384 1320 4441 deﬁciendo
1367 4383 1603 4449 decidat,
1634 4393 1688 4440 et
1714 4383 1910 4448 deinde

326 4487 547 4548 repente
589 4477 891 4532 illuminata
944 4476 1214 4534 clat-iliros
1268 4477 1420 4548 ignes
1446 4465 1694 4545 emittat;
1722 4486 1907 4530 etnon

1990 1902 2154 1957 citate
2185 1917 2304 1958 sua.
2344 1902 2514 1957 Datur
2561 1919 2702 1957 nunc
2749 1912 2999 1974 patenter
3045 1903 3267 1976 intelligi
3318 1904 3463 1976 quod
3494 1917 3579 1957 re-

1990 1994 2230 2062 spexerit
2288 1993 2429 2049 Deus
2480 1994 2836 2049 humilitatem
2880 1989 3182 2067 pauperum
3231 2011 3454 2052 suorum
3481 2009 3579 2066 per

1992 2092 2286 2155 martyrem
2314 2082 2690 2149 Savinianum,
2724 2084 2920 2139 merito
2944 2086 3048 2140 sibi
3102 2095 3343 2157 gratum,
3369 2093 3426 2140 et
3445 2083 3585 2139 alIIi-
3653 2096 3663 2105 '

1992 2187 2138 2233 ctam
2198 2171 2432 2247 patriam
2496 2178 2720 2248 penuria
2792 2177 2985 2249 pluvia:
3042 2178 3199 2250 plene
3258 2177 3583 2235 relevaverit

1993 2279 2272 2341 guttarum
2304 2268 2654 2324 detinentium
2680 2268 3056 2335 inundatione,
3078 2278 3186 2324 etc.

2048 2357 2177 2416 Car.
2205 2356 2314 2413 VII.
2346 2359 2423 2413 De
2446 2360 2722 2412 suauitatis
2745 2360 2905 2413 odore
2930 2359 2982 2412 in
3012 2360 3126 2429 ejus
3152 2360 3519 2415 translatione.

2068 2448 2238 2519 Igitur
2264 2448 2405 2503 sicut
2434 2455 2489 2501 et
2513 2447 2742 2518 insignis
2771 2447 2963 2501 doctor
2996 2447 3195 2503 Paulus
3224 2448 3356 2502 dicit
3389 2465 3403 2500 :
3431 2445 3584 2502 Chri-

1994 2541 2061 2595 sti
2101 2542 2266 2594 bonus
2293 2540 2425 2594 odor
2447 2556 2628 2594 smnus
2658 2539 2767 2594 Deo
2809 2538 2865 2594 in
2894 2540 3036 2593 omni
3059 2538 3172 2593 loco
3194 2551 3214 2592 :
3237 2539 3308 2593 ita
3334 2538 3437 2594 iste
3468 2552 3585 2609 pro-

1998 2632 2170 2687 tiosus
2223 2642 2432 2704 martyr
2481 2633 2588 2687 vita
2636 2633 2844 2697 vivens,
2898 2646 3005 2685 non
3054 2631 3226 2686 solum
3249 2631 3393 2686 bono
3412 2628 3584 2687 odoro

1998 2724 2239 2796 repletus
2267 2722 2392 2788 fuit,
2430 2724 2612 2796 sapida
2641 2726 2850 2780 scilicet
2876 2724 3127 2779 doctrina
3175 2722 3579 2796 praedicationis

1997 2826 2054 2874 et
2100 2818 2376 2874 miraculis
2408 2817 2636 2872 mirilice
2680 2816 2923 2872 famosus
2954 2816 3242 2889 fragravit,
3274 2816 3369 2872 sed
3415 2815 3581 2871 etiam

1999 2908 2053 2966 in
2093 2912 2194 2967 hac
2248 2911 2330 2966 sui
2383 2910 2738 2965 translatione
2764 2910 3011 2979 corporis
3058 2908 3196 2964 miro
3225 2906 3396 2962 odore
3425 2907 3582 2962 redo-

2000 3002 2119 3057 luit.
2153 3003 2328 3060 Omne
2383 3002 2581 3057 etenim
2629 3000 2732 3055 hoc
2775 2999 3165 3055 monasterium
3207 2998 3280 3053 ita
3305 2996 3441 3052 odor
3460 3010 3586 3052 sua-

2003 3094 2258 3150 vissimus
2285 3094 2352 3149 ad
2387 3092 2601 3164 plenum
2634 3090 2966 3163 perfuderat,
3011 3106 3073 3146 ac
3112 3091 3156 3145 si
3188 3089 3413 3144 fuissent
3438 3088 3490 3142 in
3519 3101 3586 3144 eo

2003 3185 2181 3240 onmis
2230 3184 2446 3255 generis
2495 3191 2738 3237 aromata
2785 3192 2842 3238 et
2891 3182 3141 3236 universa
3185 3178 3539 3250 opobalsama
3569 3191 3615 3231 :-

2002 3289 2129 3329 nam
2186 3283 2243 3328 et
2298 3271 2437 3328 infra
2486 3270 2801 3342 quindecim
2861 3270 3074 3325 dierum
3132 3268 3306 3338 spatia
3340 3265 3584 3322 omnium

2003 3364 2421 3437 Ingredientium
2479 3364 2622 3418 intra
2655 3361 2972 3419 monasterii
3014 3366 3166 3430 septa
3206 3371 3368 3413 nares
3401 3353 3585 3433 opplea

2003 3458 2135 3515 bant
2162 3457 2427 3514 redolenti
2451 3455 2740 3519 suavitate,
2767 3454 2906 3509 sicut
2926 3452 3047 3523 etin
3075 3452 3251 3523 primo
3273 3447 3388 3517 ejus
3410 3457 3592 3502 trans-

2005 3548 2320 3605 mutationis
2377 3546 2489 3612 die,
2539 3554 2643 3601 etc.
2699 3544 2913 3600 Etenim
2964 3543 3193 3598 duorum
3243 3536 3586 3595 sacerdotum

2005 3643 2393 3698 monachorum
2425 3655 2651 3710 corpora
2676 3648 2729 3695 et
2753 3646 2949 3703 vestes,
2974 3637 3065 3708 qui
3096 3642 3343 3691 sanctum
3379 3644 3578 3699 corpus

2005 3734 2073 3792 de
2099 3734 2217 3790 loco
2230 3733 2484 3805 plumbeo
2505 3731 2733 3786 levando
2759 3745 2960 3801 ponere
2990 3735 3308 3783 meruerunt
3339 3724 3392 3779 in
3420 3736 3585 3792 capsa

2006 3830 2097 3884 ubi
2125 3843 2269 3884 nunc
2293 3827 2546 3891 habetur,
2570 3824 2820 3896 plurimis
2844 3822 3036 3878 diebus
3063 3821 3134 3875 ita
3161 3817 3500 3890 flagrabant,
3526 3823 3587 3867 ut

2008 3919 2251 3976 ncctario
2281 3920 2449 3975 odore
2475 3917 2679 3990 perfusi
2713 3923 3053 3986 putarentur,
3082 3919 3188 3967 etc.

2012 4032 2015 4035 ’
2078 4032 2208 4090 Cse.
2227 4031 2356 4088 VIII.
2382 4033 2459 4087 De
2489 4028 2747 4102 frequenti
2764 4029 2961 4109 visione
2980 4022 3257 4080 custodum
3280 4020 3589 4075 interiorum

2593 4110 2640 4154 et
2669 4105 3008 4153 exteriorum.

2077 4196 2360 4268 Frequens
2386 4193 2652 4258 visitatio,
2680 4201 2737 4247 et
2773 4190 2990 4246 assidua
3017 4182 3306 4261 protectio,
3335 4191 3390 4238 et
3421 4180 3593 4236 mani-

2010 4291 2147 4348 festa
2175 4288 2434 4346 revelatio
2489 4287 2615 4343 huic
2646 4293 2836 4340 nostro
2874 4282 2991 4337 loco
3023 4277 3310 4342 accidisse,
3354 4289 3384 4329 a
3414 4280 3597 4329 custo-

2010 4383 2170 4440 dibus
2214 4381 2303 4452 qui
2346 4379 2606 4434 excubias
2641 4375 2805 4447 hujus
2850 4373 3096 4428 ecclesue
3137 4370 3430 4424 observare
3453 4360 3593 4436 jussi

2011 4483 2158 4537 sunt,
2192 4481 2450 4529 enarrata
2481 4478 2803 4525 noscuntur.
2864 4462 3134 4519 Mnltoties
3160 4461 3360 4517 etenim
3399 4457 3596 4512 intem-

326 4545 699 4625 tantummodo
741 4583 846 4622 una
896 4566 1029 4621 hora
1084 4566 1167 4621 vel
1209 4545 1310 4622 die
1336 4566 1511 4620 lucem
1550 4565 1908 4621 clarissimam
1938 4556 2185 4638 Dpestte
2251 4566 2430 4621 noctis
2480 4563 2636 4627 hora,
2687 4556 2909 4630 quando
2959 4554 3300 4630 gratissimus
3349 4564 3515 4621 sopor
3543 4545 3597 4602 in

326 4660 576 4715 emittere
604 4658 825 4723 dicitur,
844 4658 939 4712 sed
971 4658 1135 4712 trium
1165 4657 1372 4712 diertnn
1402 4657 1579 4728 spatio
1602 4666 1656 4712 et
1690 4657 1908 4711 totidem

330 4754 568 4809 noctium
593 4752 849 4807 tenebras
880 4748 1097 4821 pellere.
1128 4750 1252 4807 Ilaec
1283 4751 1446 4821 igitur
1470 4750 1677 4821 lampas
1697 4759 1899 4806 sancto.

330 4858 448 4899 rum
502 4845 765 4899 divinitus
819 4843 1138 4913 plerumque
1169 4843 1516 4899 succenditur
1550 4853 1605 4896 et
1629 4842 1746 4897 sine
1773 4840 1913 4896 inlu-

330 4939 481 4994 sione
506 4938 628 5003 olei,
670 4948 802 4992 tunc
831 4936 1043 5005 scirpos
1070 4934 1435 4990 clarissimum
1477 4935 1658 4989 lumen
1691 4935 1910 4999 emittit,

333 5029 406 5085 ita
455 5038 514 5085 ut
548 5030 785 5087 lucidius
840 5028 1126 5098 splendeat
1156 5043 1315 5098 quam
1355 5037 1566 5084 caetera:
1615 5026 1914 5098 lampades,

332 5141 465 5196 quas
500 5142 693 5182 manus
722 5125 958 5180 humana
987 5122 1110 5177 oleo
1157 5122 1440 5192 superfuso
1465 5120 1752 5187 illuminat,
1778 5121 1916 5176 libro

335 5215 537 5244 12η...--ι.
594 5214 899 5244 ......t..r...sn
944 5214 1173 5244 ἶηηιιιηιιη
1213 5215 1511 5244 cssnnnoha,
1561 5221 1647 5244 nln
1694 5211 1917 5244 Νηίδα-ρει-

2015 4660 2335 4717 dormiendo
2365 4656 2502 4714 solet
2521 4668 2790 4724 occupare
2820 4650 3092 4713 homines,
3135 4641 3384 4700 exterriti
3417 4648 3599 4696 custo-

2015 4755 2111 4811 des
2129 4763 2185 4809 et
2211 4752 2382 4807 nimio.
2407 4751 2600 4806 timore
2624 4745 2868 4810 excitati,
2893 4741 3241 4814 vigilantibus
3255 4736 3427 4793 oculis
3451 4730 3599 4804 digni
3662 4796 3670 4816 ὁ

2015 4847 2324 4903 Itabitisunt
2352 4857 2575 4898 eernere
2597 4856 2659 4894 ea
2680 4854 2800 4909 qua:
2828 4834 3150 4891 mortalibus
3165 4825 3598 4883 suntmutuenda
3671 4823 3674 4828 ’

2016 4938 2347 5010 perspicere.
2375 4933 2699 5000 Plerumque
2720 4928 2864 4983 enim
2891 4934 3222 4994 conspexere
3243 4913 3603 5010 Iuminaribus

2016 5004 2446 5102 prteclarissimis
2494 5032 2662 5076 totam
2706 5017 2996 5075 ecclesiam
3036 5009 3403 5082 resplendere,
3433 5016 3491 5060 et
3521 5004 3608 5060 in-

2018 5112 2412 5178 numerabilem
2438 5113 2851 5170 candidatorum
2875 5106 3085 5160 turbam
3109 5102 3393 5168 utriusque
3417 5109 3608 5162 sexus,

2020 5212 2396 5244 ....:....,.........m
2475 5202 2819 5244 nIprienrttm-
2861 5195 3146 5244 Iaicorum.
3209 5200 3500 5244 puerorum
3553 5197 3614 5241 et
