4116 5358
525 181 630 284 787

1454 229 1802 288 ODORANNI
1840 229 2146 286 MONACHI
2180 228 2239 284 S.
2281 229 2485 284 PETlil
2524 227 2658 285 VIVI
2700 228 2944 288 SENON.

3691 231 3793 286 788

519 357 648 398 cere
675 343 748 396 ita
795 339 1026 396 dicendo
1050 339 1150 395 visi
1179 347 1304 394 sunt
1327 355 1663 399 accurrisse:
1697 345 1893 414 thuid
1917 359 2108 400 somno
2141 353 2183 407 Λ
2212 355 2317 411 que
2344 342 2584 397 omnium
2607 351 2865 412 personat
2894 343 3122 409 clamor,
3163 343 3365 416 gratias
3400 357 3643 399 retereas
3667 344 3790 412 Deo,

521 435 748 488 nimium
778 433 1098 503 praegravati
1125 433 1370 490 dormitis
1392 433 1516 491 vino
1543 448 1596 490 et
1617 450 1811 506 50pore
1839 437 2106 506 oppressi?

520 526 744 596 surgite,
770 527 995 595 surgite,
1025 541 1187 595 quam
1212 525 1452 583 velocius
1473 541 1628 597 opem
1654 529 1793 584 ferte
1830 530 2000 585 sacris
2024 530 2106 585 lu-

517 619 820 673 minariLus
849 627 903 673 et
929 619 1100 674 sacris
1142 629 1454 676 sanctorum
1499 621 1818 692 pignoribus
1849 640 2014 678 :nam
2045 632 2104 678 ut

519 709 676 762 nobis
717 708 1156 765 manifestissime
1188 711 1422 778 videtur,
1450 720 1560 767 tota
1583 713 1816 770 ecclesia
1836 729 1864 768 a
1893 730 2102 770 sommo

517 813 691 869 usque
713 801 780 854 ad
815 800 918 855 ima
945 799 1280 856 fundamenti
1301 802 1508 858 ccelesti
1540 803 1659 875 igne
1679 805 1923 861 comburi
1955 805 2105 862 vide-

518 896 625 941 tur.
654 887 787 942 Cum
817 890 1040 958 strepitu
1074 905 1202 962 ergo
1226 892 1446 962 pavoris
1467 891 1727 951 fratribus
1751 909 1780 949 a
1805 903 1979 950 strato
2002 909 2101 952 suo

519 973 912 1051 surgentibus,
943 982 1181 1039 visiones
1239 1001 1401 1054 qnam
1455 986 1646 1042 crebre
1687 987 2020 1058 disparuere,
2047 997 2100 1043 et

514 1071 717 1141 ignium
772 1073 1030 1144 splendor
1079 1076 1476 1146 quodammodo
1520 1079 1606 1134 his
1657 1079 2008 1146 intrinsecus,
2049 1089 2103 1136 et

515 1164 623 1221 illis
663 1167 915 1237 vigilibus
947 1171 1186 1226 exterius
1231 1171 1486 1242 paulatim
1516 1173 1748 1230 deiicere
1770 1185 1826 1230 et
1855 1174 2101 1230 imminui

513 1255 883 1316 decrescendo
934 1261 1059 1316 dum
1107 1264 1516 1330 consideratur;
1566 1266 1726 1322 timor
1753 1267 1821 1324 ab
1853 1269 2101 1338 utrisque

516 1349 714 1418 mquali
771 1360 918 1406 sorte
979 1364 1309 1410 removetur.
1359 1356 1560 1412 Verum
1608 1355 1804 1413 fratres
1849 1358 2102 1415 custodes

513 1455 684 1498 sacra:
737 1443 972 1500 basilicae
1017 1445 1154 1503 lenis
1207 1448 1342 1504 visio
1401 1458 1714 1507 sanctorum
1764 1450 2101 1521 frequentius

513 1533 838 1590 laetiﬁcando
879 1536 1032 1594 betas
1086 1541 1280 1607 reddit,
1318 1550 1372 1597 et
1410 1542 1530 1599 illos
1560 1541 1867 1600 forinsecus
1893 1545 2100 1615 positos

514 1627 656 1698 ignis
697 1629 852 1699 quasi
905 1630 1058 1686 vivus
1107 1635 1400 1700 exterruit;
1429 1633 1520 1690 sed
1572 1643 1716 1706 post,
1741 1636 1866 1690 dum
1890 1637 2100 1692 incom-

511 1718 732 1773 bustum
787 1721 1044 1790 templum
1097 1725 1462 1791 considerant,
1512 1725 1748 1784 ltetiores
1791 1727 2099 1783 efﬁciuntur

512 1807 615 1864 hac
640 1809 849 1866 visione
869 1813 1029 1870 mira.
1053 1813 1184 1868 Nam
1209 1815 1346 1870 sicut
1377 1817 1598 1888 antiquo
1623 1828 1864 1890 tempore
1887 1818 2100 1892 Moyses

513 1900 672 1955 dator
696 1902 894 1958 veteris
939 1903 1071 1975 legis
1127 1907 1320 1962 rubum
1361 1908 1554 1964 ardere
1584 1912 1862 1982 conspein
1905 1923 2098 1968 etnon

511 1991 780 2058 comburi,
813 1993 886 2048 ita
915 2003 969 2049 et
1005 1995 1040 2050 ii
1075 1995 1178 2052 hoc
1230 2001 1619 2054 monasteriun
1648 2001 1860 2057 incendi
1893 2012 2099 2057 metue-

511 2081 644 2138 bant
671 2097 684 2136 :
715 2085 808 2139 sed
860 2101 964 2140 non
997 2096 1114 2142 erat
1166 2090 1389 2146 nocivns
1418 2091 1576 2162 ignis,
1621 2093 1714 2148 sed
1738 2091 1976 2149 visitatio
2003 2109 2100 2148 an-

517 2171 702 2235 gelicae
746 2175 963 2232 virtutis
1017 2188 1070 2234 et
1111 2191 1424 2236 sanctorum
1477 2183 1928 2254 quorumibidem
1972 2186 2100 2240 reti-

511 2270 672 2316 netur
708 2265 988 2337 multiplex
1031 2268 1316 2326 multitudo
1341 2271 1646 2328 indicibilis.

588 2373 717 2428 Car.
750 2375 840 2431 IX.
882 2375 960 2432 De
987 2379 1204 2454 muliere
1225 2381 1509 2438 incessibus
1532 2385 1721 2452 pedum
1745 2396 1950 2454 exacta,
1983 2397 2030 2442 et
2065 2406 2097 2443 a

910 2452 1105 2504 sanctis
1138 2454 1458 2522 martyribus
1482 2465 1690 2508 curata.

580 2535 848 2593 Praﬂerea
880 2555 944 2594 ex
991 2540 1333 2598 Mili‘dunensi
1365 2543 1589 2616 (Melan)
1620 2547 1817 2618 Oppido
1849 2548 2096 2620 quasdam

505 2629 835 2696 paupercula
875 2631 1069 2699 puella,
1111 2633 1329 2690 nomine
1363 2633 1686 2706 lngelberta.
1719 2655 1826 2693 una
1857 2655 1980 2698 eum
2009 2658 2100 2713 ge-

507 2720 703 2774 nitrice
733 2723 950 2791 propria
978 2734 1288 2780 sanctorum
1313 2727 1536 2798 expetiit
1571 2728 1757 2786 limina
1791 2733 2098 2790 :curriculo

509 2812 777 2882 siqui-lem
811 2826 989 2882 vecta,
1016 2820 1159 2889 quod
1199 2821 1318 2876 vilis
1345 2823 1510 2879 robur
1550 2825 1700 2880 aselli
1726 2809 2092 2898 prreducchat,

509 2915 696 2974 utpote
743 2910 888 2964 omni
933 2925 1250 2984 compagum
1298 2915 1558 2971 solamine
1595 2917 1858 2974 desolata.
1912 2921 2098 2978 Victus

508 2997 654 3050 enim
693 3000 1110 3072 veStimcntique
1153 3004 1526 3074 supplemento
1552 3008 1793 3064 ostiatim
1825 3019 2099 3066 sustenta-

2206 437 2420 508 vigente
2444 444 2755 492 sanctorum
2785 447 3087 510 martyrum
3115 438 3436 508 patrocinio.

2205 547 2334 605 CAP.
2363 547 2431 602 Χ.
2463 546 2542 601 De
2562 558 2841 617 provocato
2869 567 2900 602 a
2923 548 3308 604 Senonensibus
3335 547 3795 604 Nortmannorum

2813 644 2823 655 -
2845 620 3148 674 itﬁmicitia.

2277 706 2542 777 Tempore
2583 724 2692 778 quo
2724 708 3124 764 Senonensium
3150 709 3634 780 archiprtesulatus
3654 709 3795 765 Wil.

2204 797 2398 854 lclmtts
2427 800 2713 855 fruebatur
2739 800 2912 870 apice,
2953 801 3038 855 vir
3068 801 3286 872 ingenio
3317 809 3371 856 et
3415 802 3618 856 astutia
3660 811 3799 857 stre-

2205 904 2365 956 nuus,
2398 906 2531 960 gens
2563 890 3023 945 Nortmannorum
3055 891 3473 948 exacerbatione
3502 893 3622 947 dira
3655 892 3804 962 ejus-

2204 981 2325 1037 dem
2375 983 2575 1039 civium
2623 984 2775 1040 urbis
2818 993 3135 1053 provocata,
3178 983 3415 1040 conﬁnia
3455 993 3510 1040 et
3545 984 3806 1056 proxima

2203 1088 2435 1144 qumque
2478 1074 2647 1145 ipsius
2680 1076 2916 1145 regionis
2941 1076 3136 1132 acerba
3174 1075 3521 1148 depopulavit
3564 1091 3796 1148 exagge-

2205 1163 2419 1219 ratione
2461 1164 2797 1220 hostilitatis.
2845 1165 2971 1222 Haec
3013 1167 3214 1223 etenim
3246 1182 3378 1238 gens
3403 1165 3664 1222 vulniﬁca
3708 1181 3797 1222 ne-

2206 1256 2342 1312 faria
2383 1266 2565 1328 strage
2608 1259 2833 1330 populos
2860 1257 3119 1314 laniabat.
3155 1258 3355 1313 Territi
3387 1268 3570 1314 autem
3614 1258 3798 1313 nimia

2209 1348 2580 1408 obstinatione
2608 1349 2947 1405 crudelitatis
2974 1349 3421 1420 immanitateque
3451 1350 3800 1420 persecutio-

2205 1437 2289 1493 nis
2323 1439 2579 1494 concitati
2633 1439 3059 1510 circumquaque
3097 1439 3310 1510 populi,
3360 1439 3686 1511 confugiunt
3729 1438 3798 1493 ad

2207 1529 2492 1586 tuitionem
2517 1529 2684 1586 urbis.

2204 1641 2330 1698 Car.
2366 1641 2454 1697 XI.
2485 1642 2562 1698 De
2584 1642 2822 1698 illatione
2843 1652 3147 1698 sanctorum
3170 1658 3445 1713 corporum
3478 1640 3622 1711 infra
3655 1638 3798 1692 urbis

2899 1729 3096 1768 muros.

2275 1803 2388 1861 Sub
2420 1805 2538 1876 ipso
2568 1803 2808 1876 tempore
2851 1805 3112 1876 regnabat
3151 1802 3378 1859 Carolus
3423 1800 3717 1871 Simplex;
3743 1800 3798 1855 in

2210 1896 2521 1966 Durgundia
2561 1905 2741 1951 autem
2774 1898 3025 1952 ducatum
3057 1894 3276 1951 tenebat
3323 1894 3657 1960 Ricltardus,
3698 1909 3797 1964 pa-

2205 1998 2286 2044 ter
2322 1987 2534 2044 ltodulti
2565 1989 2725 2060 regis.
2773 1987 2922 2044 Tune
2970 1988 3230 2060 temporis
3268 1995 3498 2058 przeerat
3539 1985 3800 2041 coenobio

2201 2079 2484 2136 beatorum
2513 2080 2881 2152 apostolorum
2915 2079 3059 2136 Petri
3086 2091 3141 2136 et
3169 2080 3320 2135 Pauli
3344 2078 3512 2135 abbas
3540 2078 3797 2142 Samson,

2201 2183 2450 2244 comptor
2477 2173 2674 2230 divinae
2710 2175 3010 2232 honestatis
3044 2184 3100 2231 et
3137 2182 3350 2229 amator
3378 2189 3549 2229 sacra:
3577 2174 3798 2245 religio.

2202 2264 2307 2318 nis.
2338 2263 2387 2320 ls
2419 2279 2549 2319 sane
2579 2264 2937 2320 conturbatus
2976 2263 3202 2334 objecta:
3226 2278 3479 2335 pressura
3509 2264 3796 2319 calamita-

2202 2358 2294 2424 tis,
2353 2358 2712 2414 humillimam
2751 2359 2982 2414 fratrum
3030 2367 3294 2415 convocat
3348 2358 3790 2423 concionem,.ut

2201 2459 2366 2520 queat
2407 2449 2475 2504 ab
2525 2450 2603 2506 eis
2643 2449 2860 2506 salubre
2909 2449 3196 2505 consilium
3245 2448 3502 2520 experiri.
3563 2449 3794 2502 Demum

2201 2541 2398 2599 borum
2445 2543 2685 2597 omnium
2713 2556 3004 2598 commune
3033 2539 3321 2596 consilium
3374 2540 3664 2608 visumque
3713 2548 3798 2595 est

2201 2631 2333 2686 utile
2370 2632 2607 2698 cunctis,
2648 2640 2916 2702 quatenus
2960 2639 3273 2688 sanctorum
3328 2639 3629 2701 martyrum
3673 2643 3795 2685 cor—

2199 2740 2358 2797 pora,
2388 2724 2668 2780 Saviniaui
2711 2724 2964 2780 videlicet
2983 2733 3037 2780 et
3065 2723 3395 2792 Potentiani,
3428 2723 3597 2777 Altini
3631 2732 3797 2793 atque

2200 2817 2449 2882 Eodaldi,
2482 2832 2603 2872 cum
2635 2816 2848 2872 eaateris
2876 2825 3187 2873 sanctorum
3219 2813 3539 2886 corporibus
3571 2822 3629 2868 et
3666 2812 3806 2868 γοῦν

2200 2910 2448 2980 qaiarum
2477 2909 2811 2981 pignoribus,
2839 2924 2962 2964 eum
2984 2908 3222 2964 maximo
3251 2906 3472 2962 honoris
3497 2913 3794 2975 augmento

2202 3002 2258 3058 in
2307 3001 2537 3058 ecclesia
2585 3001 2826 3073 ejusdem
2875 3001 3109 3057 abbatia:
3150 3001 3368 3070 propria
3401 2999 3545 3054 infra
3601 3011 3789 3052 muros

509 3091 671 3146 batur
697 3135 711 3159 ,
762 3096 1208 3169 tabe_centesque
1261 3099 1535 3158 doloribus
1604 3103 1893 3177 mediaque
1947 3115 2099 3165 anus
2126 3083 2170 3145 C
2204 3091 2356 3148 urbis
2404 3100 2716 3148 constructa
2748 3090 3198 3146 transferrentur.
3244 3090 3512 3146 Relictum
3539 3103 3674 3144 veto
3711 3098 3794 3142 est

512 3183 891 3240 miserantium
953 3189 1223 3245 alimoniis
1286 3189 1582 3248 refovebat.
1633 3193 1805 3249 Tanta
1861 3211 2098 3268 namque

511 3277 874 3344 suggestionis
907 3277 1317 3348 importunitate
1347 3284 1556 3341 cunctis
1575 3296 1692 3340 erat
1717 3295 1863 3352 nota,
1891 3299 2096 3359 quanto

513 3365 717 3436 absque
770 3369 1056 3426 multorum
1084 3371 1381 3441 juvaminis
1425 3391 1524 3446 ope
1582 3378 1840 3448 nequibat
1890 3379 2090 3438 vivere.

510 3456 680 3515 Porro
731 3463 854 3518 data
906 3465 1150 3534 cptione,
1199 3469 1366 3540 coepit
1409 3470 1665 3528 anhelare
1715 3472 1782 3528 de
1830 3473 2094 3532 industria

509 3560 825 3606 sanctorum
869 3565 1167 3628 martyrum
1207 3561 1472 3626 subsidia,
1503 3579 1610 3632 quo
1642 3563 1936 3620 debilitatis
1982 3581 2094 3622 sua:

507 3641 770 3698 inferrent
798 3647 1078 3703 medelam.
1104 3650 1288 3706 Aceita
1317 3654 1498 3724 itaque
1528 3667 1699 3712 matre
1724 3678 1736 3712 :
1764 3678 1782 3710 ι
1814 3659 2092 3726 Desidere,

509 3734 703 3804 inquit,
752 3741 968 3809 propitii
1019 3746 1279 3816 martyris
1328 3751 1501 3804 sancti
1536 3749 1836 3818 Saviniaui,
1871 3764 2096 3812 cmtero-

507 3841 735 3898 rumque
763 3841 1076 3887 sanctorum
1119 3837 1268 3892 adire
1295 3841 1579 3910 sepulcra;
1619 3859 1718 3899 nec
1743 3845 2092 3917 demorabor,

508 3913 752 3985 inquam,
791 3919 1017 3992 adipisci
1065 3939 1161 3995 per
1201 3927 1321 3983 illos
1367 3931 1472 3986 mei
1521 3934 1688 3989 animi
1723 3947 1868 3992 vota.
1926 3957 1946 3991 ι
1990 3913 2096 3995 Ac;

504 4024 674 4066 censa
727 4013 869 4072 illius
935 4026 1114 4074 mater
1166 4019 1347 4076 verbis
1405 4032 1608 4080 tantam
1673 4041 1824 4096 spem
1881 4032 2094 4101 peragit

505 4104 829 4176 promptius,
861 4106 1221 4181 subillataque
1265 4111 1543 4169 obtutibus
1573 4114 1836 4186 ipsorum,
1865 4118 2088 4190 supplex

507 4194 718 4250 cervice
763 4197 954 4252 adorat
994 4213 1196 4256 cernuo
1256 4211 1313 4256 ut
1363 4202 1544 4260 adsint
1585 4207 1643 4262 ei
1675 4211 2095 4277 patrocinando.

507 4281 824 4340 Pavimento
856 4288 1036 4359 itaque
1078 4290 1347 4348 inluerens
1384 4293 1610 4361 diutius,
1656 4297 1824 4353 Deum
1875 4302 2092 4371 pietatis

509 4372 697 4429 adfore
727 4377 896 4430 sensit
925 4389 1237 4434 sanctorum
1279 4383 1608 4440 interventu.
1644 4385 1764 4442 Mox
1790 4389 1955 4461 igitur
1981 4393 2086 4448 cita

508 4468 656 4523 salus
681 4479 956 4538 prmeunte
1003 4473 1340 4531 immanitate
1372 4477 1605 4546 doloris,
1647 4490 1810 4552 atque
1849 4483 2090 4542 innovati

507 4561 704 4616 anhelo
752 4563 962 4633 spiritui
1016 4567 1213 4635 gaudet
1259 4570 1550 4638 auxilium;
1607 4573 1853 4629 vibratur
1897 4578 2094 4635 ardens

509 4654 727 4721 anitnus
769 4655 835 4710 ad
866 4655 1119 4726 plurima,
1155 4670 1493 4732 matremque
1543 4674 1699 4718 vocat
1725 4664 1952 4721 dicens:
1985 4669 2094 4724 Ad-

503 4753 641 4810 esto,
669 4746 904 4816 genitrix
935 4747 1258 4815 lmtabunda,
1287 4767 1407 4821 quae
1450 4769 1534 4808 me
1585 4763 1772 4810 tacens
1817 4755 1886 4810 ab
1927 4757 2092 4814 humo

503 4837 769 4890 sustulisti
824 4838 1199 4895 terrulentam.
1263 4839 1554 4911 Postquam
1613 4859 1742 4914 ergo
1788 4844 2090 4903 fieditatetn

506 4928 874 4983 n.entbrorum
900 4931 1112 4985 virtutis
1140 4931 1336 4987 decore
1365 4933 1594 4986 mutavit
1625 4933 1785 4998 Deus,
1820 4933 2090 4992 illustrata

506 5030 816 5077 sanctorum
843 5025 1143 5093 juvamine,
1176 5026 1420 5081 cucurrit
1473 5026 1734 5082 inoﬂ‘cnso
1778 5029 1936 5098 pede,
1976 5047 2092 5085 ma-

507 5101 754 5185 tremque
781 5117 1080 5187 reciprocat
1110 5119 1364 5174 continua
1398 5133 1548 5174 voce.
1573 5118 1640 5172 At
1668 5119 1753 5172 illa
1781 5121 2090 5178 accelerans

507 5196 766 5274 properat
800 5206 1037 5278 factique
1089 5209 1300 5279 ignara,
1345 5224 1482 5278 quos
1510 5208 1828 5264 scabelluios
1857 5213 2092 5280 perdidit

511 5295 737 5358 inquirit
781 5301 1028 5355 tremula.
1085 5299 1226 5358 Uno,
1279 5300 1455 5358 inquit
1494 5299 1604 5358 illa,
1656 5301 1756 5354 sub
1804 5301 1912 5356 ictu
1957 5304 2087 5358 mihi

2201 3191 2257 3244 et
2283 3183 2540 3238 decenter
2575 3182 2898 3238 tumulatutn
2935 3198 3129 3253 corpus
3156 3182 3328 3238 sancti
3367 3180 3609 3236 Serotini
3645 3193 3791 3233 mar-

2201 3275 2336 3347 tyris
2357 3274 2410 3329 in
2431 3275 2664 3344 quodam
2697 3273 3068 3346 ejusdemloci
3097 3274 3278 3328 tutiori
3309 3284 3487 3328 antro.
3523 3271 3644 3339 Quo
3672 3283 3792 3340 pcr—

2199 3378 2321 3423 acta
2349 3406 2364 3433 ,
2406 3364 2519 3434 jam
2563 3363 2820 3436 praefatus
2878 3365 3074 3435 prtcsul
3117 3364 3301 3420 dolose
3350 3363 3790 3418 machinamenta

2197 3457 2559 3514 aemulationis
2590 3459 2872 3514 monachis
2901 3457 3118 3528 injecit,
3162 3457 3498 3514 commodius
3532 3456 3788 3526 inquiens

2198 3568 2320 3610 esse
2361 3565 2420 3607 ut
2461 3553 2946 3608 transveherentur
2995 3561 3308 3606 sanctorum
3354 3548 3600 3618 reliquiae
3646 3548 3786 3602 intra

2199 3646 2402 3702 lllfPllia
2429 3655 2646 3716 Isanctte
2673 3645 2862 3699 matris
2890 3643 3146 3699 Ecclesia:
3185 3641 3456 3696 Senonum
3488 3640 3540 3693 in
3584 3639 3790 3694 honore

2199 3740 2372 3795 sancti
2406 3737 2666 3810 Stephani
2698 3738 3113 3810 protomartyris
3143 3745 3487 3792 constructae.
3513 3734 3790 3804 Cogitavit

2199 3841 2380 3887 autem
2413 3839 2524 3885 tum
2551 3830 2764 3901 piorum
2809 3830 3042 3884 fratrum
3081 3827 3402 3898 simplicitas
3428 3827 3498 3881 ob
3539 3836 3788 3882 tenorem

2197 3921 2504 3980 sanctitatis
2558 3922 2674 3977 haec
2741 3921 2922 3992 peragi
2985 3919 3280 3985 exercitia;
3341 3917 3434 3972 sed
3491 3925 3792 3986 patuerunt

2195 4016 2536 4090 postmodum
2568 4015 2681 4070 hare
2713 4012 3038 4069 adulationis
3066 4011 3285 4066 famina.

2195 4128 2325 4185 Car.
2369 4127 2480 4184 XXI.
2529 4127 2608 4183 De
2656 4127 2799 4182 urbis
2846 4127 3144 4192 obsidione,
3189 4135 3239 4181 et
3283 4125 3515 4180 oratorio
3557 4123 3625 4177 ab
3672 4123 3788 4194 igne

2888 4210 3082 4268 erepto.

2263 4295 2496 4353 Obsessa
2531 4294 2691 4367 igitur
2732 4294 2900 4360 urbe,
2950 4302 3152 4366 quanta
3205 4292 3351 4348 caade
3393 4291 3656 4347 ecclesias
3697 4304 3786 4345 ea-

2194 4403 2427 4459 rumque
2473 4387 2844 4457 possessiones
2892 4385 2975 4442 vel
3021 4385 3219 4457 prtedia
3263 4384 3557 4448 subruerit,
3607 4391 3784 4438 vasta-

2197 4479 2355 4546 verit,
2391 4476 2800 4550 depopulaverit
2847 4476 3067 4548 longum
3116 4485 3201 4532 est
3251 4476 3476 4548 paginis.
3503 4476 3779 4540 intimare,

2193 4549 2494 4642 prtesertim
2543 4585 2666 4624 cum
2713 4578 2767 4622 et
2801 4549 3080 4624 basilicam
3128 4567 3308 4623 sancti
3354 4565 3500 4620 Petri
3549 4565 3782 4620 miriﬁco

2195 4675 2360 4730 opere
2401 4666 2770 4715 constructam
2818 4659 3095 4713 atrocibus
3148 4656 3383 4711 flammis
3430 4655 3778 4722 cremaverit,

2193 4749 2512 4819 variamque
2553 4747 2944 4819 supellectilem
2991 4763 3113 4803 cum
3164 4747 3415 4801 omnibus
3457 4745 3781 4800 utensilibus

2196 4841 2482 4911 diripuerit
2540 4847 2594 4894 et
2646 4854 2871 4910 prorsus
2921 4839 3272 4909 pessumdare
3319 4837 3608 4893 studuerit.
3667 4835 3778 4890 Heu

2194 4933 2330 5004 prob
2379 4932 2572 4988 dolor!
2605 4947 2707 4987 nec
2737 4933 2855 4987 sine
2882 4931 3085 5002 gemitu
3132 4931 3450 4986 dicendum!
3487 4929 3780 4983 Remanse—

2197 5036 2282 5080 rat
2343 5025 2541 5080 ibidem
2600 5024 2884 5095 praefatum
2945 5024 3244 5079 oratorium
3307 5022 3484 5078 sancti
3539 5020 3775 5076 Serotiui

2196 5118 2452 5188 martyris
2481 5117 2738 5172 divinitus
2764 5116 2831 5170 ab
2868 5117 2988 5188 igne
3012 5125 3284 5186 ereptum;
3333 5115 3477 5186 quod
3511 5115 3774 5180 dolentes,

2194 5209 2347 5280 plura
2371 5210 2602 5264 ﬂammis
2629 5209 2862 5265 fomenta
2897 5211 3149 5281 ingerunt
3185 5208 3463 5264 molimine
3494 5219 3642 5276 toto;
3685 5209 3776 5263 sed

2194 5303 2420 5358 illtesum
2476 5312 2725 5358 servatur
2778 5303 2845 5358 ad
2902 5303 3299 5358 vegetationcm
3356 5301 3637 5356 hominum
3683 5299 3776 5354 Dei
