4116 5358
571 307 673 365 791
1496 304 1848 363 ΟΒΟΠΑΝΝΙ
1890 304 2147 363 MONACI

2244 305 2286 361 Β.
2324 304 2526 361 PETRI
2555 303 2689 361 VIVI
2726 302 2972 362 SENON.
3020 322 3028 327 ·
3723 300 3837 357 τες

563 404 973 474 Reeenseﬁ‘l'm‘t
1007 432 1238 489 namque
1269 418 1410 474 inter
1436 421 1638 490 optima
1678 436 1790 477 sua:
1833 419 2143 494 sagacitatis
2172 424 2218 482 Α
2250 434 2334 475 me
2364 419 2532 489 ipsius
2555 420 2728 474 sancti
2770 418 3026 491 martyris
3073 413 3351 472 Saviniani
3383 414 3631 486 congrua
3658 415 3834 470 Visio-

563 510 738 567 studia
771 511 1103 566 arbitramur
1122 512 1258 578 fore,
1286 512 1429 582 quod
1480 512 1635 569 valde
1673 513 1901 586 diligens
1952 513 2145 583 sapias
2247 512 2331 567 uis
2382 512 2767 579 admonitione,
2794 513 2959 582 carpit
3013 509 3359 567 ultrotcrras
3381 507 3626 563 t-mnobii
3650 508 3836 577 inqui.

542 5311 553 5355 ξ

565 599 770 654 dictum
831 602 1245 670 monasterium,
1322 601 1522 659 ibidem
1590 605 1781 660 turrim
1846 605 2147 676 composuit

563 708 728 764 opere
753 692 944 765 polito.
977 694 1233 753 Mundiali
1258 712 1422 754 cursu
1443 698 1659 754 demum
1681 708 1922 771 peracto,
1949 700 2145 770 migra-

561 785 642 839 vit
663 787 729 841 ad
766 798 913 842 astra
948 799 1188 856 vocatus,
1212 806 1308 845 sua
1336 793 1602 847 mandans
1626 794 1877 847 tumulari
1903 794 2143 849 membra

567 880 740 934 sancti
762 878 1022 935 Germani
1046 881 1573 939 Antisiodorensium
1603 883 1656 938 in
1684 882 1928 939 basilica.
1952 883 2146 939 Heide-

562 984 796 1024 mannus
826 970 880 1026 in
918 971 1022 1027 hoc
1059 976 1399 1044 postmodum
1437 975 1700 1045 pontificii
1737 977 1939 1032 electus
1975 975 2141 1041 solio,

562 1061 689 1118 almi
723 1064 962 1136 Dionysii
1002 1068 1324 1134 monachus,
1373 1069 1588 1124 cunctis
1633 1084 1736 1124 nec
1771 1084 1875 1123 non
1927 1067 2149 1124 Christo

559 1154 803 1225 placens.
835 1157 1084 1214 amabilis
1110 1168 1165 1214 et
1199 1159 1450 1217 dilectus.
1502 1158 1674 1232 Hujus
1697 1161 1749 1215 in
1788 1172 2032 1229 tempore
2054 1174 2143 1213 re-

560 1247 783 1317 giminis
825 1247 1135 1305 Notrannus
1188 1252 1417 1307 cmnobii
1462 1251 1637 1308 sancti
1694 1250 1839 1307 Petri
1890 1250 2146 1322 praelatus

560 1337 859 1406 ell‘erbuit;
902 1356 1159 1411 gazarum
1205 1346 1295 1414 qui
1327 1351 1383 1398 et
1406 1346 1842 1415 conglomerator
1886 1352 2145 1399 strenuus

559 1425 988 1485 Nerernensium
1058 1431 1379 1502 dignitatem
1447 1433 1771 1503 praesulatus
1845 1430 2149 1502 promeruit

558 1519 900 1577 muneribus.
945 1521 1275 1578 Ambitionis
1302 1531 1484 1579 autem
1521 1524 1639 1596 ejus
1670 1524 1807 1580 fastu
1840 1537 2146 1595 praegrava-

560 1618 673 1663 tum
712 1611 888 1666 sancti
912 1611 1057 1667 Petri
1097 1614 1437 1681 coenobium,
1460 1630 1596 1686 pene
1616 1614 1765 1670 venit
1788 1615 1855 1670 ad
1893 1613 2141 1669 nihilum.

558 1699 961 1757 llouestabatnr
982 1717 1112 1759 vero
1153 1704 1297 1760 illius
1354 1705 1531 1761 adhuc
1588 1707 1646 1761 in
1705 1715 1949 1778 tempore
2000 1706 2139 1760 idem

2248 617 2391 666 rere,
2422 603 2602 673 pretio
2636 603 2926 668 redimere,
2950 600 3254 656 monachos
3279 598 3533 661 educare,
3556 607 3613 652 et
3660 611 3837 651 sacra:

2245 695 2603 751 institutionis
2659 695 2855 750 ibidem
2918 709 3171 763 normam
3229 692 3546 747 reformare.
3614 688 3831 743 Talium

2243 787 2593 857 omniumque
2615 786 2788 857 gratia
2813 783 3086 849 suli'ultus,
3122 784 3415 838 humanam
3453 779 3611 835 exuit
3650 777 3830 832 labem

2243 887 2301 934 et
2325 887 2633 935 sanctorum
2668 878 2720 933 in
2748 877 2901 933 caelis
2927 875 3228 947 promeruit
3255 874 3599 934 societatem,
3622 884 3833 939 suaque

2245 971 2487 1026 membra
2518 971 2570 1025 in
2594 969 2783 1025 eadem
2813 967 3038 1024 basilica
3057 965 3245 1036 jacent
3276 964 3573 1019 tumulata.

2242 1082 2372 1139 CAP.
2413 1082 2532 1138 XX.
2582 1081 2816 1138 Obeuute
2836 1081 3142 1164 Anastasio,
3166 1078 3423 1152 quomodo
3450 1075 3688 1130 Servium
3722 1089 3833 1130 ruc-

2911 1162 3143 1206 cesserit.

2312 1244 2511 1301 Orbata
2538 1243 2873 1300 Scnonensis
2899 1242 3313 1312 metropolitana
3353 1240 3484 1295 urbs
3511 1235 3837 1308 patrocinio

2244 1334 2423 1403 hujus.
2464 1334 2758 1405 pra-fertur
2802 1335 2868 1390 ad
2902 1333 3305 1389 sublimandam
3352 1327 3687 1401 praesulatus
3717 1338 3837 1380 ma-

2243 1427 2607 1499 gnificentiam
2650 1426 2897 1481 Sewinus
2936 1423 3213 1479 nobilitate
3259 1421 3565 1493 pracipuos
3615 1425 3675 1471 et
3711 1428 3828 1470 mo-

2243 1535 2361 1575 rum
2409 1518 2685 1589 probitate
2728 1531 3006 1573 coruscus.
3043 1514 3143 1572 Hic
3187 1510 3574 1585 prteceptionis
3630 1515 3840 1563 sancta

2242 1618 2497 1667 strenuus
2562 1608 2870 1675 obauditor,
2932 1607 3162 1663 modesti
3221 1618 3407 1660 mores
3477 1596 3839 1672 prmeessoris

2244 1704 2451 1774 insequi
2483 1702 2688 1758 studuit
2708 1701 2961 1773 optimos.
2986 1701 3161 1756 Porro
3183 1695 3429 1767 improba
3451 1689 3838 1749 :emnlantiutn

557 1790 709 1849 locus
737 1835 751 1857 ,
780 1796 1084 1864 potioribus
1130 1807 1482 1869 utrarumque
1522 1772 1836 1854 facultatum
1869 1798 2030 1854 rebus
2058 1797 2138 1852 di-
2169 1772 2222 1833 Β
2248 1772 2524 1849 molimina
2588 1772 2773 1856 diruit,
2813 1800 2870 1847 et
2916 1790 3137 1847 Christo
3181 1786 3509 1859 placentium
3558 1779 3839 1837 amicitias

558 1891 704 1937 tatus
724 1899 751 1936 a
777 1883 888 1939 Deo
926 1885 1119 1941 devota
1147 1887 1403 1944 'I‘ecltilde
1430 1890 1612 1960 regina
1637 1907 1661 1952 ς.
1696 1891 1790 1945 sed
1840 1890 1997 1960 hujus
2026 1888 2142 1958 pia-

554 1972 674 2027 cula
709 1974 883 2030 virtus
932 1975 1098 2031 diluat
1150 1977 1596 2037 clementissima.
1630 1978 1899 2035 Caeterum
1934 1979 2139 2034 Heide-

558 2081 788 2122 mannus
810 2069 1005 2137 praesul
1034 2070 1172 2126 obtit
1202 2080 1352 2126 sorte
1376 2086 1630 2147 suprema
1655 2081 1865 2143 raptus,
1897 2073 2139 2128 insertus

557 2158 612 2213 in
644 2161 893 2231 superuis
923 2163 1175 2220 canibus.

556 2293 685 2349 Ου’.
730 2293 909 2351 XVIII.
950 2297 1103 2364 Quod
1136 2299 1318 2353 mortis
1358 2300 1597 2354 examine
1648 2298 2068 2354 At'cltembaldus
2107 2316 2141 2353 a

844 2368 996 2423 beato
1020 2368 1311 2424 Savim’ano
1340 2370 1613 2440 perculsus
1626 2371 1837 2441 perierit

628 2476 960 2534 Pnesulatus
1026 2481 1231 2536 honore
1302 2480 1740 2536 Archembaldus
1814 2480 2145 2546 sustollitnr,

554 2578 843 2635 parentum
900 2570 1084 2641 potius
1126 2585 1289 2641 quam
1334 2570 1429 2625 Dei
1486 2579 1814 2641 provocatus
1866 2569 2140 2626 examine.

513 2714 517 2718 η
555 2650 804 2707 Invectus
832 2653 1020 2724 itaque
1040 2653 1366 2709 hiclubricm
1382 2655 1688 2724 juventutis
1721 2655 1881 2720 furia,
1918 2655 2145 2725 probro-

556 2757 632 2798 sae
672 2744 935 2814 voluptati
985 2744 1133 2801 dedit
1166 2760 1407 2817 Operam.
1467 2746 1700 2801 Exosam
1758 2745 1902 2801 enim
1959 2743 2145 2800 divino

555 2835 725 2891 cultui
772 2837 1046 2893 schrtam
1077 2837 1344 2894 adhibens
1397 2848 1452 2893 et
1495 2839 1700 2894 caduca
1749 2853 1974 2908 quasque
2023 2852 2147 2907 per-

556 2924 686 2980 ituri
716 2927 815 2981 aevi
848 2926 1198 2996 amplecttns,
1235 2926 1505 2984 abbatiam
1536 2929 1707 2984 sancti
1729 2928 1874 2984 Petri
1895 2927 2146 2984 omnibus

559 3032 796 3088 namque
819 3004 1001 3073 rerum
1070 3019 1242 3089 coniis
1300 3016 1797 3090 opulentissimam,
1849 3019 1916 3073 ad
1970 3017 2143 3074 solum

559 3124 732 3179 usque
760 3111 1036 3178 contrivit,
1058 3109 1435 3177 celsarum,
1465 3110 1737 3178 villarum,
1771 3120 2144 3181 terrarumque
2173 3137 2218 3199 Ο

558 3202 762 3270 optima
807 3218 1034 3274 quaeque
1075 3205 1314 3259 vendens
1373 3218 1427 3258 et
1459 3203 1812 3269 distribuens,
1848 3202 2056 3273 reliqua
2088 3204 2142 3259 itt

557 3296 809 3365 proprios
830 3310 959 3350 usus
996 3296 1265 3354 detinens.
1290 3294 1397 3352 Sed
1424 3294 1649 3365 hujusce
1678 3305 1905 3353 cunctos
1936 3295 2145 3352 Ianzen-

564 3384 756 3441 tabiles
785 3402 1043 3442 excessus
1084 3386 1368 3458 propalare
1415 3386 1632 3459 leugnm
1659 3386 1811 3443 nefas
1858 3389 2139 3444 ducimus:

560 3477 668 3534 hoc
699 3477 874 3533 solum
902 3478 1152 3536 addimus
1181 3481 1323 3550 quod
1348 3477 1726 3535 fantulantium
1775 3477 1991 3535 Christo
2028 3480 2142 3536 fue-

558 3570 633 3625 rit
653 3570 941 3639 insecutor
993 3572 1270 3628 horribilis
1320 3589 1383 3631 ac
1417 3574 1650 3641 odiltilis,
1694 3584 1748 3630 et
1802 3575 2140 3632 saecularium

562 3669 777 3717 amator
802 3664 1263 3722 studiosissimus.
1303 3666 1627 3723 Admonitus
1677 3683 1810 3738 ergo
1857 3668 1910 3723 in
1967 3667 2153 3725 noctis

557 3754 767 3810 visione
794 3754 960 3810 biduo
997 3771 1027 3811 a
1061 3766 1250 3813 sancto
1298 3755 1589 3814 Saviniano
1637 3759 1944 3828 aequissimo
1994 3775 2143 3813 mar-

560 3856 702 3918 tyre,
758 3848 932 3905 noluit
984 3850 1266 3920 quiescere
1293 3866 1325 3907 a
1354 3851 1562 3908 nefario
1597 3868 1779 3923 oprre.
1809 3853 2147 3924 Aggrediens

560 3940 708 3995 hunc
728 3956 944 4013 quoque
970 3944 1131 3999 tertio
1165 3958 1228 3999 ac
1255 3943 1529 4000 nolentem
1579 3947 1804 4002 obedire
1823 3944 1991 4015 jussis
2015 3961 2142 4018 per-

560 4029 733 4086 cussit
772 4046 1032 4088 mucrone
1072 4034 1357 4090 invisibili:
1404 4035 1521 4091 Non
1569 4036 1683 4103 diu,
1724 4038 1990 4108 inquiens,
2042 4045 2147 4093 tua:

561 4135 735 4191 nugas
779 4124 1051 4192 patiemur
1116 4124 1447 4181 iilecehrosa:
1506 4118 1741 4183 actionis
1810 4123 1865 4183 et
1895 4129 2145 4184 desolare

559 4212 743 4270 locum
799 4217 975 4273 nostri
1036 4215 1298 4274 effusione
1345 4218 1558 4275 cruoris
1608 4231 1902 4276 sacratum.
1958 4221 2146 4276 Nudus

558 4308 709 4363 omni
763 4323 989 4380 prorsus
1039 4311 1274 4380 tegmine
1301 4311 1555 4379 vestium,
1605 4322 1851 4381 repertus
1874 4321 1957 4367 est
1987 4311 2039 4366 in
2063 4327 2148 4367 re-

560 4392 795 4451 fectorio
825 4395 1081 4465 fratrum,
1111 4399 1257 4468 quod
1278 4397 1380 4454 sibi
1408 4399 1715 4466 vindicans,
1740 4414 1929 4455 eorum
1956 4398 2147 4453 usibus

560 4486 730 4557 impie
756 4487 1073 4546 abstulerat.
1104 4489 1284 4562 Equa
1309 4490 1630 4546 directionis
1660 4505 1858 4558 nempe
1887 4505 2144 4557 censura,
2175 4496 2227 4559 ι)

562 4593 698 4636 nece
740 4582 1023 4639 subitanea
1057 4585 1202 4654 justo
1241 4584 1389 4641 illum
1425 4585 1708 4654 percussit,
1758 4584 1854 4655 qui
1918 4600 2147 4657 congre-

561 4681 718 4744 gatas
743 4675 1117 4744 possessiones
1140 4676 1374 4731 coenohii
1397 4677 1464 4732 ob
1490 4679 1724 4732 lratrum
1744 4676 1980 4732 subsidia
2005 4692 2141 4747 pau-

557 4781 858 4838 perumque
886 4768 1001 4823 sive
1027 4768 1413 4826 conﬂuentium
1435 4771 1676 4826 omnium
1694 4770 1994 4842 juvamina,
2022 4769 2142 4825 nisu

561 4868 673 4915 toto
730 4861 1085 4917 contriverat.
1135 4860 1245 4916 Nec
1292 4864 1583 4935 quisquam
1635 4864 1933 4919 arbitretur
1961 4863 2146 4917 incon-

556 4972 750 5024 gruum
783 4956 863 5011 sie
901 4956 1052 5012 illum
1084 4957 1271 5024 linire;
1304 4959 1395 5029 qui
1441 4960 1694 5030 primitus
1724 4957 2003 5027 aln'ecerat
2048 4973 2144 5012 cu-

560 5062 676 5101 ram
701 5047 992 5117 pastoralis
1025 5048 1325 5121 dignitatis,
1365 5060 1471 5105 etc.

556 5178 683 5232 CAP.
722 5178 862 5234 XIX.
905 5180 984 5236 De
1019 5185 1306 5253 Anastasio
1345 5184 1608 5251 pontiﬁce,
1637 5181 1866 5253 qualiter
1905 5178 2143 5234 eumdem

1009 5251 1181 5306 locum
1208 5253 1352 5323 capit
1378 5251 1693 5307 restaurare.

2241 1884 2529 1941 sinceriter
2578 1883 2918 1954 exquisivit:
2976 1880 3158 1937 omnia
3202 1879 3532 1935 charismata
3592 1870 3830 1943 insignia

2241 1973 2477 2045 gestiens
2507 1972 2779 2042 amplecti,
2807 1980 2863 2026 et
2910 1968 3322 2040 tnalignantium
3378 1965 3585 2022 caduca
3645 1960 3827 2017 renui.

2242 2065 2377 2119 Dum
2404 2065 2556 2136 plura
2587 2080 2717 2137 ergo
2749 2070 2920 2119 tentat
2944 2061 3127 2133 peragi
3172 2059 3393 2116 virtutis
3415 2070 3607 2128 opera,
3639 2053 3843 2108 inser»

2241 2160 2313 2214 rit
2337 2159 2389 2214 id
2445 2159 2589 2229 quod
2645 2167 2829 2213 manet
2863 2155 3085 2211 obviam
3124 2151 3373 2218 veritati;
3433 2162 3575 2204 sava
3618 2143 3835 2198 scilicet

2241 2251 2450 2321 antiqui
2492 2248 2666 2307 hostis
2704 2248 3078 2311 incitamenta,
3128 2243 3221 2315 qui
3268 2249 3524 2297 veternus
3564 2236 3656 2290 fur
3696 2247 3835 2304 quo-

2244 2344 2404 2398 modo
2445 2341 2567 2396 laeta
2599 2340 2811 2396 Christi
2837 2337 3053 2408 agmina
3096 2331 3423 2403 interpellet,
3454 2326 3639 2383 lividis
3664 2323 3827 2380 semi-

2244 2432 2403 2488 nibus
2428 2431 2643 2486 fervens
2682 2429 3005 2499 insequitur.
3037 2423 3251 2479 Excitat
3295 2421 3481 2489 itaque
3508 2413 3653 2471 male
3682 2426 3839 2468 corn-

2244 2526 2541 2583 meantium
2566 2532 2620 2580 et
2645 2520 2975 2578 irritantium
3001 2517 3185 2574 devios
3238 2527 3432 2570 sensus
3453 2508 3784 2565 clericorum
3808 2518 3835 2558 :

2244 2617 2440 2672 civium
2471 2629 2686 2685 quoque
2713 2612 2954 2684 ejusdem
2994 2606 3231 2665 civitatis
3258 2605 3608 2660 vehementer
3634 2597 3833 2652 adver-

2244 2723 2340 2764 sus
2386 2721 2510 2762 eunt
2561 2705 2757 2761 infesta
2808 2703 3172 2766 decertantes,
3215 2711 3281 2751 ac
3321 2696 3561 2764 congrua
3609 2699 3833 2759 quoque

2247 2799 2542 2858 sanctuarii
2564 2796 2847 2869 comprimi
2879 2794 3184 2865 gliscentes.
3205 2787 3443 2844 Praevius
3470 2792 3658 2838 autem
3686 2788 3837 2869 tutor

2247 2892 2572 2963 supradicta“:
2617 2867 2790 2956 urbis,
2838 2894 3107 2957 quatenus
3158 2880 3301 2937 male
3346 2873 3614 2934 tumentia
3667 2867 3835 2963 simul

2251 2960 2460 3041 rtvztlsa
2503 2983 2667 3039 corda
2712 2981 3038 3043 internecet,
3081 2971 3473 3047 praeferendum
3506 2981 3568 3021 se
3606 2960 3836 3035 opponit

2232 3074 2496 3148 clypeum
2522 3081 2582 3129 ut
2618 3081 2731 3128 tuta
2769 3075 3025 3126 maneant
3076 3063 3304 3136 vestigia
3354 3053 3829 3148 subsequentiutll

2252 3143 2454 3239 Dei—que
2517 3164 2710 3219 domus
2765 3159 2990 3217 defensa
3047 3154 3368 3228 praeferatur
3425 3149 3492 3206 ad
3546 3143 3828 3239 sublimia.

2252 3233 2477 3313 Dezzium
2533 3250 2736 3311 Christi
2799 3248 3088 3305 victorinso
3151 3250 3433 3316 protectus
3504 3233 3835 3293 munimine,

2246 3357 2539 3418 pravorum
2597 3350 2826 3398 conatus
2887 3337 3145 3394 dulcibus
3200 3330 3469 3388 interdum
3520 3321 3835 3418 prontulcet

2246 3414 2502 3510 eloquiis;
2522 3432 2812 3505 aliquando
2834 3444 2962 3486 vero
2984 3424 3287 3483 minacibus
3307 3419 3471 3478 trahit
3489 3414 3838 3510 proteritquo

2247 3507 2734 3598 increpationibus:
2765 3519 3095 3579 intercidunt
3113 3527 3329 3586 quoque
3346 3507 3569 3566 interim
3594 3515 3827 3606 quasque

2246 3618 2501 3691 poenalia,
2552 3624 2605 3670 et
2642 3612 2908 3687 pullulant
2936 3609 3154 3673 favente
3179 3603 3399 3661 Christo
3442 3602 3830 3670 prosperitatis

2247 3709 2550 3767 commoda.

2226 3821 2376 3878 Car.
2421 3818 2562 3875 XXI.
2612 3817 2806 3872 Locato
2836 3813 3038 3871 Sewino
3075 3812 3128 3867 in
3177 3826 3321 3882 sene,
3368 3803 3633 3879 quomodo
3657 3814 3834 3882 ipsum

2319 3892 2490 3946 locum
2518 3889 2777 3944 ornaverit
2793 3886 2979 3941 abbate
2998 3893 3045 3939 et
3066 3880 3357 3943 monachis,
3378 3891 3559 3946 resque
3581 3880 3833 3949 proprias

2319 3960 2625 4018 reddiderit.

2317 4073 2550 4146 lgnescit
2579 4072 2788 4127 interea
2826 4082 2980 4123 amor
3019 4061 3335 4121 nobilitandi
3357 4066 3670 4115 sanctorum
3717 4065 3833 4107 cte—

2249 4167 2430 4231 nohia,
2457 4179 2520 4219 ac
2541 4160 2824 4234 reparandi
2860 4159 3121 4215 honorem
3148 4153 3434 4226 pristinum
3472 4162 3665 4204 eorum
3685 4158 3830 4215 qua.

2246 4271 2463 4327 cunque
2513 4253 2728 4309 fuerant
2763 4251 2977 4307 diruta:
3002 4249 3259 4304 ardenter
3292 4244 3424 4316 quin
3446 4239 3628 4310 potius
3650 4235 3825 4327 sancti

2248 4326 2392 4407 Petri
2405 4345 2791 4404 monasterium
2818 4346 2888 4400 ob
2915 4349 3228 4398 sanctorum
3251 4333 3504 4403 suffragia
3542 4326 3829 4386 venustari

2248 4438 2535 4511 disposuit,
2563 4435 2705 4507 quod
2734 4432 3024 4489 ntultorum
3049 4429 3316 4503 pravitate
3336 4424 3554 4481 dolebat
3572 4432 3823 4511 eversum

2252 4509 2347 4589 iri.
2378 4531 2503 4587 Suae
2547 4543 2680 4599 ergo
2721 4522 3033 4597 spectabilis
3055 4529 3315 4577 exortum.
3336 4514 3587 4588 prosapia
3633 4509 3828 4566 nobili-

2250 4623 2381 4678 tatis
2428 4620 2605 4677 eidem
2657 4615 2909 4674 coenobio
2962 4611 3206 4686 praefecit
3251 4609 3542 4673 abbatem,
3608 4601 3825 4657 nomine

2250 4714 2605 4778 Rainardnm,
2628 4710 2872 4765 moribus
2893 4705 3171 4779 egregium
3196 4710 3256 4757 et
3274 4697 3493 4759 so'ertia
3518 4695 3823 4767 praeditum,

2250 4807 2461 4863 reddita
2484 4803 2722 4860 omnium
2740 4801 2912 4856 media
2939 4808 3098 4869 parte
3118 4794 3359 4866 ejusdem
3372 4788 3607 4844 abitalia:
3620 4798 3821 4841 rerum.

2219 4898 2349 4954 'Hic
2398 4898 2577 4966 itaque
2625 4892 2939 4949 adolescens
2990 4897 3228 4944 strenuae
3283 4881 3505 4943 indolis,
3567 4875 3826 4933 infulatus

2249 4988 2489 5061 contigui
2519 4984 2691 5059 gratia
2723 4980 3023 5053 regiminis,
3072 4976 3279 5032 vicinos
3311 4983 3557 5061 quosque
3585 4978 3828 5061 rectores

2252 5058 2538 5154 probitatis
2560 5087 2680 5133 actu
2709 5071 3033 5145 pnecelluit:
3061 5068 3371 5154 ﬂammante
3389 5060 3620 5154 quidem
3642 5058 3822 5154 corde,

2252 5148 2435 5242 utpote
2456 5168 2643 5232 nobili,
2674 5166 2931 5235 adaptare
2972 5161 3149 5217 locum
3196 5153 3444 5229 protinus
3496 5148 3733 5242 studuit,
3776 5153 3828 5198 et

2252 5238 2548 5318 monebas
2589 5256 2873 5313 nonnullos
2915 5251 3210 5322 sophistica
3250 5238 3827 5311 omniumlliheralium

3418 5347 3503 5358 .An
3553 5341 3825 5358 BlInIIIIOIIII
