4116 5358
246 337 343 393 795

1004 317 1109 388 'Ds
1147 332 1535 388 TBANSLAT.
1580 333 1681 390 ss.
1725 332 2090 392 SAVINIANI.
2140 333 2556 392 romanam
2612 337 2744 394 me

3401 341 3506 399 794
3584 405 3586 408 ,

247 451 368 509 Car.
413 445 577 504 XXII.
627 444 700 500 De
725 445 933 518 nomine
962 445 1233 518 perint-ato
1269 462 1426 516 super
1461 447 1632 500 sancti
1664 445 1817 501 Sari-
1847 448 1896 506 Α
1927 459 2127 500 lumnas
2168 445 2387 516 paribus
2437 446 2760 518 hymnizans
2799 446 2975 504 modis
3007 463 3186 504 rerum
3235 450 3507 517 Creatori,
3580 430 3587 440 ’

851 514 995 570 niani
1023 514 1210 569 altare.

311 633 402 689 Illo
431 647 649 702 quoque
675 632 728 686 in
764 639 1009 702 tempore
1037 631 1235 687 accidit
1263 632 1318 687 in
1349 632 1575 703 przrfato
1626 635 1823 706 sa‘pins

245 727 487 786 etenobio
508 727 732 782 evidens
757 725 1107 792 miraculum,
1137 727 1281 794 quod
1307 727 1530 783 minime
1551 729 1825 783 credimus

245 818 450 873 silastia
481 819 794 888 tegendum.
825 817 1092 874 Profanus
1145 819 1392 872 bonitate
1421 819 1641 889 quidam
1668 834 1821 873 nam-

246 925 344 980 (με
402 911 592 975 homo,
638 912 860 964 nomine
893 910 1282 975 ltotbberthus,
1328 911 1384 965 in
1430 912 1612 966 vicina
1674 922 1826 967 ortus

246 1000 384 1060 vtlla.
415 1002 502 1054 cui
541 1015 737 1054 nomen
771 999 1256 1067 Maliacus-Major
1287 1000 1482 1058 indidit
1508 1002 1828 1070 antiquitas,

245 1092 534 1162 cupiditate
560 1091 800 1148 fmdatus
825 1093 1086 1158 obscena,
1133 1093 1378 1148 illicitum
1420 1105 1825 1149 sacramentum

248 1183 411 1238 s-n~.:ti
470 1183 750 1238 Saviniani
803 1183 1032 1252 perfecit
1057 1183 1110 1238 in
1165 1184 1429 1240 ecclesia:
1474 1186 1828 1255 quamobrem

251 1273 419 1329 rabies
457 1274 604 1328 illico
632 1275 802 1344 sepsit
832 1274 1168 1330 dmmoniaea
1223 1277 1540 1346 miseroque
1583 1277 1832 1332 cruciatu

250 1362 296 1417 in
317 1364 552 1419 omnium
587 1366 888 1421 vexabatur
933 1367 1247 1435 praesentia.
1301 1366 1516 1422 Adsunt
1551 1366 1828 1434 extemplo

249 1453 475 1509 nonmtlli
527 1463 586 1510 et
647 1456 736 1509 alii
796 1456 1062 1510 teterrimi
1125 1457 1372 1526 spiritus,
1437 1457 1532 1512 sed
1579 1455 1828 1526 magistri

248 1545 520 1601 criminum
548 1547 910 1618 humanaeque
941 1547 1133 1604 salutis
1163 1550 1435 1618 auspices.
1466 1549 1556 1620 qui
1590 1548 1836 1604 latenter

249 1634 526 1692 iactantes
555 1637 704 1690 illum
743 1637 796 1691 in
827 1639 1099 1693 diversum
1125 1639 1458 1710 compellunt
1493 1639 1670 1696 nefas.
1701 1639 1832 1695 Vin.-

251 1728 343 1784 etis
364 1726 598 1798 denique
637 1730 980 1786 conviciator
1010 1731 1270 1796 brachiis,
1309 1749 1530 1789 suorum
1563 1735 1830 1806 propitia-

1925 535 2084 605 cujus
2153 536 2297 592 dono
2361 536 2499 592 fiunt
2564 546 2758 593 cuncta
2823 553 2942 609 qum
3002 539 3250 595 miranda
3314 541 3506 598 viden.

1927 634 2034 690 tur,
2058 635 2164 681 etc.

1925 736 2296 815 Car._XXlll.
2347 739 2425 794 De
2464 741 2575 815 ipso
2605 751 2870 810 ponit/tce,
2906 743 3168 812 quomodo
3199 754 3320 798 ante
3353 745 3506 815 pedes

2001 809 2288 884 nbba!is__et
2317 812 2691 884 monachorum
2727 809 3022 875 prostratus
3058 815 3309 884 jacuerit,
3341 809 3388 869 et
3429 832 3512 870 res

1995 895 2126 949 quas
2159 881 2332 934 adhuc
2361 882 2564 934 tenebat
2595 883 2874 936 reddiderit

1996 990 2263 1046 Providus
2297 991 2507 1047 interea
2551 992 2792 1063 pentifex
2841 993 3111 1062 Scwinns,
3163 995 3507 1052 luculentiori

1927 1084 2200 1154 praeconio
2248 1086 2538 1141 decoratus
2586 1086 2870 1148 virtutum.
2904 1088 3078 1142 eidem
3127 1091 3518 1160 congratulans

1929 1175 2182 1230 cmuobio
2226 1176 2478 1232 diflundit
2516 1177 2698 1233 vultus
2742 1178 2978 1234 laetitiam
3009 1181 3077 1235 ab
3107 1197 3201 1237 ore
3251 1184 3410 1239 hilari
3457 1191 3513 1239 et

1931 1263 2033 1318 fida
2064 1267 2256 1334 gaudia
2292 1267 2432 1337 gerit
2463 1285 2477 1320 :
2510 1277 2636 1323 tunc
2679 1284 2840 1325 omne
2876 1274 3054 1328 cordis
3105 1276 3270 1345 ipsius
3300 1278 3367 1332 ab
3404 1279 3516 1333 imo

1930 1355 2198 1412 ludicrum
2243 1357 2562 1425 aboﬂ'erlur,
2608 1360 2846 1432 olimque
2879 1365 3092 1420 animus
3120 1380 3346 1438 nugator
3386 1370 3511 1426 Dei-

1933 1453 2059 1507 tatis
2085 1451 2318 1508 efﬁcitur
2361 1455 2667 1526 indagator,
2699 1471 2762 1512 ac
2793 1473 2890 1512 sua
2921 1459 3101 1529 inepta
3142 1462 3289 1517 vultu
3337 1464 3516 1534 prohi-

1929 1545 2060 1599 tatis
2086 1545 2230 1600 serio
2275 1547 2500 1601 colorat.
2551 1546 2898 1605 Euueleatius
2928 1552 3128 1622 quippe
3179 1554 3518 1625 c0piosiusve

1931 1635 2178 1700 effundit,
2210 1653 2332 1709 qua:
2381 1639 2611 1695 manicis
2653 1640 2933 1698 tenacibus
2977 1643 3218 1711 foverat;
3259 1647 3515 1716 quoniam

1934 1730 2211 1784 munerari
2251 1729 2362 1784 divi
2415 1729 2602 1786 fenore
2650 1747 2770 1788 sese
2816 1750 2922 1789 non
2971 1737 3268 1793 dubitabat.
3321 1739 3520 1796 llorret

251 1817 386 1873 tione
410 1829 722 1888 parentum,
759 1821 937 1877 scelus
959 1824 1203 1893 ejusdem
1233 1827 1484 1882 videlicet
1531 1841 1826 1897 agnoseen-
1857 1815 1903 1876 Β
1933 1818 2100 1874 ferale
2148 1822 2464 1892 cupiditatis
2517 1834 2841 1891 monstrum,
2889 1837 2943 1882 et
3003 1831 3156 1901 inops
3207 1848 3518 1903 egenusque

253 1908 391 1969 tiam,
433 1910 755 1978 perducitur
777 1922 1093 1968 sanctorum
1123 1917 1192 1968 ad
1221 1927 1378 1970 antra
1405 1929 1727 1988 martyrum,
1759 1935 1828 1977 ne

251 1998 559 2070 profundius
601 2010 821 2070 caperet
874 2005 1106 2062 tremula
1152 2021 1309 2078 comp
1347 2024 1415 2079 go
1465 2021 1681 2065 artuum
1714 2011 1826 2067 da:-

252 2092 608 2147 moniacarum
637 2095 916 2164 querelam
957 2097 1466 2154 debacchationum.
1494 2099 1595 2156 llic
1624 2101 1824 2156 nudata

253 2198 438 2253 gerens.
466 2189 742 2253 membra,
762 2189 954 2244 multis
981 2189 1175 2245 ictibus
1223 2193 1486 2259 sauciata,
1519 2202 1737 2249 vastare
1764 2210 1829 2250 ac

254 2274 443 2332 laniare
473 2293 723 2347 quosque
771 2289 1019 2335 tenentes
1041 2295 1101 2334 se
1124 2292 1181 2334 ut
1211 2281 1402 2352 quibat
1458 2283 1827 2339 desiderabat.

254 2363 586 2422 Per-lacunas
634 2369 901 2439 siquidem
929 2370 1250 2425 cicatricum
1306 2372 1662 2430 eviscerando
1696 2374 1828 2442 reji-

256 2457 412 2512 ciebat
441 2460 784 2530 Sutgttinem,
815 2470 871 2519 et
900 2476 1156 2519 cruentas
1203 2480 1395 2521 manus
1435 2466 1675 2536 lorisque
1717 2467 1828 2523 fes-

259 2564 339 2606 sa:
371 2552 720 2620 dilacerabat,
770 2556 1088 2612 terribiliter
1125 2559 1377 2628 inquiens
1408 2573 1424 2612 :
1457 2557 1501 2614 Ο
1535 2559 1830 2616 Saviniane

260 2657 550 2714 prapotens
580 2657 809 2720 martyr,
841 2664 942 2705 cur
968 2666 1054 2705 me
1084 2666 1286 2707 enecas
1306 2653 1642 2708 cruciatibus
1661 2654 1832 2710 diris?

264 2736 360 2792 Pro
385 2751 530 2796 certo
555 2757 692 2813 ergo
719 2744 1004 2815 propinqui
1031 2745 1352 2814 profitentur
1376 2747 1644 2816 piaculum
1670 2748 1828 2814 victi;

262 2832 323 2887 ob
348 2832 550 2904 hocque
575 2835 900 2907 multiplicia
931 2839 1112 2894 cordis
1138 2840 1207 2894 ab
1238 2840 1347 2895 imo
1393 2841 1618 2896 trahunt
1655 2843 1833 2910 suspi-

262 2923 362 2988 ria;
407 2927 654 2995 quiuimo
703 2927 1103 2984 auxiliatricem
1154 2930 1354 2986 Christi
1423 2931 1680 2986 virtutem
1734 2947 1833 3002 per

262 3024 552 3072 sanctorum
582 3019 867 3074 obtentum
891 3021 1207 3076 eorumdem
1243 3022 1344 3078 sibi
1373 3021 1619 3094 ﬂagitant
1644 3024 1832 3080 adfore

263 3110 568 3177 propitiam;
631 3121 902 3183 quatenus
949 3131 1018 3170 ex
1074 3115 1300 3172 latebris
1349 3117 1574 3188 hujusce
1619 3119 1826 3176 obsessi

265 3196 574 3257 damoniaca
631 3204 891 3273 pestilens
941 3207 1021 3260 vis
1052 3218 1232 3273 exeat,
1272 3218 1328 3262 et
1367 3210 1604 3264 recidiva
1659 3212 1834 3267 virtus

265 3285 448 3344 Christi
475 3293 698 3361 polleat.
732 3294 1003 3350 lrretitum
1032 3311 1153 3350 eum
1187 3299 1372 3369 utique
1408 3301 1632 3356 funibus
1659 3302 1833 3356 anhe-

265 3375 342 3432 his
367 3386 678 3440 earumdem
708 3385 781 3441 ibi
809 3387 1018 3444 dim'sit
1051 3389 1202 3446 nisus
1240 3391 1306 3447 de
1332 3404 1646 3448 sanctorum
1674 3394 1833 3464 juva-

269 3471 398 3527 mine
420 3476 749 3533 omnimodis
775 3479 924 3536 ﬁsus.
950 3481 1188 3538 Furehat
1218 3499 1348 3539 vero
1378 3486 1570 3555 spiritu
1606 3485 1833 3551 fervido,

268 3562 550 3635 efﬂagitans
589 3585 791 3626 nomen
837 3575 1315 3647 sanctimartyris
1364 3578 1639 3634 Saviniani
1689 3583 1836 3638 dictu

272 3659 559 3714 temerario.
613 3661 763 3716 Nihil
819 3679 951 3718 sane
1003 3665 1144 3720 illius
1197 3669 1489 3725 severitate
1520 3672 1832 3742 jucundius,

269 3744 388 3799 nihil
429 3747 772 3814 iucunditate
822 3756 1089 3811 severius.
1133 3756 1253 3813 1am
1305 3776 1434 3815 vero
1468 3778 1630 3818 omne
1673 3766 1842 3820 robur

274 3831 451 3890 virium
477 3851 741 3908 cesserat,
772 3853 828 3899 et
856 3846 1096 3902 divulsas
1130 3848 1457 3906 lacertorum
1488 3856 1839 3926 compagines

272 3938 419 4017 sopor
447 3944 742 3998 presserat.
789 3936 932 4008 Ergo
971 3939 1047 3995 illi
1077 3949 1336 4012 soporato
1382 3945 1535 3999 adest
1581 3948 1841 4017 propitia-

272 4013 385 4073 bilis
413 4021 566 4077 visio.
601 4025 750 4081 vam
793 4029 859 4083 ab
893 4031 1054 4085 astris
1080 4047 1212 4094 sane
1239 4033 1569 4090 descendere
1582 4013 1842 4107 ins-ignes

272 4110 429 4202 viros,
461 4117 727 4176 claritatis
757 4122 920 4178 nimia
951 4124 1076 4182 luee'
1104 4142 1417 4197 respersos;
1453 4132 1844 4202 aggrediuntur

274 4201 408 4260 illum
433 4213 692 4269 modestis
733 4215 890 4286 plane
920 4220 1220 4287 gressibus,
1251 4223 1346 4276 sed
1385 4224 1665 4279 minantur
1693 4225 1844 4280 duris

276 4293 476 4369 increpa
503 4301 719 4362 ionlbns
748 4325 762 4360 :
795 4307 906 4364 Cur
935 4319 1211 4379 nostrum,
1262 4313 1594 4383 inquientes,
1645 4315 1845 4373 efferus

278 4400 619 4462 prazsumptor
673 4397 888 4455 intrasti
945 4411 1186 4468 antrum,
1252 4404 1345 4474 qni
1412 4421 1607 4461 recens
1670 4408 1844 4464 nostri

278 4475 438 4535 locum
477 4485 739 4544 effusione
777 4493 1062 4559 sanguinis
1092 4505 1368 4550 sacratum
1400 4498 1616 4554 violasti
1667 4499 1837 4556 ultro-

277 4581 400 4624 neus
424 4576 792 4632 conviciator?
824 4579 1028 4636 Horum
1057 4599 1189 4654 ergo
1215 4585 1339 4639 dum
1369 4585 1578 4656 fugeret
1615 4588 1845 4644 intuitus

280 4659 484 4730 heriles,
515 4671 758 4737 territus,
802 4689 901 4729 nec
932 4675 1097 4741 celer,
1151 4687 1208 4733 et
1249 4681 1561 4748 praemissus
1593 4681 1847 4752 splendor

282 4753 522 4823 avolaret,
549 4770 606 4815 et
630 4762 731 4817 sibi
764 4765 927 4822 anxio
959 4768 1118 4823 finem
1146 4771 1309 4825 subiti
1338 4770 1564 4827 inferret
1595 4773 1845 4843 periculi,

284 4854 368 4895 ceu
394 4860 632 4906 mortuus
656 4853 896 4920 perstitit
923 4858 986 4911 ad
1016 4860 1130 4914 haec
1159 4861 1364 4925 mitior,
1396 4862 1601 4916 reddita
1631 4864 1844 4933 piorum

283 4943 562 5006 martyrum
598 4943 884 5001 clementia
934 4950 1168 5019 stupenti
1208 4960 1263 5004 et
1309 4967 1446 5021 pene
1476 4962 1726 5006 emortuo
1754 4968 1849 5024 pe-

285 5029 457 5085 Dercit.
490 5032 570 5088 οι)
599 5043 837 5101 tuorum,
879 5040 1088 5107 dicens,
1120 5042 1278 5097 fidem
1312 5051 1603 5115 parentum
1647 5045 1740 5116 qui
1792 5055 1844 5100 te

286 5121 425 5160 Πηὶιῖα
449 5126 773 5160 νοιῖηιεηαη-σιι
805 5133 991 5160 .νιΑ.Ιι...
1006 5139 1121 5160 1--..
1171 5135 1186 5160 2

805 5133 991 5160 ..μη-Δρ...
1006 5139 1121 5160 1--..
1171 5135 1256 5160 2-.|.
1271 5153 1415 5160 ad“-
1453 5138 1597 5160 -I.:_-

1870 4538 1922 4598 Ι)

1934 1925 2117 1966 rerum
2158 1915 2364 1968 mavult
2388 1917 2616 1987 obsequi
2645 1919 2883 1984 Christo,
2915 1937 3076 1992 quam
3119 1923 3365 1979 lar-taliter
3388 1941 3513 1980 sau-

1932 2001 2110 2058 ciatus
2153 2005 2419 2062 obeteeari
2473 2008 2742 2066 illecebris
2772 2028 3050 2082 gazarum,
3096 2017 3396 2087 prmsertim
3428 2035 3520 2072 ur-

1934 2101 2098 2160 gente
2148 2109 2381 2165 superna
2439 2099 2809 2157 admonitione
2858 2115 3168 2161 sanctorum
3217 2117 3517 2180 martyrum

1935 2181 2214 2240 Saviniani
2244 2196 2301 2242 et
2326 2187 2656 2258 Potentiani,
2707 2194 2759 2247 in
2793 2194 3134 2252 solemnitate
3165 2199 3517 2255 celeberrima

1932 2271 2160 2331 Joannis
2221 2287 2277 2332 et
2338 2278 2664 2352 Pauli:qua
2717 2286 3050 2355 stupefactus
3107 2291 3258 2345 ocius
3306 2291 3521 2346 aetherii

1933 2365 2188 2436 clavigeri
2217 2369 2362 2426 Petri
2389 2374 2522 2427 adiit
2551 2375 2875 2440 claustrum,
2909 2395 3030 2436 sese
3062 2381 3366 2452 profitendo
3396 2383 3515 2438 eul-

1937 2457 2174 2526 pabilem
2221 2476 2285 2522 ac
2319 2461 2713 2520 facinorosum.
2757 2469 3066 2527 Prostratus
3111 2474 3293 2544 itaque
3331 2473 3524 2544 jacens

1933 2561 2119 2602 coram
2147 2550 2387 2606 omnium
2415 2553 2643 2610 fratrum
2687 2559 2994 2627 obtutibus,
3039 2579 3170 2618 voce
3221 2565 3520 2620 humillima

1934 2628 2323 2711 indulgentiam
2355 2643 2617 2715 efﬂagitat
2661 2664 2927 2716 cernuus;
2961 2661 3154 2708 cuncta
3203 2655 3384 2725 itaque
3421 2672 3519 2710 sua

1935 2731 2175 2800 praefata:
2207 2734 2436 2791 abbatim
2469 2739 2666 2808 prtedia
2709 2741 2962 2808 reddidit,
3001 2755 3054 2799 et
3082 2747 3146 2801 ad
3178 2763 3304 2802 suos
3329 2763 3521 2804 ncces-

1935 2825 2109 2881 sarios
2157 2842 2286 2892 usus
2323 2829 2420 2888 ,vel
2475 2833 2764 2900 pauculam
2810 2838 3211 2906 portiunculam
3275 2840 3520 2895 retinuit.

1933 2915 2216 2978 Favoralis
2261 2938 2391 2977 aura
2424 2925 2548 2979 inde
2579 2929 2968 2986 monachorum
3011 2932 3297 2997 attollitur,
3347 2934 3438 2990 sed
3470 2946 3526 2991 et

1937 3020 2104 3068 totam
2191 3015 2422 3084 perculit
2495 3018 2684 3073 urbem
2753 3021 3029 3078 Christum
3101 3025 3523 3082 collaudantium

1935 3105 2334 3178 congratulatio
2359 3108 2671 3176 vehemens,
2701 3119 2807 3168 etc.

1860 3177 1907 3242 ϐ
1938 3215 2066 3274 Car.
2089 3214 2286 3293 XXIV.
2311 3217 2440 3293 Post
2459 3231 2675 3276 mortem
2694 3222 2883 3278 Scwini
2900 3227 3160 3293 quomodo
3188 3226 3528 3286 Leotlierirus

2005 3292 2334 3370 successerit,
2359 3292 2556 3370 clerum
2579 3292 3272 3370 etpoitulummbbatemque
3300 3299 3530 3354 Rainar—

2007 3359 2132 3413 dum
2163 3373 2212 3414 et
2242 3364 2522 3417 monac/tos
2553 3359 2815 3420 dilexerit.

2007 3471 2137 3528 Post
2167 3473 2310 3530 hunc
2353 3476 2582 3530 ascitum
2631 3493 2950 3548 superorum
2997 3496 3174 3538 cuneo
3220 3493 3353 3538 nutu
3405 3483 3529 3540 Dei-

1938 3565 2069 3622 tatis
2122 3566 2460 3631 crtnctivido,
2521 3567 2877 3626 Leotherieus
2946 3570 3206 3628 infulatur
3253 3575 3531 3644 pontificis

1939 3654 2097 3721 solio,
2127 3656 2340 3712 actibus
2370 3657 2625 3722 eximius,
2672 3659 2828 3729 cujus
2872 3660 3141 3716 laudabile
3187 3661 3399 3717 culmen
3435 3663 3532 3718 ho-

1939 3749 2092 3804 noris
2138 3764 2325 3804 amore
2375 3765 2508 3804 sane
2551 3759 2744 3819 parato
2791 3751 3167 3823 compellimur
3211 3753 3527 3824 propalare;

1939 3840 2033 3896 sed
2079 3840 2332 3896 facundia
2379 3843 2534 3898 abest
2578 3845 2917 3913 sagacitatis.
2962 3843 3152 3900 Merito
3201 3846 3530 3902 sinceritatis

1942 3931 2087 3987 illius
2137 3934 2308 3988 crevit
2357 3933 2518 4005 plane
2561 3937 2915 3992 sacerdotalis
2960 3939 3181 4006 gradus,
3231 3933 3533 4008 eodemque

1942 4025 2214 4080 monitore
2243 4026 2543 4095 prmeelluit
2572 4028 2817 4084 normale
2862 4030 3029 4085 decus
3059 4037 3264 4085 sanetae
3297 4031 3388 4084 Dei
3428 4031 3531 4086 Ec-

1943 4117 2140 4181 clesiae,
2194 4128 2300 4173 etc.
2348 4119 2618 4175 Praeterea
2673 4122 3056 4177 miraculorum
3113 4123 3365 4193 insignia,
3412 4138 3532 4191 quae

1944 4209 2089 4263 illius
2122 4209 2434 4264 enituerunt
2476 4212 2528 4266 in
2575 4219 2840 4282 tempore,
2875 4213 3092 4284 longum
3123 4215 3378 4269 duximus
3408 4213 3535 4269 huic

1943 4301 2205 4372 opusculo
2251 4302 2549 4358 innectere.
2591 4303 2860 4359 Caeterum
2904 4306 3098 4360 crebro
3150 4305 3244 4360 fati
3295 4302 3532 4360 cmnobii

1945 4394 2235 4464 contiguus
2277 4403 2492 4450 amator
2521 4394 2794 4459 efferbuit,
2840 4396 3136 4450 animosius
3166 4397 3418 4451 videlicet
3446 4411 3533 4450 so-

1945 4487 2099 4543 lertis
2143 4489 2370 4544 rectoris
2414 4488 2627 4544 abbatis
2695 4487 2970 4553 Baiuardi,
3023 4490 3327 4544 communis
3380 4488 3530 4542 utilia

1947 4576 2209 4632 sectando
2259 4577 2542 4632 commode
2589 4595 2602 4632 :
2649 4578 3023 4648 congaudcbat
3089 4592 3324 4648 namque
3377 4576 3534 4648 probi

1947 4667 2300 4737 praecessoris
2347 4666 2546 4722 Sewini
2597 4667 2742 4723 hunc
2787 4668 3029 4723 bonitate
3070 4669 3439 4738 superstitem,
3481 4679 3537 4721 et

1950 4772 2162 4812 morum
2195 4756 2514 4812 salubritate
2541 4757 2830 4812 haeredem.
2867 4756 3110 4827 Denique
3154 4758 3311 4813 laude
3336 4744 3540 4825 dignis:-

1950 4850 2120 4906 simus
2169 4849 2478 4904 Rainardus
2523 4850 2695 4905 abbas
2742 4851 2966 4920 praelata
3006 4850 3292 4905 charitatis
3339 4848 3541 4900 virtute

1950 4940 2202 5005 rutilans,
2232 4957 2355 4996 sese
2400 4955 2638 5010 suosque
2681 4942 2829 4996 onmi
2860 4939 3119 5009 voluptati
3168 4938 3542 5000 abdicaverat,

1954 5039 2010 5088 et
2053 5031 2402 5088 continentiae
2449 5031 2568 5103 lege
2615 5033 2957 5092 actitaverat,
3006 5029 3321 5097 apostolica:
3368 5039 3549 5078 asser-

1711 5155 1814 5160 .--_-
1840 5121 1878 5156 .⁶
1955 5122 2121 5160 Iinnic
2149 5123 2429 5160 nllrnnmtc
2456 5122 2670 5160 mulilnr
2739 5119 2856 5160 sint!
2883 5118 3208 5160 mmlinmnin
3255 5114 3552 5160 ἰηιιιιίοιιιίς
