4116 5358
539 176 644 232 795

1424 173 1774 232 ODORANNI
1807 153 2112 233 MONACHI
2147 174 2204 232 s.
2248 175 2454 232 rem
2497 175 2634 234 vnn
2673 174 2918 233 ssnon.

3713 169 3824 243 ππ

544 285 872 345 utensilibus
926 284 1264 341 nobilitando
1310 289 1580 360 reparavit
1627 289 1906 345 attentius.
1959 288 2120 347 Nisus
2148 297 2195 354 Α
2225 305 2290 346 ex
2317 290 2395 346 eis
2426 292 2516 362 qui
2553 292 2604 346 iu
2641 289 2974 348 monasterio
3008 287 3184 346 sancti
3213 272 3362 346 Petri
3401 269 3597 344 luerat
3649 291 3823 345 nutri-

540 383 747 438 interea
773 379 1072 436 aﬂ‘ectiouis
1097 379 1338 452 ejusdem
1361 382 1612 450 panditur
1635 383 1778 438 circa
1805 391 2117 440 sanctorum

542 471 781 528 celebria
820 471 960 526 festa
996 478 1325 542 martyrum,
1358 471 1452 526 sed
1498 473 1749 528 crebrius
1786 473 2120 540 tabescebat,

535 564 800 634 ignorans
837 575 943 632 qua
976 568 1291 631 tegerentur
1321 562 1506 618 tumba
1532 564 1708 620 sancti
1735 564 1942 621 scilicet
1971 564 2124 620 Savi-

532 657 618 710 nia
633 655 685 710 ni
715 655 986 711 membra.

528 761 665 819 CAP.
701 763 868 819 XXV.
913 765 989 820 De
1019 766 1235 821 tumulis
1271 777 1577 823 sanctorum
1626 770 1907 826 Saviniani
1951 773 2127 827 socio-

612 849 832 905 rumque
888 835 1002 906 ejus
1051 837 1116 890 ab
1170 837 1356 893 abbate
1403 838 1672 896 Rainarda
1722 853 1776 898 et
1821 843 2125 902 Leotherico

611 906 1002 976 archiepiscopo
1034 908 1302 962 reseratis.

613 1015 902 1072 Beaturum
943 1016 1110 1089 igitur
1141 1028 1444 1092 martyrum
1488 1020 1788 1090 Saviniani,
1817 1023 2126 1082 Potentiani

543 1110 928 1182 sociorumque
971 1127 1161 1170 eorum
1211 1129 1463 1186 corpora,
1511 1117 1580 1173 ab
1623 1118 1818 1174 abbate
1863 1117 2127 1175 Samsone

537 1202 934 1259 venerabiliter
963 1204 1227 1283 tumulata
1257 1205 1402 1262 intro
1445 1208 1498 1263 in
1544 1211 1716 1266 antris
1757 1211 1826 1265 ob
1874 1211 2125 1268 timorem

539 1306 899 1364 paganorum,
919 1311 1089 1367 usque
1115 1297 1184 1351 ad
1207 1298 1388 1353 domni
1412 1299 1716 1356 Leotherici
1736 1302 2126 1374 archiepiscopi

539 1393 595 1439 et
623 1383 806 1439 domui
857 1385 1118 1442 liainardi
1161 1388 1374 1444 abbatis
1423 1399 1664 1462 tempora
1708 1393 1909 1448 ibidem
1951 1392 2128 1448 Istue.—

538 1485 702 1530 runt:
735 1491 896 1544 quam
927 1477 996 1532 ob
1028 1479 1141 1534 rem
1169 1480 1404 1550 experiri
1435 1482 1660 1552 cupiens
1685 1483 1826 1539 dicta
1849 1484 2126 1539 seniorum

541 1567 798 1623 solertius
828 1568 1100 1625 indicabat
1123 1572 1286 1637 seria,
1319 1588 1562 1646 prazsago
1590 1575 1880 1644 praasciens
1908 1576 2121 1646 spiritu,

2228 393 2336 452 tus,
2374 386 2632 442 redeunte
2660 399 2788 458 rege
2813 383 3230 441 Aurelianorum
3258 384 3474 440 futurus
3501 384 3818 454 cpiscopus,

2225 478 2445 533 nomine
2494 476 2860 532 Theodericus
2888 476 2997 546 (8),
3047 477 3326 548 respondit
3372 491 3472 548 pro
3522 476 3819 531 omnibus:

2225 570 2343 634 Est.
2397 570 2640 636 domina,
2693 570 2746 624 in
2797 569 3135 626 monasterio
3184 571 3357 626 sancti
3405 569 3553 623 Petri
3600 576 3820 623 sanctus

2227 662 2578 728 Savinianus,
2606 661 2817 734 primus
2867 662 3301 732 metrOpolitanze
3348 662 3499 717 urbis
3540 660 3820 717 Senonum

2226 752 2691 824 archiepiscopus,
2746 757 2838 826 qui
2879 771 2978 827 per
3026 755 3289 826 martyrii.
3327 756 3670 826 triumphum
3719 749 3832 810 una}

2227 861 2350 902 cum
2404 848 2569 904 sociis
2626 850 2878 920 pervenit
2931 850 2997 906 ad
3043 849 3282 905 caelestis
3329 849 3498 919 regni-
3545 846 3820 902 bravium.

2228 934 2400 1006 Hujus
2425 939 2686 1010 martyris
2713 939 2758 994 si
2790 940 2985 995 devota
3017 949 3200 995 mente
3226 937 3430 994 adieris
3448 937 3819 1009 pratsentiam,

2227 1029 2282 1085 id
2311 1032 2456 1100 quod
2504 1032 2758 1102 promisit
2797 1031 3002 1102 absque
3037 1031 3298 1086 dilatione
3341 1030 3561 1085 noveris
3598 1039 3654 1084 te
3696 1043 3823 1083 con~

2227 1131 2560 1178 secuturam.
2607 1123 2680 1178 At
2728 1123 2842 1190 illa,
2875 1123 2942 1179 de
2991 1122 3122 1177 tanti
3161 1121 3264 1176 viri
3307 1119 3536 1176 consilio
3578 1119 3823 1189 gaudens

2227 1215 2444 1281 ell'ecta,
2475 1215 2742 1271 citissime
2772 1230 2880 1270 una
2911 1229 3032 1270 cum
3066 1213 3186 1268 ﬁlio
3203 1212 3428 1283 expetiit
3471 1211 3648 1266 sancti
3678 1209 3822 1263 Petri

2227 1306 2437 1372 limina,
2468 1314 2532 1362 et
2550 1306 2854 1362 diutissime
2892 1305 3165 1377 lacrymas
3196 1302 3428 1358 fundens
3456 1311 3586 1356 ante
3623 1313 3823 1368 corpus

2228 1399 2375 1455 beati
2407 1399 2665 1470 martyris
2712 1398 2946 1469 totisque
2989 1398 3286 1452 viribus-se
3322 1393 3677 1451 committens
3709 1390 3825 1459 ejus

2231 1491 2653 1564 ﬁdei..gaudens
2682 1492 2948 1547 remeavit
2993 1491 3060 1544 ad
3102 1488 3344 1560 propria,
3397 1487 3463 1542 de
3508 1485 3827 1540 visitatione

2234 1584 2370 1639 tanti
2421 1585 2636 1654 patroni
2687 1583 3016 1639 conlortata.
3051 1581 3301 1636 Nondum
3357 1578 3658 1633 transierat
3710 1575 3827 1631 dies

540 1674 640 1730 per
691 1671 1004 1716 sanctorum
1051 1661 1308 1735 suffragia
1361 1664 1515 1735 plura
1561 1666 1786 1737 adipisci
1831 1667 2122 1724 sanitatum
2155 1656 2203 1718 Β
2233 1677 2421 1738 leuia,
2450 1691 2576 1732 cum
2607 1677 2790 1732 subito
2827 1675 2981 1731 adest
3029 1675 3355 1744 intempesta
3402 1679 3566 1725 nocte
3615 1669 3827 1740 legatus

539 1754 805 1810 remedia.
848 1755 1150 1825 Capessunt
1186 1758 1369 1831 itaque
1411 1761 1700 1817 consilium
1747 1763 1988 1830 salubre,
2017 1779 2125 1835 quo

541 1857 922 1903 reserareutur
949 1858 1267 1906 sanctorum
1298 1852 1601 1920 mausolea,
1630 1855 1722 1925 qui
1752 1856 1922 1911 antris
1953 1857 2128 1912 conti-

540 1939 816 1996 nebantur
857 1940 911 1995 in
966 1939 1347 2000 abditioribus.
1397 1943 1513 2001 IIoc
1573 1957 1818 2018 peracto,
1855 1949 2129 2020 extemplo

539 2032 662 2088 miri
697 2034 880 2090 odoris
911 2035 1231 2092 exuberavit
1263 2037 1593 2109 fragrantia,
1614 2043 1982 2113 certioresque
2009 2043 2128 2100 red-

541 2125 678 2182 didit
703 2128 769 2184 de
811 2130 1128 2186 eorumdem
1157 2133 1489 2202 praesentia;
1521 2133 1887 2192 collaudantes
1935 2134 2127 2201 Deum,

541 2221 969 2277 recondiderunt
995 2223 1196 2279 ibidem
1221 2224 1509 2282 decentius
1534 2225 1711 2296 posita
1736 2243 1838 2282 vrtt
1860 2224 2131 2284 Kalendas

541 2310 898 2383 Septembris.
979 2316 1407 2390 Quibuscunque
1489 2329 1669 2376 autem
1736 2321 1968 2378 inﬁrmis
2043 2322 2131 2378 vel

539 2400 992 2461 imbecillioribus
1018 2406 1210 2462 collata
1244 2417 1329 2464 est
1352 2409 1523 2479 potio,
1558 2409 1625 2464 de
1666 2425 1772 2479 qua
1815 2421 2129 2472 sanctorum

546 2493 658 2548 lota
700 2503 830 2550 sunt
877 2510 1020 2562 ossa,
1067 2496 1272 2567 absque
1317 2514 1472 2553 mora
1513 2499 1766 2554 sanitatis
1813 2510 2132 2558 meruerunt

538 2583 840 2654 juvatnina.
877 2586 959 2641 Ad
998 2586 1145 2642 illius
1167 2588 1412 2657 profecto
1453 2588 1665 2645 laudem
1709 2590 2132 2660 magniﬁcantur

543 2664 844 2748 ma'gnalia,
895 2679 985 2748 qui
1035 2680 1264 2736 tuitione
1305 2681 1612 2738 cunctivida
1678 2684 1816 2755 regit
1865 2684 2130 2755 quidquid

544 2776 787 2824 creatum
812 2777 1046 2842 vegetat.

616 2881 745 2941 CAP.
789 2883 981 2941 XXVI.
1025 2884 1268 2958 Qualiter
1309 2890 1490 2958 regina
1529 2888 1842 2944 Constantia
1891 2898 2131 2945 sanctum

1014 2955 1671 3030 Saviuiauum'agnoverit.

620 3045 821 3101 Eodem
855 3055 1097 3118 tempore
1132 3051 1394 3119 regnabat
1419 3016 1717 3107 Iiotbertus
1741 3066 1930 3121 regum
1955 3050 2133 3122 piissi-
2160 3016 2206 3080 Ο

550 3152 690 3193 mus.
735 3138 852 3203 llic,
884 3141 1120 3211 peractis
1154 3141 1384 3198 diversis
1428 3143 1922 3202 restaurationibus
1965 3142 2137 3200 eccle-

549 3229 780 3300 siarum,
802 3247 903 3288 nec
924 3247 1029 3287 non
1059 3235 1397 3290 ornamentis
1444 3245 1761 3292 sanctorum
1807 3247 2097 3308 corporum
2118 3278 2133 3303 ,

551 3334 750 3393 corpus
775 3324 948 3380 sancti
981 3322 1262 3382 Saviniani
1289 3341 1424 3383 auro
1459 3335 1514 3383 et
1549 3327 1780 3401 gemmis
1803 3337 2137 3401 argentoque

550 3416 766 3472 ornavit
793 3436 806 3474 :
838 3419 982 3487 quod
1010 3419 1247 3490 qualiter
1271 3430 1453 3478 actum
1484 3422 1556 3479 sit
1596 3425 1788 3494 paucis
1832 3433 1917 3480 est
1961 3425 2136 3481 disse-

551 3506 800 3561 rendum.
825 3505 1050 3564 Factum
1073 3519 1159 3566 est
1175 3510 1301 3567 dum
1326 3513 1559 3582 quodam
1577 3523 1819 3584 tempore
1842 3514 2138 3573 Rotbertus

551 3614 643 3655 rex
674 3600 900 3656 Romam
928 3611 1162 3674 peteret,
1187 3612 1250 3659 ut
1281 3604 1602 3661 Constantia
1629 3609 1838 3677 regina,
1865 3623 1973 3663 una
2009 3623 2136 3663 cum

552 3692 662 3750 ﬁlio
690 3693 915 3767 Ilugone
938 3697 1164 3768 parvulo
1195 3697 1334 3755 Tillo
1361 3709 1691 3756 remaneret.
1719 3699 1874 3767 Quod
1899 3708 1957 3755 ut
1977 3699 2137 3755 Berta

549 3787 760 3856 regina,
801 3787 1003 3844 dudum
1029 3805 1195 3846 causa
1231 3792 1722 3863 consanguinitatis
1757 3805 1788 3847 a
1813 3806 1942 3863 rege
1982 3807 2142 3862 repu-

551 3879 719 3950 diata,
753 3881 1038 3951 comperit,
1082 3893 1372 3953 prosecuta
1401 3891 1488 3940 est
1525 3897 1670 3951 eum,
1709 3897 1934 3956 sperans
1977 3897 2038 3939 se
2065 3882 2142 3937 l‘a-

549 3972 804 4032 ventibus
854 3973 924 4029 ad
979 3974 1082 4031 hoc
1147 3975 1474 4046 quibusdam
1531 3976 1728 4033 aulicis
1793 3977 1937 4048 regis
1979 3975 2137 4046 jussu

550 4061 851 4133 apostolico
913 4065 1124 4121 restitui
1192 4074 1312 4122 toro
1372 4067 1524 4139 regio
1569 4086 1583 4123 :
1624 4066 1768 4124 unde
1817 4066 2140 4124 Constantia

553 4154 738 4226 regina
767 4156 963 4212 timens
992 4172 1051 4214 se
1094 4159 1334 4214 amoveri
1367 4175 1394 4214 a
1434 4160 1583 4230 regio
1626 4159 1820 4227 latere,
1859 4159 2142 4216 inenarra-

554 4243 647 4299 bili
678 4246 1032 4304 detinebatur
1072 4263 1330 4304 maerore.
1378 4249 1509 4317 Qua:
1537 4251 1665 4306 dum
1713 4259 1872 4307 nocte
1904 4252 2139 4321 quadam

561 4332 629 4386 ad
686 4334 792 4390 hoc
848 4336 1034 4392 nimiis
1097 4339 1487 4410 cogitationum
1545 4339 1865 4396 tumultibus
1920 4340 2135 4411 pulsata

555 4423 930 4492 obdormiret,
1005 4431 1256 4501 apparuit
1309 4431 1360 4488 ei
1409 4446 1508 4502 per
1557 4433 1734 4488 visum
1784 4433 2140 4490 inenarrabili

557 4513 806 4573 claritate
852 4518 1222 4578 circumdatus
1271 4523 1494 4592 quidam
1544 4526 1804 4595 angelicis
1853 4528 2145 4584 decoratus

559 4606 732 4674 canis,
801 4609 854 4664 in
909 4613 1232 4670 sacerdotali
1299 4616 1508 4683 habitu,
1554 4618 1764 4690 virgam
1816 4620 2142 4690 pastoralem

558 4711 780 4773 gestans
808 4718 996 4760 manu.
1029 4705 1200 4772 Quem
1239 4709 1414 4765 nimio
1457 4710 1650 4766 timore
1684 4712 1976 4781 perterrita
2018 4713 2144 4768 dum

559 4796 863 4868 requireret
895 4799 1145 4870 quisnam
1184 4811 1348 4870 esset,
1399 4803 1635 4860 intonuit
1675 4819 1735 4860 se
1774 4802 2149 4874 fore-episco—

559 4899 781 4960 pum,et
807 4893 1064 4963 appellari
1095 4894 1472 4962 Saviuianum,
1493 4898 1582 4953 cui
1611 4907 1666 4954 et
1686 4898 1854 4954 dixit:
1876 4898 2150 4953 Constans

563 4990 682 5035 esto
727 4982 1079 5052 Constantia;
1130 4989 1255 5058 quia
1299 4989 1408 5046 Deo
1453 4991 1684 5062 propitia
1727 4990 1952 5046 liberata
1991 5004 2052 5044 es
2082 4991 2148 5041 ab

564 5071 866 5132 imminenti
903 5079 1143 5134 tristitia.
1183 5080 1278 5136 Illa
1315 5098 1447 5138 vero
1495 5084 1562 5140 de
1609 5093 1716 5139 tam
1755 5082 2014 5154 praeclara
2065 5079 2150 5133 vi-

563 5163 716 5219 sione
750 5171 1057 5236 perterrita,
1090 5170 1235 5227 facto
1267 5188 1445 5239 mane,
1479 5175 1647 5244 ccepit
1677 5170 2152 5244 inquirere-solli-a

567 5255 673 5308 cite
717 5273 746 5312 a
792 5262 1274 5320 circumstantibus
1330 5265 1545 5320 clericis
1597 5267 1642 5320 si
1698 5266 1806 5321 illis
1855 5267 1912 5319 in
1973 5264 2152 5332 regio-

2169 4382 2218 4442 D

2229 1771 2413 1841 regius
2443 1777 2570 1825 ante
2587 1782 2836 1837 januam,
2864 1766 3122 1822 nuntians
3152 1765 3206 1819 in
3233 1763 3484 1835 proximo
3511 1760 3825 1816 adfuturam

2231 1865 2347 1934 ejus
2376 1866 2727 1936 prtesentiam
2746 1903 2760 1926 ,
2787 1863 2878 1933 qui
2922 1862 3033 1916 Deo
3063 1845 3295 1915 (lucente
3323 1856 3558 1928 propriis
3605 1852 3829 1908 sedibus

2233 1957 2541 2023 restitutus,
2571 1963 2628 2010 ut
2680 1953 3031 2009 voracissima
3081 1950 3478 2022 approbaretur
3531 1943 3828 2016 promissio

2233 2047 2515 2116 martyris,
2545 2045 2806 2115 deinceps
2831 2042 3104 2113 propriam
3133 2038 3419 2109 coniugem
3455 2036 3632 2106 magis
3659 2048 3825 2104 quam

2233 2148 2461 2194 eatenus
2489 2137 2701 2202 dilexit,
2735 2144 2790 2191 et
2815 2135 2917 2191 sub
2946 2133 3063 2203 ejus
3097 2142 3232 2187 nutu
3254 2130 3436 2186 omnia
3465 2129 3590 2199 jura
3623 2125 3828 2198 regalia

2233 2237 2302 2286 et.
2329 2241 2667 2298 quaecunque
2702 2225 2992 2297 possidere
3021 2223 3323 2301 _videbalur
3371 2233 3595 2274 manere
3642 2217 3832 2285 dispo-

2235 2316 2364 2372 suit.
2413 2315 2519 2372 Sed
2569 2315 2660 2370 illa
2708 2313 2932 2369 minime
2963 2311 3130 2368 oblita
3179 2307 3560 2380 promissionis
3608 2305 3826 2364 sancti.

2234 2418 2489 2480 satagere
2532 2409 2715 2479 cmpit-
2749 2407 3004 2478 qualiterr
3048 2411 3413 2460 exornaretur
3455 2414 3656 2470 corpus
3712 2396 3831 2466 ejus

2235 2501 2466 2572 gemmis
2515 2512 2569 2556 et
2617 2516 2775 2566 auro,
2823 2499 2967 2569 quod
3015 2497 3106 2553 diu
3156 2491 3718 2564 inclusum~plumbo,
3759 2488 3829 2541 ala

2237 2593 2478 2663 antiquis
2523 2590 3182 2664 patribus-absconditum
3214 2587 3394 2643 fuerat
3421 2585 3523 2640 sub
3576 2582 3744 2646 atrio,
3775 2587 3830 2634 et

2237 2685 2351 2756 regi
2413 2698 2709 2756 suggerens
2764 2696 2864 2737 sua
2915 2689 3064 2746 vota,
3112 2680 3225 2735 Deo
3259 2675 3579 2738 auxiliante,
3636 2672 3706 2726 ad
3761 2684 3831 2724 ea

2239 2778 2507 2850 intplenda
2558 2783 2810 2847 paratum
2860 2773 3010 2829 illum
3068 2771 3276 2827 invenit
3319 2783 3417 2840 per
3462 2765 3670 2822 omnia.
3725 2762 3834 2830 Qui

2239 2869 2550 2926 accersiens
2606 2866 2959 2922 Odorannum
3017 2861 3260 2933 ejusdem
3313 2858 3416 2916 loci
3470 2853 3828 2915 monachum,

2241 2959 2334 3030 qui
2364 2960 2433 3017 ad
2466 2959 2568 3014 hoc
2615 2971 2750 3028 opus
2801 2951 3194 3027 perliciendum
3239 2948 3525 3004 videbatur
3571 2944 3830 3005 idoneus,

2241 3051 2517 3110 commisit
2546 3064 2652 3108 una
2684 3062 2808 3104 cum
2839 3044 3026 3116 regina
3075 3040 3195 3111 ejus
3233 3038 3359 3095 ﬁdei
3402 3046 3570 3093 tantae
3601 3033 3832 3106 pietatis

2241 3159 2398 3215 opus.
2427 3123 2702 3198 Dederunt
2727 3139 2889 3210 igitur
2921 3134 3156 3192 Senonis
3181 3133 3236 3188 in
3264 3130 3455 3202 primis
3485 3143 3582 3198 per
3604 3139 3828 3181 manum

2241 3234 2506 3292 Waldrici
2538 3231 2816 3306 praepositi
2863 3227 3072 3300 argenti
3117 3226 3252 3282 meri
3298 3223 3464 3278 libras
3495 3237 3580 3286 tv;
3633 3217 3832 3306 deinde

2243 3326 2489 3384 Senones
2541 3305 2642 3394 per
2683 3335 2905 3378 manum
2958 3316 3218 3374 Willelmi
3256 3310 3573 3370 cubicularii
3614 3305 3833 3379 argenti

2241 3418 2378 3476 meri
2401 3414 2607 3474 solidos
2633 3429 2723 3470 ιν.
2769 3412 2964 3468 Postea
3001 3409 3271 3465 miserunt
3305 3418 3405 3475 per
3435 3416 3657 3457 manum
3689 3398 3836 3455 Odo-

2241 3511 2329 3565 nis
2358 3506 2599 3578 Paratgii
2639 3503 2862 3574 argenti.
2883 3501 3016 3557 meri
3050 3497 3252 3555 solidos
3295 3509 3522 3557 xxxv";
3561 3490 3834 3544 miserunt

2240 3601 2406 3663 etiam
2436 3599 2504 3655 ad
2548 3597 2792 3654 Parisius
2839 3609 2938 3666 per
2983 3605 3202 3648 manum
3252 3584 3527 3644 Odoranni
3579 3579 3837 3638 monachi

2243 3693 2362 3750 auri
2395 3692 2600 3749 solidos
2627 3706 2764 3758 xvu,
2801 3697 2858 3745 ct
2893 3685 3147 3744 denarios
3193 3698 3313 3747 rm,
3343 3689 3399 3737 et
3425 3692 3673 3751 gemmas
3712 3688 3836 3744 pre-

2244 3787 2588 3843 tiosissimas.
2640 3783 2736 3839 His
2787 3781 2860 3837 ita
2912 3776 3165 3850 patratis,
3210 3780 3384 3829 restat
3430 3769 3509 3824 uti
3561 3764 3835 3820 mirabilia

2242 3877 2362 3943 Dei,
2390 3892 2512 3947 qua:
2539 3876 2604 3932 in
2626 3874 2854 3930 fabricis
2878 3871 3042 3940 hujus
3077 3865 3275 3938 operis.
3300 3861 3584 3930 oculisque
3628 3856 3852 3912 nostris~

2243 3969 2515 4034 vidimus,
2579 3973 2635 4022 et
2689 3981 2753 4022 ex
2819 3972 2976 4036 parte
3033 3959 3292 4016 manibus
3348 3949 3836 4012 contrectavimus,

2243 4059 2452 4117 Christi
2509 4060 2766 4116 ﬁdelibus
2814 4057 3132 4113 intimemus
3163 4066 3178 4107 :
3209 4065 3332 4122 qua:
3382 4043 3606 4102 silentio
3651 4051 3840 4114 tegere

2245 4155 2454 4212 crimen
2485 4161 2570 4211 est
2599 4152 2914 4209 admittere.

2243 4265 2372 4324 CAP.
2394 4264 2606 4321 XXVII.
2638 4263 2713 4318 De
2743 4260 3018 4318 Odoranni
3047 4255 3292 4313 monachi
3311 4250 3630 4327 profectione
3655 4248 3728 4327 at!
3742 4263 3841 4327 pa;

2314 4318 2526 4404 latium,
2545 4318 2602 4391 et
2631 4351 2763 4390 auro
2788 4334 2852 4388 ab
2897 4332 3078 4402 regina
3107 4318 3320 4397 accepto
3366 4318 3419 4378 in
3449 4336 3624 4392 capue
3672 4318 3842 4389 [abri-

2321 4425 2459 4463 cam.

2321 4519 2492 4590 Igitur
2520 4525 2818 4587 occupatus
2867 4528 2961 4569 rex
3010 4511 3181 4567 variis
3223 4506 3408 4564 saeculi
3455 4503 3624 4568 curis,
3665 4499 3840 4556 inter-

2253 4611 2403 4667 misit
2427 4607 2826 4680 aliqnantulnm
2845 4607 2912 4660 ad
2937 4603 3330 4660 monasterium
3356 4599 3572 4653 mittere
3591 4601 3845 4662 sumptus

2255 4706 2417 4777 erepti
2445 4704 2648 4774 operis.
2681 4699 3098 4771 Tranquillitate
3139 4709 3270 4751 vero
3300 4698 3573 4764 percepta,
3607 4684 3843 4777 manda-

2253 4775 2449 4866 vit'per
2469 4793 2848 4850 Fraucolinum
2865 4791 2975 4860 jam
2999 4789 3145 4846 dicto
3167 4785 3323 4842 fratri
3353 4792 3410 4838 ut
3435 4780 3654 4837 concito
3673 4775 3842 4847 gradu
3871 4813 3920 4857 μ

2255 4889 2466 4946 veniret
2492 4887 2652 4942 Druis
2680 4885 2748 4939 ad
2777 4883 3181 4954 suscipiendum
3206 4891 3408 4934 munus
3432 4872 3632 4944 aperis.
3659 4869 3727 4925 At
3758 4866 3846 4922 ille

2241 4977 2560 5047 ‘vespertina
2594 4974 2787 5046 synaxi
2817 4973 3052 5042 expleta,
3085 4980 3164 5034 et,
3197 4977 3256 5023 ut
3283 4981 3401 5022 mos
3424 4960 3844 5020 estunonacbis,

2255 5079 2510 5141 percepta
2541 5065 2918 5122 benedictione
2945 5061 3178 5128 abbatis,
3211 5059 3291 5112 ire
3318 5055 3563 5126 perrexit
3588 5054 3656 5105 ad
3683 5064 3847 5141 cacu-

2260 5139 2405 5216 mina
2433 5158 2691 5214 Drucnsis
2719 5157 2796 5227 (9)
2824 5156 3024 5211 Castri.
3083 5151 3320 5207 Veniens
3361 5161 3493 5203 vero
3545 5151 3669 5215 post
3717 5139 3848 5194 solis

2261 5268 2514 5310 occasum
2541 5251 2607 5305 ad
2661 5259 2862 5304 sanctae
2891 5246 3166 5303 Columba:
3197 5251 3436 5314 portum,
3470 5230 3852 5293 transfretavit

2845 5341 2875 5358 η
2955 5342 2966 5354 α
3140 5350 3359 5358 _-_-__--..
3410 5330 3686 5358 ..-..ι..ι.....
3717 5324 3848 5358 ιρι-ις-
