  <div class='ocr_page' id='page_1' title='image "/cluster/home/n/w/nwhite01/storage/ocr_20150623/142/hvd.32044015471808/404.png"; bbox 0 0 4116 5358; ppageno 0'>
   <div class='ocr_carea' id='block_1_1' title="bbox 258 300 364 356">
    <p class='ocr_par' dir='ltr' id='par_1_1' title="bbox 258 300 364 356">
     <span class='ocr_line' id='line_1_1' title="bbox 258 300 364 356; baseline -0.028 0"><span class='ocrx_word' id='word_1_1' title='bbox 258 300 364 356; x_wconf 74' lang='grc' dir='ltr'><strong>ππ</strong></span> 
     </span>
    </p>
   </div>
   <div class='ocr_carea' id='block_1_2' title="bbox 1074 298 2786 369">
    <p class='ocr_par' dir='ltr' id='par_1_2' title="bbox 1074 298 2786 369">
     <span class='ocr_line' id='line_1_2' title="bbox 1074 298 2786 369; baseline -0.001 -10"><span class='ocrx_word' id='word_1_2' title='bbox 1074 305 1161 360; x_wconf 89' lang='lat' dir='ltr'><strong>DE</strong></span> <span class='ocrx_word' id='word_1_3' title='bbox 1200 301 1589 360; x_wconf 60' lang='lat' dir='ltr'><strong>TRANSLAT.</strong></span> <span class='ocrx_word' id='word_1_4' title='bbox 1630 302 1728 357; x_wconf 87' lang='lat' dir='ltr'><strong>SS.</strong></span> <span class='ocrx_word' id='word_1_5' title='bbox 1772 298 2135 365; x_wconf 64' lang='lat' dir='ltr'><strong>SAVINIANI,</strong></span> <span class='ocrx_word' id='word_1_6' title='bbox 2163 300 2600 369; x_wconf 76' lang='lat' dir='ltr'><strong>POTENTIANI,</strong></span> <span class='ocrx_word' id='word_1_7' title='bbox 2636 303 2786 358; x_wconf 86' lang='lat' dir='ltr'><strong>ETC.</strong></span> 
     </span>
    </p>
   </div>
   <div class='ocr_carea' id='block_1_3' title="bbox 3422 305 3535 361">
    <p class='ocr_par' dir='ltr' id='par_1_3' title="bbox 3422 305 3535 361">
     <span class='ocr_line' id='line_1_3' title="bbox 3422 305 3535 361; baseline 0 0"><span class='ocrx_word' id='word_1_8' title='bbox 3422 305 3535 361; x_wconf 77' lang='lat'><strong>798</strong></span> 
     </span>
    </p>
   </div>
   <div class='ocr_carea' id='block_1_4' title="bbox 256 394 3528 485">
    <p class='ocr_par' dir='ltr' id='par_1_4' title="bbox 256 394 3528 485">
     <span class='ocr_line' id='line_1_4' title="bbox 256 394 3528 485; baseline 0 -18"><span class='ocrx_word' id='word_1_9' title='bbox 256 411 636 467; x_wconf 87' lang='lat' dir='ltr'><strong>illustrabatur</strong></span> <span class='ocrx_word' id='word_1_10' title='bbox 666 412 797 468; x_wconf 87' lang='lat' dir='ltr'><strong>vidit</strong></span> <span class='ocrx_word' id='word_1_11' title='bbox 825 413 1093 483; x_wconf 86' lang='lat' dir='ltr'><strong>quoddam</strong></span> <span class='ocrx_word' id='word_1_12' title='bbox 1145 414 1292 469; x_wconf 90' lang='lat' dir='ltr'><strong>sidus</strong></span> <span class='ocrx_word' id='word_1_13' title='bbox 1328 394 1624 485; x_wconf 72' lang='lat' dir='ltr'><strong>exsurgere</strong></span> <span class='ocrx_word' id='word_1_14' title='bbox 1670 427 1734 467; x_wconf 87' lang='lat' dir='ltr'><strong>eo</strong></span> <span class='ocrx_word' id='word_1_15' title='bbox 1783 413 1833 467; x_wconf 88' lang='lat' dir='ltr'><strong>in</strong></span> <span class='ocrx_word' id='word_1_16' title='bbox 1866 416 1913 475; x_wconf 77' lang='grc' dir='ltr'>Α</span> <span class='ocrx_word' id='word_1_17' title='bbox 1940 408 2069 465; x_wconf 68' lang='grc' dir='ltr'><strong>Ωιτ).</strong></span> <span class='ocrx_word' id='word_1_18' title='bbox 2108 408 2339 465; x_wconf 73' lang='lat' dir='ltr'><strong>XXVIII.</strong></span> <span class='ocrx_word' id='word_1_19' title='bbox 2364 411 2448 485; x_wconf 81' lang='lat' dir='ltr'><strong>De</strong></span> <span class='ocrx_word' id='word_1_20' title='bbox 2474 412 2942 485; x_wconf 68' lang='lat' dir='ltr'><strong>sam-ti_Saeiniam</strong></span> <span class='ocrx_word' id='word_1_21' title='bbox 2972 413 3400 485; x_wconf 76' lang='lat' dir='ltr'><strong>translatione,ct</strong></span> <span class='ocrx_word' id='word_1_22' title='bbox 3430 417 3528 470; x_wconf 84' lang='lat' dir='ltr'><strong>mi-</strong></span> 
     </span>
    </p>
   </div>
   <div class='ocr_carea' id='block_1_5' title="bbox 255 506 1840 578">
    <p class='ocr_par' dir='ltr' id='par_1_5' title="bbox 255 506 1840 578">
     <span class='ocr_line' id='line_1_5' title="bbox 255 506 1840 578; baseline 0 -19"><span class='ocrx_word' id='word_1_23' title='bbox 255 507 376 563; x_wconf 88' lang='lat' dir='ltr'><strong>loco</strong></span> <span class='ocrx_word' id='word_1_24' title='bbox 406 520 520 576; x_wconf 90' lang='lat' dir='ltr'><strong>quo</strong></span> <span class='ocrx_word' id='word_1_25' title='bbox 546 506 734 562; x_wconf 70' lang='lat' dir='ltr'><strong>aestivo</strong></span> <span class='ocrx_word' id='word_1_26' title='bbox 763 516 1005 578; x_wconf 89' lang='lat' dir='ltr'><strong>tempore</strong></span> <span class='ocrx_word' id='word_1_27' title='bbox 1054 507 1187 563; x_wconf 90' lang='lat' dir='ltr'><strong>solet</strong></span> <span class='ocrx_word' id='word_1_28' title='bbox 1232 506 1420 563; x_wconf 89' lang='lat' dir='ltr'><strong>horam</strong></span> <span class='ocrx_word' id='word_1_29' title='bbox 1470 507 1577 561; x_wconf 90' lang='lat' dir='ltr'><strong>diei</strong></span> <span class='ocrx_word' id='word_1_30' title='bbox 1606 506 1840 576; x_wconf 80' lang='lat' dir='ltr'><strong>primam</strong></span> 
     </span>
    </p>
   </div>
   <div class='ocr_carea' id='block_1_6' title="bbox 256 596 1839 668">
    <p class='ocr_par' dir='ltr' id='par_1_6' title="bbox 256 596 1839 668">
     <span class='ocr_line' id='line_1_6' title="bbox 256 596 1839 668; baseline -0.002 -15"><span class='ocrx_word' id='word_1_31' title='bbox 256 598 337 653; x_wconf 87' lang='lat' dir='ltr'><strong>sol</strong></span> <span class='ocrx_word' id='word_1_32' title='bbox 369 599 748 654; x_wconf 86' lang='lat' dir='ltr'><strong>demonstrare</strong></span> <span class='ocrx_word' id='word_1_33' title='bbox 774 615 787 663; x_wconf 91' lang='lat'>;</span> <span class='ocrx_word' id='word_1_34' title='bbox 819 599 960 668; x_wconf 89' lang='lat' dir='ltr'><strong>quod</strong></span> <span class='ocrx_word' id='word_1_35' title='bbox 988 598 1243 654; x_wconf 86' lang='lat' dir='ltr'><strong>exsiliens</strong></span> <span class='ocrx_word' id='word_1_36' title='bbox 1274 600 1339 653; x_wconf 91' lang='lat' dir='ltr'><strong>de</strong></span> <span class='ocrx_word' id='word_1_37' title='bbox 1365 596 1448 653; x_wconf 90' lang='lat' dir='ltr'><strong>sui</strong></span> <span class='ocrx_word' id='word_1_38' title='bbox 1498 606 1651 652; x_wconf 89' lang='lat' dir='ltr'><strong>ortus</strong></span> <span class='ocrx_word' id='word_1_39' title='bbox 1698 597 1839 657; x_wconf 88' lang='lat' dir='ltr'><strong>loco.</strong></span> 
     </span>
    </p>
   </div>
   <div class='ocr_carea' id='block_1_7' title="bbox 253 688 1844 758">
    <p class='ocr_par' dir='ltr' id='par_1_7' title="bbox 253 688 1844 758">
     <span class='ocr_line' id='line_1_7' title="bbox 253 688 1844 758; baseline -0.001 -16"><span class='ocrx_word' id='word_1_40' title='bbox 253 690 461 744; x_wconf 86' lang='lat' dir='ltr'><strong>virtute</strong></span> <span class='ocrx_word' id='word_1_41' title='bbox 490 689 671 743; x_wconf 90' lang='lat' dir='ltr'><strong>divina</strong></span> <span class='ocrx_word' id='word_1_42' title='bbox 704 689 869 757; x_wconf 74' lang='lat' dir='ltr'><strong>erepit</strong></span> <span class='ocrx_word' id='word_1_43' title='bbox 895 688 1021 743; x_wconf 88' lang='lat' dir='ltr'><strong>ferri</strong></span> <span class='ocrx_word' id='word_1_44' title='bbox 1055 688 1315 744; x_wconf 76' lang='lat' dir='ltr'><strong>velociter</strong></span> <span class='ocrx_word' id='word_1_45' title='bbox 1342 703 1441 758; x_wconf 91' lang='lat' dir='ltr'><strong>per</strong></span> <span class='ocrx_word' id='word_1_46' title='bbox 1471 702 1615 749; x_wconf 87' lang='lat' dir='ltr'><strong>aera,</strong></span> <span class='ocrx_word' id='word_1_47' title='bbox 1655 696 1844 756; x_wconf 85' lang='lat' dir='ltr'><strong>petens</strong></span> 
     </span>
    </p>
   </div>
   <div class='ocr_carea' id='block_1_8' title="bbox 264 776 1843 848">
    <p class='ocr_par' dir='ltr' id='par_1_8' title="bbox 264 776 1843 848">
     <span class='ocr_line' id='line_1_8' title="bbox 264 776 1843 848; baseline -0.003 -15"><span class='ocrx_word' id='word_1_48' title='bbox 264 778 388 833; x_wconf 66' lang='lat' dir='ltr'><strong>cmli</strong></span> <span class='ocrx_word' id='word_1_49' title='bbox 420 778 781 833; x_wconf 73' lang='lat' dir='ltr'><strong>eminentiora</strong></span> <span class='ocrx_word' id='word_1_50' title='bbox 815 777 927 832; x_wconf 88' lang='lat' dir='ltr'><strong>loca</strong></span> <span class='ocrx_word' id='word_1_51' title='bbox 961 792 1097 847; x_wconf 88' lang='lat' dir='ltr'><strong>pene</strong></span> <span class='ocrx_word' id='word_1_52' title='bbox 1126 793 1297 847; x_wconf 89' lang='lat' dir='ltr'><strong>usque</strong></span> <span class='ocrx_word' id='word_1_53' title='bbox 1326 778 1394 831; x_wconf 91' lang='lat' dir='ltr'><strong>ad</strong></span> <span class='ocrx_word' id='word_1_54' title='bbox 1430 776 1558 831; x_wconf 90' lang='lat' dir='ltr'><strong>illud</strong></span> <span class='ocrx_word' id='word_1_55' title='bbox 1588 785 1843 848; x_wconf 89' lang='lat' dir='ltr'><strong>punctum</strong></span> 
     </span>
    </p>
   </div>
   <div class='ocr_carea' id='block_1_9' title="bbox 257 867 1845 939">
    <p class='ocr_par' dir='ltr' id='par_1_9' title="bbox 257 867 1845 939">
     <span class='ocr_line' id='line_1_9' title="bbox 257 867 1845 939; baseline -0.001 -17"><span class='ocrx_word' id='word_1_56' title='bbox 257 883 366 939; x_wconf 90' lang='lat' dir='ltr'><strong>quo</strong></span> <span class='ocrx_word' id='word_1_57' title='bbox 402 882 468 924; x_wconf 87' lang='lat' dir='ltr'><strong>ea</strong></span> <span class='ocrx_word' id='word_1_58' title='bbox 502 875 823 937; x_wconf 87' lang='lat' dir='ltr'><strong>tempestate</strong></span> <span class='ocrx_word' id='word_1_59' title='bbox 849 867 985 923; x_wconf 84' lang='lat' dir='ltr'><strong>solet</strong></span> <span class='ocrx_word' id='word_1_60' title='bbox 1004 868 1121 924; x_wconf 81' lang='lat' dir='ltr'><strong>fieri</strong></span> <span class='ocrx_word' id='word_1_61' title='bbox 1155 869 1286 923; x_wconf 90' lang='lat' dir='ltr'><strong>hora</strong></span> <span class='ocrx_word' id='word_1_62' title='bbox 1311 878 1487 923; x_wconf 86' lang='lat' dir='ltr'><strong>sexta.</strong></span> <span class='ocrx_word' id='word_1_63' title='bbox 1514 867 1685 934; x_wconf 90' lang='lat' dir='ltr'><strong>Quem</strong></span> <span class='ocrx_word' id='word_1_64' title='bbox 1717 882 1845 923; x_wconf 90' lang='lat' dir='ltr'><strong>cum</strong></span> 
     </span>
    </p>
   </div>
   <div class='ocr_carea' id='block_1_10' title="bbox 258 958 1851 1029">
    <p class='ocr_par' dir='ltr' id='par_1_10' title="bbox 258 958 1851 1029">
     <span class='ocr_line' id='line_1_10' title="bbox 258 958 1851 1029; baseline -0.001 -15"><span class='ocrx_word' id='word_1_65' title='bbox 258 958 520 1024; x_wconf 76' lang='lat' dir='ltr'><strong>famulus,</strong></span> <span class='ocrx_word' id='word_1_66' title='bbox 551 973 691 1029; x_wconf 88' lang='lat' dir='ltr'><strong>equo</strong></span> <span class='ocrx_word' id='word_1_67' title='bbox 722 970 1024 1029; x_wconf 68' lang='lat' dir='ltr'><strong>praeparato</strong></span> <span class='ocrx_word' id='word_1_68' title='bbox 1051 961 1135 1015; x_wconf 89' lang='lat' dir='ltr'><strong>cui</strong></span> <span class='ocrx_word' id='word_1_69' title='bbox 1165 960 1409 1015; x_wconf 83' lang='lat' dir='ltr'><strong>insedere</strong></span> <span class='ocrx_word' id='word_1_70' title='bbox 1440 959 1689 1025; x_wconf 74' lang='lat' dir='ltr'><strong>debebat,</strong></span> <span class='ocrx_word' id='word_1_71' title='bbox 1719 960 1851 1014; x_wconf 91' lang='lat' dir='ltr'><strong>hor-</strong></span> 
     </span>
    </p>
   </div>
   <div class='ocr_carea' id='block_1_11' title="bbox 262 1051 1848 1124">
    <p class='ocr_par' dir='ltr' id='par_1_11' title="bbox 262 1051 1848 1124">
     <span class='ocr_line' id='line_1_11' title="bbox 262 1051 1848 1124; baseline -0.001 -15"><span class='ocrx_word' id='word_1_72' title='bbox 262 1056 631 1124; x_wconf 89' lang='lat' dir='ltr'><strong>taretur,quia</strong></span> <span class='ocrx_word' id='word_1_73' title='bbox 661 1070 765 1110; x_wconf 86' lang='lat' dir='ltr'><strong>nox</strong></span> <span class='ocrx_word' id='word_1_74' title='bbox 798 1054 1138 1121; x_wconf 78' lang='lat' dir='ltr'><strong>imminebat,</strong></span> <span class='ocrx_word' id='word_1_75' title='bbox 1165 1064 1221 1109; x_wconf 93' lang='lat' dir='ltr'><strong>ut</strong></span> <span class='ocrx_word' id='word_1_76' title='bbox 1246 1053 1599 1110; x_wconf 81' lang='lat' dir='ltr'><strong>ascenderet:</strong></span> <span class='ocrx_word' id='word_1_77' title='bbox 1629 1051 1848 1108; x_wconf 84' lang='lat' dir='ltr'><strong>Sustine</strong></span> 
     </span>
    </p>
   </div>
   <div class='ocr_carea' id='block_1_12' title="bbox 260 1146 1848 1217">
    <p class='ocr_par' dir='ltr' id='par_1_12' title="bbox 260 1146 1848 1217">
     <span class='ocr_line' id='line_1_12' title="bbox 260 1146 1848 1217; baseline 0.001 -17"><span class='ocrx_word' id='word_1_78' title='bbox 260 1162 349 1201; x_wconf 89' lang='lat' dir='ltr'><strong>me</strong></span> <span class='ocrx_word' id='word_1_79' title='bbox 372 1146 673 1217; x_wconf 87' lang='lat' dir='ltr'><strong>paululum,</strong></span> <span class='ocrx_word' id='word_1_80' title='bbox 706 1146 900 1216; x_wconf 82' lang='lat' dir='ltr'><strong>inquit,</strong></span> <span class='ocrx_word' id='word_1_81' title='bbox 924 1155 978 1201; x_wconf 92' lang='lat' dir='ltr'><strong>et</strong></span> <span class='ocrx_word' id='word_1_82' title='bbox 1008 1147 1219 1203; x_wconf 85' lang='lat' dir='ltr'><strong>intuere</strong></span> <span class='ocrx_word' id='word_1_83' title='bbox 1246 1162 1367 1203; x_wconf 87' lang='lat' dir='ltr'><strong>cum</strong></span> <span class='ocrx_word' id='word_1_84' title='bbox 1399 1157 1489 1204; x_wconf 92' lang='lat' dir='ltr'><strong>tuo</strong></span> <span class='ocrx_word' id='word_1_85' title='bbox 1516 1146 1665 1203; x_wconf 89' lang='lat' dir='ltr'><strong>socio</strong></span> <span class='ocrx_word' id='word_1_86' title='bbox 1687 1146 1848 1201; x_wconf 77' lang='lat' dir='ltr'><strong>mira-</strong></span> 
     </span>
    </p>
   </div>
   <div class='ocr_carea' id='block_1_13' title="bbox 262 1236 1852 1307">
    <p class='ocr_par' dir='ltr' id='par_1_13' title="bbox 262 1236 1852 1307">
     <span class='ocr_line' id='line_1_13' title="bbox 262 1236 1852 1307; baseline 0.001 -16"><span class='ocrx_word' id='word_1_87' title='bbox 262 1236 390 1291; x_wconf 88' lang='lat' dir='ltr'><strong>bilia</strong></span> <span class='ocrx_word' id='word_1_88' title='bbox 422 1237 516 1293; x_wconf 85' lang='lat' dir='ltr'><strong>Dei</strong></span> <span class='ocrx_word' id='word_1_89' title='bbox 547 1252 667 1307; x_wconf 73' lang='lat' dir='ltr'><strong>quae</strong></span> <span class='ocrx_word' id='word_1_90' title='bbox 697 1238 966 1294; x_wconf 78' lang='lat' dir='ltr'><strong>hactenus</strong></span> <span class='ocrx_word' id='word_1_91' title='bbox 990 1254 1096 1293; x_wconf 93' lang='lat' dir='ltr'><strong>non</strong></span> <span class='ocrx_word' id='word_1_92' title='bbox 1133 1240 1263 1294; x_wconf 90' lang='lat' dir='ltr'><strong>vidi.</strong></span> <span class='ocrx_word' id='word_1_93' title='bbox 1303 1236 1422 1305; x_wconf 92' lang='lat' dir='ltr'><strong>Quo</strong></span> <span class='ocrx_word' id='word_1_94' title='bbox 1460 1237 1726 1293; x_wconf 91' lang='lat' dir='ltr'><strong>miraculo</strong></span> <span class='ocrx_word' id='word_1_95' title='bbox 1770 1237 1852 1292; x_wconf 61' lang='grc'><strong>1⁵³-</strong></span> 
     </span>
    </p>
   </div>
   <div class='ocr_carea' id='block_1_14' title="bbox 262 1330 1849 1402">
    <p class='ocr_par' dir='ltr' id='par_1_14' title="bbox 262 1330 1849 1402">
     <span class='ocr_line' id='line_1_14' title="bbox 262 1330 1849 1402; baseline 0.001 -18"><span class='ocrx_word' id='word_1_96' title='bbox 262 1330 396 1385; x_wconf 89' lang='lat' dir='ltr'><strong>muli</strong></span> <span class='ocrx_word' id='word_1_97' title='bbox 426 1331 668 1399; x_wconf 82' lang='lat' dir='ltr'><strong>attoniti,</strong></span> <span class='ocrx_word' id='word_1_98' title='bbox 718 1332 1029 1401; x_wconf 72' lang='lat' dir='ltr'><strong>ignorantes</strong></span> <span class='ocrx_word' id='word_1_99' title='bbox 1079 1331 1206 1401; x_wconf 89' lang='lat' dir='ltr'><strong>quid</strong></span> <span class='ocrx_word' id='word_1_100' title='bbox 1250 1330 1498 1402; x_wconf 66' lang='lat' dir='ltr'><strong>praesagii</strong></span> <span class='ocrx_word' id='word_1_101' title='bbox 1549 1330 1849 1402; x_wconf 65' lang='lat' dir='ltr'><strong>praeferret,</strong></span> 
     </span>
    </p>
   </div>
   <div class='ocr_carea' id='block_1_15' title="bbox 265 1423 1856 1495">
    <p class='ocr_par' dir='ltr' id='par_1_15' title="bbox 265 1423 1856 1495">
     <span class='ocr_line' id='line_1_15' title="bbox 265 1423 1856 1495; baseline 0.001 -18"><span class='ocrx_word' id='word_1_102' title='bbox 265 1423 550 1493; x_wconf 83' lang='lat' dir='ltr'><strong>signaculo</strong></span> <span class='ocrx_word' id='word_1_103' title='bbox 578 1424 756 1479; x_wconf 74' lang='lat' dir='ltr'><strong>crucis</strong></span> <span class='ocrx_word' id='word_1_104' title='bbox 786 1439 844 1479; x_wconf 88' lang='lat' dir='ltr'><strong>se</strong></span> <span class='ocrx_word' id='word_1_105' title='bbox 874 1424 1143 1490; x_wconf 91' lang='lat' dir='ltr'><strong>muniunt,</strong></span> <span class='ocrx_word' id='word_1_106' title='bbox 1181 1433 1235 1479; x_wconf 92' lang='lat' dir='ltr'><strong>et</strong></span> <span class='ocrx_word' id='word_1_107' title='bbox 1264 1424 1375 1479; x_wconf 88' lang='lat' dir='ltr'><strong>Deo</strong></span> <span class='ocrx_word' id='word_1_108' title='bbox 1426 1435 1721 1495; x_wconf 89' lang='lat' dir='ltr'><strong>sanctoque</strong></span> <span class='ocrx_word' id='word_1_109' title='bbox 1754 1423 1856 1480; x_wconf 84' lang='lat' dir='ltr'><strong>Sa-</strong></span> 
     </span>
    </p>
   </div>
   <div class='ocr_carea' id='block_1_16' title="bbox 263 1514 1855 1584">
    <p class='ocr_par' dir='ltr' id='par_1_16' title="bbox 263 1514 1855 1584">
     <span class='ocr_line' id='line_1_16' title="bbox 263 1514 1855 1584; baseline 0.002 -18"><span class='ocrx_word' id='word_1_110' title='bbox 263 1514 484 1569; x_wconf 84' lang='lat' dir='ltr'><strong>viniano</strong></span> <span class='ocrx_word' id='word_1_111' title='bbox 509 1514 773 1584; x_wconf 81' lang='lat' dir='ltr'><strong>pavefacti</strong></span> <span class='ocrx_word' id='word_1_112' title='bbox 808 1515 969 1569; x_wconf 89' lang='lat' dir='ltr'><strong>corde</strong></span> <span class='ocrx_word' id='word_1_113' title='bbox 999 1529 1057 1569; x_wconf 90' lang='lat' dir='ltr'><strong>se</strong></span> <span class='ocrx_word' id='word_1_114' title='bbox 1084 1515 1449 1569; x_wconf 90' lang='lat' dir='ltr'><strong>committunt.</strong></span> <span class='ocrx_word' id='word_1_115' title='bbox 1494 1514 1667 1570; x_wconf 85' lang='lat' dir='ltr'><strong>Stella</strong></span> <span class='ocrx_word' id='word_1_116' title='bbox 1719 1528 1855 1569; x_wconf 88' lang='lat' dir='ltr'><strong>vero</strong></span> 
     </span>
    </p>
   </div>
   <div class='ocr_carea' id='block_1_17' title="bbox 270 1603 1856 1674">
    <p class='ocr_par' dir='ltr' id='par_1_17' title="bbox 270 1603 1856 1674">
     <span class='ocr_line' id='line_1_17' title="bbox 270 1603 1856 1674; baseline 0.002 -17"><span class='ocrx_word' id='word_1_117' title='bbox 270 1604 323 1658; x_wconf 91' lang='lat' dir='ltr'><strong>in</strong></span> <span class='ocrx_word' id='word_1_118' title='bbox 354 1604 475 1660; x_wconf 91' lang='lat' dir='ltr'><strong>loco</strong></span> <span class='ocrx_word' id='word_1_119' title='bbox 496 1619 604 1673; x_wconf 92' lang='lat' dir='ltr'><strong>quo</strong></span> <span class='ocrx_word' id='word_1_120' title='bbox 624 1612 846 1659; x_wconf 81' lang='lat' dir='ltr'><strong>venerat</strong></span> <span class='ocrx_word' id='word_1_121' title='bbox 872 1603 1145 1672; x_wconf 89' lang='lat' dir='ltr'><strong>paululum</strong></span> <span class='ocrx_word' id='word_1_122' title='bbox 1170 1603 1429 1669; x_wconf 81' lang='lat' dir='ltr'><strong>substitit,</strong></span> <span class='ocrx_word' id='word_1_123' title='bbox 1456 1613 1509 1660; x_wconf 92' lang='lat' dir='ltr'><strong>et</strong></span> <span class='ocrx_word' id='word_1_124' title='bbox 1539 1604 1856 1674; x_wconf 76' lang='lat' dir='ltr'><strong>retrogrado</strong></span> 
     </span>
    </p>
   </div>
   <div class='ocr_carea' id='block_1_18' title="bbox 266 1696 1856 1767">
    <p class='ocr_par' dir='ltr' id='par_1_18' title="bbox 266 1696 1856 1767">
     <span class='ocr_line' id='line_1_18' title="bbox 266 1696 1856 1767; baseline 0.003 -19"><span class='ocrx_word' id='word_1_125' title='bbox 266 1710 434 1749; x_wconf 86' lang='lat' dir='ltr'><strong>cursu</strong></span> <span class='ocrx_word' id='word_1_126' title='bbox 463 1696 530 1749; x_wconf 90' lang='lat' dir='ltr'><strong>ad</strong></span> <span class='ocrx_word' id='word_1_127' title='bbox 561 1696 735 1751; x_wconf 92' lang='lat' dir='ltr'><strong>locum</strong></span> <span class='ocrx_word' id='word_1_128' title='bbox 772 1696 912 1751; x_wconf 90' lang='lat' dir='ltr'><strong>unde</strong></span> <span class='ocrx_word' id='word_1_129' title='bbox 938 1696 1172 1752; x_wconf 83' lang='lat' dir='ltr'><strong>venerat</strong></span> <span class='ocrx_word' id='word_1_130' title='bbox 1201 1696 1252 1766; x_wconf 82' lang='lat' dir='ltr'><strong>in</strong></span> <span class='ocrx_word' id='word_1_131' title='bbox 1290 1696 1450 1753; x_wconf 91' lang='lat' dir='ltr'><strong>unius</strong></span> <span class='ocrx_word' id='word_1_132' title='bbox 1481 1698 1628 1753; x_wconf 76' lang='lat' dir='ltr'><strong>hora:</strong></span> <span class='ocrx_word' id='word_1_133' title='bbox 1678 1698 1856 1767; x_wconf 90' lang='lat' dir='ltr'><strong>spatio</strong></span> 
     </span>
    </p>
   </div>
   <div class='ocr_carea' id='block_1_19' title="bbox 2226 483 3239 554">
    <p class='ocr_par' dir='ltr' id='par_1_19' title="bbox 2226 483 3239 554">
     <span class='ocr_line' id='line_1_19' title="bbox 2226 483 3239 554; baseline 0.002 -21"><span class='ocrx_word' id='word_1_134' title='bbox 2226 483 2418 535; x_wconf 80' lang='lat' dir='ltr'><strong>raculis</strong></span> <span class='ocrx_word' id='word_1_135' title='bbox 2448 500 2625 538; x_wconf 84' lang='lat' dir='ltr'><strong>coram</strong></span> <span class='ocrx_word' id='word_1_136' title='bbox 2647 483 2893 536; x_wconf 73' lang='lat' dir='ltr'><strong>Rotberto</strong></span> <span class='ocrx_word' id='word_1_137' title='bbox 2921 500 3035 554; x_wconf 80' lang='lat' dir='ltr'><strong>rege</strong></span> <span class='ocrx_word' id='word_1_138' title='bbox 3063 484 3239 552; x_wconf 75' lang='lat' dir='ltr'><strong>factis.</strong></span> 
     </span>
    </p>
   </div>
   <div class='ocr_carea' id='block_1_20' title="bbox 2017 593 3528 672">
    <p class='ocr_par' dir='ltr' id='par_1_20' title="bbox 2017 593 3528 672">
     <span class='ocr_line' id='line_1_20' title="bbox 2017 593 3528 672; baseline 0.007 -25"><span class='ocrx_word' id='word_1_139' title='bbox 2017 593 2298 664; x_wconf 81' lang='lat' dir='ltr'><strong>Deseripto</strong></span> <span class='ocrx_word' id='word_1_140' title='bbox 2329 594 2510 665; x_wconf 86' lang='lat' dir='ltr'><strong>itaque</strong></span> <span class='ocrx_word' id='word_1_141' title='bbox 2542 606 2799 667; x_wconf 86' lang='lat' dir='ltr'><strong>apparatu</strong></span> <span class='ocrx_word' id='word_1_142' title='bbox 2829 597 2938 651; x_wconf 86' lang='lat' dir='ltr'><strong>Deo</strong></span> <span class='ocrx_word' id='word_1_143' title='bbox 2970 597 3270 669; x_wconf 81' lang='lat' dir='ltr'><strong>dignissimi</strong></span> <span class='ocrx_word' id='word_1_144' title='bbox 3324 601 3528 672; x_wconf 87' lang='lat' dir='ltr'><strong>operis,</strong></span> 
     </span>
    </p>
   </div>
   <div class='ocr_carea' id='block_1_21' title="bbox 1946 687 3511 761">
    <p class='ocr_par' dir='ltr' id='par_1_21' title="bbox 1946 687 3511 761">
     <span class='ocr_line' id='line_1_21' title="bbox 1946 687 3511 761; baseline 0.008 -24"><span class='ocrx_word' id='word_1_145' title='bbox 1946 698 2121 755; x_wconf 82' lang='lat' dir='ltr'><strong>opera:</strong></span> <span class='ocrx_word' id='word_1_146' title='bbox 2152 687 2383 754; x_wconf 87' lang='lat' dir='ltr'><strong>pretium</strong></span> <span class='ocrx_word' id='word_1_147' title='bbox 2412 696 2493 741; x_wconf 89' lang='lat' dir='ltr'><strong>est</strong></span> <span class='ocrx_word' id='word_1_148' title='bbox 2530 688 2743 741; x_wconf 81' lang='lat' dir='ltr'><strong>exarari</strong></span> <span class='ocrx_word' id='word_1_149' title='bbox 2776 688 3093 743; x_wconf 87' lang='lat' dir='ltr'><strong>miraculum</strong></span> <span class='ocrx_word' id='word_1_150' title='bbox 3126 690 3410 761; x_wconf 76' lang='lat' dir='ltr'><strong>scriptura:</strong></span> <span class='ocrx_word' id='word_1_151' title='bbox 3441 710 3511 749; x_wconf 87' lang='lat' dir='ltr'><strong>vo</strong></span> 
     </span>
    </p>
   </div>
   <div class='ocr_carea' id='block_1_22' title="bbox 1950 776 3524 849">
    <p class='ocr_par' dir='ltr' id='par_1_22' title="bbox 1950 776 3524 849">
     <span class='ocr_line' id='line_1_22' title="bbox 1950 776 3524 849; baseline 0.007 -22"><span class='ocrx_word' id='word_1_152' title='bbox 1950 789 2096 829; x_wconf 86' lang='lat' dir='ltr'><strong>mere</strong></span> <span class='ocrx_word' id='word_1_153' title='bbox 2122 776 2263 845; x_wconf 86' lang='lat' dir='ltr'><strong>quod</strong></span> <span class='ocrx_word' id='word_1_154' title='bbox 2297 776 2389 830; x_wconf 90' lang='lat' dir='ltr'><strong>Dci</strong></span> <span class='ocrx_word' id='word_1_155' title='bbox 2425 777 2814 846; x_wconf 90' lang='lat' dir='ltr'><strong>onmipotentia</strong></span> <span class='ocrx_word' id='word_1_156' title='bbox 2874 778 3227 849; x_wconf 70' lang='lat' dir='ltr'><strong>prmsentibus</strong></span> <span class='ocrx_word' id='word_1_157' title='bbox 3267 782 3423 837; x_wconf 90' lang='lat' dir='ltr'><strong>nobis</strong></span> <span class='ocrx_word' id='word_1_158' title='bbox 3452 784 3524 839; x_wconf 81' lang='lat' dir='ltr'><strong>di-</strong></span> 
     </span>
    </p>
   </div>
   <div class='ocr_carea' id='block_1_23' title="bbox 1948 868 3501 943">
    <p class='ocr_par' dir='ltr' id='par_1_23' title="bbox 1948 868 3501 943">
     <span class='ocr_line' id='line_1_23' title="bbox 1948 868 3501 943; baseline 0.006 -24"><span class='ocrx_word' id='word_1_159' title='bbox 1948 877 2143 935; x_wconf 85' lang='lat' dir='ltr'><strong>gnatus</strong></span> <span class='ocrx_word' id='word_1_160' title='bbox 2171 877 2254 923; x_wconf 86' lang='lat' dir='ltr'><strong>est</strong></span> <span class='ocrx_word' id='word_1_161' title='bbox 2276 884 2437 939; x_wconf 88' lang='lat' dir='ltr'><strong>agere</strong></span> <span class='ocrx_word' id='word_1_162' title='bbox 2462 868 2517 923; x_wconf 91' lang='lat' dir='ltr'><strong>in</strong></span> <span class='ocrx_word' id='word_1_163' title='bbox 2549 871 2719 924; x_wconf 85' lang='lat' dir='ltr'><strong>sancti</strong></span> <span class='ocrx_word' id='word_1_164' title='bbox 2748 871 2998 941; x_wconf 84' lang='lat' dir='ltr'><strong>martyris</strong></span> <span class='ocrx_word' id='word_1_165' title='bbox 3022 872 3392 927; x_wconf 84' lang='lat' dir='ltr'><strong>translatione.</strong></span> <span class='ocrx_word' id='word_1_166' title='bbox 3421 873 3501 943; x_wconf 89' lang='lat' dir='ltr'><strong>Op</strong></span> 
     </span>
    </p>
   </div>
   <div class='ocr_carea' id='block_1_24' title="bbox 1951 959 3530 1036">
    <p class='ocr_par' dir='ltr' id='par_1_24' title="bbox 1951 959 3530 1036">
     <span class='ocr_line' id='line_1_24' title="bbox 1951 959 3530 1036; baseline 0.006 -23"><span class='ocrx_word' id='word_1_167' title='bbox 1951 968 2060 1013; x_wconf 88' lang='lat' dir='ltr'><strong>tata</strong></span> <span class='ocrx_word' id='word_1_168' title='bbox 2091 959 2401 1017; x_wconf 80' lang='lat' dir='ltr'><strong>festivitatis</strong></span> <span class='ocrx_word' id='word_1_169' title='bbox 2446 960 2562 1030; x_wconf 87' lang='lat' dir='ltr'><strong>ejus</strong></span> <span class='ocrx_word' id='word_1_170' title='bbox 2593 962 2729 1027; x_wconf 88' lang='lat' dir='ltr'><strong>dies,</strong></span> <span class='ocrx_word' id='word_1_171' title='bbox 2779 978 2883 1033; x_wconf 92' lang='lat' dir='ltr'><strong>qua</strong></span> <span class='ocrx_word' id='word_1_172' title='bbox 2915 964 2981 1019; x_wconf 85' lang='lat' dir='ltr'><strong>ab</strong></span> <span class='ocrx_word' id='word_1_173' title='bbox 3015 965 3254 1036; x_wconf 86' lang='lat' dir='ltr'><strong>antiquis</strong></span> <span class='ocrx_word' id='word_1_174' title='bbox 3283 966 3530 1022; x_wconf 88' lang='lat' dir='ltr'><strong>Patribus</strong></span> 
     </span>
    </p>
   </div>
   <div class='ocr_carea' id='block_1_25' title="bbox 1949 1049 3531 1122">
    <p class='ocr_par' dir='ltr' id='par_1_25' title="bbox 1949 1049 3531 1122">
     <span class='ocr_line' id='line_1_25' title="bbox 1949 1049 3531 1122; baseline 0.005 -17"><span class='ocrx_word' id='word_1_175' title='bbox 1949 1049 2065 1120; x_wconf 86' lang='lat' dir='ltr'><strong>ejus</strong></span> <span class='ocrx_word' id='word_1_176' title='bbox 2098 1050 2405 1107; x_wconf 77' lang='lat' dir='ltr'><strong>venerabile</strong></span> <span class='ocrx_word' id='word_1_177' title='bbox 2442 1066 2639 1122; x_wconf 87' lang='lat' dir='ltr'><strong>corpus</strong></span> <span class='ocrx_word' id='word_1_178' title='bbox 2688 1068 2794 1109; x_wconf 91' lang='lat' dir='ltr'><strong>una</strong></span> <span class='ocrx_word' id='word_1_179' title='bbox 2845 1068 2966 1109; x_wconf 91' lang='lat' dir='ltr'><strong>cum</strong></span> <span class='ocrx_word' id='word_1_180' title='bbox 2998 1056 3159 1113; x_wconf 91' lang='lat' dir='ltr'><strong>sociis</strong></span> <span class='ocrx_word' id='word_1_181' title='bbox 3203 1057 3255 1111; x_wconf 90' lang='lat' dir='ltr'><strong>in</strong></span> <span class='ocrx_word' id='word_1_182' title='bbox 3308 1057 3531 1113; x_wconf 86' lang='lat' dir='ltr'><strong>basilica</strong></span> 
     </span>
    </p>
   </div>
   <div class='ocr_carea' id='block_1_26' title="bbox 1950 1142 3532 1220">
    <p class='ocr_par' dir='ltr' id='par_1_26' title="bbox 1950 1142 3532 1220">
     <span class='ocr_line' id='line_1_26' title="bbox 1950 1142 3532 1220; baseline 0.005 -23"><span class='ocrx_word' id='word_1_183' title='bbox 1950 1143 2120 1198; x_wconf 84' lang='lat' dir='ltr'><strong>sancti</strong></span> <span class='ocrx_word' id='word_1_184' title='bbox 2151 1143 2295 1199; x_wconf 85' lang='lat' dir='ltr'><strong>Petri</strong></span> <span class='ocrx_word' id='word_1_185' title='bbox 2326 1142 2646 1199; x_wconf 89' lang='lat' dir='ltr'><strong>translatum</strong></span> <span class='ocrx_word' id='word_1_186' title='bbox 2674 1152 2776 1212; x_wconf 91' lang='lat' dir='ltr'><strong>est,</strong></span> <span class='ocrx_word' id='word_1_187' title='bbox 2809 1148 3275 1220; x_wconf 89' lang='lat' dir='ltr'><strong>appr0pinquabat</strong></span> <span class='ocrx_word' id='word_1_188' title='bbox 3302 1166 3315 1204; x_wconf 90' lang='lat'><strong>:</strong></span> <span class='ocrx_word' id='word_1_189' title='bbox 3349 1160 3402 1205; x_wconf 90' lang='lat' dir='ltr'><strong>et</strong></span> <span class='ocrx_word' id='word_1_190' title='bbox 3434 1164 3532 1205; x_wconf 80' lang='lat' dir='ltr'><strong>rex</strong></span> 
     </span>
    </p>
   </div>
   <div class='ocr_carea' id='block_1_27' title="bbox 1951 1234 3537 1314">
    <p class='ocr_par' dir='ltr' id='par_1_27' title="bbox 1951 1234 3537 1314">
     <span class='ocr_line' id='line_1_27' title="bbox 1951 1234 3537 1314; baseline 0.008 -26"><span class='ocrx_word' id='word_1_191' title='bbox 1951 1234 2340 1305; x_wconf 86' lang='lat' dir='ltr'><strong>aliquantulum</strong></span> <span class='ocrx_word' id='word_1_192' title='bbox 2372 1235 2606 1293; x_wconf 90' lang='lat' dir='ltr'><strong>Senonis</strong></span> <span class='ocrx_word' id='word_1_193' title='bbox 2632 1250 3001 1295; x_wconf 88' lang='lat' dir='ltr'><strong>commoratus</strong></span> <span class='ocrx_word' id='word_1_194' title='bbox 3054 1243 3233 1298; x_wconf 89' lang='lat' dir='ltr'><strong>redire</strong></span> <span class='ocrx_word' id='word_1_195' title='bbox 3279 1244 3537 1314; x_wconf 39' lang='lat' dir='ltr'><strong>dispone‘</strong></span> 
     </span>
    </p>
   </div>
   <div class='ocr_carea' id='block_1_28' title="bbox 1952 1324 3530 1404">
    <p class='ocr_par' dir='ltr' id='par_1_28' title="bbox 1952 1324 3530 1404">
     <span class='ocr_line' id='line_1_28' title="bbox 1952 1324 3530 1404; baseline 0.009 -26"><span class='ocrx_word' id='word_1_196' title='bbox 1952 1324 2045 1379; x_wconf 86' lang='lat' dir='ltr'><strong>bat</strong></span> <span class='ocrx_word' id='word_1_197' title='bbox 2072 1325 2343 1393; x_wconf 86' lang='lat' dir='ltr'><strong>Parisius;</strong></span> <span class='ocrx_word' id='word_1_198' title='bbox 2376 1329 2518 1383; x_wconf 85' lang='lat' dir='ltr'><strong>unde</strong></span> <span class='ocrx_word' id='word_1_199' title='bbox 2559 1344 2760 1385; x_wconf 85' lang='lat' dir='ltr'><strong>vocans</strong></span> <span class='ocrx_word' id='word_1_200' title='bbox 2790 1331 3253 1404; x_wconf 87' lang='lat' dir='ltr'><strong>archiepiscopum</strong></span> <span class='ocrx_word' id='word_1_201' title='bbox 3300 1334 3530 1391; x_wconf 83' lang='lat' dir='ltr'><strong>Leothe-</strong></span> 
     </span>
    </p>
   </div>
   <div class='ocr_carea' id='block_1_29' title="bbox 1954 1418 3533 1492">
    <p class='ocr_par' dir='ltr' id='par_1_29' title="bbox 1954 1418 3533 1492">
     <span class='ocr_line' id='line_1_29' title="bbox 1954 1418 3533 1492; baseline 0.006 -19"><span class='ocrx_word' id='word_1_202' title='bbox 1954 1418 2150 1484; x_wconf 83' lang='lat' dir='ltr'><strong>ricum,</strong></span> <span class='ocrx_word' id='word_1_203' title='bbox 2186 1419 2465 1476; x_wconf 88' lang='lat' dir='ltr'><strong>humiliter</strong></span> <span class='ocrx_word' id='word_1_204' title='bbox 2490 1421 2786 1492; x_wconf 85' lang='lat' dir='ltr'><strong>postulavit</strong></span> <span class='ocrx_word' id='word_1_205' title='bbox 2819 1432 2877 1479; x_wconf 92' lang='lat' dir='ltr'><strong>ut</strong></span> <span class='ocrx_word' id='word_1_206' title='bbox 2918 1426 3309 1481; x_wconf 88' lang='lat' dir='ltr'><strong>monasterium</strong></span> <span class='ocrx_word' id='word_1_207' title='bbox 3360 1428 3533 1483; x_wconf 89' lang='lat' dir='ltr'><strong>adiret</strong></span> 
     </span>
    </p>
   </div>
   <div class='ocr_carea' id='block_1_30' title="bbox 1954 1511 3535 1587">
    <p class='ocr_par' dir='ltr' id='par_1_30' title="bbox 1954 1511 3535 1587">
     <span class='ocr_line' id='line_1_30' title="bbox 1954 1511 3535 1587; baseline 0.006 -22"><span class='ocrx_word' id='word_1_208' title='bbox 1954 1518 2009 1565; x_wconf 88' lang='lat' dir='ltr'><strong>et</strong></span> <span class='ocrx_word' id='word_1_209' title='bbox 2038 1511 2211 1565; x_wconf 86' lang='lat' dir='ltr'><strong>sancti</strong></span> <span class='ocrx_word' id='word_1_210' title='bbox 2261 1513 2516 1583; x_wconf 84' lang='lat' dir='ltr'><strong>martyris</strong></span> <span class='ocrx_word' id='word_1_211' title='bbox 2560 1529 2757 1585; x_wconf 90' lang='lat' dir='ltr'><strong>corpus</strong></span> <span class='ocrx_word' id='word_1_212' title='bbox 2806 1516 2872 1571; x_wconf 89' lang='lat' dir='ltr'><strong>de</strong></span> <span class='ocrx_word' id='word_1_213' title='bbox 2919 1514 3106 1572; x_wconf 90' lang='lat' dir='ltr'><strong>locello</strong></span> <span class='ocrx_word' id='word_1_214' title='bbox 3154 1515 3427 1587; x_wconf 90' lang='lat' dir='ltr'><strong>plumbeo,</strong></span> <span class='ocrx_word' id='word_1_215' title='bbox 3482 1519 3535 1573; x_wconf 90' lang='lat' dir='ltr'><strong>in</strong></span> 
     </span>
    </p>
   </div>
   <div class='ocr_carea' id='block_1_31' title="bbox 1957 1601 3536 1675">
    <p class='ocr_par' dir='ltr' id='par_1_31' title="bbox 1957 1601 3536 1675">
     <span class='ocr_line' id='line_1_31' title="bbox 1957 1601 3536 1675; baseline 0.006 -21"><span class='ocrx_word' id='word_1_216' title='bbox 1957 1615 2064 1670; x_wconf 90' lang='lat' dir='ltr'><strong>quo</strong></span> <span class='ocrx_word' id='word_1_217' title='bbox 2090 1601 2158 1655; x_wconf 87' lang='lat' dir='ltr'><strong>ab</strong></span> <span class='ocrx_word' id='word_1_218' title='bbox 2184 1602 2423 1671; x_wconf 85' lang='lat' dir='ltr'><strong>antiquis</strong></span> <span class='ocrx_word' id='word_1_219' title='bbox 2449 1602 2699 1658; x_wconf 89' lang='lat' dir='ltr'><strong>Patribus</strong></span> <span class='ocrx_word' id='word_1_220' title='bbox 2738 1605 2972 1674; x_wconf 92' lang='lat' dir='ltr'><strong>positum</strong></span> <span class='ocrx_word' id='word_1_221' title='bbox 3019 1608 3214 1675; x_wconf 82' lang='lat' dir='ltr'><strong>fuerat,</strong></span> <span class='ocrx_word' id='word_1_222' title='bbox 3271 1608 3326 1663; x_wconf 89' lang='lat' dir='ltr'><strong>in</strong></span> <span class='ocrx_word' id='word_1_223' title='bbox 3371 1623 3536 1665; x_wconf 88' lang='lat' dir='ltr'><strong>aurea</strong></span> 
     </span>
    </p>
   </div>
   <div class='ocr_carea' id='block_1_32' title="bbox 1958 1692 3535 1765">
    <p class='ocr_par' dir='ltr' id='par_1_32' title="bbox 1958 1692 3535 1765">
     <span class='ocr_line' id='line_1_32' title="bbox 1958 1692 3535 1765; baseline 0.006 -19"><span class='ocrx_word' id='word_1_224' title='bbox 1958 1706 2121 1761; x_wconf 86' lang='lat' dir='ltr'><strong>capsa</strong></span> <span class='ocrx_word' id='word_1_225' title='bbox 2150 1707 2313 1763; x_wconf 87' lang='lat' dir='ltr'><strong>quam</strong></span> <span class='ocrx_word' id='word_1_226' title='bbox 2337 1692 2414 1749; x_wconf 87' lang='lat' dir='ltr'><strong>illi</strong></span> <span class='ocrx_word' id='word_1_227' title='bbox 2440 1702 2723 1763; x_wconf 90' lang='lat' dir='ltr'><strong>paraverat</strong></span> <span class='ocrx_word' id='word_1_228' title='bbox 2742 1704 3138 1765; x_wconf 88' lang='lat' dir='ltr'><strong>transponeret.</strong></span> <span class='ocrx_word' id='word_1_229' title='bbox 3169 1696 3243 1752; x_wconf 81' lang='lat' dir='ltr'><strong>At</strong></span> <span class='ocrx_word' id='word_1_230' title='bbox 3274 1699 3360 1754; x_wconf 88' lang='lat' dir='ltr'><strong>ille</strong></span> <span class='ocrx_word' id='word_1_231' title='bbox 3384 1708 3535 1755; x_wconf 88' lang='lat' dir='ltr'><strong>sexta</strong></span> 
     </span>
    </p>
   </div>
   <div class='ocr_carea' id='block_1_33' title="bbox 268 1768 3537 1862">
    <p class='ocr_par' dir='ltr' id='par_1_33' title="bbox 268 1768 3537 1862">
     <span class='ocr_line' id='line_1_33' title="bbox 268 1768 3537 1862; baseline 0.002 -22"><span class='ocrx_word' id='word_1_232' title='bbox 268 1787 468 1840; x_wconf 84' lang='lat' dir='ltr'><strong>iterum</strong></span> <span class='ocrx_word' id='word_1_233' title='bbox 500 1787 679 1842; x_wconf 86' lang='lat' dir='ltr'><strong>rediit.</strong></span> <span class='ocrx_word' id='word_1_234' title='bbox 719 1785 890 1853; x_wconf 89' lang='lat' dir='ltr'><strong>Quam</strong></span> <span class='ocrx_word' id='word_1_235' title='bbox 917 1801 1052 1856; x_wconf 88' lang='lat' dir='ltr'><strong>pene</strong></span> <span class='ocrx_word' id='word_1_236' title='bbox 1082 1801 1251 1856; x_wconf 90' lang='lat' dir='ltr'><strong>usque</strong></span> <span class='ocrx_word' id='word_1_237' title='bbox 1279 1787 1347 1842; x_wconf 86' lang='lat' dir='ltr'><strong>ad</strong></span> <span class='ocrx_word' id='word_1_238' title='bbox 1375 1788 1589 1842; x_wconf 91' lang='lat' dir='ltr'><strong>tertiam</strong></span> <span class='ocrx_word' id='word_1_239' title='bbox 1616 1787 1854 1858; x_wconf 74' lang='lat' dir='ltr'><strong>vigiliam</strong></span> <span class='ocrx_word' id='word_1_240' title='bbox 1889 1768 1934 1830; x_wconf 74' lang='grc' dir='ltr'><strong><em>Β</em></strong></span> <span class='ocrx_word' id='word_1_241' title='bbox 1960 1782 2120 1849; x_wconf 91' lang='lat' dir='ltr'><strong>feria,</strong></span> <span class='ocrx_word' id='word_1_242' title='bbox 2158 1785 2243 1839; x_wconf 91' lang='lat' dir='ltr'><strong>cui</strong></span> <span class='ocrx_word' id='word_1_243' title='bbox 2272 1786 2597 1842; x_wconf 85' lang='lat' dir='ltr'><strong>succedente</strong></span> <span class='ocrx_word' id='word_1_244' title='bbox 2625 1786 2713 1844; x_wconf 91' lang='lat' dir='ltr'><strong>die</strong></span> <span class='ocrx_word' id='word_1_245' title='bbox 2740 1787 3017 1844; x_wconf 90' lang='lat' dir='ltr'><strong>Dominica</strong></span> <span class='ocrx_word' id='word_1_246' title='bbox 3046 1788 3225 1844; x_wconf 90' lang='lat' dir='ltr'><strong>futura</strong></span> <span class='ocrx_word' id='word_1_247' title='bbox 3262 1792 3537 1862; x_wconf 71' lang='lat' dir='ltr'><strong>praestola-</strong></span> 
     </span>
    </p>
   </div>
   <div class='ocr_carea' id='block_1_34' title="bbox 266 1880 1857 1950">
    <p class='ocr_par' dir='ltr' id='par_1_34' title="bbox 266 1880 1857 1950">
     <span class='ocr_line' id='line_1_34' title="bbox 266 1880 1857 1950; baseline 0.003 -18"><span class='ocrx_word' id='word_1_248' title='bbox 266 1880 448 1936; x_wconf 88' lang='lat' dir='ltr'><strong>noctis</strong></span> <span class='ocrx_word' id='word_1_249' title='bbox 484 1880 938 1950; x_wconf 88' lang='lat' dir='ltr'><strong>contemplantes,</strong></span> <span class='ocrx_word' id='word_1_250' title='bbox 964 1895 1085 1934; x_wconf 90' lang='lat' dir='ltr'><strong>eam</strong></span> <span class='ocrx_word' id='word_1_251' title='bbox 1120 1880 1265 1935; x_wconf 92' lang='lat' dir='ltr'><strong>inter</strong></span> <span class='ocrx_word' id='word_1_252' title='bbox 1294 1891 1489 1936; x_wconf 67' lang='lat' dir='ltr'><strong>caetera</strong></span> <span class='ocrx_word' id='word_1_253' title='bbox 1521 1881 1700 1937; x_wconf 86' lang='lat' dir='ltr'><strong>sidera</strong></span> <span class='ocrx_word' id='word_1_254' title='bbox 1754 1882 1857 1936; x_wconf 86' lang='lat' dir='ltr'><strong>im-</strong></span> 
     </span>
    </p>
   </div>
   <div class='ocr_carea' id='block_1_35' title="bbox 266 1970 1859 2041">
    <p class='ocr_par' dir='ltr' id='par_1_35' title="bbox 266 1970 1859 2041">
     <span class='ocr_line' id='line_1_35' title="bbox 266 1970 1859 2041; baseline 0.003 -17"><span class='ocrx_word' id='word_1_255' title='bbox 266 1970 419 2041; x_wconf 91' lang='lat' dir='ltr'><strong>plere</strong></span> <span class='ocrx_word' id='word_1_256' title='bbox 479 1986 694 2026; x_wconf 84' lang='lat' dir='ltr'><strong>cursum</strong></span> <span class='ocrx_word' id='word_1_257' title='bbox 724 1971 940 2026; x_wconf 87' lang='lat' dir='ltr'><strong>solitum</strong></span> <span class='ocrx_word' id='word_1_258' title='bbox 978 1970 1231 2026; x_wconf 90' lang='lat' dir='ltr'><strong>viderunt</strong></span> <span class='ocrx_word' id='word_1_259' title='bbox 1257 1983 1503 2038; x_wconf 83' lang='lat' dir='ltr'><strong>ovantes,</strong></span> <span class='ocrx_word' id='word_1_260' title='bbox 1551 1983 1604 2028; x_wconf 89' lang='lat' dir='ltr'><strong>et</strong></span> <span class='ocrx_word' id='word_1_261' title='bbox 1633 1973 1772 2028; x_wconf 88' lang='lat' dir='ltr'><strong>inter</strong></span> <span class='ocrx_word' id='word_1_262' title='bbox 1802 1988 1859 2029; x_wconf 85' lang='lat' dir='ltr'><strong>se</strong></span> 
     </span>
    </p>
   </div>
   <div class='ocr_carea' id='block_1_36' title="bbox 269 2060 1859 2131">
    <p class='ocr_par' dir='ltr' id='par_1_36' title="bbox 269 2060 1859 2131">
     <span class='ocr_line' id='line_1_36' title="bbox 269 2060 1859 2131; baseline 0.001 -18"><span class='ocrx_word' id='word_1_263' title='bbox 269 2060 397 2130; x_wconf 85' lang='lat' dir='ltr'><strong>quid</strong></span> <span class='ocrx_word' id='word_1_264' title='bbox 428 2060 824 2116; x_wconf 77' lang='lat' dir='ltr'><strong>demonstraret</strong></span> <span class='ocrx_word' id='word_1_265' title='bbox 854 2060 1224 2126; x_wconf 85' lang='lat' dir='ltr'><strong>conferentes;</strong></span> <span class='ocrx_word' id='word_1_266' title='bbox 1249 2063 1446 2131; x_wconf 82' lang='lat' dir='ltr'><strong>quibus</strong></span> <span class='ocrx_word' id='word_1_267' title='bbox 1467 2061 1648 2116; x_wconf 89' lang='lat' dir='ltr'><strong>animo</strong></span> <span class='ocrx_word' id='word_1_268' title='bbox 1667 2077 1859 2116; x_wconf 82' lang='lat' dir='ltr'><strong>occur-</strong></span> 
     </span>
    </p>
   </div>
   <div class='ocr_carea' id='block_1_37' title="bbox 270 2150 1854 2223">
    <p class='ocr_par' dir='ltr' id='par_1_37' title="bbox 270 2150 1854 2223">
     <span class='ocr_line' id='line_1_37' title="bbox 270 2150 1854 2223; baseline 0.001 -19"><span class='ocrx_word' id='word_1_269' title='bbox 270 2150 344 2205; x_wconf 94' lang='lat' dir='ltr'><strong>rit</strong></span> <span class='ocrx_word' id='word_1_270' title='bbox 366 2151 511 2220; x_wconf 92' lang='lat' dir='ltr'><strong>quod</strong></span> <span class='ocrx_word' id='word_1_271' title='bbox 542 2161 778 2222; x_wconf 68' lang='lat' dir='ltr'><strong>emptum</strong></span> <span class='ocrx_word' id='word_1_272' title='bbox 818 2152 924 2207; x_wconf 86' lang='lat' dir='ltr'><strong>iter</strong></span> <span class='ocrx_word' id='word_1_273' title='bbox 966 2165 1227 2222; x_wconf 89' lang='lat' dir='ltr'><strong>prospero</strong></span> <span class='ocrx_word' id='word_1_274' title='bbox 1276 2168 1463 2223; x_wconf 74' lang='lat' dir='ltr'><strong>gressu</strong></span> <span class='ocrx_word' id='word_1_275' title='bbox 1513 2160 1854 2223; x_wconf 74' lang='lat' dir='ltr'><strong>peragerent,</strong></span> 
     </span>
    </p>
   </div>
   <div class='ocr_carea' id='block_1_38' title="bbox 272 2242 1852 2313">
    <p class='ocr_par' dir='ltr' id='par_1_38' title="bbox 272 2242 1852 2313">
     <span class='ocr_line' id='line_1_38' title="bbox 272 2242 1852 2313; baseline 0.001 -16"><span class='ocrx_word' id='word_1_276' title='bbox 272 2250 327 2297; x_wconf 89' lang='lat' dir='ltr'><strong>et</strong></span> <span class='ocrx_word' id='word_1_277' title='bbox 355 2243 572 2296; x_wconf 86' lang='lat' dir='ltr'><strong>demum</strong></span> <span class='ocrx_word' id='word_1_278' title='bbox 598 2242 703 2297; x_wconf 89' lang='lat' dir='ltr'><strong>voti</strong></span> <span class='ocrx_word' id='word_1_279' title='bbox 728 2250 1006 2313; x_wconf 89' lang='lat' dir='ltr'><strong>compotes</strong></span> <span class='ocrx_word' id='word_1_280' title='bbox 1034 2244 1245 2298; x_wconf 87' lang='lat' dir='ltr'><strong>coneite</strong></span> <span class='ocrx_word' id='word_1_281' title='bbox 1268 2244 1333 2297; x_wconf 91' lang='lat' dir='ltr'><strong>ad</strong></span> <span class='ocrx_word' id='word_1_282' title='bbox 1356 2244 1571 2299; x_wconf 91' lang='lat' dir='ltr'><strong>domum</strong></span> <span class='ocrx_word' id='word_1_283' title='bbox 1597 2246 1852 2299; x_wconf 84' lang='lat' dir='ltr'><strong>redirent.</strong></span> 
     </span>
    </p>
   </div>
   <div class='ocr_carea' id='block_1_39' title="bbox 275 2336 1856 2406">
    <p class='ocr_par' dir='ltr' id='par_1_39' title="bbox 275 2336 1856 2406">
     <span class='ocr_line' id='line_1_39' title="bbox 275 2336 1856 2406; baseline 0.002 -17"><span class='ocrx_word' id='word_1_284' title='bbox 275 2336 477 2389; x_wconf 89' lang='lat' dir='ltr'><strong>Dantes</strong></span> <span class='ocrx_word' id='word_1_285' title='bbox 500 2344 785 2405; x_wconf 87' lang='lat' dir='ltr'><strong>propterea</strong></span> <span class='ocrx_word' id='word_1_286' title='bbox 806 2350 924 2389; x_wconf 91' lang='lat' dir='ltr'><strong>sese</strong></span> <span class='ocrx_word' id='word_1_287' title='bbox 948 2336 1213 2391; x_wconf 89' lang='lat' dir='ltr'><strong>maturius</strong></span> <span class='ocrx_word' id='word_1_288' title='bbox 1236 2336 1403 2391; x_wconf 90' lang='lat' dir='ltr'><strong>labori</strong></span> <span class='ocrx_word' id='word_1_289' title='bbox 1427 2338 1591 2406; x_wconf 70' lang='lat' dir='ltr'><strong>empti</strong></span> <span class='ocrx_word' id='word_1_290' title='bbox 1622 2338 1856 2401; x_wconf 84' lang='lat' dir='ltr'><strong>itineris,</strong></span> 
     </span>
    </p>
   </div>
   <div class='ocr_carea' id='block_1_40' title="bbox 274 2427 1859 2502">
    <p class='ocr_par' dir='ltr' id='par_1_40' title="bbox 274 2427 1859 2502">
     <span class='ocr_line' id='line_1_40' title="bbox 274 2427 1859 2502; baseline 0.003 -19"><span class='ocrx_word' id='word_1_291' title='bbox 274 2443 369 2497; x_wconf 84' lang='lat' dir='ltr'><strong>per</strong></span> <span class='ocrx_word' id='word_1_292' title='bbox 395 2427 697 2495; x_wconf 83' lang='lat' dir='ltr'><strong>squalidam</strong></span> <span class='ocrx_word' id='word_1_293' title='bbox 723 2428 951 2496; x_wconf 87' lang='lat' dir='ltr'><strong>Belsam,</strong></span> <span class='ocrx_word' id='word_1_294' title='bbox 979 2445 1045 2485; x_wconf 92' lang='lat' dir='ltr'><strong>eo</strong></span> <span class='ocrx_word' id='word_1_295' title='bbox 1078 2441 1333 2501; x_wconf 77' lang='lat' dir='ltr'><strong>surgente</strong></span> <span class='ocrx_word' id='word_1_296' title='bbox 1374 2448 1403 2486; x_wconf 91' lang='lat' dir='ltr'><strong>a</strong></span> <span class='ocrx_word' id='word_1_297' title='bbox 1431 2447 1637 2496; x_wconf 86' lang='lat' dir='ltr'><strong>mensa,</strong></span> <span class='ocrx_word' id='word_1_298' title='bbox 1670 2447 1859 2502; x_wconf 72' lang='lat' dir='ltr'><strong>perve-</strong></span> 
     </span>
    </p>
   </div>
   <div class='ocr_carea' id='block_1_41' title="bbox 276 2519 1855 2591">
    <p class='ocr_par' dir='ltr' id='par_1_41' title="bbox 276 2519 1855 2591">
     <span class='ocr_line' id='line_1_41' title="bbox 276 2519 1855 2591; baseline 0.005 -20"><span class='ocrx_word' id='word_1_299' title='bbox 276 2527 473 2573; x_wconf 88' lang='lat' dir='ltr'><strong>nerunt</strong></span> <span class='ocrx_word' id='word_1_300' title='bbox 500 2519 845 2589; x_wconf 75' lang='lat' dir='ltr'><strong>adpalatium</strong></span> <span class='ocrx_word' id='word_1_301' title='bbox 877 2522 1041 2591; x_wconf 88' lang='lat' dir='ltr'><strong>regis.</strong></span> <span class='ocrx_word' id='word_1_302' title='bbox 1069 2521 1351 2577; x_wconf 65' lang='lat' dir='ltr'><strong>Pl&#39;thlSSil</strong></span> <span class='ocrx_word' id='word_1_303' title='bbox 1375 2538 1503 2578; x_wconf 85' lang='lat' dir='ltr'><strong>vero</strong></span> <span class='ocrx_word' id='word_1_304' title='bbox 1529 2523 1855 2579; x_wconf 85' lang='lat' dir='ltr'><strong>salutatione</strong></span> 
     </span>
    </p>
   </div>
   <div class='ocr_carea' id='block_1_42' title="bbox 276 2608 1860 2683">
    <p class='ocr_par' dir='ltr' id='par_1_42' title="bbox 276 2608 1860 2683">
     <span class='ocr_line' id='line_1_42' title="bbox 276 2608 1860 2683; baseline 0.006 -22"><span class='ocrx_word' id='word_1_305' title='bbox 276 2608 420 2677; x_wconf 84' lang='lat' dir='ltr'><strong>regis</strong></span> <span class='ocrx_word' id='word_1_306' title='bbox 446 2618 502 2663; x_wconf 91' lang='lat' dir='ltr'><strong>et</strong></span> <span class='ocrx_word' id='word_1_307' title='bbox 528 2609 746 2680; x_wconf 77' lang='lat' dir='ltr'><strong>reginae,</strong></span> <span class='ocrx_word' id='word_1_308' title='bbox 794 2618 851 2664; x_wconf 92' lang='lat' dir='ltr'><strong>ut</strong></span> <span class='ocrx_word' id='word_1_309' title='bbox 896 2612 1241 2667; x_wconf 89' lang='lat' dir='ltr'><strong>veracissima</strong></span> <span class='ocrx_word' id='word_1_310' title='bbox 1290 2622 1611 2683; x_wconf 85' lang='lat' dir='ltr'><strong>apparerent</strong></span> <span class='ocrx_word' id='word_1_311' title='bbox 1664 2615 1860 2670; x_wconf 83' lang='lat' dir='ltr'><strong>sideris</strong></span> 
     </span>
    </p>
   </div>
   <div class='ocr_carea' id='block_1_43' title="bbox 276 2700 1862 2777">
    <p class='ocr_par' dir='ltr' id='par_1_43' title="bbox 276 2700 1862 2777">
     <span class='ocr_line' id='line_1_43' title="bbox 276 2700 1862 2777; baseline 0.005 -24"><span class='ocrx_word' id='word_1_312' title='bbox 276 2701 579 2771; x_wconf 63' lang='lat' dir='ltr'><strong>prasagia:</strong></span> <span class='ocrx_word' id='word_1_313' title='bbox 616 2700 951 2772; x_wconf 89' lang='lat' dir='ltr'><strong>Suscipiens,</strong></span> <span class='ocrx_word' id='word_1_314' title='bbox 987 2702 1162 2774; x_wconf 92' lang='lat' dir='ltr'><strong>inquit</strong></span> <span class='ocrx_word' id='word_1_315' title='bbox 1189 2706 1454 2760; x_wconf 89' lang='lat' dir='ltr'><strong>monacho</strong></span> <span class='ocrx_word' id='word_1_316' title='bbox 1486 2706 1693 2777; x_wconf 78' lang='lat' dir='ltr'><strong>regina,</strong></span> <span class='ocrx_word' id='word_1_317' title='bbox 1742 2722 1862 2777; x_wconf 69' lang='lat' dir='ltr'><strong>qua:</strong></span> 
     </span>
    </p>
   </div>
   <div class='ocr_carea' id='block_1_44' title="bbox 279 2793 1863 2868">
    <p class='ocr_par' dir='ltr' id='par_1_44' title="bbox 279 2793 1863 2868">
     <span class='ocr_line' id='line_1_44' title="bbox 279 2793 1863 2868; baseline 0.006 -21"><span class='ocrx_word' id='word_1_318' title='bbox 279 2802 469 2847; x_wconf 79' lang='lat' dir='ltr'><strong>sancto</strong></span> <span class='ocrx_word' id='word_1_319' title='bbox 499 2793 795 2849; x_wconf 85' lang='lat' dir='ltr'><strong>Saviniano</strong></span> <span class='ocrx_word' id='word_1_320' title='bbox 825 2810 923 2865; x_wconf 92' lang='lat' dir='ltr'><strong>pro</strong></span> <span class='ocrx_word' id='word_1_321' title='bbox 954 2811 1113 2866; x_wconf 89' lang='lat' dir='ltr'><strong>posse</strong></span> <span class='ocrx_word' id='word_1_322' title='bbox 1141 2796 1506 2867; x_wconf 89' lang='lat' dir='ltr'><strong>disposuimus</strong></span> <span class='ocrx_word' id='word_1_323' title='bbox 1529 2797 1595 2853; x_wconf 90' lang='lat' dir='ltr'><strong>ad</strong></span> <span class='ocrx_word' id='word_1_324' title='bbox 1625 2814 1863 2868; x_wconf 58' lang='lat' dir='ltr'><strong>presens</strong></span> 
     </span>
    </p>
   </div>
   <div class='ocr_carea' id='block_1_45' title="bbox 282 2884 1863 2961">
    <p class='ocr_par' dir='ltr' id='par_1_45' title="bbox 282 2884 1863 2961">
     <span class='ocr_line' id='line_1_45' title="bbox 282 2884 1863 2961; baseline 0.005 -25"><span class='ocrx_word' id='word_1_325' title='bbox 282 2884 504 2940; x_wconf 82' lang='lat' dir='ltr'><strong>mittere</strong></span> <span class='ocrx_word' id='word_1_326' title='bbox 527 2900 773 2950; x_wconf 89' lang='lat' dir='ltr'><strong>munera,</strong></span> <span class='ocrx_word' id='word_1_327' title='bbox 808 2886 1037 2942; x_wconf 88' lang='lat' dir='ltr'><strong>festinus</strong></span> <span class='ocrx_word' id='word_1_328' title='bbox 1070 2896 1343 2941; x_wconf 86' lang='lat' dir='ltr'><strong>revertere</strong></span> <span class='ocrx_word' id='word_1_329' title='bbox 1370 2887 1438 2942; x_wconf 90' lang='lat' dir='ltr'><strong>ad</strong></span> <span class='ocrx_word' id='word_1_330' title='bbox 1466 2888 1715 2960; x_wconf 90' lang='lat' dir='ltr'><strong>propria;</strong></span> <span class='ocrx_word' id='word_1_331' title='bbox 1736 2890 1863 2961; x_wconf 86' lang='lat' dir='ltr'><strong>quia</strong></span> 
     </span>
    </p>
   </div>
   <div class='ocr_carea' id='block_1_46' title="bbox 280 2978 1865 3047">
    <p class='ocr_par' dir='ltr' id='par_1_46' title="bbox 280 2978 1865 3047">
     <span class='ocr_line' id='line_1_46' title="bbox 280 2978 1865 3047; baseline 0.005 -18"><span class='ocrx_word' id='word_1_332' title='bbox 280 2990 380 3031; x_wconf 87' lang='lat' dir='ltr'><strong>nos</strong></span> <span class='ocrx_word' id='word_1_333' title='bbox 410 2990 624 3031; x_wconf 93' lang='lat' dir='ltr'><strong>summo</strong></span> <span class='ocrx_word' id='word_1_334' title='bbox 652 2992 806 3032; x_wconf 90' lang='lat' dir='ltr'><strong>mane</strong></span> <span class='ocrx_word' id='word_1_335' title='bbox 836 2978 1199 3047; x_wconf 88' lang='lat' dir='ltr'><strong>disposuimus</strong></span> <span class='ocrx_word' id='word_1_336' title='bbox 1230 2978 1379 3036; x_wconf 90' lang='lat' dir='ltr'><strong>abire</strong></span> <span class='ocrx_word' id='word_1_337' title='bbox 1430 2980 1585 3035; x_wconf 88' lang='lat' dir='ltr'><strong>alias.</strong></span> <span class='ocrx_word' id='word_1_338' title='bbox 1639 2982 1705 3037; x_wconf 84' lang='lat' dir='ltr'><strong>Et</strong></span> <span class='ocrx_word' id='word_1_339' title='bbox 1753 2990 1865 3037; x_wconf 82' lang='lat' dir='ltr'><strong>sta-</strong></span> 
     </span>
    </p>
   </div>
   <div class='ocr_carea' id='block_1_47' title="bbox 279 3064 1867 3143">
    <p class='ocr_par' dir='ltr' id='par_1_47' title="bbox 279 3064 1867 3143">
     <span class='ocr_line' id='line_1_47' title="bbox 279 3064 1867 3143; baseline 0.006 -23"><span class='ocrx_word' id='word_1_340' title='bbox 279 3064 377 3121; x_wconf 88' lang='lat' dir='ltr'><strong>tim</strong></span> <span class='ocrx_word' id='word_1_341' title='bbox 407 3067 688 3137; x_wconf 84' lang='lat' dir='ltr'><strong>proferens</strong></span> <span class='ocrx_word' id='word_1_342' title='bbox 717 3069 833 3123; x_wconf 91' lang='lat' dir='ltr'><strong>auri</strong></span> <span class='ocrx_word' id='word_1_343' title='bbox 858 3070 1113 3125; x_wconf 83' lang='lat' dir='ltr'><strong>tredecim</strong></span> <span class='ocrx_word' id='word_1_344' title='bbox 1136 3071 1333 3127; x_wconf 90' lang='lat' dir='ltr'><strong>solidos</strong></span> <span class='ocrx_word' id='word_1_345' title='bbox 1358 3073 1425 3127; x_wconf 90' lang='lat' dir='ltr'><strong>ad</strong></span> <span class='ocrx_word' id='word_1_346' title='bbox 1452 3073 1719 3143; x_wconf 86' lang='lat' dir='ltr'><strong>publicam</strong></span> <span class='ocrx_word' id='word_1_347' title='bbox 1751 3089 1867 3129; x_wconf 89' lang='lat' dir='ltr'><strong>mo-</strong></span> 
     </span>
    </p>
   </div>
   <div class='ocr_carea' id='block_1_48' title="bbox 1958 1875 3538 1946">
    <p class='ocr_par' dir='ltr' id='par_1_48' title="bbox 1958 1875 3538 1946">
     <span class='ocr_line' id='line_1_48' title="bbox 1958 1875 3538 1946; baseline 0.003 -15"><span class='ocrx_word' id='word_1_348' title='bbox 1958 1875 2118 1931; x_wconf 75' lang='lat' dir='ltr'><strong>liatur</strong></span> <span class='ocrx_word' id='word_1_349' title='bbox 2148 1875 2429 1943; x_wconf 79' lang='lat' dir='ltr'><strong>festivitas,</strong></span> <span class='ocrx_word' id='word_1_350' title='bbox 2480 1877 2546 1933; x_wconf 90' lang='lat' dir='ltr'><strong>ad</strong></span> <span class='ocrx_word' id='word_1_351' title='bbox 2594 1879 2980 1934; x_wconf 87' lang='lat' dir='ltr'><strong>monasterium</strong></span> <span class='ocrx_word' id='word_1_352' title='bbox 3034 1881 3283 1946; x_wconf 85' lang='lat' dir='ltr'><strong>veniens,</strong></span> <span class='ocrx_word' id='word_1_353' title='bbox 3329 1897 3538 1936; x_wconf 84' lang='lat' dir='ltr'><strong>summa</strong></span> 
     </span>
    </p>
   </div>
   <div class='ocr_carea' id='block_1_49' title="bbox 1903 1969 3549 2044">
    <p class='ocr_par' dir='ltr' id='par_1_49' title="bbox 1903 1969 3549 2044">
     <span class='ocr_line' id='line_1_49' title="bbox 1903 1969 3549 2044; baseline 0.003 -20"><span class='ocrx_word' id='word_1_354' title='bbox 1903 2028 1930 2042; x_wconf 39' lang='grc' dir='ltr'><strong>,ι</strong></span> <span class='ocrx_word' id='word_1_355' title='bbox 1958 1984 2081 2025; x_wconf 89' lang='lat' dir='ltr'><strong>cum</strong></span> <span class='ocrx_word' id='word_1_356' title='bbox 2111 1970 2462 2025; x_wconf 85' lang='lat' dir='ltr'><strong>veneratione</strong></span> <span class='ocrx_word' id='word_1_357' title='bbox 2508 1985 2613 2025; x_wconf 91' lang='lat' dir='ltr'><strong>una</strong></span> <span class='ocrx_word' id='word_1_358' title='bbox 2662 1983 2785 2026; x_wconf 91' lang='lat' dir='ltr'><strong>cum</strong></span> <span class='ocrx_word' id='word_1_359' title='bbox 2832 1969 3091 2027; x_wconf 75' lang='lat' dir='ltr'><strong>fratribus</strong></span> <span class='ocrx_word' id='word_1_360' title='bbox 3143 1972 3345 2027; x_wconf 84' lang='lat' dir='ltr'><strong>monita</strong></span> <span class='ocrx_word' id='word_1_361' title='bbox 3399 1974 3549 2044; x_wconf 81' lang='lat' dir='ltr'><strong>regis</strong></span> 
     </span>
    </p>
   </div>
   <div class='ocr_carea' id='block_1_50' title="bbox 1960 2060 3541 2133">
    <p class='ocr_par' dir='ltr' id='par_1_50' title="bbox 1960 2060 3541 2133">
     <span class='ocr_line' id='line_1_50' title="bbox 1960 2060 3541 2133; baseline 0.003 -18"><span class='ocrx_word' id='word_1_362' title='bbox 1960 2060 2234 2131; x_wconf 85' lang='lat' dir='ltr'><strong>implevit;</strong></span> <span class='ocrx_word' id='word_1_363' title='bbox 2270 2074 2577 2132; x_wconf 86' lang='lat' dir='ltr'><strong>corpusque</strong></span> <span class='ocrx_word' id='word_1_364' title='bbox 2621 2061 2793 2117; x_wconf 86' lang='lat' dir='ltr'><strong>sancti</strong></span> <span class='ocrx_word' id='word_1_365' title='bbox 2842 2060 3063 2118; x_wconf 86' lang='lat' dir='ltr'><strong>Eodaldi</strong></span> <span class='ocrx_word' id='word_1_366' title='bbox 3112 2064 3255 2133; x_wconf 85' lang='lat' dir='ltr'><strong>quod</strong></span> <span class='ocrx_word' id='word_1_367' title='bbox 3306 2079 3428 2119; x_wconf 89' lang='lat' dir='ltr'><strong>cum</strong></span> <span class='ocrx_word' id='word_1_368' title='bbox 3475 2080 3541 2120; x_wconf 88' lang='lat' dir='ltr'><strong>eo</strong></span> 
     </span>
    </p>
   </div>
   <div class='ocr_carea' id='block_1_51' title="bbox 1961 2151 3539 2224">
    <p class='ocr_par' dir='ltr' id='par_1_51' title="bbox 1961 2151 3539 2224">
     <span class='ocr_line' id='line_1_51' title="bbox 1961 2151 3539 2224; baseline 0 -17"><span class='ocrx_word' id='word_1_369' title='bbox 1961 2153 2165 2222; x_wconf 88' lang='lat' dir='ltr'><strong>reperit</strong></span> <span class='ocrx_word' id='word_1_370' title='bbox 2194 2166 2318 2207; x_wconf 90' lang='lat' dir='ltr'><strong>cum</strong></span> <span class='ocrx_word' id='word_1_371' title='bbox 2348 2166 2572 2222; x_wconf 90' lang='lat' dir='ltr'><strong>corpore</strong></span> <span class='ocrx_word' id='word_1_372' title='bbox 2598 2152 2768 2208; x_wconf 89' lang='lat' dir='ltr'><strong>sancti</strong></span> <span class='ocrx_word' id='word_1_373' title='bbox 2798 2151 3077 2207; x_wconf 89' lang='lat' dir='ltr'><strong>Saviniani</strong></span> <span class='ocrx_word' id='word_1_374' title='bbox 3121 2168 3352 2224; x_wconf 89' lang='lat' dir='ltr'><strong>ponens,</strong></span> <span class='ocrx_word' id='word_1_375' title='bbox 3414 2169 3539 2209; x_wconf 91' lang='lat' dir='ltr'><strong>ossa</strong></span> 
     </span>
    </p>
   </div>
   <div class='ocr_carea' id='block_1_52' title="bbox 1957 2244 3538 2316">
    <p class='ocr_par' dir='ltr' id='par_1_52' title="bbox 1957 2244 3538 2316">
     <span class='ocr_line' id='line_1_52' title="bbox 1957 2244 3538 2316; baseline 0.001 -18"><span class='ocrx_word' id='word_1_376' title='bbox 1957 2245 2107 2316; x_wconf 91' lang='lat' dir='ltr'><strong>pueri</strong></span> <span class='ocrx_word' id='word_1_377' title='bbox 2137 2245 2343 2315; x_wconf 82' lang='lat' dir='ltr'><strong>parvuli</strong></span> <span class='ocrx_word' id='word_1_378' title='bbox 2371 2260 2492 2300; x_wconf 92' lang='lat' dir='ltr'><strong>cum</strong></span> <span class='ocrx_word' id='word_1_379' title='bbox 2516 2259 2580 2300; x_wconf 89' lang='lat' dir='ltr'><strong>eo</strong></span> <span class='ocrx_word' id='word_1_380' title='bbox 2603 2245 2807 2299; x_wconf 91' lang='lat' dir='ltr'><strong>humati</strong></span> <span class='ocrx_word' id='word_1_381' title='bbox 2840 2244 3080 2316; x_wconf 88' lang='lat' dir='ltr'><strong>reposuit</strong></span> <span class='ocrx_word' id='word_1_382' title='bbox 3102 2261 3231 2310; x_wconf 90' lang='lat' dir='ltr'><strong>una,</strong></span> <span class='ocrx_word' id='word_1_383' title='bbox 3259 2254 3339 2311; x_wconf 91' lang='lat' dir='ltr'><strong>et,</strong></span> <span class='ocrx_word' id='word_1_384' title='bbox 3359 2246 3538 2315; x_wconf 78' lang='lat' dir='ltr'><strong>exple-</strong></span> 
     </span>
    </p>
   </div>
   <div class='ocr_carea' id='block_1_53' title="bbox 1959 2337 3540 2404">
    <p class='ocr_par' dir='ltr' id='par_1_53' title="bbox 1959 2337 3540 2404">
     <span class='ocr_line' id='line_1_53' title="bbox 1959 2337 3540 2404; baseline 0.001 -12"><span class='ocrx_word' id='word_1_385' title='bbox 1959 2338 2028 2394; x_wconf 86' lang='lat' dir='ltr'><strong>tis</strong></span> <span class='ocrx_word' id='word_1_386' title='bbox 2059 2338 2346 2393; x_wconf 87' lang='lat' dir='ltr'><strong>missarum</strong></span> <span class='ocrx_word' id='word_1_387' title='bbox 2375 2337 2675 2404; x_wconf 90' lang='lat' dir='ltr'><strong>solemniis,</strong></span> <span class='ocrx_word' id='word_1_388' title='bbox 2697 2338 2962 2393; x_wconf 89' lang='lat' dir='ltr'><strong>edendum</strong></span> <span class='ocrx_word' id='word_1_389' title='bbox 2985 2338 3135 2392; x_wconf 89' lang='lat' dir='ltr'><strong>abiit.</strong></span> <span class='ocrx_word' id='word_1_390' title='bbox 3166 2337 3361 2393; x_wconf 88' lang='lat' dir='ltr'><strong>Fratre</strong></span> <span class='ocrx_word' id='word_1_391' title='bbox 3392 2353 3540 2402; x_wconf 88' lang='lat' dir='ltr'><strong>vero,</strong></span> 
     </span>
    </p>
   </div>
   <div class='ocr_carea' id='block_1_54' title="bbox 1957 2426 3542 2500">
    <p class='ocr_par' dir='ltr' id='par_1_54' title="bbox 1957 2426 3542 2500">
     <span class='ocr_line' id='line_1_54' title="bbox 1957 2426 3542 2500; baseline -0.003 -15"><span class='ocrx_word' id='word_1_392' title='bbox 1957 2430 2058 2486; x_wconf 81' lang='lat' dir='ltr'><strong>sub</strong></span> <span class='ocrx_word' id='word_1_393' title='bbox 2080 2429 2232 2498; x_wconf 83' lang='lat' dir='ltr'><strong>cujus</strong></span> <span class='ocrx_word' id='word_1_394' title='bbox 2250 2429 2481 2484; x_wconf 86' lang='lat' dir='ltr'><strong>arbitrio</strong></span> <span class='ocrx_word' id='word_1_395' title='bbox 2504 2440 2557 2485; x_wconf 91' lang='lat' dir='ltr'><strong>et</strong></span> <span class='ocrx_word' id='word_1_396' title='bbox 2583 2429 2919 2500; x_wconf 90' lang='lat' dir='ltr'><strong>providentia</strong></span> <span class='ocrx_word' id='word_1_397' title='bbox 2945 2430 3109 2484; x_wconf 88' lang='lat' dir='ltr'><strong>totius</strong></span> <span class='ocrx_word' id='word_1_398' title='bbox 3136 2428 3316 2499; x_wconf 89' lang='lat' dir='ltr'><strong>operis</strong></span> <span class='ocrx_word' id='word_1_399' title='bbox 3340 2426 3542 2481; x_wconf 83' lang='lat' dir='ltr'><strong>fabrica</strong></span> 
     </span>
    </p>
   </div>
   <div class='ocr_carea' id='block_1_55' title="bbox 1960 2519 3543 2589">
    <p class='ocr_par' dir='ltr' id='par_1_55' title="bbox 1960 2519 3543 2589">
     <span class='ocr_line' id='line_1_55' title="bbox 1960 2519 3543 2589; baseline -0.003 -11"><span class='ocrx_word' id='word_1_400' title='bbox 1960 2524 2260 2589; x_wconf 85' lang='lat' dir='ltr'><strong>constabat,</strong></span> <span class='ocrx_word' id='word_1_401' title='bbox 2290 2523 2344 2578; x_wconf 91' lang='lat' dir='ltr'><strong>in</strong></span> <span class='ocrx_word' id='word_1_402' title='bbox 2376 2524 2542 2578; x_wconf 89' lang='lat' dir='ltr'><strong>choro</strong></span> <span class='ocrx_word' id='word_1_403' title='bbox 2570 2520 2881 2577; x_wconf 87' lang='lat' dir='ltr'><strong>monasterii</strong></span> <span class='ocrx_word' id='word_1_404' title='bbox 2932 2521 3221 2587; x_wconf 86' lang='lat' dir='ltr'><strong>residente,</strong></span> <span class='ocrx_word' id='word_1_405' title='bbox 3253 2530 3306 2576; x_wconf 92' lang='lat' dir='ltr'><strong>et</strong></span> <span class='ocrx_word' id='word_1_406' title='bbox 3354 2519 3543 2589; x_wconf 78' lang='lat' dir='ltr'><strong>imagi-</strong></span> 
     </span>
    </p>
   </div>
   <div class='ocr_carea' id='block_1_56' title="bbox 1960 2612 3543 2685">
    <p class='ocr_par' dir='ltr' id='par_1_56' title="bbox 1960 2612 3543 2685">
     <span class='ocr_line' id='line_1_56' title="bbox 1960 2612 3543 2685; baseline -0.003 -14"><span class='ocrx_word' id='word_1_407' title='bbox 1960 2628 2057 2671; x_wconf 88' lang='lat' dir='ltr'><strong>nes</strong></span> <span class='ocrx_word' id='word_1_408' title='bbox 2086 2614 2318 2685; x_wconf 84' lang='lat' dir='ltr'><strong>argenti,</strong></span> <span class='ocrx_word' id='word_1_409' title='bbox 2349 2614 2492 2685; x_wconf 83' lang='lat' dir='ltr'><strong>quod</strong></span> <span class='ocrx_word' id='word_1_410' title='bbox 2520 2613 2776 2685; x_wconf 91' lang='lat' dir='ltr'><strong>operculo</strong></span> <span class='ocrx_word' id='word_1_411' title='bbox 2807 2626 2983 2682; x_wconf 68' lang='lat' dir='ltr'><strong>capsae</strong></span> <span class='ocrx_word' id='word_1_412' title='bbox 3010 2612 3300 2683; x_wconf 88' lang='lat' dir='ltr'><strong>superponi</strong></span> <span class='ocrx_word' id='word_1_413' title='bbox 3363 2612 3543 2681; x_wconf 87' lang='lat' dir='ltr'><strong>dispo-</strong></span> 
     </span>
    </p>
   </div>
   <div class='ocr_carea' id='block_1_57' title="bbox 1962 2701 3543 2772">
    <p class='ocr_par' dir='ltr' id='par_1_57' title="bbox 1962 2701 3543 2772">
     <span class='ocr_line' id='line_1_57' title="bbox 1962 2701 3543 2772; baseline -0.004 -11"><span class='ocrx_word' id='word_1_414' title='bbox 1962 2714 2166 2769; x_wconf 89' lang='lat' dir='ltr'><strong>suerat,</strong></span> <span class='ocrx_word' id='word_1_415' title='bbox 2191 2719 2316 2759; x_wconf 90' lang='lat' dir='ltr'><strong>cera</strong></span> <span class='ocrx_word' id='word_1_416' title='bbox 2333 2704 2477 2759; x_wconf 91' lang='lat' dir='ltr'><strong>molli</strong></span> <span class='ocrx_word' id='word_1_417' title='bbox 2498 2703 2791 2767; x_wconf 78' lang='lat' dir='ltr'><strong>refovente,</strong></span> <span class='ocrx_word' id='word_1_418' title='bbox 2808 2701 3118 2772; x_wconf 88' lang='lat' dir='ltr'><strong>supervenit</strong></span> <span class='ocrx_word' id='word_1_419' title='bbox 3140 2716 3206 2756; x_wconf 77' lang='lat' dir='ltr'><strong>ex</strong></span> <span class='ocrx_word' id='word_1_420' title='bbox 3229 2701 3543 2771; x_wconf 91' lang='lat' dir='ltr'><strong>improviso,</strong></span> 
     </span>
    </p>
   </div>
   <div class='ocr_carea' id='block_1_58' title="bbox 1964 2791 3545 2865">
    <p class='ocr_par' dir='ltr' id='par_1_58' title="bbox 1964 2791 3545 2865">
     <span class='ocr_line' id='line_1_58' title="bbox 1964 2791 3545 2865; baseline -0.006 -13"><span class='ocrx_word' id='word_1_421' title='bbox 1964 2797 2187 2852; x_wconf 90' lang='lat' dir='ltr'><strong>ductore</strong></span> <span class='ocrx_word' id='word_1_422' title='bbox 2214 2809 2383 2863; x_wconf 92' lang='lat' dir='ltr'><strong>puero</strong></span> <span class='ocrx_word' id='word_1_423' title='bbox 2413 2792 2657 2865; x_wconf 89' lang='lat' dir='ltr'><strong>parvulo,</strong></span> <span class='ocrx_word' id='word_1_424' title='bbox 2685 2792 2902 2862; x_wconf 91' lang='lat' dir='ltr'><strong>quidam</strong></span> <span class='ocrx_word' id='word_1_425' title='bbox 2936 2806 3111 2847; x_wconf 56' lang='lat' dir='ltr'><strong>caecus</strong></span> <span class='ocrx_word' id='word_1_426' title='bbox 3162 2791 3439 2862; x_wconf 88' lang='lat' dir='ltr'><strong>postulans</strong></span> <span class='ocrx_word' id='word_1_427' title='bbox 3487 2803 3545 2844; x_wconf 91' lang='lat' dir='ltr'><strong>se</strong></span> 
     </span>
    </p>
   </div>
   <div class='ocr_carea' id='block_1_59' title="bbox 1966 2882 3542 2955">
    <p class='ocr_par' dir='ltr' id='par_1_59' title="bbox 1966 2882 3542 2955">
     <span class='ocr_line' id='line_1_59' title="bbox 1966 2882 3542 2955; baseline -0.006 -13"><span class='ocrx_word' id='word_1_428' title='bbox 1966 2887 2252 2942; x_wconf 89' lang='lat' dir='ltr'><strong>intromitti</strong></span> <span class='ocrx_word' id='word_1_429' title='bbox 2286 2886 2338 2940; x_wconf 92' lang='lat' dir='ltr'><strong>in</strong></span> <span class='ocrx_word' id='word_1_430' title='bbox 2370 2894 2556 2955; x_wconf 84' lang='lat' dir='ltr'><strong>crypta</strong></span> <span class='ocrx_word' id='word_1_431' title='bbox 2608 2885 2695 2937; x_wconf 92' lang='lat' dir='ltr'><strong>ubi</strong></span> <span class='ocrx_word' id='word_1_432' title='bbox 2727 2884 2899 2938; x_wconf 88' lang='lat' dir='ltr'><strong>sancti</strong></span> <span class='ocrx_word' id='word_1_433' title='bbox 2938 2882 3215 2937; x_wconf 87' lang='lat' dir='ltr'><strong>Saviniani</strong></span> <span class='ocrx_word' id='word_1_434' title='bbox 3247 2882 3542 2952; x_wconf 90' lang='lat' dir='ltr'><strong>repositum</strong></span> 
     </span>
    </p>
   </div>
   <div class='ocr_carea' id='block_1_60' title="bbox 1967 2974 3545 3048">
    <p class='ocr_par' dir='ltr' id='par_1_60' title="bbox 1967 2974 3545 3048">
     <span class='ocr_line' id='line_1_60' title="bbox 1967 2974 3545 3048; baseline -0.006 -14"><span class='ocrx_word' id='word_1_435' title='bbox 1967 2987 2085 3035; x_wconf 89' lang='lat' dir='ltr'><strong>erat</strong></span> <span class='ocrx_word' id='word_1_436' title='bbox 2112 2994 2327 3048; x_wconf 89' lang='lat' dir='ltr'><strong>corpus.</strong></span> <span class='ocrx_word' id='word_1_437' title='bbox 2361 2976 2462 3044; x_wconf 87' lang='lat' dir='ltr'><strong>Qui</strong></span> <span class='ocrx_word' id='word_1_438' title='bbox 2508 2976 2815 3030; x_wconf 88' lang='lat' dir='ltr'><strong>sciscitatus</strong></span> <span class='ocrx_word' id='word_1_439' title='bbox 2842 2990 2871 3028; x_wconf 88' lang='lat' dir='ltr'><strong>a</strong></span> <span class='ocrx_word' id='word_1_440' title='bbox 2918 2974 3184 3029; x_wconf 88' lang='lat' dir='ltr'><strong>monacho</strong></span> <span class='ocrx_word' id='word_1_441' title='bbox 3214 2974 3336 3044; x_wconf 85' lang='lat' dir='ltr'><strong>quis</strong></span> <span class='ocrx_word' id='word_1_442' title='bbox 3381 2981 3545 3038; x_wconf 80' lang='lat' dir='ltr'><strong>esset,</strong></span> 
     </span>
    </p>
   </div>
   <div class='ocr_carea' id='block_1_61' title="bbox 1969 3066 3548 3138">
    <p class='ocr_par' dir='ltr' id='par_1_61' title="bbox 1969 3066 3548 3138">
     <span class='ocr_line' id='line_1_61' title="bbox 1969 3066 3548 3138; baseline -0.007 -9"><span class='ocrx_word' id='word_1_443' title='bbox 1969 3081 2025 3129; x_wconf 90' lang='lat' dir='ltr'><strong>et</strong></span> <span class='ocrx_word' id='word_1_444' title='bbox 2053 3072 2192 3128; x_wconf 87' lang='lat' dir='ltr'><strong>unde</strong></span> <span class='ocrx_word' id='word_1_445' title='bbox 2221 3078 2386 3137; x_wconf 90' lang='lat' dir='ltr'><strong>esset,</strong></span> <span class='ocrx_word' id='word_1_446' title='bbox 2418 3068 2501 3125; x_wconf 88' lang='lat' dir='ltr'><strong>vel</strong></span> <span class='ocrx_word' id='word_1_447' title='bbox 2529 3067 2680 3137; x_wconf 87' lang='lat' dir='ltr'><strong>cujus</strong></span> <span class='ocrx_word' id='word_1_448' title='bbox 2711 3068 2785 3123; x_wconf 89' lang='lat' dir='ltr'><strong>rei</strong></span> <span class='ocrx_word' id='word_1_449' title='bbox 2811 3067 2982 3138; x_wconf 82' lang='lat' dir='ltr'><strong>gratia</strong></span> <span class='ocrx_word' id='word_1_450' title='bbox 3026 3066 3367 3130; x_wconf 80' lang='lat' dir='ltr'><strong>advenisset,</strong></span> <span class='ocrx_word' id='word_1_451' title='bbox 3422 3080 3548 3136; x_wconf 88' lang='lat' dir='ltr'><strong>pro-</strong></span> 
     </span>
    </p>
   </div>
   <div class='ocr_carea' id='block_1_62' title="bbox 278 3148 3540 3235">
    <p class='ocr_par' dir='ltr' id='par_1_62' title="bbox 278 3148 3540 3235">
     <span class='ocr_line' id='line_1_62' title="bbox 278 3148 3540 3235; baseline -0.001 -22"><span class='ocrx_word' id='word_1_452' title='bbox 278 3168 466 3213; x_wconf 87' lang='lat' dir='ltr'><strong>netam</strong></span> <span class='ocrx_word' id='word_1_453' title='bbox 518 3160 960 3218; x_wconf 85' lang='lat' dir='ltr'><strong>Aurelianenscm</strong></span> <span class='ocrx_word' id='word_1_454' title='bbox 1014 3176 1281 3232; x_wconf 88' lang='lat' dir='ltr'><strong>appensos</strong></span> <span class='ocrx_word' id='word_1_455' title='bbox 1315 3181 1329 3219; x_wconf 89' lang='lat'><strong>:</strong></span> <span class='ocrx_word' id='word_1_456' title='bbox 1377 3162 1433 3219; x_wconf 91' lang='lat' dir='ltr'><strong>Si</strong></span> <span class='ocrx_word' id='word_1_457' title='bbox 1460 3204 1474 3228; x_wconf 94' lang='lat'><strong>,</strong></span> <span class='ocrx_word' id='word_1_458' title='bbox 1527 3163 1721 3235; x_wconf 88' lang='lat' dir='ltr'><strong>inquit,</strong></span> <span class='ocrx_word' id='word_1_459' title='bbox 1766 3165 1862 3220; x_wconf 89' lang='lat' dir='ltr'><strong>tibi</strong></span> <span class='ocrx_word' id='word_1_460' title='bbox 1891 3148 1935 3211; x_wconf 85' lang='lat' dir='ltr'>C</span> <span class='ocrx_word' id='word_1_461' title='bbox 1966 3164 2141 3219; x_wconf 88' lang='lat' dir='ltr'><strong>fessus</strong></span> <span class='ocrx_word' id='word_1_462' title='bbox 2168 3172 2250 3219; x_wconf 90' lang='lat' dir='ltr'><strong>est</strong></span> <span class='ocrx_word' id='word_1_463' title='bbox 2276 3174 2334 3217; x_wconf 85' lang='lat' dir='ltr'><strong>se</strong></span> <span class='ocrx_word' id='word_1_464' title='bbox 2362 3175 2484 3217; x_wconf 91' lang='lat' dir='ltr'><strong>esse</strong></span> <span class='ocrx_word' id='word_1_465' title='bbox 2512 3160 2795 3225; x_wconf 89' lang='lat' dir='ltr'><strong>rusticum,</strong></span> <span class='ocrx_word' id='word_1_466' title='bbox 2819 3168 2874 3214; x_wconf 90' lang='lat' dir='ltr'><strong>et</strong></span> <span class='ocrx_word' id='word_1_467' title='bbox 2913 3158 2967 3212; x_wconf 88' lang='lat' dir='ltr'><strong>in</strong></span> <span class='ocrx_word' id='word_1_468' title='bbox 3000 3172 3134 3228; x_wconf 83' lang='lat' dir='ltr'><strong>pago</strong></span> <span class='ocrx_word' id='word_1_469' title='bbox 3175 3155 3540 3220; x_wconf 86' lang='lat' dir='ltr'><strong>Wastinense,</strong></span> 
     </span>
    </p>
   </div>
   <div class='ocr_carea' id='block_1_63' title="bbox 280 3249 1864 3325">
    <p class='ocr_par' dir='ltr' id='par_1_63' title="bbox 280 3249 1864 3325">
     <span class='ocr_line' id='line_1_63' title="bbox 280 3249 1864 3325; baseline 0.006 -23"><span class='ocrx_word' id='word_1_470' title='bbox 280 3266 389 3304; x_wconf 82' lang='lat' dir='ltr'><strong>non</strong></span> <span class='ocrx_word' id='word_1_471' title='bbox 428 3249 625 3305; x_wconf 77' lang='lat' dir='ltr'><strong>snllicit</strong></span> <span class='ocrx_word' id='word_1_472' title='bbox 652 3267 769 3307; x_wconf 84' lang='lat' dir='ltr'><strong>mea</strong></span> <span class='ocrx_word' id='word_1_473' title='bbox 820 3253 1159 3323; x_wconf 78' lang='lat' dir='ltr'><strong>ponderatio,</strong></span> <span class='ocrx_word' id='word_1_474' title='bbox 1185 3255 1424 3325; x_wconf 68' lang='lat' dir='ltr'><strong>praebeat</strong></span> <span class='ocrx_word' id='word_1_475' title='bbox 1455 3255 1613 3311; x_wconf 81' lang='lat' dir='ltr'><strong>ﬁdem</strong></span> <span class='ocrx_word' id='word_1_476' title='bbox 1644 3256 1864 3325; x_wconf 91' lang='lat' dir='ltr'><strong>proprio</strong></span> 
     </span>
    </p>
   </div>
   <div class='ocr_carea' id='block_1_64' title="bbox 278 3339 1869 3416">
    <p class='ocr_par' dir='ltr' id='par_1_64' title="bbox 278 3339 1869 3416">
     <span class='ocr_line' id='line_1_64' title="bbox 278 3339 1869 3416; baseline 0.004 -19"><span class='ocrx_word' id='word_1_477' title='bbox 278 3339 438 3397; x_wconf 64' lang='lat' dir='ltr'><strong>ocul.»</strong></span> <span class='ocrx_word' id='word_1_478' title='bbox 462 3344 653 3399; x_wconf 88' lang='lat' dir='ltr'><strong>iterata</strong></span> <span class='ocrx_word' id='word_1_479' title='bbox 677 3344 967 3415; x_wconf 72' lang='lat' dir='ltr'><strong>propensis</strong></span> <span class='ocrx_word' id='word_1_480' title='bbox 992 3363 1005 3400; x_wconf 90' lang='lat'><strong>:</strong></span> <span class='ocrx_word' id='word_1_481' title='bbox 1031 3360 1139 3415; x_wconf 89' lang='lat' dir='ltr'><strong>quo</strong></span> <span class='ocrx_word' id='word_1_482' title='bbox 1159 3346 1518 3416; x_wconf 89' lang='lat' dir='ltr'><strong>ponderatore</strong></span> <span class='ocrx_word' id='word_1_483' title='bbox 1551 3346 1685 3403; x_wconf 84' lang='lat' dir='ltr'><strong>nihil</strong></span> <span class='ocrx_word' id='word_1_484' title='bbox 1721 3347 1869 3403; x_wconf 82' lang='lat' dir='ltr'><strong>afiud</strong></span> 
     </span>
    </p>
   </div>
   <div class='ocr_carea' id='block_1_65' title="bbox 277 3435 1862 3511">
    <p class='ocr_par' dir='ltr' id='par_1_65' title="bbox 277 3435 1862 3511">
     <span class='ocr_line' id='line_1_65' title="bbox 277 3435 1862 3511; baseline 0.008 -26"><span class='ocrx_word' id='word_1_485' title='bbox 277 3447 443 3503; x_wconf 82' lang='lat' dir='ltr'><strong>quam</strong></span> <span class='ocrx_word' id='word_1_486' title='bbox 476 3435 614 3504; x_wconf 87' lang='lat' dir='ltr'><strong>quod</strong></span> <span class='ocrx_word' id='word_1_487' title='bbox 647 3436 826 3507; x_wconf 87' lang='lat' dir='ltr'><strong>regina</strong></span> <span class='ocrx_word' id='word_1_488' title='bbox 857 3437 1184 3507; x_wconf 67' lang='lat' dir='ltr'><strong>prtedixerat</strong></span> <span class='ocrx_word' id='word_1_489' title='bbox 1214 3438 1313 3492; x_wconf 89' lang='lat' dir='ltr'><strong>fuit</strong></span> <span class='ocrx_word' id='word_1_490' title='bbox 1337 3439 1600 3495; x_wconf 89' lang='lat' dir='ltr'><strong>invenire.</strong></span> <span class='ocrx_word' id='word_1_491' title='bbox 1628 3439 1862 3511; x_wconf 79' lang='lat' dir='ltr'><strong>Regres-</strong></span> 
     </span>
    </p>
   </div>
   <div class='ocr_carea' id='block_1_66' title="bbox 279 3523 1863 3599">
    <p class='ocr_par' dir='ltr' id='par_1_66' title="bbox 279 3523 1863 3599">
     <span class='ocr_line' id='line_1_66' title="bbox 279 3523 1863 3599; baseline 0.007 -24"><span class='ocrx_word' id='word_1_492' title='bbox 279 3538 375 3577; x_wconf 87' lang='lat' dir='ltr'><strong>sus</strong></span> <span class='ocrx_word' id='word_1_493' title='bbox 403 3523 586 3592; x_wconf 84' lang='lat' dir='ltr'><strong>itaque</strong></span> <span class='ocrx_word' id='word_1_494' title='bbox 615 3527 913 3581; x_wconf 84' lang='lat' dir='ltr'><strong>monachus</strong></span> <span class='ocrx_word' id='word_1_495' title='bbox 938 3527 1046 3583; x_wconf 90' lang='lat' dir='ltr'><strong>voti</strong></span> <span class='ocrx_word' id='word_1_496' title='bbox 1079 3543 1303 3599; x_wconf 91' lang='lat' dir='ltr'><strong>compos</strong></span> <span class='ocrx_word' id='word_1_497' title='bbox 1331 3528 1399 3583; x_wconf 91' lang='lat' dir='ltr'><strong>ad</strong></span> <span class='ocrx_word' id='word_1_498' title='bbox 1448 3531 1863 3598; x_wconf 89' lang='lat' dir='ltr'><strong>monasterium,</strong></span> 
     </span>
    </p>
   </div>
   <div class='ocr_carea' id='block_1_67' title="bbox 278 3615 1868 3689">
    <p class='ocr_par' dir='ltr' id='par_1_67' title="bbox 278 3615 1868 3689">
     <span class='ocr_line' id='line_1_67' title="bbox 278 3615 1868 3689; baseline 0.006 -22"><span class='ocrx_word' id='word_1_499' title='bbox 278 3624 571 3682; x_wconf 68' lang='lat' dir='ltr'><strong>postquam</strong></span> <span class='ocrx_word' id='word_1_500' title='bbox 598 3615 736 3687; x_wconf 87' lang='lat' dir='ltr'><strong>regis</strong></span> <span class='ocrx_word' id='word_1_501' title='bbox 765 3632 831 3672; x_wconf 85' lang='lat' dir='ltr'><strong>ex</strong></span> <span class='ocrx_word' id='word_1_502' title='bbox 858 3626 1012 3687; x_wconf 89' lang='lat' dir='ltr'><strong>parte</strong></span> <span class='ocrx_word' id='word_1_503' title='bbox 1042 3627 1096 3673; x_wconf 91' lang='lat' dir='ltr'><strong>et</strong></span> <span class='ocrx_word' id='word_1_504' title='bbox 1142 3619 1341 3689; x_wconf 75' lang='lat' dir='ltr'><strong>regina:</strong></span> <span class='ocrx_word' id='word_1_505' title='bbox 1389 3619 1528 3674; x_wconf 90' lang='lat' dir='ltr'><strong>dixit</strong></span> <span class='ocrx_word' id='word_1_506' title='bbox 1576 3622 1759 3676; x_wconf 86' lang='lat' dir='ltr'><strong>abbati</strong></span> <span class='ocrx_word' id='word_1_507' title='bbox 1811 3630 1868 3678; x_wconf 87' lang='lat' dir='ltr'><strong>et</strong></span> 
     </span>
    </p>
   </div>
   <div class='ocr_carea' id='block_1_68' title="bbox 284 3704 1866 3777">
    <p class='ocr_par' dir='ltr' id='par_1_68' title="bbox 284 3704 1866 3777">
     <span class='ocr_line' id='line_1_68' title="bbox 284 3704 1866 3777; baseline 0.006 -18"><span class='ocrx_word' id='word_1_508' title='bbox 284 3704 547 3760; x_wconf 64' lang='lat' dir='ltr'><strong>fratribus</strong></span> <span class='ocrx_word' id='word_1_509' title='bbox 573 3722 695 3773; x_wconf 89' lang='lat' dir='ltr'><strong>ave,</strong></span> <span class='ocrx_word' id='word_1_510' title='bbox 724 3708 945 3777; x_wconf 91' lang='lat' dir='ltr'><strong>protulit</strong></span> <span class='ocrx_word' id='word_1_511' title='bbox 982 3709 1103 3763; x_wconf 89' lang='lat' dir='ltr'><strong>auri</strong></span> <span class='ocrx_word' id='word_1_512' title='bbox 1152 3708 1283 3764; x_wconf 88' lang='lat' dir='ltr'><strong>fulvi</strong></span> <span class='ocrx_word' id='word_1_513' title='bbox 1333 3720 1523 3765; x_wconf 87' lang='lat' dir='ltr'><strong>sancto</strong></span> <span class='ocrx_word' id='word_1_514' title='bbox 1572 3710 1866 3768; x_wconf 92' lang='lat' dir='ltr'><strong>Saviniano</strong></span> 
     </span>
    </p>
   </div>
   <div class='ocr_carea' id='block_1_69' title="bbox 280 3796 1866 3873">
    <p class='ocr_par' dir='ltr' id='par_1_69' title="bbox 280 3796 1866 3873">
     <span class='ocr_line' id='line_1_69' title="bbox 280 3796 1866 3873; baseline 0.003 -22"><span class='ocrx_word' id='word_1_515' title='bbox 280 3796 663 3852; x_wconf 88' lang='lat' dir='ltr'><strong>transmissum</strong></span> <span class='ocrx_word' id='word_1_516' title='bbox 710 3813 904 3853; x_wconf 89' lang='lat' dir='ltr'><strong>munus</strong></span> <span class='ocrx_word' id='word_1_517' title='bbox 948 3798 1015 3854; x_wconf 91' lang='lat' dir='ltr'><strong>de</strong></span> <span class='ocrx_word' id='word_1_518' title='bbox 1061 3799 1331 3855; x_wconf 92' lang='lat' dir='ltr'><strong>cassilide.</strong></span> <span class='ocrx_word' id='word_1_519' title='bbox 1381 3800 1690 3870; x_wconf 82' lang='lat' dir='ltr'><strong>Appensum</strong></span> <span class='ocrx_word' id='word_1_520' title='bbox 1736 3817 1866 3873; x_wconf 89' lang='lat' dir='ltr'><strong>ergo</strong></span> 
     </span>
    </p>
   </div>
   <div class='ocr_carea' id='block_1_70' title="bbox 283 3887 1869 3965">
    <p class='ocr_par' dir='ltr' id='par_1_70' title="bbox 283 3887 1869 3965">
     <span class='ocr_line' id='line_1_70' title="bbox 283 3887 1869 3965; baseline 0.005 -24"><span class='ocrx_word' id='word_1_521' title='bbox 283 3887 462 3958; x_wconf 83' lang='lat' dir='ltr'><strong>palam</strong></span> <span class='ocrx_word' id='word_1_522' title='bbox 507 3888 762 3944; x_wconf 87' lang='lat' dir='ltr'><strong>omnibus</strong></span> <span class='ocrx_word' id='word_1_523' title='bbox 808 3906 907 3960; x_wconf 85' lang='lat' dir='ltr'><strong>per</strong></span> <span class='ocrx_word' id='word_1_524' title='bbox 952 3905 1170 3945; x_wconf 90' lang='lat' dir='ltr'><strong>manum</strong></span> <span class='ocrx_word' id='word_1_525' title='bbox 1218 3889 1524 3965; x_wconf 87' lang='lat' dir='ltr'><strong>Francolini</strong></span> <span class='ocrx_word' id='word_1_526' title='bbox 1553 3892 1765 3948; x_wconf 78' lang='lat' dir='ltr'><strong>osziarii</strong></span> <span class='ocrx_word' id='word_1_527' title='bbox 1812 3902 1869 3949; x_wconf 84' lang='lat' dir='ltr'><strong>et</strong></span> 
     </span>
    </p>
   </div>
   <div class='ocr_carea' id='block_1_71' title="bbox 285 3979 1864 4055">
    <p class='ocr_par' dir='ltr' id='par_1_71' title="bbox 285 3979 1864 4055">
     <span class='ocr_line' id='line_1_71' title="bbox 285 3979 1864 4055; baseline 0.004 -21"><span class='ocrx_word' id='word_1_528' title='bbox 285 3979 586 4036; x_wconf 76' lang='lat' dir='ltr'><strong>ltaimherti</strong></span> <span class='ocrx_word' id='word_1_529' title='bbox 616 3980 880 4037; x_wconf 88' lang='lat' dir='ltr'><strong>cellerarii</strong></span> <span class='ocrx_word' id='word_1_530' title='bbox 922 3982 1086 4054; x_wconf 80' lang='lat' dir='ltr'><strong>regis,</strong></span> <span class='ocrx_word' id='word_1_531' title='bbox 1118 3983 1319 4038; x_wconf 87' lang='lat' dir='ltr'><strong>trutina</strong></span> <span class='ocrx_word' id='word_1_532' title='bbox 1368 3994 1644 4055; x_wconf 87' lang='lat' dir='ltr'><strong>vergente,</strong></span> <span class='ocrx_word' id='word_1_533' title='bbox 1677 3986 1864 4041; x_wconf 85' lang='lat' dir='ltr'><strong>inven-</strong></span> 
     </span>
    </p>
   </div>
   <div class='ocr_carea' id='block_1_72' title="bbox 286 4074 1867 4149">
    <p class='ocr_par' dir='ltr' id='par_1_72' title="bbox 286 4074 1867 4149">
     <span class='ocr_line' id='line_1_72' title="bbox 286 4074 1867 4149; baseline 0.006 -24"><span class='ocrx_word' id='word_1_534' title='bbox 286 4080 401 4125; x_wconf 85' lang='lat' dir='ltr'><strong>tum</strong></span> <span class='ocrx_word' id='word_1_535' title='bbox 430 4080 515 4127; x_wconf 87' lang='lat' dir='ltr'><strong>est</strong></span> <span class='ocrx_word' id='word_1_536' title='bbox 541 4081 749 4142; x_wconf 82' lang='lat' dir='ltr'><strong>septem</strong></span> <span class='ocrx_word' id='word_1_537' title='bbox 779 4074 1029 4130; x_wconf 87' lang='lat' dir='ltr'><strong>denarios</strong></span> <span class='ocrx_word' id='word_1_538' title='bbox 1058 4074 1179 4146; x_wconf 90' lang='lat' dir='ltr'><strong>plus</strong></span> <span class='ocrx_word' id='word_1_539' title='bbox 1204 4076 1433 4132; x_wconf 88' lang='lat' dir='ltr'><strong>habens.</strong></span> <span class='ocrx_word' id='word_1_540' title='bbox 1480 4076 1634 4134; x_wconf 87' lang='lat' dir='ltr'><strong>Unde</strong></span> <span class='ocrx_word' id='word_1_541' title='bbox 1684 4087 1867 4149; x_wconf 84' lang='lat' dir='ltr'><strong>stupe-</strong></span> 
     </span>
    </p>
   </div>
   <div class='ocr_carea' id='block_1_73' title="bbox 284 4161 1864 4237">
    <p class='ocr_par' dir='ltr' id='par_1_73' title="bbox 284 4161 1864 4237">
     <span class='ocr_line' id='line_1_73' title="bbox 284 4161 1864 4237; baseline 0.006 -21"><span class='ocrx_word' id='word_1_542' title='bbox 284 4161 463 4219; x_wconf 77' lang='lat' dir='ltr'><strong>factus</strong></span> <span class='ocrx_word' id='word_1_543' title='bbox 501 4162 584 4218; x_wconf 87' lang='lat' dir='ltr'><strong>fra</strong></span> <span class='ocrx_word' id='word_1_544' title='bbox 613 4177 677 4220; x_wconf 84' lang='lat' dir='ltr'><strong>er</strong></span> <span class='ocrx_word' id='word_1_545' title='bbox 722 4165 813 4234; x_wconf 90' lang='lat' dir='ltr'><strong>qui</strong></span> <span class='ocrx_word' id='word_1_546' title='bbox 859 4165 1143 4232; x_wconf 83' lang='lat' dir='ltr'><strong>detulerat,</strong></span> <span class='ocrx_word' id='word_1_547' title='bbox 1189 4176 1245 4222; x_wconf 87' lang='lat' dir='ltr'><strong>et</strong></span> <span class='ocrx_word' id='word_1_548' title='bbox 1284 4168 1464 4223; x_wconf 64' lang='lat' dir='ltr'><strong>caeteri</strong></span> <span class='ocrx_word' id='word_1_549' title='bbox 1512 4168 1864 4237; x_wconf 84' lang='lat' dir='ltr'><strong>admirantes,</strong></span> 
     </span>
    </p>
   </div>
   <div class='ocr_carea' id='block_1_74' title="bbox 286 4259 1867 4331">
    <p class='ocr_par' dir='ltr' id='par_1_74' title="bbox 286 4259 1867 4331">
     <span class='ocr_line' id='line_1_74' title="bbox 286 4259 1867 4331; baseline 0.006 -22"><span class='ocrx_word' id='word_1_550' title='bbox 286 4264 658 4325; x_wconf 81' lang='lat' dir='ltr'><strong>cognoverunt</strong></span> <span class='ocrx_word' id='word_1_551' title='bbox 700 4271 799 4326; x_wconf 88' lang='lat' dir='ltr'><strong>pro</strong></span> <span class='ocrx_word' id='word_1_552' title='bbox 843 4267 996 4314; x_wconf 91' lang='lat' dir='ltr'><strong>certo</strong></span> <span class='ocrx_word' id='word_1_553' title='bbox 1038 4259 1164 4329; x_wconf 80' lang='lat' dir='ltr'><strong>quia</strong></span> <span class='ocrx_word' id='word_1_554' title='bbox 1200 4260 1293 4331; x_wconf 93' lang='lat' dir='ltr'><strong>qui</strong></span> <span class='ocrx_word' id='word_1_555' title='bbox 1324 4260 1519 4317; x_wconf 89' lang='lat' dir='ltr'><strong>sideris</strong></span> <span class='ocrx_word' id='word_1_556' title='bbox 1566 4263 1867 4319; x_wconf 89' lang='lat' dir='ltr'><strong>mutatione</strong></span> 
     </span>
    </p>
   </div>
   <div class='ocr_carea' id='block_1_75' title="bbox 286 4346 1864 4425">
    <p class='ocr_par' dir='ltr' id='par_1_75' title="bbox 286 4346 1864 4425">
     <span class='ocr_line' id='line_1_75' title="bbox 286 4346 1864 4425; baseline 0.006 -26"><span class='ocrx_word' id='word_1_557' title='bbox 286 4346 341 4400; x_wconf 85' lang='lat' dir='ltr'><strong>in</strong></span> <span class='ocrx_word' id='word_1_558' title='bbox 367 4347 545 4401; x_wconf 88' lang='lat' dir='ltr'><strong>eundo</strong></span> <span class='ocrx_word' id='word_1_559' title='bbox 580 4347 831 4417; x_wconf 88' lang='lat' dir='ltr'><strong>dignatus</strong></span> <span class='ocrx_word' id='word_1_560' title='bbox 860 4358 943 4404; x_wconf 88' lang='lat' dir='ltr'><strong>est</strong></span> <span class='ocrx_word' id='word_1_561' title='bbox 979 4352 1268 4407; x_wconf 87' lang='lat' dir='ltr'><strong>ostendere</strong></span> <span class='ocrx_word' id='word_1_562' title='bbox 1316 4352 1661 4419; x_wconf 88' lang='lat' dir='ltr'><strong>miraculum,</strong></span> <span class='ocrx_word' id='word_1_563' title='bbox 1688 4363 1743 4410; x_wconf 87' lang='lat' dir='ltr'><strong>et</strong></span> <span class='ocrx_word' id='word_1_564' title='bbox 1772 4354 1864 4425; x_wconf 85' lang='lat' dir='ltr'><strong>qui</strong></span> 
     </span>
    </p>
   </div>
   <div class='ocr_carea' id='block_1_76' title="bbox 285 4435 1864 4506">
    <p class='ocr_par' dir='ltr' id='par_1_76' title="bbox 285 4435 1864 4506">
     <span class='ocr_line' id='line_1_76' title="bbox 285 4435 1864 4506; baseline 0.007 -17"><span class='ocrx_word' id='word_1_565' title='bbox 285 4450 349 4489; x_wconf 89' lang='lat' dir='ltr'><strong>ex</strong></span> <span class='ocrx_word' id='word_1_566' title='bbox 378 4435 550 4493; x_wconf 87' lang='lat' dir='ltr'><strong>nihilo</strong></span> <span class='ocrx_word' id='word_1_567' title='bbox 595 4436 727 4491; x_wconf 83' lang='lat' dir='ltr'><strong>fecit</strong></span> <span class='ocrx_word' id='word_1_568' title='bbox 757 4444 925 4492; x_wconf 90' lang='lat' dir='ltr'><strong>totum</strong></span> <span class='ocrx_word' id='word_1_569' title='bbox 973 4440 1253 4506; x_wconf 86' lang='lat' dir='ltr'><strong>mundum,</strong></span> <span class='ocrx_word' id='word_1_570' title='bbox 1284 4441 1338 4496; x_wconf 93' lang='lat' dir='ltr'><strong>in</strong></span> <span class='ocrx_word' id='word_1_571' title='bbox 1369 4443 1583 4498; x_wconf 90' lang='lat' dir='ltr'><strong>sacculo</strong></span> <span class='ocrx_word' id='word_1_572' title='bbox 1630 4443 1752 4499; x_wconf 78' lang='lat' dir='ltr'><strong>fidei</strong></span> <span class='ocrx_word' id='word_1_573' title='bbox 1795 4445 1864 4500; x_wconf 91' lang='lat' dir='ltr'><strong>ob</strong></span> 
     </span>
    </p>
   </div>
   <div class='ocr_carea' id='block_1_77' title="bbox 286 4497 1943 4599">
    <p class='ocr_par' dir='ltr' id='par_1_77' title="bbox 286 4497 1943 4599">
     <span class='ocr_line' id='line_1_77' title="bbox 286 4497 1943 4599; baseline 0.007 -19"><span class='ocrx_word' id='word_1_574' title='bbox 286 4528 539 4583; x_wconf 90' lang='lat' dir='ltr'><strong>meritum</strong></span> <span class='ocrx_word' id='word_1_575' title='bbox 573 4528 832 4599; x_wconf 86' lang='lat' dir='ltr'><strong>martyris</strong></span> <span class='ocrx_word' id='word_1_576' title='bbox 860 4532 1128 4586; x_wconf 88' lang='lat' dir='ltr'><strong>concessit</strong></span> <span class='ocrx_word' id='word_1_577' title='bbox 1169 4532 1469 4589; x_wconf 79' lang='lat' dir='ltr'><strong>exuberare</strong></span> <span class='ocrx_word' id='word_1_578' title='bbox 1515 4534 1717 4590; x_wconf 89' lang='lat' dir='ltr'><strong>fulvum</strong></span> <span class='ocrx_word' id='word_1_579' title='bbox 1766 4536 1868 4591; x_wconf 89' lang='lat' dir='ltr'><strong>sub</strong></span> <span class='ocrx_word' id='word_1_580' title='bbox 1897 4497 1943 4555; x_wconf 76' lang='lat' dir='ltr'>D</span> 
     </span>
    </p>
   </div>
   <div class='ocr_carea' id='block_1_78' title="bbox 285 4619 1868 4695">
    <p class='ocr_par' dir='ltr' id='par_1_78' title="bbox 285 4619 1868 4695">
     <span class='ocr_line' id='line_1_78' title="bbox 285 4619 1868 4695; baseline 0.005 -22"><span class='ocrx_word' id='word_1_581' title='bbox 285 4619 615 4688; x_wconf 87' lang='lat' dir='ltr'><strong>septifurmis</strong></span> <span class='ocrx_word' id='word_1_582' title='bbox 646 4635 877 4676; x_wconf 81' lang='lat' dir='ltr'><strong>numero</strong></span> <span class='ocrx_word' id='word_1_583' title='bbox 900 4623 1123 4691; x_wconf 91' lang='lat' dir='ltr'><strong>spiritus</strong></span> <span class='ocrx_word' id='word_1_584' title='bbox 1144 4637 1355 4679; x_wconf 89' lang='lat' dir='ltr'><strong>aurum.</strong></span> <span class='ocrx_word' id='word_1_585' title='bbox 1388 4625 1455 4679; x_wconf 89' lang='lat' dir='ltr'><strong>Et</strong></span> <span class='ocrx_word' id='word_1_586' title='bbox 1485 4626 1575 4695; x_wconf 90' lang='lat' dir='ltr'><strong>qui</strong></span> <span class='ocrx_word' id='word_1_587' title='bbox 1606 4626 1673 4680; x_wconf 89' lang='lat' dir='ltr'><strong>ad</strong></span> <span class='ocrx_word' id='word_1_588' title='bbox 1720 4626 1868 4682; x_wconf 89' lang='lat' dir='ltr'><strong>redi-</strong></span> 
     </span>
    </p>
   </div>
   <div class='ocr_carea' id='block_1_79' title="bbox 284 4712 1870 4788">
    <p class='ocr_par' dir='ltr' id='par_1_79' title="bbox 284 4712 1870 4788">
     <span class='ocr_line' id='line_1_79' title="bbox 284 4712 1870 4788; baseline 0.004 -23"><span class='ocrx_word' id='word_1_589' title='bbox 284 4712 537 4766; x_wconf 85' lang='lat' dir='ltr'><strong>mendum</strong></span> <span class='ocrx_word' id='word_1_590' title='bbox 567 4712 708 4766; x_wconf 83' lang='lat' dir='ltr'><strong>filios</strong></span> <span class='ocrx_word' id='word_1_591' title='bbox 735 4713 928 4777; x_wconf 69' lang='lat' dir='ltr'><strong>vidum,</strong></span> <span class='ocrx_word' id='word_1_592' title='bbox 962 4713 1123 4769; x_wconf 84' lang='lat' dir='ltr'><strong>Elisei</strong></span> <span class='ocrx_word' id='word_1_593' title='bbox 1169 4715 1491 4782; x_wconf 80' lang='lat' dir='ltr'><strong>intercessu,</strong></span> <span class='ocrx_word' id='word_1_594' title='bbox 1525 4716 1653 4773; x_wconf 91' lang='lat' dir='ltr'><strong>fecit</strong></span> <span class='ocrx_word' id='word_1_595' title='bbox 1678 4732 1870 4788; x_wconf 91' lang='lat' dir='ltr'><strong>snper-</strong></span> 
     </span>
    </p>
   </div>
   <div class='ocr_carea' id='block_1_80' title="bbox 284 4802 1870 4875">
    <p class='ocr_par' dir='ltr' id='par_1_80' title="bbox 284 4802 1870 4875">
     <span class='ocr_line' id='line_1_80' title="bbox 284 4802 1870 4875; baseline 0.006 -19"><span class='ocrx_word' id='word_1_596' title='bbox 284 4818 606 4859; x_wconf 87' lang='lat' dir='ltr'><strong>excrescere</strong></span> <span class='ocrx_word' id='word_1_597' title='bbox 652 4802 854 4871; x_wconf 84' lang='lat' dir='ltr'><strong>oleum,</strong></span> <span class='ocrx_word' id='word_1_598' title='bbox 900 4805 1079 4875; x_wconf 81' lang='lat' dir='ltr'><strong>exigui</strong></span> <span class='ocrx_word' id='word_1_599' title='bbox 1128 4807 1245 4860; x_wconf 88' lang='lat' dir='ltr'><strong>auri</strong></span> <span class='ocrx_word' id='word_1_600' title='bbox 1289 4809 1665 4864; x_wconf 88' lang='lat' dir='ltr'><strong>munusculum</strong></span> <span class='ocrx_word' id='word_1_601' title='bbox 1702 4810 1870 4865; x_wconf 65' lang='lat' dir='ltr'><strong>devoo</strong></span> 
     </span>
    </p>
   </div>
   <div class='ocr_carea' id='block_1_81' title="bbox 287 4895 1872 4973">
    <p class='ocr_par' dir='ltr' id='par_1_81' title="bbox 287 4895 1872 4973">
     <span class='ocr_line' id='line_1_81' title="bbox 287 4895 1872 4973; baseline 0.007 -26"><span class='ocrx_word' id='word_1_602' title='bbox 287 4895 429 4951; x_wconf 76' lang='lat' dir='ltr'><strong>liene</strong></span> <span class='ocrx_word' id='word_1_603' title='bbox 486 4896 637 4966; x_wconf 86' lang='lat' dir='ltr'><strong>regis</strong></span> <span class='ocrx_word' id='word_1_604' title='bbox 689 4905 746 4949; x_wconf 90' lang='lat' dir='ltr'><strong>et</strong></span> <span class='ocrx_word' id='word_1_605' title='bbox 794 4899 993 4968; x_wconf 68' lang='lat' dir='ltr'><strong>regina:</strong></span> <span class='ocrx_word' id='word_1_606' title='bbox 1038 4897 1169 4954; x_wconf 85' lang='lat' dir='ltr'><strong>fecit</strong></span> <span class='ocrx_word' id='word_1_607' title='bbox 1210 4900 1547 4955; x_wconf 80' lang='lat' dir='ltr'><strong>maximum:</strong></span> <span class='ocrx_word' id='word_1_608' title='bbox 1597 4909 1653 4957; x_wconf 88' lang='lat' dir='ltr'><strong>et</strong></span> <span class='ocrx_word' id='word_1_609' title='bbox 1705 4910 1872 4973; x_wconf 85' lang='lat' dir='ltr'><strong>caput</strong></span> 
     </span>
    </p>
   </div>
   <div class='ocr_carea' id='block_1_82' title="bbox 284 4992 1869 5065">
    <p class='ocr_par' dir='ltr' id='par_1_82' title="bbox 284 4992 1869 5065">
     <span class='ocr_line' id='line_1_82' title="bbox 284 4992 1869 5065; baseline 0.004 -20"><span class='ocrx_word' id='word_1_610' title='bbox 284 4992 486 5046; x_wconf 87' lang='lat' dir='ltr'><strong>Christi</strong></span> <span class='ocrx_word' id='word_1_611' title='bbox 509 4992 671 5057; x_wconf 91' lang='lat' dir='ltr'><strong>Deus,</strong></span> <span class='ocrx_word' id='word_1_612' title='bbox 696 4992 789 5060; x_wconf 90' lang='lat' dir='ltr'><strong>qui</strong></span> <span class='ocrx_word' id='word_1_613' title='bbox 819 5007 914 5061; x_wconf 89' lang='lat' dir='ltr'><strong>per</strong></span> <span class='ocrx_word' id='word_1_614' title='bbox 943 4994 1259 5064; x_wconf 86' lang='lat' dir='ltr'><strong>prophetam</strong></span> <span class='ocrx_word' id='word_1_615' title='bbox 1294 5009 1449 5050; x_wconf 91' lang='lat' dir='ltr'><strong>suum</strong></span> <span class='ocrx_word' id='word_1_616' title='bbox 1477 4994 1869 5065; x_wconf 77' lang='lat' dir='ltr'><strong>dixit:Argeu-</strong></span> 
     </span>
    </p>
   </div>
   <div class='ocr_carea' id='block_1_83' title="bbox 284 5083 1875 5154">
    <p class='ocr_par' dir='ltr' id='par_1_83' title="bbox 284 5083 1875 5154">
     <span class='ocr_line' id='line_1_83' title="bbox 284 5083 1875 5154; baseline 0.003 -17"><span class='ocrx_word' id='word_1_617' title='bbox 284 5092 394 5138; x_wconf 91' lang='lat' dir='ltr'><strong>tum</strong></span> <span class='ocrx_word' id='word_1_618' title='bbox 423 5094 480 5139; x_wconf 89' lang='lat' dir='ltr'><strong>et</strong></span> <span class='ocrx_word' id='word_1_619' title='bbox 508 5098 704 5138; x_wconf 85' lang='lat' dir='ltr'><strong>aurum</strong></span> <span class='ocrx_word' id='word_1_620' title='bbox 735 5098 932 5148; x_wconf 92' lang='lat' dir='ltr'><strong>meum,</strong></span> <span class='ocrx_word' id='word_1_621' title='bbox 963 5083 1222 5154; x_wconf 86' lang='lat' dir='ltr'><strong>quidquid</strong></span> <span class='ocrx_word' id='word_1_622' title='bbox 1252 5086 1511 5140; x_wconf 86' lang='lat' dir='ltr'><strong>membris</strong></span> <span class='ocrx_word' id='word_1_623' title='bbox 1537 5084 1667 5148; x_wconf 93' lang='lat' dir='ltr'><strong>suis,</strong></span> <span class='ocrx_word' id='word_1_624' title='bbox 1708 5087 1759 5141; x_wconf 91' lang='lat' dir='ltr'><strong>id</strong></span> <span class='ocrx_word' id='word_1_625' title='bbox 1790 5096 1875 5143; x_wconf 83' lang='lat' dir='ltr'><strong>est</strong></span> 
     </span>
    </p>
   </div>
   <div class='ocr_carea' id='block_1_84' title="bbox 281 5173 1871 5244">
    <p class='ocr_par' dir='ltr' id='par_1_84' title="bbox 281 5173 1871 5244">
     <span class='ocr_line' id='line_1_84' title="bbox 281 5173 1871 5244; baseline 0.002 -15"><span class='ocrx_word' id='word_1_626' title='bbox 281 5175 486 5229; x_wconf 79' lang='lat' dir='ltr'><strong>sant-tis</strong></span> <span class='ocrx_word' id='word_1_627' title='bbox 517 5173 875 5244; x_wconf 83' lang='lat' dir='ltr'><strong>martyribus,</strong></span> <span class='ocrx_word' id='word_1_628' title='bbox 903 5174 1132 5239; x_wconf 87' lang='lat' dir='ltr'><strong>confert,</strong></span> <span class='ocrx_word' id='word_1_629' title='bbox 1164 5173 1388 5232; x_wconf 89' lang='lat' dir='ltr'><strong>alterius</strong></span> <span class='ocrx_word' id='word_1_630' title='bbox 1413 5191 1519 5230; x_wconf 92' lang='lat' dir='ltr'><strong>non</strong></span> <span class='ocrx_word' id='word_1_631' title='bbox 1544 5186 1643 5229; x_wconf 88' lang='lat' dir='ltr'><strong>est.</strong></span> <span class='ocrx_word' id='word_1_632' title='bbox 1676 5174 1871 5232; x_wconf 85' lang='lat' dir='ltr'><strong>Postea</strong></span> 
     </span>
    </p>
   </div>
   <div class='ocr_carea' id='block_1_85' title="bbox 275 5266 1870 5336">
    <p class='ocr_par' dir='ltr' id='par_1_85' title="bbox 275 5266 1870 5336">
     <span class='ocr_line' id='line_1_85' title="bbox 275 5266 1870 5336; baseline 0.001 -13"><span class='ocrx_word' id='word_1_633' title='bbox 275 5270 425 5323; x_wconf 86' lang='lat' dir='ltr'><strong>dedit</strong></span> <span class='ocrx_word' id='word_1_634' title='bbox 477 5281 570 5321; x_wconf 88' lang='lat' dir='ltr'><strong>rex</strong></span> <span class='ocrx_word' id='word_1_635' title='bbox 620 5280 723 5336; x_wconf 90' lang='lat' dir='ltr'><strong>per</strong></span> <span class='ocrx_word' id='word_1_636' title='bbox 767 5279 983 5320; x_wconf 88' lang='lat' dir='ltr'><strong>manum</strong></span> <span class='ocrx_word' id='word_1_637' title='bbox 1014 5267 1291 5324; x_wconf 87' lang='lat' dir='ltr'><strong>Odorauni</strong></span> <span class='ocrx_word' id='word_1_638' title='bbox 1338 5266 1590 5324; x_wconf 91' lang='lat' dir='ltr'><strong>monachi</strong></span> <span class='ocrx_word' id='word_1_639' title='bbox 1640 5266 1870 5324; x_wconf 81' lang='lat' dir='ltr'><strong>Senonis</strong></span> 
     </span>
    </p>
   </div>
   <div class='ocr_carea' id='block_1_86' title="bbox 1969 3247 3546 3325">
    <p class='ocr_par' dir='ltr' id='par_1_86' title="bbox 1969 3247 3546 3325">
     <span class='ocr_line' id='line_1_86' title="bbox 1969 3247 3546 3325; baseline -0.006 -12"><span class='ocrx_word' id='word_1_640' title='bbox 1969 3258 2021 3313; x_wconf 85' lang='lat' dir='ltr'><strong>in</strong></span> <span class='ocrx_word' id='word_1_641' title='bbox 2052 3257 2174 3311; x_wconf 89' lang='lat' dir='ltr'><strong>villa</strong></span> <span class='ocrx_word' id='word_1_642' title='bbox 2224 3269 2344 3325; x_wconf 61' lang='lat' dir='ltr'><strong>quae</strong></span> <span class='ocrx_word' id='word_1_643' title='bbox 2373 3252 2648 3309; x_wconf 83' lang='lat' dir='ltr'><strong>Fontanus</strong></span> <span class='ocrx_word' id='word_1_644' title='bbox 2673 3252 2891 3318; x_wconf 88' lang='lat' dir='ltr'><strong>dicitur,</strong></span> <span class='ocrx_word' id='word_1_645' title='bbox 2923 3250 3128 3306; x_wconf 86' lang='lat' dir='ltr'><strong>habere</strong></span> <span class='ocrx_word' id='word_1_646' title='bbox 3178 3247 3546 3304; x_wconf 89' lang='lat' dir='ltr'><strong>habitaculqu</strong></span> 
     </span>
    </p>
   </div>
   <div class='ocr_carea' id='block_1_87' title="bbox 1968 3340 3545 3417">
    <p class='ocr_par' dir='ltr' id='par_1_87' title="bbox 1968 3340 3545 3417">
     <span class='ocr_line' id='line_1_87' title="bbox 1968 3340 3545 3417; baseline -0.006 -13"><span class='ocrx_word' id='word_1_647' title='bbox 1968 3351 2034 3404; x_wconf 86' lang='lat' dir='ltr'><strong>ad</strong></span> <span class='ocrx_word' id='word_1_648' title='bbox 2060 3349 2386 3405; x_wconf 88' lang='lat' dir='ltr'><strong>manendum</strong></span> <span class='ocrx_word' id='word_1_649' title='bbox 2414 3355 2469 3403; x_wconf 91' lang='lat' dir='ltr'><strong>et</strong></span> <span class='ocrx_word' id='word_1_650' title='bbox 2491 3346 2707 3417; x_wconf 89' lang='lat' dir='ltr'><strong>proprio</strong></span> <span class='ocrx_word' id='word_1_651' title='bbox 2733 3344 2951 3401; x_wconf 91' lang='lat' dir='ltr'><strong>nomine</strong></span> <span class='ocrx_word' id='word_1_652' title='bbox 2978 3343 3158 3398; x_wconf 88' lang='lat' dir='ltr'><strong>vocari</strong></span> <span class='ocrx_word' id='word_1_653' title='bbox 3186 3340 3545 3404; x_wconf 77' lang='lat' dir='ltr'><strong>Mainardum,</strong></span> 
     </span>
    </p>
   </div>
   <div class='ocr_carea' id='block_1_88' title="bbox 1966 3431 3544 3509">
    <p class='ocr_par' dir='ltr' id='par_1_88' title="bbox 1966 3431 3544 3509">
     <span class='ocr_line' id='line_1_88' title="bbox 1966 3431 3544 3509; baseline -0.008 -10"><span class='ocrx_word' id='word_1_654' title='bbox 1966 3450 2021 3499; x_wconf 89' lang='lat' dir='ltr'><strong>et</strong></span> <span class='ocrx_word' id='word_1_655' title='bbox 2046 3441 2376 3498; x_wconf 85' lang='lat' dir='ltr'><strong>admonitum</strong></span> <span class='ocrx_word' id='word_1_656' title='bbox 2410 3449 2565 3495; x_wconf 88' lang='lat' dir='ltr'><strong>nocte</strong></span> <span class='ocrx_word' id='word_1_657' title='bbox 2594 3437 2863 3509; x_wconf 56' lang='lat' dir='ltr'><strong>praeterita</strong></span> <span class='ocrx_word' id='word_1_658' title='bbox 2886 3435 2938 3491; x_wconf 90' lang='lat' dir='ltr'><strong>in</strong></span> <span class='ocrx_word' id='word_1_659' title='bbox 2962 3434 3166 3491; x_wconf 90' lang='lat' dir='ltr'><strong>somnis</strong></span> <span class='ocrx_word' id='word_1_660' title='bbox 3188 3443 3246 3488; x_wconf 91' lang='lat' dir='ltr'><strong>ut</strong></span> <span class='ocrx_word' id='word_1_661' title='bbox 3273 3433 3340 3487; x_wconf 91' lang='lat' dir='ltr'><strong>ad</strong></span> <span class='ocrx_word' id='word_1_662' title='bbox 3369 3431 3544 3487; x_wconf 89' lang='lat' dir='ltr'><strong>sancti</strong></span> 
     </span>
    </p>
   </div>
   <div class='ocr_carea' id='block_1_89' title="bbox 1968 3523 3547 3603">
    <p class='ocr_par' dir='ltr' id='par_1_89' title="bbox 1968 3523 3547 3603">
     <span class='ocr_line' id='line_1_89' title="bbox 1968 3523 3547 3603; baseline -0.008 -13"><span class='ocrx_word' id='word_1_663' title='bbox 1968 3533 2246 3590; x_wconf 86' lang='lat' dir='ltr'><strong>Saviniani</strong></span> <span class='ocrx_word' id='word_1_664' title='bbox 2291 3531 2633 3603; x_wconf 67' lang='lat' dir='ltr'><strong>praasentiam</strong></span> <span class='ocrx_word' id='word_1_665' title='bbox 2685 3531 2896 3586; x_wconf 85' lang='lat' dir='ltr'><strong>veniret</strong></span> <span class='ocrx_word' id='word_1_666' title='bbox 2950 3539 3004 3584; x_wconf 91' lang='lat' dir='ltr'><strong>et</strong></span> <span class='ocrx_word' id='word_1_667' title='bbox 3040 3527 3219 3582; x_wconf 90' lang='lat' dir='ltr'><strong>lumen</strong></span> <span class='ocrx_word' id='word_1_668' title='bbox 3269 3523 3547 3580; x_wconf 91' lang='lat' dir='ltr'><strong>oculorum</strong></span> 
     </span>
    </p>
   </div>
   <div class='ocr_carea' id='block_1_90' title="bbox 1968 3615 3547 3696">
    <p class='ocr_par' dir='ltr' id='par_1_90' title="bbox 1968 3615 3547 3696">
     <span class='ocr_line' id='line_1_90' title="bbox 1968 3615 3547 3696; baseline -0.008 -14"><span class='ocrx_word' id='word_1_669' title='bbox 1968 3626 2040 3682; x_wconf 90' lang='lat' dir='ltr'><strong>ibi</strong></span> <span class='ocrx_word' id='word_1_670' title='bbox 2072 3625 2360 3696; x_wconf 90' lang='lat' dir='ltr'><strong>reciperet.</strong></span> <span class='ocrx_word' id='word_1_671' title='bbox 2411 3622 2542 3678; x_wconf 86' lang='lat' dir='ltr'><strong>Erat</strong></span> <span class='ocrx_word' id='word_1_672' title='bbox 2571 3621 2716 3678; x_wconf 90' lang='lat' dir='ltr'><strong>enim</strong></span> <span class='ocrx_word' id='word_1_673' title='bbox 2767 3620 3058 3675; x_wconf 89' lang='lat' dir='ltr'><strong>triennium</strong></span> <span class='ocrx_word' id='word_1_674' title='bbox 3105 3634 3173 3673; x_wconf 83' lang='lat' dir='ltr'><strong>ex</strong></span> <span class='ocrx_word' id='word_1_675' title='bbox 3217 3632 3324 3687; x_wconf 93' lang='lat' dir='ltr'><strong>quo</strong></span> <span class='ocrx_word' id='word_1_676' title='bbox 3367 3615 3547 3670; x_wconf 88' lang='lat' dir='ltr'><strong>lumen</strong></span> 
     </span>
    </p>
   </div>
   <div class='ocr_carea' id='block_1_91' title="bbox 1968 3708 3546 3781">
    <p class='ocr_par' dir='ltr' id='par_1_91' title="bbox 1968 3708 3546 3781">
     <span class='ocr_line' id='line_1_91' title="bbox 1968 3708 3546 3781; baseline -0.01 -8"><span class='ocrx_word' id='word_1_677' title='bbox 1968 3718 2228 3773; x_wconf 88' lang='lat' dir='ltr'><strong>amiserat</strong></span> <span class='ocrx_word' id='word_1_678' title='bbox 2254 3714 2555 3769; x_wconf 88' lang='lat' dir='ltr'><strong>oculorum.</strong></span> <span class='ocrx_word' id='word_1_679' title='bbox 2589 3713 2936 3767; x_wconf 89' lang='lat' dir='ltr'><strong>lntromissus</strong></span> <span class='ocrx_word' id='word_1_680' title='bbox 2967 3711 3148 3781; x_wconf 91' lang='lat' dir='ltr'><strong>itaque</strong></span> <span class='ocrx_word' id='word_1_681' title='bbox 3178 3708 3244 3762; x_wconf 90' lang='lat' dir='ltr'><strong>ad</strong></span> <span class='ocrx_word' id='word_1_682' title='bbox 3276 3714 3546 3768; x_wconf 87' lang='lat' dir='ltr'><strong>sanctum,</strong></span> 
     </span>
    </p>
   </div>
   <div class='ocr_carea' id='block_1_92' title="bbox 1966 3797 3550 3873">
    <p class='ocr_par' dir='ltr' id='par_1_92' title="bbox 1966 3797 3550 3873">
     <span class='ocr_line' id='line_1_92' title="bbox 1966 3797 3550 3873; baseline -0.01 -7"><span class='ocrx_word' id='word_1_683' title='bbox 1966 3809 2168 3866; x_wconf 88' lang='lat' dir='ltr'><strong>diutius</strong></span> <span class='ocrx_word' id='word_1_684' title='bbox 2196 3808 2399 3873; x_wconf 89' lang='lat' dir='ltr'><strong>oravit;</strong></span> <span class='ocrx_word' id='word_1_685' title='bbox 2432 3807 2524 3861; x_wconf 86' lang='lat' dir='ltr'><strong>sed</strong></span> <span class='ocrx_word' id='word_1_686' title='bbox 2555 3804 2686 3859; x_wconf 91' lang='lat' dir='ltr'><strong>nihil</strong></span> <span class='ocrx_word' id='word_1_687' title='bbox 2732 3804 2950 3859; x_wconf 83' lang='lat' dir='ltr'><strong>luminis</strong></span> <span class='ocrx_word' id='word_1_688' title='bbox 2999 3802 3111 3871; x_wconf 88' lang='lat' dir='ltr'><strong>ipsa</strong></span> <span class='ocrx_word' id='word_1_689' title='bbox 3142 3800 3227 3855; x_wconf 92' lang='lat' dir='ltr'><strong>die</strong></span> <span class='ocrx_word' id='word_1_690' title='bbox 3273 3797 3550 3870; x_wconf 89' lang='lat' dir='ltr'><strong>percipere</strong></span> 
     </span>
    </p>
   </div>
   <div class='ocr_carea' id='block_1_93' title="bbox 1967 3887 3545 3961">
    <p class='ocr_par' dir='ltr' id='par_1_93' title="bbox 1967 3887 3545 3961">
     <span class='ocr_line' id='line_1_93' title="bbox 1967 3887 3545 3961; baseline -0.01 -6"><span class='ocrx_word' id='word_1_691' title='bbox 1967 3901 2184 3955; x_wconf 91' lang='lat' dir='ltr'><strong>meruit.</strong></span> <span class='ocrx_word' id='word_1_692' title='bbox 2214 3899 2393 3954; x_wconf 89' lang='lat' dir='ltr'><strong>Nimio</strong></span> <span class='ocrx_word' id='word_1_693' title='bbox 2420 3912 2547 3952; x_wconf 88' lang='lat' dir='ltr'><strong>vero</strong></span> <span class='ocrx_word' id='word_1_694' title='bbox 2590 3895 2872 3950; x_wconf 89' lang='lat' dir='ltr'><strong>suavitatis</strong></span> <span class='ocrx_word' id='word_1_695' title='bbox 2922 3894 3113 3959; x_wconf 89' lang='lat' dir='ltr'><strong>odore,</strong></span> <span class='ocrx_word' id='word_1_696' title='bbox 3143 3900 3202 3947; x_wconf 92' lang='lat' dir='ltr'><strong>ut</strong></span> <span class='ocrx_word' id='word_1_697' title='bbox 3244 3891 3358 3961; x_wconf 91' lang='lat' dir='ltr'><strong>ipse</strong></span> <span class='ocrx_word' id='word_1_698' title='bbox 3385 3887 3545 3952; x_wconf 87' lang='lat' dir='ltr'><strong>dixit,</strong></span> 
     </span>
    </p>
   </div>
   <div class='ocr_carea' id='block_1_94' title="bbox 1965 3979 3540 4062">
    <p class='ocr_par' dir='ltr' id='par_1_94' title="bbox 1965 3979 3540 4062">
     <span class='ocr_line' id='line_1_94' title="bbox 1965 3979 3540 4062; baseline -0.008 -17"><span class='ocrx_word' id='word_1_699' title='bbox 1965 3990 2222 4062; x_wconf 90' lang='lat' dir='ltr'><strong>repletus,</strong></span> <span class='ocrx_word' id='word_1_700' title='bbox 2255 3990 2322 4044; x_wconf 91' lang='lat' dir='ltr'><strong>ad</strong></span> <span class='ocrx_word' id='word_1_701' title='bbox 2357 3988 2575 4060; x_wconf 89' lang='lat' dir='ltr'><strong>propria</strong></span> <span class='ocrx_word' id='word_1_702' title='bbox 2605 3996 2691 4043; x_wconf 92' lang='lat' dir='ltr'><strong>est</strong></span> <span class='ocrx_word' id='word_1_703' title='bbox 2719 4000 2987 4042; x_wconf 88' lang='lat' dir='ltr'><strong>reversus.</strong></span> <span class='ocrx_word' id='word_1_704' title='bbox 3012 3984 3346 4040; x_wconf 79' lang='lat' dir='ltr'><strong>Adveniente</strong></span> <span class='ocrx_word' id='word_1_705' title='bbox 3374 3979 3540 4050; x_wconf 85' lang='lat' dir='ltr'><strong>igitur</strong></span> 
     </span>
    </p>
   </div>
   <div class='ocr_carea' id='block_1_95' title="bbox 1966 4073 3551 4146">
    <p class='ocr_par' dir='ltr' id='par_1_95' title="bbox 1966 4073 3551 4146">
     <span class='ocr_line' id='line_1_95' title="bbox 1966 4073 3551 4146; baseline -0.008 -9"><span class='ocrx_word' id='word_1_706' title='bbox 1966 4082 2053 4137; x_wconf 88' lang='lat' dir='ltr'><strong>die</strong></span> <span class='ocrx_word' id='word_1_707' title='bbox 2083 4080 2382 4143; x_wconf 89' lang='lat' dir='ltr'><strong>Dominica,</strong></span> <span class='ocrx_word' id='word_1_708' title='bbox 2411 4080 2565 4134; x_wconf 85' lang='lat' dir='ltr'><strong>adest</strong></span> <span class='ocrx_word' id='word_1_709' title='bbox 2594 4092 2688 4132; x_wconf 90' lang='lat' dir='ltr'><strong>rex</strong></span> <span class='ocrx_word' id='word_1_710' title='bbox 2710 4090 2832 4132; x_wconf 89' lang='lat' dir='ltr'><strong>cum</strong></span> <span class='ocrx_word' id='word_1_711' title='bbox 2854 4074 2966 4131; x_wconf 90' lang='lat' dir='ltr'><strong>suis</strong></span> <span class='ocrx_word' id='word_1_712' title='bbox 2985 4073 3255 4146; x_wconf 89' lang='lat' dir='ltr'><strong>episcopis</strong></span> <span class='ocrx_word' id='word_1_713' title='bbox 3278 4080 3333 4127; x_wconf 93' lang='lat' dir='ltr'><strong>et</strong></span> <span class='ocrx_word' id='word_1_714' title='bbox 3359 4083 3551 4143; x_wconf 84' lang='lat' dir='ltr'><strong>proce-</strong></span> 
     </span>
    </p>
   </div>
   <div class='ocr_carea' id='block_1_96' title="bbox 1968 4166 3549 4241">
    <p class='ocr_par' dir='ltr' id='par_1_96' title="bbox 1968 4166 3549 4241">
     <span class='ocr_line' id='line_1_96' title="bbox 1968 4166 3549 4241; baseline -0.007 -13"><span class='ocrx_word' id='word_1_715' title='bbox 1968 4174 2136 4238; x_wconf 87' lang='lat' dir='ltr'><strong>ribus,</strong></span> <span class='ocrx_word' id='word_1_716' title='bbox 2169 4172 2452 4227; x_wconf 89' lang='lat' dir='ltr'><strong>abbatibus</strong></span> <span class='ocrx_word' id='word_1_717' title='bbox 2480 4183 2696 4241; x_wconf 89' lang='lat' dir='ltr'><strong>quoque</strong></span> <span class='ocrx_word' id='word_1_718' title='bbox 2725 4177 2778 4224; x_wconf 90' lang='lat' dir='ltr'><strong>et</strong></span> <span class='ocrx_word' id='word_1_719' title='bbox 2804 4166 3036 4228; x_wconf 90' lang='lat' dir='ltr'><strong>clericis,</strong></span> <span class='ocrx_word' id='word_1_720' title='bbox 3072 4179 3173 4221; x_wconf 89' lang='lat' dir='ltr'><strong>nec</strong></span> <span class='ocrx_word' id='word_1_721' title='bbox 3201 4178 3311 4219; x_wconf 91' lang='lat' dir='ltr'><strong>non</strong></span> <span class='ocrx_word' id='word_1_722' title='bbox 3353 4170 3407 4220; x_wconf 90' lang='lat' dir='ltr'><strong>et</strong></span> <span class='ocrx_word' id='word_1_723' title='bbox 3454 4174 3549 4235; x_wconf 89' lang='lat' dir='ltr'><strong>po-</strong></span> 
     </span>
    </p>
   </div>
   <div class='ocr_carea' id='block_1_97' title="bbox 1966 4256 3549 4335">
    <p class='ocr_par' dir='ltr' id='par_1_97' title="bbox 1966 4256 3549 4335">
     <span class='ocr_line' id='line_1_97' title="bbox 1966 4256 3549 4335; baseline -0.008 -17"><span class='ocrx_word' id='word_1_724' title='bbox 1966 4264 2092 4335; x_wconf 90' lang='lat' dir='ltr'><strong>pulo</strong></span> <span class='ocrx_word' id='word_1_725' title='bbox 2116 4261 2496 4319; x_wconf 90' lang='lat' dir='ltr'><strong>innumerabili</strong></span> <span class='ocrx_word' id='word_1_726' title='bbox 2549 4260 2613 4315; x_wconf 86' lang='lat' dir='ltr'><strong>ad</strong></span> <span class='ocrx_word' id='word_1_727' title='bbox 2664 4256 3120 4315; x_wconf 88' lang='lat' dir='ltr'><strong>transveheudum</strong></span> <span class='ocrx_word' id='word_1_728' title='bbox 3169 4270 3368 4325; x_wconf 91' lang='lat' dir='ltr'><strong>corpus</strong></span> <span class='ocrx_word' id='word_1_729' title='bbox 3399 4267 3549 4308; x_wconf 86' lang='lat' dir='ltr'><strong>mar-</strong></span> 
     </span>
    </p>
   </div>
   <div class='ocr_carea' id='block_1_98' title="bbox 1968 4345 3550 4427">
    <p class='ocr_par' dir='ltr' id='par_1_98' title="bbox 1968 4345 3550 4427">
     <span class='ocr_line' id='line_1_98' title="bbox 1968 4345 3550 4427; baseline -0.008 -17"><span class='ocrx_word' id='word_1_730' title='bbox 1968 4356 2123 4427; x_wconf 83' lang='lat' dir='ltr'><strong>tyris.</strong></span> <span class='ocrx_word' id='word_1_731' title='bbox 2153 4353 2323 4422; x_wconf 86' lang='lat' dir='ltr'><strong>Quem</strong></span> <span class='ocrx_word' id='word_1_732' title='bbox 2356 4354 2659 4425; x_wconf 86' lang='lat' dir='ltr'><strong>suscipiens</strong></span> <span class='ocrx_word' id='word_1_733' title='bbox 2686 4367 2792 4407; x_wconf 89' lang='lat' dir='ltr'><strong>una</strong></span> <span class='ocrx_word' id='word_1_734' title='bbox 2836 4365 2957 4406; x_wconf 91' lang='lat' dir='ltr'><strong>cum</strong></span> <span class='ocrx_word' id='word_1_735' title='bbox 3003 4349 3113 4403; x_wconf 79' lang='lat' dir='ltr'><strong>filio</strong></span> <span class='ocrx_word' id='word_1_736' title='bbox 3141 4362 3242 4402; x_wconf 91' lang='lat' dir='ltr'><strong>suo</strong></span> <span class='ocrx_word' id='word_1_737' title='bbox 3293 4345 3550 4400; x_wconf 80' lang='lat' dir='ltr'><strong>Rotbcrto</strong></span> 
     </span>
    </p>
   </div>
   <div class='ocr_carea' id='block_1_99' title="bbox 1968 4433 3552 4519">
    <p class='ocr_par' dir='ltr' id='par_1_99' title="bbox 1968 4433 3552 4519">
     <span class='ocr_line' id='line_1_99' title="bbox 1968 4433 3552 4519; baseline -0.009 -16"><span class='ocrx_word' id='word_1_738' title='bbox 1968 4448 2201 4519; x_wconf 89' lang='lat' dir='ltr'><strong>propriis</strong></span> <span class='ocrx_word' id='word_1_739' title='bbox 2232 4446 2485 4516; x_wconf 86' lang='lat' dir='ltr'><strong>scapulis,</strong></span> <span class='ocrx_word' id='word_1_740' title='bbox 2521 4444 2757 4515; x_wconf 88' lang='lat' dir='ltr'><strong>reposuit</strong></span> <span class='ocrx_word' id='word_1_741' title='bbox 2784 4458 2905 4498; x_wconf 90' lang='lat' dir='ltr'><strong>cum</strong></span> <span class='ocrx_word' id='word_1_742' title='bbox 2946 4439 3195 4497; x_wconf 90' lang='lat' dir='ltr'><strong>manibus</strong></span> <span class='ocrx_word' id='word_1_743' title='bbox 3224 4438 3338 4493; x_wconf 88' lang='lat' dir='ltr'><strong>suis</strong></span> <span class='ocrx_word' id='word_1_744' title='bbox 3361 4436 3413 4490; x_wconf 92' lang='lat' dir='ltr'><strong>in</strong></span> <span class='ocrx_word' id='word_1_745' title='bbox 3461 4433 3552 4488; x_wconf 93' lang='lat' dir='ltr'><strong>illo</strong></span> 
     </span>
    </p>
   </div>
   <div class='ocr_carea' id='block_1_100' title="bbox 1972 4522 3548 4605">
    <p class='ocr_par' dir='ltr' id='par_1_100' title="bbox 1972 4522 3548 4605">
     <span class='ocr_line' id='line_1_100' title="bbox 1972 4522 3548 4605; baseline -0.011 -12"><span class='ocrx_word' id='word_1_746' title='bbox 1972 4539 2089 4593; x_wconf 92' lang='lat' dir='ltr'><strong>loco</strong></span> <span class='ocrx_word' id='word_1_747' title='bbox 2115 4537 2203 4592; x_wconf 90' lang='lat' dir='ltr'><strong>ubi</strong></span> <span class='ocrx_word' id='word_1_748' title='bbox 2234 4537 2287 4591; x_wconf 92' lang='lat' dir='ltr'><strong>in</strong></span> <span class='ocrx_word' id='word_1_749' title='bbox 2318 4536 2566 4605; x_wconf 69' lang='lat' dir='ltr'><strong>prmsenti</strong></span> <span class='ocrx_word' id='word_1_750' title='bbox 2604 4544 2895 4589; x_wconf 88' lang='lat' dir='ltr'><strong>veneratur</strong></span> <span class='ocrx_word' id='word_1_751' title='bbox 2941 4547 2970 4586; x_wconf 89' lang='lat' dir='ltr'><strong>a</strong></span> <span class='ocrx_word' id='word_1_752' title='bbox 3022 4529 3270 4586; x_wconf 87' lang='lat' dir='ltr'><strong>ﬁdelibus</strong></span> <span class='ocrx_word' id='word_1_753' title='bbox 3318 4522 3548 4597; x_wconf 89' lang='lat' dir='ltr'><strong>populis.</strong></span> 
     </span>
    </p>
   </div>
   <div class='ocr_carea' id='block_1_101' title="bbox 1972 4617 3554 4693">
    <p class='ocr_par' dir='ltr' id='par_1_101' title="bbox 1972 4617 3554 4693">
     <span class='ocr_line' id='line_1_101' title="bbox 1972 4617 3554 4693; baseline -0.009 -10"><span class='ocrx_word' id='word_1_754' title='bbox 1972 4628 2200 4684; x_wconf 86' lang='lat' dir='ltr'><strong>Peracto</strong></span> <span class='ocrx_word' id='word_1_755' title='bbox 2234 4628 2430 4684; x_wconf 85' lang='lat' dir='ltr'><strong>deinde</strong></span> <span class='ocrx_word' id='word_1_756' title='bbox 2458 4626 2682 4682; x_wconf 89' lang='lat' dir='ltr'><strong>solemni</strong></span> <span class='ocrx_word' id='word_1_757' title='bbox 2710 4624 2885 4680; x_wconf 73' lang='lat' dir='ltr'><strong>officio</strong></span> <span class='ocrx_word' id='word_1_758' title='bbox 2906 4665 2919 4689; x_wconf 91' lang='lat'><strong>,</strong></span> <span class='ocrx_word' id='word_1_759' title='bbox 2962 4632 3017 4678; x_wconf 90' lang='lat' dir='ltr'><strong>et</strong></span> <span class='ocrx_word' id='word_1_760' title='bbox 3049 4636 3173 4693; x_wconf 82' lang='lat' dir='ltr'><strong>rege</strong></span> <span class='ocrx_word' id='word_1_761' title='bbox 3204 4617 3554 4674; x_wconf 86' lang='lat' dir='ltr'><strong>recumbente</strong></span> 
     </span>
    </p>
   </div>
   <div class='ocr_carea' id='block_1_102' title="bbox 1974 4702 3553 4784">
    <p class='ocr_par' dir='ltr' id='par_1_102' title="bbox 1974 4702 3553 4784">
     <span class='ocr_line' id='line_1_102' title="bbox 1974 4702 3553 4784; baseline -0.008 -11"><span class='ocrx_word' id='word_1_762' title='bbox 1974 4719 2042 4773; x_wconf 90' lang='lat' dir='ltr'><strong>ad</strong></span> <span class='ocrx_word' id='word_1_763' title='bbox 2098 4732 2341 4772; x_wconf 89' lang='lat' dir='ltr'><strong>mensam</strong></span> <span class='ocrx_word' id='word_1_764' title='bbox 2392 4715 2784 4784; x_wconf 88' lang='lat' dir='ltr'><strong>monachisque</strong></span> <span class='ocrx_word' id='word_1_765' title='bbox 2843 4713 3145 4775; x_wconf 89' lang='lat' dir='ltr'><strong>edentibus,</strong></span> <span class='ocrx_word' id='word_1_766' title='bbox 3207 4708 3428 4765; x_wconf 90' lang='lat' dir='ltr'><strong>sedebat</strong></span> <span class='ocrx_word' id='word_1_767' title='bbox 3480 4702 3553 4760; x_wconf 87' lang='lat' dir='ltr'><strong>ibi</strong></span> 
     </span>
    </p>
   </div>
   <div class='ocr_carea' id='block_1_103' title="bbox 1976 4798 3557 4880">
    <p class='ocr_par' dir='ltr' id='par_1_103' title="bbox 1976 4798 3557 4880">
     <span class='ocr_line' id='line_1_103' title="bbox 1976 4798 3557 4880; baseline -0.012 -15"><span class='ocrx_word' id='word_1_768' title='bbox 1976 4824 2116 4880; x_wconf 58' lang='lat' dir='ltr'><strong>sape</strong></span> <span class='ocrx_word' id='word_1_769' title='bbox 2151 4809 2332 4864; x_wconf 91' lang='lat' dir='ltr'><strong>dictus</strong></span> <span class='ocrx_word' id='word_1_770' title='bbox 2364 4807 2660 4863; x_wconf 91' lang='lat' dir='ltr'><strong>monachus</strong></span> <span class='ocrx_word' id='word_1_771' title='bbox 2691 4806 2781 4861; x_wconf 90' lang='lat' dir='ltr'><strong>ubi</strong></span> <span class='ocrx_word' id='word_1_772' title='bbox 2828 4820 2951 4860; x_wconf 91' lang='lat' dir='ltr'><strong>eum</strong></span> <span class='ocrx_word' id='word_1_773' title='bbox 2981 4801 3229 4875; x_wconf 88' lang='lat' dir='ltr'><strong>perindie</strong></span> <span class='ocrx_word' id='word_1_774' title='bbox 3279 4798 3557 4856; x_wconf 88' lang='lat' dir='ltr'><strong>sedentem</strong></span> 
     </span>
    </p>
   </div>
   <div class='ocr_carea' id='block_1_104' title="bbox 1975 4886 3560 4984">
    <p class='ocr_par' dir='ltr' id='par_1_104' title="bbox 1975 4886 3560 4984">
     <span class='ocr_line' id='line_1_104' title="bbox 1975 4886 3560 4984; baseline -0.013 -25"><span class='ocrx_word' id='word_1_775' title='bbox 1975 4918 2135 4973; x_wconf 87' lang='lat' dir='ltr'><strong>supra</strong></span> <span class='ocrx_word' id='word_1_776' title='bbox 2168 4904 2399 4971; x_wconf 90' lang='lat' dir='ltr'><strong>scriptus</strong></span> <span class='ocrx_word' id='word_1_777' title='bbox 2426 4902 2711 4957; x_wconf 89' lang='lat' dir='ltr'><strong>invenerat</strong></span> <span class='ocrx_word' id='word_1_778' title='bbox 2739 4914 2951 4963; x_wconf 68' lang='lat' dir='ltr'><strong>creetis;</strong></span> <span class='ocrx_word' id='word_1_779' title='bbox 3008 4895 3097 4965; x_wconf 90' lang='lat' dir='ltr'><strong>qui</strong></span> <span class='ocrx_word' id='word_1_780' title='bbox 3145 4901 3284 4947; x_wconf 90' lang='lat' dir='ltr'><strong>nutu</strong></span> <span class='ocrx_word' id='word_1_781' title='bbox 3329 4888 3425 4947; x_wconf 88' lang='lat' dir='ltr'><strong>Dei</strong></span> <span class='ocrx_word' id='word_1_782' title='bbox 3459 4886 3560 4984; x_wconf 75' lang='lat' dir='ltr'><strong>du-</strong></span> 
     </span>
    </p>
   </div>
   <div class='ocr_carea' id='block_1_105' title="bbox 1975 4984 3567 5064">
    <p class='ocr_par' dir='ltr' id='par_1_105' title="bbox 1975 4984 3567 5064">
     <span class='ocr_line' id='line_1_105' title="bbox 1975 4984 3567 5064; baseline -0.017 -12"><span class='ocrx_word' id='word_1_783' title='bbox 1975 5004 2132 5052; x_wconf 89' lang='lat' dir='ltr'><strong>cente</strong></span> <span class='ocrx_word' id='word_1_784' title='bbox 2158 5010 2219 5051; x_wconf 85' lang='lat' dir='ltr'><strong>se</strong></span> <span class='ocrx_word' id='word_1_785' title='bbox 2266 5008 2436 5064; x_wconf 90' lang='lat' dir='ltr'><strong>puero</strong></span> <span class='ocrx_word' id='word_1_786' title='bbox 2491 4990 2902 5064; x_wconf 89' lang='lat' dir='ltr'><strong>superveniens,</strong></span> <span class='ocrx_word' id='word_1_787' title='bbox 2953 4985 3093 5042; x_wconf 81' lang='lat' dir='ltr'><strong>dixit</strong></span> <span class='ocrx_word' id='word_1_788' title='bbox 3143 4996 3202 5035; x_wconf 89' lang='lat' dir='ltr'><strong>se</strong></span> <span class='ocrx_word' id='word_1_789' title='bbox 3257 4984 3456 5038; x_wconf 81' lang='lat' dir='ltr'><strong>iterum</strong></span> <span class='ocrx_word' id='word_1_790' title='bbox 3511 4987 3567 5064; x_wconf 78' lang='lat' dir='ltr'><strong>in</strong></span> 
     </span>
    </p>
   </div>
   <div class='ocr_carea' id='block_1_106' title="bbox 1975 5060 3576 5150">
    <p class='ocr_par' dir='ltr' id='par_1_106' title="bbox 1975 5060 3576 5150">
     <span class='ocr_line' id='line_1_106' title="bbox 1975 5060 3576 5150; baseline -0.021 -6"><span class='ocrx_word' id='word_1_791' title='bbox 1975 5088 2182 5143; x_wconf 84' lang='lat' dir='ltr'><strong>somnis</strong></span> <span class='ocrx_word' id='word_1_792' title='bbox 2231 5060 2575 5141; x_wconf 24' lang='lat' dir='ltr'><strong>admonitum:</strong></span> <span class='ocrx_word' id='word_1_793' title='bbox 2614 5090 2672 5135; x_wconf 90' lang='lat' dir='ltr'><strong>ut</strong></span> <span class='ocrx_word' id='word_1_794' title='bbox 2700 5078 3022 5150; x_wconf 87' lang='lat' dir='ltr'><strong>quantocius</strong></span> <span class='ocrx_word' id='word_1_795' title='bbox 3070 5077 3367 5139; x_wconf 73' lang='lat' dir='ltr'><strong>expeteret</strong></span> <span class='ocrx_word' id='word_1_796' title='bbox 3406 5060 3576 5117; x_wconf 83' lang='lat' dir='ltr'><strong>sancti</strong></span> 
     </span>
    </p>
   </div>
   <div class='ocr_carea' id='block_1_107' title="bbox 1978 5158 3581 5239">
    <p class='ocr_par' dir='ltr' id='par_1_107' title="bbox 1978 5158 3581 5239">
     <span class='ocr_line' id='line_1_107' title="bbox 1978 5158 3581 5239; baseline -0.019 -4"><span class='ocrx_word' id='word_1_797' title='bbox 1978 5178 2256 5235; x_wconf 87' lang='lat' dir='ltr'><strong>Saviniani</strong></span> <span class='ocrx_word' id='word_1_798' title='bbox 2303 5175 2590 5239; x_wconf 81' lang='lat' dir='ltr'><strong>auxilium,</strong></span> <span class='ocrx_word' id='word_1_799' title='bbox 2638 5181 2692 5226; x_wconf 89' lang='lat' dir='ltr'><strong>et</strong></span> <span class='ocrx_word' id='word_1_800' title='bbox 2719 5168 3008 5239; x_wconf 85' lang='lat' dir='ltr'><strong>projiciens</strong></span> <span class='ocrx_word' id='word_1_801' title='bbox 3037 5178 3098 5219; x_wconf 92' lang='lat' dir='ltr'><strong>se</strong></span> <span class='ocrx_word' id='word_1_802' title='bbox 3130 5160 3424 5220; x_wconf 85' lang='lat' dir='ltr'><strong>soloteuus</strong></span> <span class='ocrx_word' id='word_1_803' title='bbox 3458 5158 3581 5205; x_wconf 89' lang='lat' dir='ltr'><strong>ante</strong></span> 
     </span>
    </p>
   </div>
   <div class='ocr_carea' id='block_1_108' title="bbox 1976 5244 3587 5340">
    <p class='ocr_par' dir='ltr' id='par_1_108' title="bbox 1976 5244 3587 5340">
     <span class='ocr_line' id='line_1_108' title="bbox 1976 5244 3587 5340; baseline -0.017 -15"><span class='ocrx_word' id='word_1_804' title='bbox 1976 5270 2321 5340; x_wconf 63' lang='lat' dir='ltr'><strong>pl‘msentiam</strong></span> <span class='ocrx_word' id='word_1_805' title='bbox 2347 5264 2674 5332; x_wconf 82' lang='lat' dir='ltr'><strong>sancti,ejns</strong></span> <span class='ocrx_word' id='word_1_806' title='bbox 2694 5258 3113 5328; x_wconf 74' lang='lat' dir='ltr'><strong>suifragantibus</strong></span> <span class='ocrx_word' id='word_1_807' title='bbox 3136 5254 3385 5312; x_wconf 80' lang='lat' dir='ltr'><strong>meritis,</strong></span> <span class='ocrx_word' id='word_1_808' title='bbox 3412 5244 3587 5298; x_wconf 86' lang='lat' dir='ltr'><strong>visum</strong></span> 
     </span>
    </p>
   </div>
   <div class='ocr_carea' id='block_1_109' title="bbox 3405 5340 3566 5358">
    <p class='ocr_par' dir='ltr' id='par_1_109' title="bbox 3405 5340 3566 5358">
     <span class='ocr_line' id='line_1_109' title="bbox 3405 5340 3566 5358; baseline 0 0"><span class='ocrx_word' id='word_1_809' title='bbox 3405 5340 3430 5358; x_wconf 83' lang='lat' dir='ltr'><strong>I.</strong></span> <span class='ocrx_word' id='word_1_810' title='bbox 3447 5344 3566 5358; x_wconf 69' lang='lat'><strong>-1..—</strong></span> 
     </span>
    </p>
   </div>
  </div>
