4116 5358
522 309 636 370 ’799
1416 309 1768 366 υῡοιιλΝΝι
1808 308 2117 365 MONACIII

2178 312 2214 365 5.
2245 310 2450 367 Ρετιιι
2488 311 2620 370 VIVI
2661 310 2906 368 SENON.
3688 316 3803 373 800

534 428 738 496 pieiens
763 424 975 482 eminus
1002 422 1290 494 tranquilla
1323 438 1484 477 manu
1535 425 1708 478 innuit
1744 433 1802 478 ut
1831 421 2114 479 accederet
2142 429 2190 488 Α
2219 423 2364 484 dere.
2397 439 2464 478 eo
2490 424 2632 495 quod
2667 439 2761 479 eos
2805 423 2872 478 ab
2910 421 3140 478 invicem
3191 433 3496 494 separasset
3545 439 3796 495 corpore,

515 518 772 588 Impius.
804 516 902 572 Cui
930 534 944 570 :
978 511 1186 570 Ena’rra
1215 514 1366 578 mibi,
1400 515 1596 584 inquit,
1645 523 1865 570 sanctus
1915 514 2112 570 Poten-
2218 524 2272 570 et
2299 515 2623 585 promittens
2640 529 2698 569 se
2721 530 2842 569 eum
2860 513 3008 567 socio
3035 513 3393 579 redditurtnn,
3425 516 3802 572 conimisitei-

513 613 714 676 d'auns
747 619 934 663 sancto
965 608 1260 662 Saviniano
1296 607 1424 676 quid
1477 605 1660 662 fuerit.
1712 608 1782 663 At
1836 607 1924 662 ille
1969 607 2112 677 quod
2218 606 2338 663 dem
2371 606 2525 661 fratri
2551 623 2657 661 xxx
2689 615 2745 660 et
2771 615 2881 660 tres
2910 604 3111 660 solidos
3134 606 3267 660 meri
3299 605 3533 675 argenti,
3564 615 3624 660 ut
3676 607 3803 660 inde

532 697 716 751 socius
735 698 852 764 ejus
875 698 924 751 in
955 697 1163 751 itineris
1191 695 1392 761 labore,
1424 706 1477 750 et
1502 697 1854 752 successorin
1884 699 2113 766 honore,
2219 696 2481 766 inciperet
2509 710 2814 768 prmparare
2840 694 3099 750 scrinium
3121 695 3292 749 sancti
3324 694 3656 749 Potentiani.
3689 694 3800 748 Sed

537 795 591 842 ct
621 787 824 857 collega
880 788 1123 860 martyrii
1176 787 1336 843 fuerit
1381 789 1657 846 humiliter
1710 790 1905 845 intulit.
1963 789 2115 845 Tunc
2220 787 2346 842 dum
2382 787 2480 841 ista
2511 786 2785 856 cogitabat
2813 801 2994 855 agere,
3022 794 3329 854 praeventus
3376 799 3609 855 superna
3642 798 3803 838 voca-

534 893 630 932 rcx
661 881 901 949 graviter
929 879 1094 950 coepit
1120 879 1402 949 conqueri,
1435 892 1488 934 et
1515 880 1708 952 pugnis
1756 890 1946 952 pectus
1992 889 2118 934 tun-
2221 880 2368 936 tione
2398 880 2632 936 reddidit
2662 879 2772 934 Deo
2802 879 3038 934 debitum
3070 877 3241 948 patris
3273 878 3444 932 nostri
3476 877 3608 932 Adae

1087 1243 1198 1324 IN
1255 1239 1791 1322 OPUSCULA
1850 1241 2434 1335 SEQUENTIA
2491 1242 2675 1319 MAI
2743 1239 3282 1319 MUNITUM.

1517 1442 1792 1516 (Spicilcg.
1823 1442 2004 1510 Rom..,
2040 1451 2172 1498 tom.
2206 1439 2300 1508 IX,
2331 1440 2482 1512 praef.
2512 1455 2636 1512 pag.
2665 1441 2801 1511 Juv.)

604 1753 750 1827 Inter
777 1749 1066 1827 Cliristinze
1099 1752 1394 1810 Succorqu
1434 1756 1639 1825 regium
1667 1755 2084 1827 codi'ces,.nuuc
2111 1751 2420 1827 Vaticanos.
2453 1756 2660 1824 priscas
2701 1757 2920 1827 quidam
2949 1758 3338 1827 autographus,
3385 1764 3445 1810 ut
3476 1771 3623 1818 reor,
3675 1771 3816 1823 opn-

605 1775 750 1810 mter
777 1775 1066 1808 uirisuna:
1100 1775 1394 1810 auecorum
1434 1775 1639 1825 regium
1679 1775 2084 1821 COtllcesrnlllIC
2121 1775 2420 1814 vaucanos.
2453 1775 2660 1824 priscas
2701 1775 2920 1827 quinam
2949 1775 3075 1812 auio
3114 1775 3338 1824 rapnus,
3385 1775 3445 1810 ιιι
3476 1775 3623 1818 reor,
3675 1775 3816 1823 opn-

536 1824 684 1896 scula
717 1824 958 1896 continet
987 1823 1257 1880 Odoranni
1287 1828 1556 1896 monachi,
1585 1826 1675 1895 qui
1706 1837 1831 1881 ante
1866 1826 2098 1881 medium
2125 1825 2392 1896 istecnlum
2420 1841 2471 1880 at
2509 1843 2616 1882 non
2653 1829 2938 1882 iucelebris
2969 1831 3023 1884 in
3053 1775 3224 1883 Ggallia
3272 1829 3373 1882 sub
3404 1827 3643 1880 Roberto
3686 1841 3816 1896 reg:

538 1895 664 1960 fuit,
690 1895 828 1964 apud
853 1909 1010 1966 quem
1036 1896 1206 1965 gratia
1250 1895 1537 1965 plurimum
1568 1897 1766 1951 ﬂoruit.
1794 1897 1872 1952 Ex
1915 1898 2015 1950 hoc
2036 1895 2221 1966 calice
2251 1897 2518 1951 Lhesnius
2543 1899 2850 1966 impetravit
2879 1899 3005 1955 olim
3047 1916 3074 1953 a
3105 1908 3358 1954 senatore
3401 1897 3641 1959 Petavio,
3685 1895 3814 1952 huic

536 1966 935 2040 ejusdomino,
978 1965 1140 2040 breve
1168 1967 1636 2040 clironironillnd
1687 1968 1828 2037 quod
1870 1965 2338 2040 interscriptores
2371 1983 2477 2020 rer.
2503 1965 2836 2040 l‘i-an'cttom.
2885 1969 2923 2023 ll
2959 1970 3218 2040 vulgavit.
3249 1967 3514 2040 Praeterea
3561 1967 3811 2040 mutilam

539 2035 828 2108 quamdam
858 2035 1130 2108 anranni
1161 2037 1443 2105 epistolam
1475 2037 1684 2107 (confer
1704 2035 1892 2108 opusc.
1939 2035 2026 2108 15)
2069 2035 2409 2091 Maliillonius
2449 2039 2635 2092 edidit.
2667 2038 2872 2093 Czetcra
2904 2035 3084 2093 omnia
3114 2055 3235 2108 qure
3268 2039 3317 2093 in
3351 2053 3574 2108 perraro
3623 2035 3812 2090 codice

540 2106 741 2164 latent.
775 2106 842 2159 ab
883 2106 998 2180 ipso
1018 2116 1260 2180 auctore
1291 2108 1350 2180 in
1379 2106 1543 2162 unum
1573 2106 1772 2177 corpus
1799 2149 1816 2173 ,
1848 2119 1906 2180 ut
1946 2107 2058 2180 ipse
2090 2116 2273 2180 monet
2287 2147 2307 2180 ,_
2345 2120 2620 2178 compacta
2648 2111 2902 2180 opuscula
2923 2152 2938 2174 ,
2972 2106 3189 2164 nemo'a
3213 2111 3334 2164 lliuc
3354 2106 3812 2180 ‘extulerataetsi

538 2193 599 2231 ca
635 2191 807 2244 neque
835 2192 928 2231 ern
971 2177 1136 2250 itione
1166 2178 1422 2250 historica
1453 2191 1662 2240 carent,
1689 2189 1745 2234 et
1775 2180 1825 2232 in
1856 2178 2088 2250 liihlii-is.
2117 2177 2724 2250 musicisphysicisqn'e
2747 2181 3136 2250 quaestionibus
3165 2190 3220 2235 et
3247 2181 3512 2250 doctrinis
3544 2193 3651 2250 non
3681 2177 3814 2230 inli-

540 2257 660 2301 cete
686 2257 990 2322 versantur.
1024 2247 1213 2322 Placet
1238 2249 1484 2322 apprime
1515 2252 1566 2303 in
1595 2250 1851 2322 opuscnln
1881 2245 2180 2322 8_l‘ormula_
2204 2245 2746 2322 genuina'electionis
2765 2245 2873 2322 per
2900 2253 2950 2306 id
2984 2261 3194 2322 tempus
3222 2249 3547 2321 episcopalis
3564 2249 3686 2322 _(IO)
3716 2264 3730 2299 :
3759 2251 3810 2300 in

537 2319 800 2391 opuscqu
829 2317 1073 2391 9rcnncio
1103 2321 1167 2372 ad
1201 2316 1454 2390 populum
1504 2337 1599 2390 pro
1633 2316 1806 2374 cleCto
1835 2320 2088 2391 episcopo
2123 2335 2134 2370 :
2169 2316 2224 2391 in
2269 2320 2325 2372 11
2351 2322 2674 2391 exhortatio
2705 2316 3002 2376 tnonaslica
3039 2341 3051 2375 :
3090 2316 3142 2375 in
3179 2316 3506 2391 li'demum
3557 2318 3817 2391 fraterna;

538 2389 912 2460 uinmimitatis
941 2386 1344 2445 testamentum.
1383 2386 1623 2460 llyuinus
1651 2407 1783 2444 vero
1811 2386 2144 2445 in'sanctunt
2175 2386 2526 2460 Savinianuni
2557 2433 2571 2454 ,
2599 2401 2778 2446 utrum
2820 2392 3095 2448 Odoranni
3151 2391 3220 2445 sit
3260 2408 3325 2444 an
3363 2389 3544 2460 potius
3591 2387 3814 2442 lioberti

539 2457 700 2534 regis.
732 2476 759 2510 a
787 2475 893 2534 quo
915 2472 962 2534 et
994 2460 1132 2514 alios
1157 2457 1757 2534 hymnoscompositos
1786 2470 2021 2534 constat,
2052 2474 2168 2534 non
2195 2459 2415 2534 delinio.
2451 2464 2610 2534 Certe
2645 2464 2734 2517 h.c
2778 2463 2989 2517 diversa
3027 2478 3186 2534 manu
3232 2461 3282 2515 in
3314 2457 3500 2534 codice
3531 2460 3814 2534 scribitur.

541 2527 872 2650 Senoufusia
913 2531 1127 2585 demum
1171 2527 1478 2602 epitaphia,
1521 2527 1641 2603 quae
1680 2527 2544 2605 subjungimus,Christianarum
2593 2533 3005 2608 inscriptionum
3050 2533 3363 2588 thesaurum
3411 2528 3816 2599 aliquantulum

543 2615 713 2650 3112011
751 2641 758 2650 .

543 2615 758 2668 augent.

539 2690 1088 2832 “(Lipptlggcratur
1125 2693 1375 2752 Grzecum
1425 2697 1739 2752 mandatum
1787 2697 1853 2751 ad
1895 2711 2064 2768 nuper
2109 2691 2417 2752 ordinatum
2466 2699 2776 2771 episcopum
2829 2696 2971 2768 apud
3028 2693 3410 2750 Lcunclavium
3458 2692 3512 2766 in
3557 2692 3684 2763 jure
3722 2689 3830 2746 Gr.

604 2916 789 2925 cro—vv-”
808 2919 952 2928 —~..._.

545 2942 647 2958 _—

653 2935 3788 2972 ___.__._______________.___,______.___———————.

2209 2972 2252 3012 ('5

2273 3010 2415 3058 ξ’ἰἈ
2445 3003 2556 3053 ἴα),
2589 3003 2630 3042 λλ
2665 3007 2688 3038 ιλ
2719 3005 2786 3042 ’καὶ

1257 3100 2082 3286 QDORANNI
2179 3087 3053 3226 OPUSCULA.

1759 3359 1926 3432 (Hui,
1960 3359 2044 3413 ubi
2084 3375 2265 3429 supra,
2289 3372 2414 3428 pag.
2450 3354 2563 3412 58.‘

1855 3623 2534 3780 PROLOGUS.

554 3979 568 3994 .
615 3977 629 3994 .
673 3977 687 3993 .
729 3936 935 3993 locusta
960 3935 1270 4006 frequenter
1300 3933 1602 4004 inpingnat,
1624 3929 1877 4000 kapparis
1903 3928 2127 3998 dissipa-
2155 3932 2200 3990 Β
2228 3928 2432 3997 absque
2457 3925 2712 3995 scrupulo
2740 3923 2978 3985 invidize,
3029 3935 3090 3976 ea
3121 3917 3446 3991 legentibus,
3479 3916 3592 3971 Deo
3637 3931 3667 3969 ει
3716 3931 3834 3986 qua

555 4039 643 4084 tur
672 4028 804 4100 (11).
831 4028 971 4084 Ante
998 4040 1160 4097 quam
1191 4033 1437 4080 recurrat
1461 4023 1591 4078 vitta
1622 4037 1785 4076 aurea
1816 4019 1954 4088 (19),
1981 4027 2037 4072 et
2068 4017 2136 4072 ad
2238 4019 2376 4074 bona
2399 4027 2592 4072 cuncta
2621 4016 2922 4087 procedunt
2950 4023 3194 4071 auctore.
3219 4009 3522 4080 profutura.
3569 4008 3741 4100 Igitur
3770 4010 3823 4062 in

555 4133 742 4174 vocem
767 4099 1052 4171 columbae
1079 4122 1459 4185 consurgatnr,
1496 4121 1550 4168 et
1596 4121 1712 4167 rota
1757 4124 1918 4180 super
1947 4109 2139 4164 cister-
2240 4110 2430 4180 primis
2461 4110 2528 4185 de
2565 4109 2778 4164 domnae
2805 4104 3227 4161 'l‘hendechildis
3249 4102 3457 4172 origine
3506 4110 3563 4153 et
3604 4099 3732 4163 line,
3770 4107 3834 4153 et

555 4225 679 4264 nam
705 4209 816 4276 (l3)
854 4215 1190 4271 conteratur,
1222 4215 1276 4261 et
1302 4205 1477 4275 pulvis
1500 4203 1565 4258 ad
1593 4211 1794 4258 terram
1823 4215 1973 4256 suam
1997 4196 2140 4253 unde
2240 4201 2344 4264 loci
2361 4201 2530 4256 nostri
2553 4199 2962 4261 fundamine,ea
2986 4212 3130 4266 quae,
3153 4195 3410 4248 liotherto
3431 4193 3681 4262 piissimo
3703 4207 3843 4259 rege"

555 4308 676 4354 crat
721 4309 1043 4358 revertatur,
1076 4307 1132 4352 et
1160 4296 1384 4366 Spiritus
1414 4295 1599 4350 redeat
1637 4293 1702 4347 ad
1735 4292 1898 4346 Deum
1929 4289 2018 4360 qui
2047 4289 2144 4344 de-
2242 4294 2593 4354 adhortante,
2625 4301 2680 4346 et
2701 4291 2900 4344 domno
2927 4287 3250 4343 Leutherico
3279 4285 3692 4354 archiepiscopo
3715 4282 3829 4352 (15)

557 4385 638 4440 dit
672 4387 841 4454 illum,
877 4387 1186 4442 meminisse
1210 4386 1492 4448 debemus,
1519 4382 1830 4441 karissime,
1869 4377 2142 4434 tenebrosi
2241 4392 2640 4444 commonente,
2666 4385 2677 4429 I
2701 4380 2808 4434 revi
2829 4379 3040 4433 calamo
3062 4374 3466 4446 comprehendi,
3491 4387 3696 4441 ponere
3723 4373 3831 4426 dis.

561 4477 841 4544 temporis,
872 4487 921 4530 ct
954 4491 1165 4531 summo
1195 4474 1374 4530 studio
1421 4473 1852 4529 animadvertere
1900 4470 2139 4524 futurum
2242 4473 2415 4544 posui.
2449 4471 2653 4527 Deinde
2675 4486 2770 4540 per
2793 4485 2963 4524 annos
2992 4467 3200 4522 Domini
3233 4467 3608 4520 demonstrare
3647 4462 3834 4516 volens

555 4565 816 4636 judicium
855 4567 1083 4621 districti
1125 4567 1355 4636 judicis;
1408 4574 1462 4622 et
1501 4580 1606 4618 non
1653 4563 1825 4618 solum
1876 4562 2139 4617 honorum
2243 4566 2439 4636 quibus
2468 4565 2796 4634 temporibus
2840 4571 2900 4618 et
2936 4578 2965 4614 a
3014 4561 3207 4629 quibus
3233 4556 3478 4627 personis
3501 4557 3578 4609 sit
3611 4565 3830 4610 sancto-

563 4664 782 4713 a‘ctnum
807 4659 1168 4715 exhibitione.
1195 4675 1384 4714 verum
1436 4659 1597 4714 etiam
1629 4655 1844 4726 scriptis
1871 4664 1926 4710 et
1952 4654 2140 4718 dictis,
2246 4672 2366 4711 rum
2393 4654 2708 4724 pignoribus
2744 4654 2884 4707 idem
2934 4651 3083 4705 locus
3128 4651 3360 4709 ditatus,
3393 4646 3696 4700 intentione
3739 4644 3837 4696 hu-

562 4749 826 4816 proximis
860 4749 1082 4815 nostris,
1116 4749 1182 4804 ad
1223 4751 1358 4804 bene
1379 4750 1643 4820 agendum
1672 4745 1974 4816 exemplum
2008 4760 2145 4815 ριγη-
2247 4748 2470 4804 millima
2518 4745 2847 4816 perstrinxi;
2880 4744 3023 4797 inter
3048 4749 3251 4802 cetera,
3279 4752 3341 4794 ea
3365 4752 3485 4805 qua:
3514 4735 3568 4790 in
3594 4733 3837 4788 transla-

563 4839 712 4894 licrc.
739 4839 891 4896 Unde
921 4855 987 4894 ex
1024 4839 1238 4899 multis.
1265 4855 1386 4909 ιιιιιι³
1416 4839 1642 4893 diversis
1671 4836 1998 4905 temporibus
2028 4849 2149 4904 ρει·-
2252 4840 2399 4896 tione
2447 4836 2618 4892 sancti
2671 4833 2944 4890 Saviniani
2999 4831 3109 4885 vidi
3158 4829 3273 4883 ﬁeri
3316 4825 3595 4882 miracula.
3640 4822 3835 4877 Cetera

564 4931 670 5001 egi,
721 4931 1037 5002 paternitati
1083 4942 1278 4987 vestrm
1323 4931 1436 5002 (14)
1483 4946 1650 5000 pauca
1695 4929 1879 4984 curavi
1935 4928 2151 4982 tradere
2252 4931 2366 4992 suis
2397 4929 2648 5000 capitulis
2687 4928 2893 4982 adnexa
2935 4921 3220 4978 manifesta
3261 4919 3507 4991 pandunt
3538 4915 3840 4973 lectoribus
3891 4968 3893 4970 ,

563 5023 856 5097 opuscula,
913 5042 1016 5082 non
1066 5027 1239 5082 solum
1289 5025 1442 5082 vobis
1495 5025 1678 5092 utilia,
1746 5038 1930 5079 verum
1983 5022 2147 5076 ctiam
2253 5021 2522 5078 examina.

1910 5151 2159 5192 EXPLICIT
2197 5147 2488 5190 PROLOGUS.
3891 5173 3902 5184 ,

643 5255 690 5318 (1
709 5225 754 5309 fi
784 5255 1100 5336 .Acepbalns
1132 5266 1214 5311 est
1259 5259 1512 5328 proiogns
1548 5258 1598 5310 in
1627 5254 1838 5338 codice:
1877 5250 1943 5305 Ut
1966 5259 2145 5303 autem
2468 5244 2653 5336 glossa
2684 5261 2695 5296 :
2726 5236 3440 5334 volubiliirrs-imestiiwrum,
3474 5229 3795 5287 stomachus.
