4116 5358
297 271 400 329 101

1726 263 2090 323 OPUSCL'LA

3475 270 3582 326 ωε

707 447 1103 511 INCIPIUNT
1146 444 1544 507 CAPI'I‘ULA
1585 445 1729 508 SEU
1775 444 2044 506 TITULI
2091 443 2675 507 OPUSCULORUM
2722 445 3164 508 ODORANNI.

299 639 430 694 Car.
460 634 502 690 I.
544 633 730 704 Origo,
763 641 936 695 actus,
989 639 1040 686 et
1075 628 1199 684 linis
1227 629 1440 683 domnae
1470 626 1886 683 Theudeehildis
1914 637 1965 695 Λ

407 726 631 797 regium,
660 735 713 779 et
745 723 1077 779 constructio
1100 723 1412 776 monasterii
1457 722 1629 776 sancti
1673 719 1838 776 Petri.

295 821 360 876 ll.
406 817 817 874 Dentoustratio
845 831 940 886 per
971 831 1144 870 annos
1167 814 1400 879 Domini,
1423 814 1622 884 quibus
1644 813 1894 882 tempori-

412 909 515 962 bus
551 907 694 962 vela
745 907 942 976 quibus
980 906 1228 976 personis
1281 905 1670 959 monasterium
1718 903 1892 958 sancti

408 999 556 1055 Petri
590 999 874 1070 pra-ceptis
901 999 1200 1070 regalibus,
1235 1014 1328 1052 seu
1363 998 1656 1070 privilegiis
1684 997 1894 1068 episco-

405 1090 651 1159 palibus,
678 1104 778 1143 nec
819 1105 925 1143 non
958 1089 1277 1160 pignoribus
1324 1100 1636 1143 sanctorum
1677 1089 1892 1142 dotatus

407 1182 510 1245 sit;
548 1190 604 1235 et
630 1181 770 1250 quod
799 1181 1085 1252 episctipus
1117 1181 1413 1236 Scnnensis
1442 1180 1734 1251 primatum
1762 1177 1890 1233 Gal-

405 1272 487 1326 liae
517 1283 571 1326 et
597 1271 901 1327 Germania:
931 1273 1147 1337 habeat,
1165 1283 1226 1326 et
1248 1287 1322 1326 se.
1344 1273 1520 1326 undus
1546 1287 1681 1340 papa
1709 1270 1893 1340 appel-

406 1363 549 1417 letur
569 1379 596 1429 ς.
619 1372 673 1418 et
701 1365 939 1418 ostensio
973 1364 1356 1418 miraculorum
1382 1367 1555 1417 sancti
1590 1361 1885 1417 Saviuiani.

285 1452 380 1508 Ill.
421 1455 504 1508 Ad
530 1453 862 1509 Willelmum
887 1455 1136 1508 abbatem
1157 1454 1260 1508 sub
1282 1454 1566 1508 charitatis
1588 1452 1745 1505 laude
1768 1466 1907 1520 gra-.

405 1547 604 1601 tiarum
641 1550 803 1602 actio.
852 1547 919 1602 Et
962 1547 1029 1602 de
1068 1547 1481 1603 accusatoribus
1508 1557 1564 1601 et
1591 1547 1884 1612 accusatis,

402 1655 499 1694 seu
543 1642 610 1696 de
645 1639 795 1696 falsis
823 1641 1070 1696 testibus.
1105 1641 1181 1696 De
1219 1641 1712 1712 conspirationibns
1752 1656 1890 1711 quo-

395 1747 508 1802 que
535 1733 618 1786 vel
646 1733 1090 1804 inscriptionibus
1112 1733 1436 1787 adtitulatio.
1466 1733 1530 1788 Et
1561 1734 1629 1788 de
1670 1748 1888 1804 repara-

403 1825 551 1878 tione
569 1825 870 1878 sacerdotis
889 1826 1088 1894 scripta
1109 1824 1358 1895 Gregorii
1382 1834 1436 1878 et
1459 1822 1668 1878 lsidori.

283 1912 380 1967 IV.
423 1914 504 1968 Ad
560 1913 865 1968 Eurardum
916 1915 1240 1970 monachum
1299 1914 1367 1969 de
1415 1914 1587 1968 tribus
1633 1913 1887 1985 quaestio-

394 2005 572 2058 uibus.

290 2095 356 2150 ν.
408 2097 490 2150 Ad
520 2097 841 2153 Rotbertum
873 2098 1196 2154 monachum
1229 2099 1296 2154 de
1323 2099 1466 2154 tonis
1496 2112 1736 2154 musncm.

289 2183 379 2240 γι.
415 2185 490 2241 De
535 2187 804 2242 divisione
860 2189 1210 2243 monochordi
1256 2189 1322 2243 ad
1368 2189 1662 2243 monachos
1704 2188 1879 2242 sancti

391 2277 650 2333 Germani
696 2279 1184 2335 Antissiodorcnsis
1216 2322 1231 2346 ,
1287 2282 1379 2353 qui
1431 2281 1573 2352 apud
1628 2291 1878 2336 sanctum

395 2367 787 2440 Leodegarium
827 2370 1197 2426 morabantur.

289 2461 398 2516 νυ.
438 2463 518 2516 Ad
590 2463 973 2520 Aremlertum
1022 2467 1345 2522 monachum
1395 2467 1462 2522 de
1530 2467 1880 2538 responsorio

389 2554 666 2623 Aspiciens
704 2574 738 2611 ιι
773 2557 956 2629 longe,
985 2568 1172 2616 contra
1202 2559 1534 2616 Amalarium
1579 2570 1635 2615 et
1660 2561 1882 2614 drama-

2095 628 2165 683 tis
2197 627 2474 693 resolutio,
2525 629 2862 700 mysticaque
2915 631 3272 688 Sunamitidis
3319 633 3582 707 interpre-

2104 721 2255 773 tatio.
2657 735 2664 743 '

1995 809 2126 864 VIII.
2171 809 2376 864 Electio
2405 809 2724 880 episCOpalis
2757 812 2825 865 ab
2850 810 3139 869 Odorauno
3166 816 3336 872 edita.

1991 901 2082 956 IX.
2105 900 2298 956 Sermo
2319 901 2560 969 ejusdem
2589 903 2643 956 in
2666 905 3006 961 ordinatione
3027 911 3262 980 episcopi
3289 909 3584 982 vrlgaritcr

2100 993 2556 1063 pronuntiandus.

1993 1086 2061 1142 Χ.
2104 1087 2179 1143 De
2240 1086 2452 1156 injuriis
2497 1087 2840 1143 sacerdotum
2895 1098 2953 1145 et
3023 1097 3582 1154 excommunicatione

2092 1181 2489 1250 episcoporum.

1991 1270 2081 1326 XI.
2124 1273 2442 1326 Exhortatio
2468 1271 2743 1328 Odoranni
2780 1272 3237 1333 Masciacensibus
3277 1282 3580 1356 monachis,

2097 1365 2166 1419 ab
2194 1366 2389 1436 lngone
2414 1367 2608 1422 abbate
2633 1368 2860 1422 directa.

1990 1457 2104 1513 XII.
2145 1459 2552 1516 Testamentum
2604 1459 2863 1517 fraterna:
2911 1462 3281 1519 unanimitatis
3327 1464 3396 1519 ab
3437 1464 3580 1522 Odo-

2095 1569 2266 1608 rauno
2307 1553 2540 1608 editum.

1987 1640 2126 1698 XIII.
2167 1642 2440 1700 Odoranni
2486 1644 2710 1716 epistola
2759 1645 2826 1700 ad
2875 1645 3202 1718 Ayrfretlum
3240 1648 3579 1705 didascalum

2097 1746 2300 1791 sancta:
2345 1736 2754 1794 Aurelianensis
2800 1738 3057 1793 Ecclesiae
3089 1779 3104 1802 ,
3149 1754 3208 1794 et
3264 1741 3580 1795 monasterii

2086 1829 2268 1884 sancti
2314 1829 2455 1884 Aviti
2507 1830 2976 1896 archimandriue,
3020 1841 3075 1885 et
3125 1831 3332 1903 Ilugnui
3382 1842 3587 1888 sancta:

2090 1921 2282 1976 matris
2303 1920 2555 1976 ecclesiae
2587 1919 2917 1976 Senonensis
2944 1923 3348 1979 arrhidiacono.

1915 2002 1962 2063 Β
2059 2011 2454 2069 Couvalescens
2493 2012 2887 2082 aliquantulum
2935 2029 2966 2068 a
3015 2014 3224 2068 diutino
3274 2024 3326 2068 et
3372 2015 3582 2084 gravis-

1985 2105 2126 2160 simo
2156 2106 2352 2176 pedum
2407 2105 2749 2161 incommodo
2792 2108 3157 2174 Odorannus,
3191 2107 3584 2162 incarnationis

1979 2197 2278 2254 Dominica:
2331 2214 2473 2254 anno
2517 2198 2728 2263 MXLV,
2781 2200 2958 2254 :ctatis
3007 2215 3136 2255 vero
3166 2216 3278 2254 suae
3324 2198 3436 2254 fere
3467 2199 3580 2263 LX,

1985 2303 2053 2343 ne
2082 2288 2221 2344 forte
2254 2290 2562 2346 invidorum
2608 2301 2729 2346 astu
2758 2293 3048 2363 pra'sentia
3083 2293 3337 2364 opuscula
3365 2294 3582 2364 deperi-

1984 2388 2130 2443 reut,
2161 2395 2222 2434 ca
2254 2381 2306 2435 in
2339 2397 2448 2435 uno
2475 2398 2700 2453 corpore
2735 2384 2972 2454 collegit,
3002 2393 3058 2438 et
3084 2400 3271 2439 amore
3300 2384 3585 2439 charitatis

1985 2471 2248 2528 studiosis
2299 2471 2596 2541 fratribus,
2625 2484 2685 2530 ut
2733 2476 2786 2530 in
2843 2475 2924 2531 eis
2965 2475 3443 2542 cxcrcitareutur,
3499 2489 3582 2531 re-

1988 2560 2164 2632 liquit.

1597 2688 1851 2729 EXI’LICIT
1890 2687 2280 2732 ARGUIENTUI.

1314 2955 1437 3044 IN
1513 2956 1992 3047 CHRISTI
2074 2957 2554 3052 NOMINE

1808 3151 2051 3209 INCIPIT

849 3329 1143 3427 LIBER
1209 3326 1918 3437 OPUSCULORUM
1998 3328 2509 3430 ODORANNI
2570 3329 3046 3433 MONACHI.

1246 3658 1968 3752 OPUSCULUM
2045 3659 2572 3749 PRIMUM.

346 3859 646 3929 Postquam
705 3871 736 3910 a
787 3855 1171 3912 Valentiniano
1219 3856 1548 3927 imperatore
1599 3856 1790 3911 Franci
1843 3874 1872 3913 a
1903 3864 1946 3924 C
1980 3865 2294 3911 sanctorum
2325 3857 2692 3927 apostolorum
2725 3854 2866 3911 Petri
2907 3863 2960 3910 et
3005 3855 3154 3910 Pauli
3188 3860 3573 3916 monasterium

281 3948 584 4006 Sicambria
615 3948 849 4019 expulsi,
887 3949 938 4004 in
977 3950 1236 4004 extremis
1267 3948 1511 4019 partibus
1561 3947 1731 4003 Rheni
1779 3948 1878 4004 llu-

279 4043 443 4098 minis
482 4042 732 4097 habitare
780 4051 1084 4112 coeperunt,
1120 4041 1392 4096 connnuni
1437 4042 1663 4096 consilio
1697 4042 1875 4112 elege-

280 4145 405 4188 runt
435 4134 538 4189 sibi
583 4148 763 4204 regem
808 4132 1208 4188 Farantunduui
1243 4135 1477 4197 nomine,
1525 4133 1692 4188 lilium
1734 4133 1874 4188 Ma:-

278 4225 562 4289 chomiris,
623 4227 716 4294 qui
769 4223 869 4278 fuit
925 4226 990 4278 de
1046 4227 1212 4292 stirpe
1264 4223 1464 4278 Priami
1519 4222 1873 4292 'l‘rojauornm

280 4317 442 4388 regis.
494 4315 706 4372 Mortuo
752 4331 880 4370 vero
932 4315 1294 4380 Faramundo,
1348 4314 1660 4370 Clodionem
1709 4316 1873 4369 tiliunt

278 4411 397 4482 ejus
443 4425 624 4480 regem
674 4408 778 4463 sibi
823 4408 1104 4474 fecerunt;
1142 4425 1249 4477 quo
1289 4407 1563 4472 defuncto,
1594 4406 1875 4460 Merovcus

279 4502 424 4558 ﬁlius
480 4503 598 4573 ejus
653 4503 706 4556 in
766 4518 930 4572 regno
988 4500 1309 4557 sublimatus
1362 4511 1464 4554 est.
1514 4499 1608 4554 Illo
1660 4515 1874 4569 quoque

276 4600 536 4659 oheuute,
593 4597 733 4650 filius
783 4594 898 4664 eius
947 4595 1284 4651 Childericus
1335 4609 1556 4663 regnum
1612 4591 1870 4662 suscepit.

276 4688 404 4742 Post
457 4686 612 4756 cujus
665 4689 1004 4752 discessum,
1074 4687 1240 4740 lilium
1304 4685 1444 4740 illius
1502 4683 1872 4739 Cltlodovcum

274 4783 496 4854 ingenio
554 4783 833 4846 callidum,
881 4783 1047 4835 armis
1098 4781 1415 4836 bellatorem
1471 4791 1775 4846 strenuum,
1820 4787 1875 4833 et

271 4875 506 4928 consilio
559 4876 902 4943 prudentem,
954 4873 1149 4929 Franci
1203 4874 1302 4928 sibi
1371 4889 1548 4944 regem
1610 4880 1871 4927 statuunt.

274 4962 368 5017 Il:c
392 4965 584 5017 'adhttc
615 4978 861 5034 paganus
903 4964 1054 5018 duxit
1087 4979 1308 5018 uxorem
1354 4963 1744 5024 Christianam,
1778 4979 1876 5019 uo-

275 5055 416 5108 mine
445 5053 854 5115 Chrochildem,
905 5054 1068 5107 tiliam
1115 5055 1403 5124 Chilperici
1452 5055 1594 5126 regis
1625 5054 1869 5125 Burgun-

1979 3948 2208 4002 miritico
2254 3963 2417 4017 Opi-re
2473 3949 2798 4003 construxit.
2857 3949 3144 4003 Debellatis
3176 3962 3355 4006 autem
3405 3953 3573 4009 Chlo-

1977 4039 2180 4094 doveus
2233 4040 2414 4095 multis
2447 4051 2501 4095 et
2543 4041 2754 4112 magnis
2804 4041 3038 4110 regibus,
3094 4058 3338 4098 momnis
3386 4055 3468 4100 est
3519 4048 3574 4102 in

1977 4147 2134 4202 pace,
2184 4141 2238 4186 et
2287 4131 2530 4201 sepultus
2575 4143 2659 4187 est
2709 4133 2759 4187 in
2797 4131 2909 4200 jam
2948 4133 3086 4186 dicta
3138 4136 3357 4191 basilica
3401 4140 3575 4194 sancti

1977 4223 2160 4288 Petri,
2215 4224 2304 4278 ubi
2356 4235 2409 4280 et
2457 4225 2614 4280 beata
2671 4225 2940 4282 Genorefa
2994 4231 3306 4300 cnnaepnlta
3366 4240 3572 4288 manet.

1978 4313 2221 4368 Mortuus
2251 4323 2333 4369 est
2361 4324 2540 4370 autem
2572 4333 2714 4370 anno
2752 4319 2940 4386 quinto
2971 4330 3251 4389 postquam
3296 4322 3572 4378 Alarirunt

1979 4422 2159 4477 regem
2204 4406 2506 4464 Gothorum
2553 4409 2842 4471 interfecit,
2899 4425 3041 4463 anno
3094 4413 3371 4479 trigesimo
3425 4417 3570 4485 regni

1976 4498 2080 4551 sui.
2130 4497 2175 4550 Α
2227 4499 2452 4553 transitu
2495 4515 2621 4554 vero
2649 4501 2818 4554 sancti
2859 4501 3069 4555 Martini
3105 4505 3367 4571 usquead
3400 4516 3572 4559 trans-

1979 4589 2110 4643 itum
2166 4590 2458 4645 Chlodovei
2490 4592 2650 4662 regis,
2675 4590 2895 4647 fuerunt
2923 4597 3045 4646 ..nni
3077 4593 3234 4648 CXll.
3277 4595 3403 4650 Pust
3430 4613 3575 4650 mar-

1977 4687 2085 4736 tem
2137 4698 2348 4754 quoque
2387 4684 2536 4752 ejus,
2580 4697 2813 4755 quatuor
2856 4685 2948 4739 lilii
2985 4687 3175 4755 ipsius,
3206 4686 3576 4741 Theudoricus

1976 4775 2246 4839 videlicet,
2283 4787 2338 4831 ct
2379 4776 2763 4842 Clt|0.lo.uiris,
2813 4781 3209 4841 Cltil‘lelmt'ttts,
3258 4791 3307 4832 et
3354 4780 3454 4834 Chl
3480 4791 3577 4832 ιινι-

1977 4863 2111 4930 rius.
2141 4886 2364 4940 regnum
2395 4871 2513 4940 ejus
2556 4873 2695 4927 inter
2724 4888 2781 4926 se
2818 4875 3139 4928 diviserunt.
3176 4873 3364 4929 Adlan
3395 4881 3576 4926 autem

1976 4961 2257 5019 Cltlulario
2299 4967 2537 5035 jttniore,
2578 4967 2748 5019 lrihus
2795 4966 3051 5020 Hatiihus
3081 4962 3348 5018 defunctis
3393 4979 3582 5032 supcr-

1977 5057 2129 5123 stile,
2169 5073 2327 5114 soror
2354 5059 2470 5124 ejus
2501 5058 2923 5112 Thendechildis
2972 5057 3206 5118 nomine,
3241 5072 3309 5110 eo
3339 5055 3581 5118 fatente,
