4116 5358
511 204 624 263 803

1408 207 1758 268 ODORANNI
1790 209 2098 269 MONAUHI
2137 219 2197 270 S.
2237 214 2444 275 PETRI
2481 215 2620 275 VlVl
2660 217 2907 278 SEION.

3693 230 3800 282 8οι

513 320 768 386 Francia,
800 320 881 376 vel
913 319 1052 376 ultra
1081 319 1336 393 Ligerim,
1371 321 1420 376 id
1445 332 1528 378 est
1555 324 1608 377 in
1640 323 1954 393 Aquitania,
1987 325 2102 384 sive
2128 337 2175 396 Α
2207 329 2373 385 vitam
2401 330 2635 398 duxerit,
2685 333 2826 389 idem
2867 333 3196 392 Fortunatus
3230 335 3477 393 scribens
3520 337 3588 394 ad
3633 339 3799 405 illam,

517 411 584 464 de
623 424 874 480 possessa
908 423 1002 464 seu
1034 409 1100 464 de
1144 410 1413 480 adquisito
1457 411 1656 467 habere
1699 415 1892 482 potuit,
1930 415 2106 470 eidem

512 517 657 559 caste
707 501 802 557 Dei
854 501 956 558 sub
1000 501 1154 557 titulo
1196 503 1508 558 testamenti
1554 506 1812 560 condidit.
1863 504 2015 574 Quod
2060 508 2107 563 si

513 593 635 663 quis
660 593 730 648 ad
760 591 978 662 plenum
1002 607 1160 649 nosse
1186 594 1352 664 cupit,
1396 593 1440 649 si
1481 595 1648 665 ipsius
1681 598 2017 664 monasterii,
2049 607 2110 655 ut

513 691 662 746 sunt,
703 691 946 739 reserata
978 684 1051 740 illi
1082 684 1300 739 archiva
1349 683 1569 752 fuerint,
1618 701 1716 755 pro
1755 695 1907 756 certo
1948 701 2109 745 nosse

514 785 731 844 poterit.
770 775 924 832 Tunc
941 777 1203 848 temporis
1228 791 1364 849 pene
1403 794 1507 849 per
1537 780 1848 836 universam
1872 780 2104 838 Galliam

509 864 844 923 Fortunatus
886 867 1192 938 presbyter,
1241 870 1458 926 natione
1495 871 1678 940 Italus,
1705 873 1790 927 vir
1855 873 2108 930 disertis-

510 954 707 1021 simus,
743 955 922 1012 clarus
964 957 1284 1016 habebatur.
1333 959 1431 1016 Hic
1470 969 1753 1032 postquam
1799 963 2111 1022 Chlotarius

511 1060 610 1102 rex
637 1047 914 1104 hominem
942 1050 1108 1117 exuit,
1137 1049 1362 1123 ejusque
1387 1051 1529 1110 illius
1551 1053 1860 1126 Sigebertus
1887 1072 2109 1128 regnum

511 1141 772 1213 suscepit,
801 1144 1049 1214 quaedam
1080 1160 1200 1216 qua:
1228 1145 1369 1216 apud
1398 1161 1496 1201 nos
1529 1147 1824 1215 habentur,
1863 1150 1914 1205 in
1940 1151 2107 1220 ipsius

513 1236 781 1308 Sigeberti
829 1239 990 1295 laude
1047 1249 1102 1296 et
1163 1240 1539 1297 Bruneebildis
1604 1242 1804 1314 regina
1851 1243 2113 1315 opuscula

513 1330 686 1385 edidit
716 1331 851 1402 (1-6).
870 1331 1075 1388 Domna
1096 1347 1226 1390 vero
1247 1333 1663 1390 Theudecbildis
1677 1335 1880 1406 regina,
1907 1347 2111 1406 quanto

506 1421 738 1491 sticitatis
791 1423 941 1480 fonte
1005 1423 1407 1492 redundaverit,
1458 1440 1730 1498 quamque
1783 1425 2109 1484 laudabilem

2211 420 2512 478 luculenter
2533 423 2782 480 versibus
2810 426 3152 495 exsequitur.

2305 512 2488 575 Inclyta
2513 516 2796 577 progenies,
2825 524 2942 575 ete.,
2967 523 3018 565 ut
3054 514 3104 567 in
3129 516 3381 568 Fortunali
3399 516 3706 574 editionibu.

2208 600 2344 658 ltem
2381 605 2716 677 epitaphium
2752 605 3196 664 Theudecbildis.

2549 700 2778 760 Quamvis
2799 703 3002 766 auratis,
3029 709 3150 768 etc.,
3175 708 3228 757 ut
3260 703 3312 757 in
3339 707 3460 757 edd.

2212 814 2767 894 (Postea_sequitur_in
2795 821 2974 894 codice
3002 822 3150 876 aliud
3185 823 3510 894 epigramma
3541 823 3609 878 de
3636 823 3810 876 Thess-

2281 887 2540 959 dechilde,
2568 890 2708 959 quod
2740 907 2844 944 non
2869 891 3191 947 inveniebam
3215 887 3352 948 inier
3375 892 3665 949 Fortunati
3690 911 3809 948 car—

2282 959 2449 1013 mina.
2487 956 2589 1014 Sic
2613 971 2786 1014 autem
2808 977 2863 1015 se
2901 963 3054 1018 habet
3081 965 3124 1034 :)

2277 1078 2420 1131 Hunc
2438 1082 2608 1141 regina
2633 1080 2790 1132 locum
2811 1083 3058 1134 monachis
3080 1086 3352 1135 construxit
3367 1085 3429 1135 ab
3458 1086 3559 1136 imo

2337 1142 2655 1194 'l‘heuchildis
2679 1147 2830 1194 rebus
2853 1147 3155 1196 nobilitan-lo
3185 1151 3304 1196 suis.

2279 1203 2425 1273 Cujus
2446 1218 2574 1273 nunc
2598 1207 2712 1273 licet
2735 1206 2825 1255 hoc
2846 1221 3023 1273 corpus
3045 1209 3293 1273 claudatur
3317 1210 3367 1258 in
3391 1217 3554 1273 antro,

2339 1268 2550 1328 Spiritus
2575 1271 2816 1331 astrigero
2831 1268 2949 1320 vivit
2969 1271 3016 1318 in
3041 1283 3136 1320 axe
3164 1270 3288 1320 Deo.

2280 1326 2550 1390 implorans
2565 1326 2717 1380 rectis
2743 1333 3018 1392 pastoribus
3041 1344 3172 1392 euge
3195 1333 3411 1381 beatum.

2228 1399 2232 1403 '
2340 1392 2437 1444 Det
2459 1391 2762 1455 rapientibus
2785 1393 2899 1445 hinc
2918 1391 3020 1443 beu
3040 1391 3164 1445 mals
3187 1393 3335 1458 digna
3356 1393 3522 1445 Deus!

1675 1601 2404 1696 OPUSCULUM
2483 1604 2616 1692 II.

516 1808 835 1868 Continetttr
876 1815 1106 1869 secundo
1157 1813 1409 1886 opusculo
1443 1813 1743 1887 gleronum:
1777 1813 2242 1887 0dorcnni,_qtto_d
2265 1830 2328 1868 ea:
2370 1815 2466 1868 hoc
2506 1815 2617 1887 ipso
2647 1815 2825 1869 codice
2851 1814 3011 1869 editi-“it
3040 1813 3306 1870 'Cliesuius
3346 1817 3490 1872 inter
3522 1817 3806 1887 scriptores

1233 1902 1407 1940 rerum
1432 1884 1840 1952 Francicarum,
1871 1897 1998 1940 tom.
2031 1883 2092 1938 11
2103 1883 2121 1951 ,⁷
2156 1885 2374 1955 ideoque
2407 1902 2438 1939 α
2479 1886 2624 1939 nobis
2646 1887 3086 1955 prtetermittitur.

1664 2059 2382 2154 OPUSCULUM
2462 2060 2647 2151 III.

516 2281 744 2339 Domino
769 2287 1135 2335 sacra-sancta
1177 2289 1227 2333 et
1265 2278 1346 2348 pie
1376 2293 1580 2341 semper
1608 2277 1663 2332 in
1699 2275 1896 2332 Christi
1924 2274 2205 2330 visceribus
2245 2274 2546 2339 recolendo,
2587 2276 2892 2331 monasterii
2933 2279 3254 2332 sanctissimi
3283 2282 3532 2350 martyris
3571 2280 3812 2352 Dionyst'i

581 2372 760 2426 abbati
813 2371 1140 2437 WILLeuto,
1184 2370 1298 2441 ejus
1348 2371 1566 2426 nimium
1615 2368 1837 2440 cupidus
1878 2367 2092 2424 honoris
2133 2366 2328 2437 frater,
2364 2366 2690 2423 Onerum-us
2729 2371 3003 2438 prementis
3053 2372 3151 2425 avni
3191 2388 3463 2443 prospera,
3501 2386 3552 2428 et
3600 2385 3810 2428 (manus

584 2459 862 2530 felicitatis
902 2460 1125 2532 gaudia.

581 2619 720 2676 Cum
756 2617 1001 2674 omnium
1044 2615 1256 2673 Veteris
1302 2625 1356 2672 et
1401 2615 1535 2672 Novi
1587 2615 1923 2672 Testamenti
1973 2615 2112 2672 Scri-

2222 2637 2361 2708 nysii
2421 2637 2702 2712 adtingere
2759 2641 2963 2707 merui,
3011 2641 3404 2701 honorabiliter
3445 2645 3590 2701 ultra
3647 2663 3808 2719 quam

513 2719 799 2784 pturarum
850 2709 1039 2774 series,
1094 2708 1218 2774 ﬁde,
1271 2722 1388 2778 spe,
1428 2717 1483 2762 et
1524 2707 1791 2763 charitate
1825 2707 2114 2763 colendum

515 2804 685 2859 Deum
717 2801 975 2870 insinuet,
1003 2811 1167 2873 atque
1196 2799 1458 2870 majorem
1496 2801 1689 2856 horum
1727 2813 1851 2855 esse
1877 2799 2115 2855 charita-

518 2906 626 2950 tem
656 2892 948 2964 Apostolus
999 2901 1185 2963 aperte
1227 2891 1584 2958 demonstret,
1617 2890 1908 2946 dilectione
1939 2888 2034 2945 Dei
2061 2897 2116 2944 et

517 2984 750 3055 proximi
783 2979 898 3054 ipSa
947 2983 1191 3039 charitas
1237 2980 1519 3051 adimpleri
1563 2981 1846 3035 evidenter
1884 2977 2114 3034 dinosci-

517 3093 628 3150 tur,
661 3081 704 3137 si
735 3079 1034 3136 secundum
1060 3077 1478 3149 praeceptionem
1517 3074 1684 3131 divini
1719 3073 1922 3145 eloquii
1947 3075 2115 3130 Deum

521 3186 634 3233 toto
657 3175 842 3240 corde,
893 3181 1006 3228 tota
1052 3172 1256 3239 anima,
1297 3179 1407 3226 tota
1438 3171 1671 3234 virtute,
1707 3177 1763 3225 et
1807 3168 2114 3239 proximum

519 3278 797 3339 tamquam
845 3281 945 3322 nos
993 3265 1139 3335 ipsos
1191 3277 1459 3319 amamus.
1527 3261 1664 3317 Nam
1713 3261 1962 3332 quamvis
2011 3260 2117 3315 hoc

517 3360 661 3431 quod
713 3359 792 3413 ait
841 3356 1119 3427 apostolus
1171 3353 1427 3420 Jacobus,
1470 3353 1517 3409 si
1562 3352 1685 3423 quis
1729 3361 1896 3407 totam
1944 3350 2115 3424 legem

518 3449 838 3515 servaverit,
857 3447 1094 3504 oll'endat
1115 3456 1295 3502 autem
1327 3446 1380 3500 in
1409 3460 1540 3510 uno,
1569 3443 1742 3499 iactus
1767 3451 1853 3498 est
1874 3442 2114 3500 omnium

519 3558 668 3608 reus,
701 3541 882 3596 minus
931 3540 1204 3595 studiosos
1243 3539 1427 3602 lateat,
1460 3545 1641 3592 tamen
1691 3537 1795 3591 hoc
1833 3549 2002 3590 unum
2049 3533 2115 3590 de

518 3635 809 3700 charitate,
857 3647 980 3705 qua:
1035 3632 1179 3686 Deus
1230 3637 1337 3697 est,
1397 3629 1548 3685 illum
1594 3627 1821 3694 dixisse,
1866 3624 2114 3699 pervigili

518 3725 709 3783 lectori
755 3727 984 3796 patebit,
1031 3725 1076 3780 si
1124 3723 1275 3779 Pauli
1305 3722 1532 3794 apostoli
1563 3722 1629 3777 ad
1669 3719 1946 3778 Romanos
1977 3719 2113 3775 scri-

516 3819 699 3876 bentis
745 3817 1098 3874 subtilissime
1129 3817 1330 3873 mentis
1359 3814 1519 3871 oculo
1553 3814 1718 3871 verba
1748 3811 2112 3884 prospexerit,

517 3911 609 3968 tibi
638 3911 713 3966 ait
746 3927 760 3964 :
793 3909 1007 3966 Nemini
1036 3910 1326 3979 quicquam
1356 3907 1599 3963 debeatis
1646 3906 1750 3961 nisi
1792 3912 1851 3960 ut
1881 3903 2112 3958 invicem

2215 2728 2566 2799 pusillitatem
2594 2745 2771 2786 meam
2805 2732 3031 2788 decebat
3060 2735 3357 2806 suscipere,
3383 2744 3438 2791 et
3461 2738 3515 2792 in
3549 2737 3665 2806 ipsa
3693 2754 3810 2793 con-

2215 2822 2529 2893 gregatione
2553 2838 2657 2878 una
2685 2839 2808 2880 cum
2860 2825 3139 2883 voluntate
3169 2829 3410 2884 omnium
3447 2829 3685 2886 fratrum
3729 2847 3812 2885 me

2216 2927 2324 2968 non
2357 2922 2415 2968 ut
2445 2913 2771 2984 inquilinum
2828 2926 2883 2972 et
2929 2917 3216 2990 hospitem,
3260 2920 3353 2976 sed
3407 2929 3468 2976 ut
3527 2922 3708 2977 civem
3753 2928 3810 2977 et

2216 3003 2576 3060 domesticum
2607 3006 2858 3082 dignatus
2887 3023 2947 3064 es
2972 3011 3258 3080 deputare.
3291 3010 3588 3082 Postquam
3627 3029 3755 3071 vero
3778 3031 3809 3071 a

2215 3094 2415 3152 domno
2439 3097 2638 3169 lngone
2670 3100 2885 3168 abbate,
2935 3103 3222 3161 divinitate
3264 3106 3523 3176 propitia,
3552 3109 3810 3164 arcessiri

2215 3188 2409 3250 merui,
2442 3200 2783 3246 muneratum
2814 3208 2900 3248 me
2930 3179 3161 3251 diversis
3193 3197 3373 3266 donis,
3411 3214 3537 3254 cum
3569 3202 3810 3259 maximo

2212 3278 2422 3335 honore
2451 3282 2687 3350 propriis
2716 3283 2849 3340 locis
2881 3287 3181 3344 reddidisti.

2286 3432 2442 3492 Unde
2463 3437 2590 3507 quid
2617 3438 2779 3512 digne
2810 3441 2904 3497 tibi
2934 3445 3231 3500 retribuam
3257 3463 3362 3503 non
3400 3450 3656 3518 invenio;
3683 3453 3808 3524 quis

2215 3526 2258 3582 si
2283 3541 2476 3610 omnes
2503 3530 2678 3601 capilli
2704 3533 2810 3588 mei
2839 3543 3179 3591 verterentur
3201 3539 3252 3592 in
3277 3539 3510 3613 linguas,
3530 3559 3640 3597 non
3667 3547 3809 3600 vale-

2216 3631 2330 3672 rem
2347 3619 2526 3676 verbis
2542 3621 2814 3692 esplicare
2831 3625 2924 3680 tibi
2943 3625 3155 3682 debitas
3167 3631 3391 3700 gratias.
3409 3633 3516 3687 Sed
3540 3650 3608 3689 ne
3632 3635 3810 3705 ingra-

2219 3717 2307 3765 tus
2331 3715 2665 3769 examussim
2691 3716 2953 3784 inveniar,
2967 3734 3134 3774 unum
3170 3721 3425 3791 quiddam
3462 3722 3622 3793 cujus
3645 3726 3809 3781 homo

2217 3800 2428 3874 ignorat
2448 3805 2682 3873 pretium
2697 3806 2790 3861 tibi
2810 3810 3225 3880 impendo,dum
3251 3812 3566 3884 frequenter
3582 3818 3807 3873 calicem

2216 3897 2467 3954 salutaris
2498 3899 2805 3971 accipiens,
2829 3913 2882 3958 ct
2909 3920 3102 3961 nomen
3141 3907 3352 3964 Domini
3381 3911 3673 3978 invocans,
3710 3929 3808 3984 pro

518 4003 800 4074 diligatis;
842 4001 934 4072 qui
981 4001 1126 4056 enim
1155 3998 1331 4070 diligit
1369 3996 1700 4069 proximum,
1733 3995 1904 4067 legem
1927 3990 2189 4063 imple-C
2220 3991 2393 4047 salute
2440 3998 2529 4046 tua
2583 3989 2817 4051 hostiam
2873 3997 3168 4055 salutarem
3215 4016 3465 4072 superna:
3532 4007 3809 4076 niajestati

517 4097 614 4152 vit.
644 4096 781 4151 Nam
812 4111 916 4151 non
948 4091 1294 4158 adulterabis,
1328 4105 1436 4146 non
1477 4088 1715 4156 occides,
1747 4103 1854 4144 non
1902 4085 2114 4143 iurabe-

520 4190 618 4257 ris,
664 4203 771 4244 non
806 4186 1000 4243 falsum
1033 4182 1405 4240 testimonium
1431 4181 1602 4246 dices,
1632 4195 1739 4234 non
1766 4176 2114 4247 concupisces

521 4297 636 4338 rem
666 4280 897 4351 proximi
923 4279 1024 4344 tui,
1046 4287 1101 4334 et
1135 4277 1181 4332 si
1205 4275 1348 4347 quod
1374 4283 1456 4331 est
1487 4273 1631 4329 aliud
1675 4271 2012 4335 mandatum,
2058 4267 2112 4324 in

524 4375 628 4429 hoc
653 4373 768 4429 solo
799 4373 1156 4435 instauratur,
1185 4369 1386 4441 Diliges
1415 4367 1722 4438 proximum
1770 4372 1922 4420 tuum
1971 4364 2113 4419 sicut

527 4475 579 4519 te
603 4463 801 4534 ipsum.
833 4460 997 4530 Cujus
1026 4459 1309 4516 cbaritatis
1339 4459 1533 4513 ardore
1560 4470 1858 4513 succensus
1896 4455 1948 4510 in
1996 4462 2115 4509 tan-

525 4566 663 4621 tum,
694 4553 1135 4609 reverentissime
1182 4550 1366 4616 Pater,
1415 4549 1627 4604 fervere
1682 4547 2004 4612 dinosceris,
2055 4553 2116 4600 ut

525 4664 632 4706 non
661 4645 840 4702 solum
896 4641 1178 4708 benivolis,
1209 4655 1396 4696 verum
1450 4638 1615 4695 etiam
1667 4638 1898 4708 proprize
1949 4635 2114 4693 saluti

525 4737 842 4803 contrariis,
873 4733 1209 4791 admirabilis
1237 4732 1486 4788 videaris.
1529 4729 1865 4786 l’rznlatiouis
1897 4742 2114 4800 quoque

526 4835 730 4889 honore
759 4830 900 4886 inter
940 4826 1270 4886 domesticos
1321 4822 1590 4888 suffultus,
1632 4837 1974 4894 nequaquam
2019 4836 2114 4876 ex-

527 4923 752 4989 tolleris,
781 4922 873 4978 sed
915 4920 996 4978 sic
1031 4921 1173 4976 inter
1211 4932 1305 4973 eos
1347 4915 1500 4986 quasi
1540 4931 1677 4970 unus
1730 4929 1797 4969 ex
1851 4912 2011 4982 ipsis;
2059 4920 2116 4968 et

909 5023 1070 5042 Δίκα-Α
1095 5012 1146 5042 τοι
1176 5009 1540 5042 anan-diluunt)
1589 5006 1775 5042 nncilic
1845 5005 1986 5042 'Iﬂlll'
2029 5018 2110 5042 ἔτι-

527 5033 574 5042 ..ι
588 5015 880 5042 μικ-Αυιοῖὶιιση

2215 4080 2402 4163 offero.
2433 4083 2704 4140 Praeterea
2744 4087 2869 4158 quia
2899 4089 3221 4162 negligentia
3259 4096 3604 4150 sacerdotum
3632 4107 3688 4154 et
3714 4114 3808 4153 cu-

2215 4172 2440 4244 piditate
2469 4174 2545 4229 rei
2579 4176 2808 4246 publica:
2841 4193 3028 4233 curam
3074 4182 3412 4251 gerentium,
3459 4187 3677 4243 curiosa
3722 4203 3807 4245 se-

2217 4273 2426 4322 ctantes
2464 4282 2602 4338 quos
2628 4271 2919 4339 Apostolus
2954 4273 3197 4341 denotat,
3247 4286 3298 4332 et
3345 4277 3620 4337 delatores
3670 4299 3805 4353 quos

2217 4355 2501 4412 mundana:
2535 4356 2682 4428 leges
2706 4360 2926 4417 omnino
2955 4363 3270 4434 excludunt,
3297 4367 3515 4439 impune
3545 4374 3800 4442 saeviunt,

2215 4454 2271 4501 et
2303 4448 2372 4503 ob
2396 4447 2496 4504 hoc
2540 4449 2852 4522 frequentes
2881 4457 3316 4527 conSpirationes
3338 4470 3393 4516 et
3422 4461 3663 4532 pcrjuria
3697 4466 3802 4522 cir-

2216 4553 2578 4611 cumquaque,
2604 4551 2658 4598 et
2678 4543 2820 4613 quod
2842 4545 2960 4602 sine
2983 4549 3218 4606 maxime
3243 4553 3424 4608 cordis
3447 4569 3677 4611 maerore
3696 4556 3802 4613 dici

2215 4646 2323 4685 non
2371 4642 2568 4702 potest,
2598 4633 2653 4690 in
2697 4637 2886 4693 ordine
2930 4638 3301 4698 ecclesiastico
3344 4643 3643 4714 ebulliunt,
3674 4649 3804 4705 huic

2215 4725 2390 4778 errori
2438 4727 2708 4781 contraria
2750 4728 2817 4784 de
2866 4730 3067 4802 regulis
3125 4733 3507 4791 ecclesiasticis
3561 4748 3799 4810 sumpta,

2215 4814 2434 4886 dignum
2477 4820 2662 4888 putavi
2715 4820 2812 4875 tibi
2859 4823 3078 4882 mittere
3117 4840 3310 4896 pauca.
3345 4827 3422 4884 De
3454 4838 3802 4901 reparat'one

2215 4921 2429 4979 quoque
2478 4913 2780 4968 sacerdotis
2819 4913 2951 4969 mihi
2978 4915 3103 4973 huic
3131 4918 3280 4990 operi
3306 4931 3517 4976 eertum
3543 4925 3802 4993 quiddam

2216 5000 2414 5042 αδδιιιιιι
2444 5003 2642 5042 nlnmiii
2713 5018 2834 5042 nunt
2848 5007 2967 5042 imm

3003 5010 3043 5042 εἶ
3088 5010 3244 5042 ιιι-ἕρπει
3279 5013 3353 5042 οηδῖ
3395 5017 3621 5042 ηιικιηιέιι
3665 5015 3803 5042 f.._oA
