4116 5358
271 319 373 378 80$

1697 307 2079 368 OPCSCULA.

3429 315 3533 372 δυσ

339 448 513 489 mana
538 431 670 502 (i7).
696 428 948 497 Quintum
981 427 1076 483 hoc
1100 422 1460 480 tantummodo
1494 423 1846 476 testimonium
1881 426 1927 481 Α
1956 424 2228 475 dominum
2270 418 2337 476 de
2386 422 2615 479 crimine
2661 421 2960 494 majestatis
3016 431 3275 482 tractasse
3339 427 3536 496 proba-

341 505 678 560 recitabitnus
700 508 742 572 :)
1345 513 1368 537 ο
1509 567 1524 580 .

345 616 364 650 ι
399 597 458 653 Si
498 596 624 666 quis
661 595 829 648 iratus
866 592 1072 648 crimen
1118 590 1334 660 aliquod
1387 599 1588 645 temere
1633 585 1854 644 cuilibet

270 688 560 755 ol-jccerit,
584 685 887 742 convicium
915 699 1020 738 non
1051 692 1135 737 est
1159 696 1257 750 pro
1283 679 1628 735 accusatione
1651 678 1853 734 haben-

265 783 391 838 dum
416 800 434 848 ;
457 782 555 837 sed
588 777 869 849 pramisso
899 774 1167 831 tractandi
1198 773 1391 842 spatio,
1421 771 1473 826 id
1503 770 1646 841 quod
1682 770 1852 826 iratus

271 861 433 927 dixit,
451 859 554 934 per
595 869 921 940 scripturam
963 881 1022 921 se
1055 865 1408 937 probaturum
1439 878 1560 918 esse
1592 861 1845 918 fateatur.

264 959 419 1028 Quod
451 958 498 1014 si
526 960 758 1016 fortasse
801 959 1156 1028 resipiscens,
1183 965 1309 1027 post
1343 955 1675 1011 iracundiam
1705 953 1848 1026 quod

265 1053 402 1107 dixit
434 1053 636 1107 iterare
679 1060 773 1106 aut
817 1051 1056 1105 scribere
1097 1047 1331 1104 fortasse
1358 1047 1623 1111 noluerit,
1654 1060 1760 1101 non
1790 1055 1848 1100 ut

265 1158 389 1198 reus
417 1142 668 1198 criminis
699 1152 966 1198 teneatur.
1006 1160 1026 1193 ι
1070 1141 1224 1195 Item.
1279 1157 1297 1191 ι
1334 1138 1444 1194 Nisi
1496 1136 1847 1206 inscriptione

262 1234 556 1298 celebrata,
593 1248 746 1289 reum
787 1247 1111 1303 quemquam
1159 1247 1264 1286 non
1300 1230 1445 1291 fieri.
1479 1244 1577 1284 nec
1606 1231 1673 1284 ad
1693 1227 1844 1298 judio

261 1324 404 1380 cium
427 1323 674 1381 exhiberi
695 1340 711 1389 ;
735 1324 862 1394 quia
884 1323 1028 1378 sicut
1054 1322 1360 1377 convictum
1393 1335 1550 1390 pana
1580 1318 1846 1374 constrin-

259 1416 360 1485 git,
384 1415 538 1471 itaet
569 1425 964 1480 accusatorem,
994 1415 1040 1468 si
1065 1429 1170 1468 non
1193 1412 1504 1484 probaverit
1535 1411 1677 1482 quod
1697 1411 1845 1482 obje-

259 1507 353 1562 cit.
385 1526 404 1560 s
431 1506 596 1561 item.
632 1524 655 1558 ί
690 1505 806 1561 Non
837 1507 1166 1562 credendum
1191 1515 1481 1561 esteorum
1513 1504 1843 1561 contessioni

260 1607 452 1653 contra
484 1598 639 1662 alios,
685 1599 774 1668 qui
825 1598 877 1653 in
921 1597 1241 1653 criminibus
1273 1605 1626 1662 accusantur,
1655 1596 1756 1652 nisi
1784 1611 1844 1653 se

256 1689 409 1758 prius
461 1687 811 1757 probaverim
854 1687 1198 1752 innocentes;
1243 1687 1369 1757 quia
1411 1685 1712 1756 periculosa
1758 1694 1844 1742 est

254 1787 309 1833 et
334 1779 546 1834 admitti
578 1795 684 1834 non
710 1778 868 1834 debet
901 1779 978 1834 rei
1005 1778 1265 1834 adversus
1289 1779 1596 1849 quempiam
1619 1776 1838 1834 confes-
1870 1789 1916 1848 Β

254 1871 360 1926 sio.
392 1889 411 1922 ι
446 1871 599 1926 Item.
645 1889 663 1922 ι
696 1872 834 1926 Ante
867 1870 1276 1941 inscriptionem
1301 1885 1458 1926 nemo
1481 1879 1706 1926 vocetur
1733 1870 1843 1926 cri-

255 1963 521 2017 minosus.
553 1962 684 2017 Nam
714 1963 1067 2035 inscriptione
1090 1979 1186 2034 per
1221 1965 1466 2019 ordinem
1509 1963 1680 2030 facta,
1711 1973 1840 2020 tunc

254 2066 284 2105 a
306 2051 491 2118 judice
519 2053 898 2124 suscipiendus
924 2064 1008 2110 est
1038 2070 1190 2120 reus;
1222 2070 1286 2109 ea
1325 2063 1505 2108 tamen
1543 2055 1753 2110 ratione
1781 2063 1840 2109 ut

255 2153 366 2197 tam
397 2144 637 2199 accusati
667 2161 826 2216 quam
853 2143 1193 2201 accusatoris
1237 2145 1469 2215 dignitas
1509 2144 1836 2210 astimetur;

249 2244 305 2291 et
336 2251 778 2308 unumquemque
800 2247 927 2293 ante
955 2237 1347 2292 discussionem
1381 2237 1454 2290 ita
1478 2233 1647 2302 judex
1675 2234 1841 2290 faciat

250 2327 540 2392 custodiri,
585 2338 643 2382 ut
670 2344 856 2384 eorum
904 2328 1112 2383 natales
1138 2336 1231 2382 aut
1271 2326 1507 2398 dignitas
1537 2325 1836 2396 patiuntur.

252 2415 397 2470 Sane
422 2417 508 2472 his
527 2419 618 2487 qui
647 2419 871 2473 crimina
897 2433 991 2474 sua
1023 2419 1075 2472 in
1103 2417 1401 2488 quaestione
1429 2415 1660 2472 confessi
1685 2425 1834 2484 sunt,

247 2511 315 2565 de
342 2509 466 2565 aliis
509 2513 553 2566 si
584 2513 763 2567 dicere
789 2512 1086 2578 voluerint,
1117 2528 1145 2565 a
1169 2513 1358 2583 judice
1396 2527 1504 2566 non
1536 2512 1790 2566 credatur
1817 2527 1832 2579 ;

245 2601 372 2671 quia
398 2601 526 2672 jure
555 2602 761 2674 legibus
788 2604 1146 2659 constitutum
1175 2611 1278 2668 est,
1301 2613 1360 2658 ut
1383 2611 1678 2675 spontanea
1708 2617 1835 2672 pro-

246 2693 486 2750 fessione
515 2711 641 2750 reus
673 2711 821 2751 reum
866 2712 970 2752 non
1004 2696 1206 2763 faciat;
1251 2712 1426 2767 neque
1457 2695 1532 2749 illi
1564 2696 1630 2751 de
1663 2696 1836 2752 altero

245 2788 524 2854 credatur,
576 2790 665 2858 qui
709 2805 767 2844 se
814 2790 1164 2844 criminosum
1196 2804 1316 2844 esse
1363 2787 1643 2844 confessus
1669 2800 1770 2842 est.
1811 2807 1829 2840 ι

234 2877 401 2933 item.
455 2897 475 2930 ι
509 2879 710 2936 Servus
745 2882 1019 2937 dominum
1051 2896 1350 2946 accusans,
1379 2896 1486 2936 non
1529 2879 1702 2936 solum
1741 2894 1836 2934 au-

243 2967 480 3027 diendus
508 2987 617 3029 non
645 2982 750 3040 est,
780 2988 966 3030 verum
1011 2974 1174 3030 etiam
1201 2973 1528 3044 puniendus,
1560 2969 1664 3026 nisi
1692 2969 1837 3027 forte

1959 512 2112 566 verit.
2149 529 2166 562 ι
2201 511 2352 568 item.
2392 531 2411 566 ι
2451 514 2509 570 Si
2551 531 2741 571 servus
2769 516 3046 572 dominum
3081 527 3174 571 aut
3217 519 3424 576 amicus
3451 521 3535 576 vel

1955 603 2285 660 domesticus
2306 605 2421 661 sive
2467 605 2692 662 libertus
2729 615 3017 676 patronum
3048 611 3384 664 accusaverit
3403 651 3418 676 ,
3446 612 3532 665 vel

1955 692 2208 748 detulerit
2257 691 2546 762 cujuslibet
2587 710 2755 762 reum,
2803 697 2990 751 statim
3022 697 3076 751 in
3107 698 3222 766 ipso
3248 698 3401 753 initio
3449 715 3534 754 ac-
3573 741 3579 747 .

1953 783 2271 849 cusationis,
2300 783 2478 854 gladio
2505 786 2796 855 puniatur;
2840 789 2967 856 quia
2995 803 3094 843 nos
3132 803 3319 843 vocem
3373 790 3532 845 talem

1952 876 2222 948 exstingui
2252 877 2523 942 volumus,
2555 893 2660 932 non
2705 879 2911 945 audiri;
2946 880 3050 935 nisi
3078 879 3219 936 forte
3253 881 3530 936 dominum

1950 975 2044 1020 aut
2068 976 2358 1034 patronum
2381 966 2448 1024 de
2473 966 2702 1023 crimine
2735 965 3036 1038 majestatis
3057 977 3317 1025 tractasse
3337 972 3532 1040 proba-

1950 1059 2107 1113 verit.
2140 1077 2159 1112 ι

1950 1170 2024 1239 (6.
2059 1170 2144 1225 Ex
2181 1171 2402 1226 concilio
2453 1171 2773 1243 Agathensi;
2827 1170 2882 1228 7.
2935 1188 3001 1226 ex
3049 1174 3269 1230 decretis
3297 1173 3531 1230 Silvestri

2015 1258 2199 1314 papa;
2242 1245 2296 1298 8.
2342 1258 2408 1298 cx
2444 1241 2666 1314 concilio
2709 1241 3153 1314 Carthaginiensi.
3191 1261 3309 1311 qua
3355 1247 3532 1300 omnia

2017 1313 2345 1451 innuimus;
2388 1314 2442 1369 9.
2486 1311 2614 1368 Ηατ
2659 1317 2867 1368 demunt
2911 1311 3168 1369 habentur
3212 1331 3329 1385 qua
3367 1317 3533 1370 ascri-

2055 1399 2209 1435 tinus.

2055 1399 2209 1435 ιηιω.

2019 1473 2093 1529 De
2123 1475 2562 1531 accusationibus
2586 1475 2669 1530 vel
2703 1475 3146 1546 inscriptionibus
3175 1477 3526 1533 constitutum

1946 1574 2028 1620 est
2061 1565 2128 1620 ab
2163 1567 2581 1637 imperatoribus
2607 1565 2912 1623 Theodosio
2946 1567 3401 1635 ct‘Constautino,
3428 1569 3530 1623 Ar-

1945 1657 2120 1722 cadio,
2148 1667 2202 1711 et
2233 1657 2489 1722 Honorio,
2520 1658 2604 1714 vel
2652 1657 2872 1722 ceteris,
2903 1669 3092 1712 contra
3121 1657 3394 1728 improbos
3441 1671 3530 1712 ac-

1944 1759 2244 1815 cusatores,
2275 1759 2332 1802 ut
2381 1749 2434 1803 in
2468 1748 2617 1804 falsis
2657 1749 2980 1804 criminibus
3007 1763 3101 1804 eos
3127 1763 3388 1804 accusare
3418 1763 3527 1802 non

1946 1839 2194 1894 delectet.
2230 1840 2398 1910 Igitur
2438 1856 2540 1910 ego
2585 1840 2671 1895 ille
2701 1841 2990 1896 adversum
3036 1851 3088 1896 te
3129 1841 3183 1896 in
3232 1839 3530 1895 rationibus

1943 1931 2172 2002 publicis
2204 1935 2425 1988 adsisto.
2467 1932 2524 1988 Si
2548 1933 2752 2001 injuste
2786 1933 3224 2004 interpcilavero,
3269 1942 3323 1988 et
3351 1933 3529 1987 victus

1942 2024 2138 2078 exinde
2173 2023 2509 2094 apparuct‘o,
2539 2025 2727 2080 eadem
2770 2039 2951 2094 pana,
2979 2039 3140 2096 quam
3175 2025 3230 2079 in
3269 2034 3321 2079 te
3356 2023 3530 2078 vindi-

1943 2127 2071 2166 care
2107 2111 2335 2181 pulsavi,
2365 2129 2456 2169 me
2495 2115 2811 2186 constringo
2843 2125 3008 2185 atque
3035 2115 3322 2172 conscribo
3361 2113 3529 2182 parti-

1939 2203 2040 2258 bus
2069 2204 2174 2258 tuis
2198 2219 2320 2260 esse
2345 2205 2706 2260 damnandum
2735 2217 2898 2275 atque
2947 2187 3275 2262 subiturum.
3319 2205 3384 2259 Et
3429 2219 3529 2276 pro

1940 2296 2018 2350 rei
2051 2295 2217 2350 totius
2244 2295 2501 2351 firmitate
2543 2312 2704 2351 manu
2729 2297 2946 2367 propria
2969 2297 3148 2363 firmo,
3176 2307 3230 2350 et
3257 2297 3524 2353 bonorum

1939 2389 2178 2443 virorum
2202 2388 2406 2460 judicio
2429 2388 2791 2444 roborandum
2818 2390 2990 2444 trado.

1940 2495 2051 2571 (10.
2082 2495 2165 2571 Ex
2195 2496 2444 2571 (Iugario
2470 2516 2615 2570 papa
2643 2501 2713 2553 ad
2749 2499 3143 2567 Secundinum;
3175 2500 3260 2556 ll.
3303 2497 3383 2554 Ex
3417 2500 3526 2570 cpio

2007 2569 2142 2624 stola
2196 2568 2392 2623 lsidori
2440 2568 2666 2640 episcopi
2717 2572 2786 2624 ad
2848 2571 3146 2626 Massonem
3201 2568 3523 2641 episco;.um,

2043 2655 2124 2695 me
2183 2641 2361 2710 incipit
2408 2656 2428 2695 :
2479 2643 2728 2696 veniente
2784 2642 2851 2696 ad
2905 2658 3004 2697 nos
3057 2642 3257 2696 famulo
3307 2655 3520 2705 vestro;

2007 2657 2100 2765 22.
2157 2711 2241 2765 Ex
2284 2712 2504 2765 concilio
2557 2713 2857 2765 Ancurano.
2911 2712 3139 2765 Deniaue
3193 2710 3520 2765 concluditur

2043 2712 2100 2784 2.
2157 2711 2241 2766 Ex
2278 2712 2504 2784 concilio
2557 2712 3139 2784 Ancyranoagbenique
3193 2710 3526 2766 concluditur

2014 2782 2287 2836 Odoranni
2311 2781 2528 2850 cpistola
2559 2782 2638 2835 his
2666 2781 2979 2853 uersiculis.)

2010 2873 2109 2929 Hic
2150 2875 2431 2929 monachis
2458 2874 2646 2946 longos
2679 2875 2886 2931 tribuas
2914 2876 2998 2947 pia
3037 2884 3159 2932 vota
3183 2890 3282 2950 per
3313 2890 3485 2933 annos

2085 2965 2153 3022 Et
2184 2982 2405 3023 maneas
2427 2975 2614 3038 pastor
2642 2985 2708 3024 ne
2729 2967 3034 3024 lacerentur
3064 2982 3215 3025 oves.

1407 3163 2124 3260 OPUSCULUM
2209 3169 2371 3260 IV.

456 3355 682 3412 Domino
718 3359 873 3428 fratri
909 3369 958 3415 ct
994 3359 1358 3417 consacerdoti
1383 3357 1644 3416 Eunsnno
1669 3358 2059 3429 synceltitarum
2089 3359 2302 3426 inﬁmus
2328 3358 2494 3429 [ναῖεν
2517 3357 2840 3416 Ουοιιλειιως
2865 3360 3111 3433 quicquid
3134 3360 3256 3418 sibi.

313 3517 472 3583 Quod
523 3517 700 3572 omnis
753 3515 1019 3572 medicina
1065 3525 1160 3570 aut
1206 3529 1273 3572 ex
1326 3515 1594 3579 similibus
1642 3531 1734 3578 aut
1763 3528 1904 3592 exc
1935 3515 2086 3582 Non;
2139 3517 2237 3574 sed
2276 3517 2565 3574 mulierum
2607 3517 2778 3572 amori
2813 3517 2879 3572 ad
2922 3518 3024 3575 hoc
3051 3520 3251 3576 malum
3288 3523 3520 3580 trahenti

245 3607 536 3662 contrariis
560 3607 672 3671 ﬁat,
704 3616 762 3660 ut
787 3609 1047 3678 comperi.
1076 3619 1164 3662 tua
1197 3609 1511 3666 fraternitas
1540 3628 1647 3667 non
1680 3613 1829 3684 igno-

245 3707 348 3750 rat.
380 3696 532 3762 Quod
562 3713 691 3752 vero
717 3698 948 3765 qualiter
977 3715 1044 3752 ex
1071 3699 1340 3754 similibus
1363 3712 1419 3755 et
1448 3701 1824 3763 dissimilibus.

241 3788 417 3856 deque
448 3805 547 3844 nec
581 3804 650 3843 ex
681 3798 791 3843 toto
815 3790 1104 3853 similibus,
1144 3805 1320 3860 neque
1349 3805 1417 3845 ex
1449 3800 1562 3847 toto
1592 3791 1829 3847 dissimi-

241 3877 382 3933 libus
408 3880 587 3934 omnis
624 3879 906 3934 harmonia
932 3881 1217 3952 jungatur,
1265 3881 1394 3937 licet
1432 3890 1591 3938 atate
1627 3891 1682 3938 et
1715 3898 1828 3938 me-

245 3971 351 4024 rito
378 3986 464 4024 me
489 3971 782 4040 pracedas,
813 3985 843 4024 a
870 3985 956 4024 me
979 3971 1164 4025 doceri
1185 3971 1359 4040 cupis.
1386 3969 1464 4026 Ne
1487 3987 1630 4041 agre
1658 3971 1824 4037 feras,

239 4061 536 4116 reverendc
584 4060 764 4136 lfater,
816 4061 860 4114 si
906 4059 1133 4126 differo;
1183 4063 1310 4132 quia
1341 4061 1484 4131 quod
1513 4062 1672 4131 petis,
1721 4062 1825 4116 nisi

239 4149 418 4216 fallor,
457 4167 561 4206 non
591 4161 675 4205 cst
705 4161 809 4206 tua
848 4154 1024 4206 atatis
1071 4167 1244 4223 neque
1282 4153 1614 4210 valitudinis.
1669 4152 1827 4209 Sulli-

238 4241 346 4295 ciat
383 4241 477 4296 tibi
510 4243 564 4296 in
593 4253 854 4312 quantum
906 4241 1135 4298 facultas
1183 4245 1443 4314 suppetit,
1496 4244 1822 4316 regularium

237 4332 521 4385 modorum
576 4333 726 4386 initia
758 4343 811 4387 et
839 4333 1005 4397 flues.
1057 4335 1422 4401 ascensiones,
1468 4351 1568 4392 nec
1615 4352 1725 4392 non
1769 4346 1826 4394 et

238 4425 623 4480 descensiones
651 4426 703 4479 in
737 4427 1086 4481 monochordi
1120 4428 1278 4498 plana
1317 4429 1603 4500 superﬁcie
1638 4445 1819 4497 nosse,

235 4525 286 4570 et
315 4517 564 4587 gravium
603 4527 995 4589 acutorumque
1033 4536 1291 4576 sonorum
1340 4523 1636 4578 demulccri
1677 4524 1819 4581 dulci

237 4606 626 4664 modulamine.
687 4610 939 4666 Ceterum
1004 4615 1364 4682 quaestionum
1429 4623 1643 4670 tuarum
1710 4633 1816 4673 non

236 4698 545 4763 immemor,
597 4701 726 4769 quid
775 4703 840 4756 de
887 4705 1333 4773 pravaricatione
1367 4705 1674 4762 Salomonis
1704 4709 1818 4762 Au-

236 4791 481 4857 gustinus
513 4793 699 4848 doctor
723 4796 972 4865 egregius
999 4798 1250 4861 senserit,
1290 4798 1525 4868 quidque
1553 4799 1821 4871 interpres

1933 3609 2189 3666 resistere
2233 3625 2342 3666 non
2389 3610 2577 3675 valuit,
2621 3608 2827 3666 faciens
2854 3611 3000 3682 quod
3027 3614 3232 3669 sciebat
3260 3633 3366 3672 non
3398 3633 3520 3674 esse

1930 3699 2273 3769 faciendum;
2313 3716 2380 3758 ne
2407 3718 2536 3758 suas
2560 3703 2758 3773 quibus
2796 3703 3078 3775 deperibat
3117 3716 3281 3780 atque
3309 3709 3517 3768 deﬂue-

1927 3794 2023 3850 bat
2047 3794 2268 3850 delicias
2295 3795 2664 3851 contristaret.
2691 3814 2709 3846 ι
2740 3794 2871 3850 ltem
2903 3794 3264 3870 Hieronymus
3290 3801 3342 3856 in
3370 3803 3518 3858 libro

1927 3885 2365 3956 explanationum
2401 3899 2566 3955 super
2593 3885 2886 3940 Ezecbihel
2914 3901 3053 3942 snt:
3100 3907 3120 3940 ι
3155 3891 3340 3946 Domni
3363 3932 3378 3956 ,
3436 3893 3524 3948 iu-

1927 3977 2065 4045 quit,
2115 3976 2317 4031 Israhel
2361 3992 2550 4033 eorum
2595 3977 2687 4046 qui
2730 3977 2914 4032 animo
2944 3979 3290 4049 conspiciunt
3320 3984 3513 4050 Deum,

1926 4067 2235 4121 ostenditur
2258 4067 2468 4133 domus,
2500 4067 2604 4122 hoc
2625 4076 2709 4122 est
2743 4059 3019 4138 templum,
3047 4073 3191 4140 quod
3222 4073 3514 4132 Ececbibot

1927 4161 2090 4216 situm
2129 4160 2182 4214 in
2224 4171 2410 4215 monte
2440 4161 2744 4232 conspexit.
2782 4161 2845 4217 Et
2877 4178 2984 4217 non
3015 4164 3190 4220 solum
3223 4166 3276 4221 in
3309 4180 3513 4234 monte,

1925 4252 2044 4316 sed,
2076 4251 2217 4307 sicut
2242 4266 2387 4307 nunc
2408 4252 2627 4316 dicitur,
2653 4252 2707 4306 in
2737 4253 3047 4309 summitate
3075 4257 3299 4314 montis.
3340 4259 3512 4327 Quam

1927 4362 2272 4419 nequaquam
2322 4347 2467 4402 illam
2517 4359 2790 4418 putemus,
2835 4364 2956 4418 qua
2985 4366 3014 4404 a
3045 4349 3340 4407 Salomone
3384 4367 3514 4407 con-

1926 4449 2137 4496 structa
2180 4448 2434 4495 narratur
2458 4441 2510 4494 in
2534 4440 2742 4512 Regum
2767 4450 2822 4496 et
2844 4439 3296 4513 Paralipomenon
3319 4445 3528 4514 libris;
3615 4509 3630 4528 ο

1927 4531 2014 4586 illa
2057 4532 2204 4587 enim
2248 4531 2472 4588 alterius
2497 4532 2709 4588 ordinis
2738 4541 2904 4602 atque
2943 4550 3210 4592 mensura
3237 4545 3345 4604 est,
3375 4547 3432 4594 et
3457 4539 3512 4594 in

1925 4624 2152 4695 singulis
2191 4639 2445 4694 magnam
2487 4624 2697 4680 habens
2737 4625 3144 4694 diversitatem;
3195 4637 3547 4702 tantumque,

1925 4714 2156 4770 inferior
2180 4716 2384 4786 templo
2412 4716 2555 4786 quod
2579 4731 2724 4772 nunc
2759 4718 3067 4774 ostenditur
3091 4718 3420 4787 Ezechiheli,
3452 4731 3514 4778 ut

1926 4823 2033 4862 non
2067 4807 2240 4863 solum
2267 4808 2505 4864 cultores
2527 4807 2642 4876 ejus
2665 4807 2751 4863 vel
2771 4810 2975 4875 aditui,
3006 4812 3178 4867 sedet
3203 4813 3316 4882 ipse
3343 4813 3512 4869 fabri-

235 4893 288 4937 et
314 4884 597 4953 expositor
623 4885 821 4941 divina
847 4887 978 4959 legis
1004 4887 1371 4961 Hieronymus
1408 4891 1474 4946 de
1509 4894 1624 4962 ejus
1649 4895 1818 4964 paui-
1848 4901 1899 4962 D
1926 4909 2082 4955 eator
2115 4899 2233 4968 ejus
2270 4899 2526 4956 Salomon
2556 4903 2888 4971 peccaverit,
2917 4913 2973 4957 ct
3001 4903 3287 4961 otl‘enderit
3313 4905 3508 4966 Deum.

236 4977 403 5030 tentia
450 4978 754 5047 scripserit,
795 4978 879 5032 vel
912 4981 998 5034 ubi
1040 4981 1186 5034 illum
1229 4982 1509 5038 catholica
1555 4982 1679 5038 fidei
1725 4986 1819 5042 de-

237 5068 420 5124 fensor
450 5070 771 5127 Ambrosius
818 5081 1062 5128 sanctum
1111 5073 1463 5143 appellaverit
1507 5077 1694 5146 paucis
1735 5077 1818 5131 in-

233 5163 437 5198 lisnnlsn

1927 4991 2053 5046 licet
2077 5001 2262 5061 postea
2291 5002 2465 5062 egerit
2499 4992 2892 5061 panitentiam,
2935 4993 3181 5047 scribens
3209 4993 3508 5052 Proverbia

1924 5080 1980 5136 in
2027 5081 2225 5150 quibus
2254 5081 2331 5136 ait
2357 5100 2370 5136 :
2413 5081 2720 5137 Novissime
2757 5096 2889 5150 ergo
2917 5081 2999 5148 egi
3030 5081 3428 5148 paenitentiam,
3456 5092 3514 5136 et

2127 5171 2138 5194 3
2179 5179 2232 5194 --ι
2269 5171 2520 5194 -l!--....._
2568 5169 2903 5194 A4--2..I:....-..
2960 5188 2974 5194 -
3024 5169 3266 5194 Α..-Ι.......3

1924 5171 2138 5198 ,ουσιαι-σε
2179 5179 2232 5196 ..ι
2568 5169 2904 5196 Μιδηῖιιιιιιλινι
2960 5188 2974 5196 ι
3024 5169 3332 5194 Α..-Ι.......3η-
3381 5186 3482 5194 ι-.-ει
