4116 5358
578 305 688 362 801

1474 297 1826 356 ODORANNI
1868 297 2176 356 MONACiil
2219 295 2276 353 S.
2321 295 2526 353 PETRI
2551 296 2705 364 ,γικί
2747 297 2992 355 SENON.

3747 302 3856 360 808

577 419 760 475 sancti
789 425 890 484 est,
917 417 1005 486 qui
1041 415 1112 469 ait
1147 432 1160 468 :
1192 411 1304 469 Nisi
1341 412 1483 468 scias
1510 421 1582 480 te,
1615 411 1850 468 formosa
1885 413 2026 466 inter
2055 427 2171 465 lltu-
2201 419 2244 477 Α
2277 408 2414 464 libro
2447 407 2520 464 De
2549 409 2956 467 definitionibus
2997 411 3495 470 ecclesiasticarum
3543 412 3860 484 dogtnattun

579 517 766 570 heres.
791 532 809 564 ι

655 604 729 658 De
760 600 1021 656 abortivis
1041 615 1171 654 vero
1196 599 1436 664 ttetibus,
1466 608 1750 669 postquam
1779 599 1831 654 in
1860 600 2028 655 uteris
2055 615 2171 654 ma-

583 705 726 750 trum
761 696 944 749 vivere
968 693 1254 763 oarperint,
1289 691 1433 762 quod
1467 692 1752 763 originalis
1779 695 1985 764 peccati
2010 707 2167 764 pmna

583 794 873 841 teneantur
893 785 1134 850 obnoxii,
1161 793 1382 839 sanctus
1409 785 1742 855 Augustinus
1767 784 1818 838 in
1844 784 1982 840 libro
2003 800 2165 854 quem

579 877 658 932 De
687 877 792 931 fide
819 879 885 931 ad
913 876 1132 931 Petrum
1157 877 1439 931 diaeonem
1467 877 1678 942 scribit,
1712 877 1856 930 inter
1880 886 2061 932 cetera
2087 877 2165 931 sic

577 969 686 1023 ait:
710 988 727 1020 ι
746 968 1086 1022 Firmissime
1111 977 1254 1032 tene,
1274 976 1329 1021 et
1358 966 1666 1022 nullatenus
1694 965 1928 1032 dubites,
1947 983 2051 1022 non
2079 982 2168 1023 so-

580 1063 689 1116 lum
707 1061 955 1116 homines
973 1061 1082 1132 jam
1109 1062 1319 1116 ratione
1334 1071 1565 1123 utentes,
1585 1076 1772 1116 verum
1791 1063 1953 1117 etiam
1967 1077 2165 1131 parvu-

529 1224 534 1234 ι
572 1153 775 1225 Jos,qni
789 1155 904 1209 sive
921 1156 972 1209 in
988 1155 1160 1210 uteris
1173 1155 1609 1210 matrnmvivere
1629 1154 1888 1224 incipiant
1900 1154 2034 1220 ,sive
2049 1152 2163 1222 jam

522 1239 536 1283 ⁵
578 1250 645 1303 de
674 1247 938 1302 matribus
964 1248 1100 1313 nati,
1132 1247 1252 1303 sine
1298 1256 1638 1303 sacramento
1669 1247 1841 1302 sancti
1868 1247 2165 1317 baptisma-

577 1339 668 1401 tis,
698 1337 838 1407 qnod
862 1337 1025 1392 datttr
1056 1337 1108 1392 in
1143 1337 1362 1392 nomine
1386 1337 1568 1392 Patris
1605 1347 1660 1393 et
1697 1336 1820 1392 Filii
1843 1347 1898 1393 et
1927 1337 2162 1408 Spiritus

575 1429 773 1492 sancti,
804 1429 872 1484 de
901 1429 1002 1484 hoc
1027 1429 1230 1484 szecnlo
1263 1437 1569 1493 transeunt,
1615 1429 1756 1500 ignis
1790 1429 1979 1485 aeterni
2013 1443 2159 1485 sem-

568 1521 792 1590 piterno
836 1520 1102 1591 supplicio
1156 1521 1510 1590 puniendos;
1564 1521 1691 1592 quia
1737 1521 1836 1576 etsi
1880 1531 2159 1593 peceatum

573 1611 807 1682 propriae
828 1611 1057 1666 actionis
1089 1610 1292 1665 nullum
1315 1611 1642 1675 habuerunt,
1671 1611 1951 1682 originalis
1981 1621 2158 1667 tamen

566 1703 782 1772 peccati
812 1703 1215 1758 damnationem
1244 1702 1458 1758 carnali
1493 1704 1846 1772 conceptione
1877 1714 1930 1759 et
1960 1703 2157 1758 nativi-

2273 498 2548 566 senserit;
2589 501 2825 569 quidque
2865 501 2932 556 de
2979 500 3286 569 lmjnsmodi
3335 504 3639 572 quaestione
3680 501 3861 561 diser-

2275 589 2512 643 tissimus
2547 589 2886 644 versiticator
2911 589 3236 647 Prudentius
3256 593 3518 663 scriptum
3547 593 3860 663 reliquerit,

2254 679 2533 735 articulus
2561 680 2969 736 demonstrabit.
3005 681 3134 738 Vale
3188 684 3242 738 in
3281 684 3518 750 Christo,
3561 686 3862 741 monacha-

2270 785 2389 824 rum
2419 785 2630 840 gemma
2665 771 2885 842 fulgida,
2923 779 2979 826 et
3010 787 3102 828 ora
3144 788 3243 844 pro
3271 788 3377 828 me.

2339 879 2588 952 Sequitur
2619 880 2818 936 [sideri
2837 883 2902 936 de
2921 883 3121 953 origine
3150 884 3343 936 anima:
3369 896 3390 934 :
3413 882 3556 937 Nihil
3605 884 3860 952 incorpo-

2267 989 2417 1029 reum
2454 985 2506 1029 et
2530 974 2802 1030 invisibile
2828 991 2990 1046 usque
3031 976 3263 1031 humana
3297 977 3626 1031 substantia.
3657 975 3859 1031 Deinde

2266 1085 2442 1124 versus
2466 1067 2748 1124 Prudentii
2775 1084 2797 1126 .'

2389 1164 2618 1214 Occurrit
2640 1165 2869 1215 dubitans
2898 1160 2980 1215 hic
3009 1162 3322 1226 dlssertator,
3350 1170 3403 1214 et
3429 1162 3576 1226 illud;

2263 1265 2426 1320 usque
2449 1265 2467 1303 :

2385 1339 2579 1391 Numen
2604 1353 2698 1390 non
2723 1339 2888 1401 liceat,
2914 1339 3110 1402 plenum
3144 1341 3235 1391 sibi
3259 1353 3455 1405 semper
3482 1350 3536 1393 et
3557 1343 3613 1393 in
3633 1354 3716 1393 se.

2333 1442 2537 1496 Deinde
2564 1442 2728 1512 pergit
2753 1441 3092 1496 Odormmus.
3122 1443 3236 1498 Huc
3258 1460 3428 1514 nsqtte
3452 1444 3578 1500 linis
3601 1445 3860 1515 qnmstioc

2263 1539 2346 1594 nis
2379 1538 2552 1593 tertize
2569 1537 2852 1606 deor-igine
2879 1537 3091 1591 animze.
3118 1537 3386 1592 C:eterum
3411 1541 3855 1609 propagationetn

2263 1630 2486 1684 humani
2518 1629 2767 1699 corporis
2801 1630 3022 1682 tradunt
3051 1629 3384 1683 naturalium
3441 1631 3746 1700 scriptores
3774 1645 3857 1685 rb

2260 1736 2383 1774 rum
2425 1719 2784 1790 quadraginta
2829 1729 2887 1774 et
2940 1735 3034 1774 sex
3077 1719 3289 1774 dierum
3347 1735 3578 1776 numero
3621 1722 3855 1790 perlici;

573 1807 686 1854 tate
717 1808 1018 1854 traxerunt.
1053 1817 1072 1851 ι
1105 1799 1162 1853 in
1209 1799 1349 1854 libro
1384 1815 1598 1870 quoque
1629 1801 1980 1856 Enchiridion
2009 1800 2158 1856 idem
2193 1791 2236 1850 B
2264 1815 2388 1885 quia
2427 1814 2674 1870 videlicet
2726 1831 2816 1870 sex
2851 1831 2880 1869 α
2912 1817 3265 1886 conceptione
3305 1816 3498 1871 diebus
3536 1817 3702 1872 ιαοιίς
3761 1817 3859 1871 ιη-

563 1893 760 1947 doctor
795 1892 1042 1948 scribens
1088 1894 1155 1947 ad
1183 1891 1565 1960 Laurentium,
1617 1893 1683 1948 de
1729 1894 1832 1948 hac
1863 1893 2157 1964 quaestione

565 1984 880 2055 plenissime
903 1985 1168 2054 disputat.

642 2075 738 2130 His
765 2077 838 2129 ita
867 2074 1162 2145 explicitis,
1191 2083 1361 2129 restat
1401 2075 1468 2128 de
1493 2075 1705 2144 origine
1728 2090 2044 2130 animarum
2071 2090 2159 2132 so-

561 2165 701 2222 lutio
729 2167 1064 2237 qu:estionis.
1109 2165 1280 2233 Quam
1331 2181 1400 2220 nc
1441 2167 1658 2220 modum
1712 2167 1953 2237 epistola:
2001 2183 2160 2226 cxce-

567 2272 722 2324 uens,
747 2260 957 2316 aemulis
997 2261 1086 2330 qui
1122 2261 1249 2315 dum
1281 2261 1413 2315 mihi
1459 2261 1777 2328 detrahunt,
1837 2263 2160 2334 semetipsos

566 2351 815 2414 illtulnnt,
841 2352 1160 2407 snsnrrandi
1194 2354 1536 2407 occasionem
1562 2353 1856 2422 praebeam,
1906 2353 2151 2423 praescri-

563 2447 672 2517 ptis
716 2457 1003 2502 auctornm
1054 2446 1393 2513 nominibus,
1459 2448 1754 2517 separatim
1807 2448 2152 2502 subnectam.

562 2540 694 2595 lllud
726 2556 856 2596 vero
889 2541 1031 2596 beati
1061 2539 1307 2612 Gregorii
1339 2556 1489 2610 papae
1545 2540 1886 2605 universalis,
1917 2541 2059 2610 quod
2087 2539 2155 2595 ad

563 2631 932 2689 Secundinum
963 2633 1234 2687 reclusmn
1257 2632 1448 2687 scribit
1469 2631 1750 2701 inquiens:
1796 2650 1815 2684 ‹
1847 2630 1922 2686 De
1941 2631 2156 2702 origine

564 2725 762 2778 animae
812 2724 958 2778 inter
995 2732 1217 2779 sanctos
1256 2723 1447 2779 Patres
1495 2719 1778 2792 requisitio
1829 2739 1937 2777 non
1987 2737 2154 2793 parva

565 2815 708 2872 facta
740 2826 819 2871 est
854 2833 868 2882 ;
923 2818 1014 2871 scd
1059 2827 1242 2870 utrum
1283 2816 1397 2887 ipsa
1454 2815 1524 2869 ab
1576 2813 1745 2869 Adam
1787 2813 2150 2880 descenderit,

565 2916 658 2960 attt
681 2917 829 2962 certe
862 2907 1093 2978 singulis
1112 2907 1288 2971 detur,
1316 2907 1580 2961 incertum
1616 2905 1899 2971 remansit,
1926 2921 2154 2974 eamque

566 2996 908 3050 insolubilem
959 2995 1188 3066 professi
1219 3006 1346 3051 sunt
1379 3011 1500 3050 esse
1550 2994 1924 3065 quaestionem.
1977 2993 2032 3048 Si
2068 3008 2155 3048 re-

564 3087 708 3142 nerit
740 3087 792 3141 in
838 3102 1032 3142 manus
1066 3098 1186 3143 tuas
1253 3086 1621 3142 dulcissimam
1667 3085 1798 3140 mihi
1826 3083 2152 3140 charitatem

2259 1908 2386 1962 beat
2411 1908 2824 1963 similitudinem
2854 1950 2870 1975 ,
2901 1909 3253 1978 sequentibus
3277 1925 3465 1964 novem
3495 1919 3858 1967 convertatur

2254 1999 2313 2055 in
2365 2001 2706 2068 sanguinem,
2749 2001 2944 2055 deinde
2970 2000 3256 2056 duodecim
3289 2002 3572 2069 solidetur,
3631 2001 3858 2072 reliquis

2260 2093 2446 2148 decem
2473 2102 2527 2148 et
2545 2101 2670 2147 octo
2694 2092 2959 2147 formetur
2979 2108 3150 2163 usque
3177 2094 3243 2148 ad
3268 2095 3504 2163 perlecta
3537 2095 3743 2148 linianu
3764 2106 3853 2147 nta

2257 2185 2500 2241 omnium
2533 2184 2902 2240 membrorum
2928 2202 2942 2249 ;
2970 2195 3031 2239 et
3061 2185 3188 2239 hinc
3234 2185 3348 2256 jam
3378 2184 3587 2255 reliquo
3613 2195 3859 2256 tempore

2259 2292 2430 2347 usque
2457 2277 2524 2332 ad
2553 2287 2762 2346 tempus
2794 2284 2982 2346 partus
3023 2276 3397 2345 magnitudine
3425 2285 3715 2346 augeatur.
3747 2275 3855 2330 Sex

2257 2381 2461 2435 autem,
2491 2379 2550 2426 et
2599 2384 2816 2435 novem,
2855 2378 2908 2424 et
2937 2370 3243 2432 duodecim,
3297 2376 3351 2422 et
3389 2370 3574 2424 decem
3615 2376 3673 2422 et
3701 2378 3849 2433 octo,

2257 2462 2616 2534 quadraginta
2649 2463 2888 2532 quinque
2921 2461 3158 2514 faciunt:
3189 2461 3386 2530 quibus
3413 2459 3456 2514 si
3506 2476 3673 2514 unum
3709 2460 3856 2529 adje-

2257 2554 2514 2618 cerimus,
2543 2554 2595 2608 id
2631 2563 2714 2608 est
2738 2553 2916 2623 ipsum
2941 2552 3087 2607 diem
3123 2551 3514 2621 conctptionis,
3543 2542 3668 2606 m.
3705 2552 3852 2608 inre-

2200 2716 2204 2720 _
2255 2650 2490 2704 niemus.
2538 2645 2594 2702 ld
2645 2647 2818 2717 ipsmn
2865 2655 2923 2701 et
2977 2661 3174 2701 nomen
3225 2645 3422 2711 Adam,
3471 2645 3561 2715 qui
3619 2653 3854 2715 quatuor

2256 2741 2454 2796 litteris
2505 2740 2782 2804 scribitur,
2834 2737 3122 2808 significat.
3177 2736 3312 2792 Nam
3347 2734 3556 2810 ἄρκτος,
3598 2736 3745 2804 quod
3771 2744 3854 2790 est

2257 2834 2628 2906 septemtrion,
2677 2833 2744 2886 ab
2774 2831 2930 2902 alpha
2971 2831 3202 2901 incipit;
3242 2841 3296 2886 et
3338 2832 3507 2892 δύσις.
3564 2829 3714 2900 quod
3770 2838 3853 2884 est

2255 2930 2528 2992 occidens,
2555 2943 2584 2981 a
2608 2926 2750 2981 delta
2769 2926 2989 2996 incipit;
3010 2936 3064 2979 et
3091 2927 3331 2990 ἀνατολή,
3355 2924 3497 2997 quod
3528 2933 3614 2978 est
3645 2924 3848 2984 oriens,

2256 3024 2325 3080 ab
2348 3023 2506 3092 alpha
2539 3021 2725 3092 incipit
2751 3037 2764 3086 ;
2801 3033 2855 3076 et
2882 3020 3196 3096 μεσεμϐρία,
3227 3019 3369 3087 quod
3400 3025 3485 3072 est
3513 3015 3793 3078 meridies,
3819 3029 3852 3068 a

2259 3113 2331 3169 mi
2367 3112 2595 3184 incipit;
2643 3127 2764 3182 qum
2810 3121 2936 3166 sunt
2984 3121 3220 3180 quatuor
3246 3117 3430 3181 partes
3467 3108 3622 3162 orbis
3660 3108 3731 3160 ab
3770 3106 3854 3161 his

566 3187 713 3277 um"?
744 3195 849 3234 "0"
884 3188 1134 3277 ηξογεῇιξ
1163 3179 1311 3277 Qui“.
1347 3187 1406 3234 ut
1443 3179 1623 3277 v‘ef'l’is
1654 3179 1823 3249 ipsms
1869 3176 1969 3277 (Ῑίξξ
2003 3177 2156 3233 1³³1³⁵⁸
2183 3165 2225 3224 C
2257 3165 2504 3277 quatuorr
2529 3165 2723 3259 litteris
2747 3165 3103 3274 incipient-es;
3136 3165 3260 3272 qua;
3296 3201 3511 3266 litterze,
3543 3199 3589 3254 si
3616 3199 3670 3253 in
3698 3213 3853 3252 cout-

565 3270 804 3324 taculum
831 3270 1016 3325 extitit
1042 3269 1280 3340 Spiritus
1302 3269 1478 3325 sancti
1510 3269 1721 3340 loquar,
1759 3284 1856 3323 nos
1885 3267 2157 3324 afﬁrmare

564 3361 838 3426 nolumus,
858 3361 1000 3432 quod
1023 3362 1228 3434 apertis
1252 3361 1577 3417 testimoniis
1598 3361 2100 3432 nonapprobamus.
2131 3377 2150 3412 ο

562 3451 877 3508 Cassiodori
911 3453 1078 3509 etiam
1126 3453 1323 3509 librum
1359 3454 1433 3509 De
1465 3462 1660 3507 natura
1708 3451 1924 3517 animae,
1969 3460 2023 3506 et
2042 3449 2158 3520 pri-

565 3557 714 3597 tnum
749 3530 1157 3598 Sententiarum
1183 3544 1378 3598 librum
1412 3542 1598 3598 lsidori
1631 3541 1810 3612 legere
1841 3556 1908 3596 ne
1934 3541 2152 3612 pigrite-

563 3632 660 3688 ris.
694 3632 800 3688 Sed
833 3649 898 3689 nc
935 3634 1137 3690 diutius
1167 3635 1507 3690 diversorum
1555 3634 1840 3704 opiniones
1883 3631 2150 3694 libranilo,

562 3721 617 3782 in
653 3727 739 3783 his
785 3744 972 3786 moras
1027 3730 1217 3786 videar
1268 3729 1569 3796 innectere,
1625 3727 1758 3800 quid
1805 3727 2046 3783 Isidorus
2097 3725 2153 3780 in

2254 3309 2385 3371 puto
2415 3297 2604 3354 Grzeco
2633 3297 3065 3361 considerentnr,
3095 3310 3218 3350 nvi
3251 3292 3495 3355 faciunt;
3529 3304 3657 3344 nam
3681 3288 3850 3359 alpha

2257 3406 2448 3456 unum,
2477 3389 2618 3445 delta
2665 3396 2916 3457 quatuor,
2962 3387 3158 3441 iterum
3187 3384 3346 3455 alpha
3388 3396 3577 3448 unum,
3612 3380 3687 3435 nti
3723 3393 3855 3450 qua-

2256 3486 2527 3556 draginta,
2563 3483 2656 3555 qui
2688 3481 2851 3538 simul
2873 3481 3022 3536 ducti
3047 3495 3171 3535 xu't
3212 3476 3469 3534 reddunt.

2263 3598 2388 3654 Haec
2417 3611 2632 3667 quoque
2653 3595 2747 3666 qui
2773 3594 2972 3664 legitis,
3001 3608 3156 3663 rogo,
3188 3590 3401 3646 reddite
3426 3587 3593 3642 verba
3633 3584 3850 3649 salutis,

2335 3691 2472 3745 Nam
2504 3690 2636 3745 mihi
2663 3690 2857 3744 charta
2880 3687 3033 3751 levis,
3061 3685 3273 3756 pondus
3299 3681 3505 3739 amoris
3528 3681 3658 3737 erit.

1744 3891 2462 4018 OPUSCULUM
2535 3891 2649 3982 V.

563 4096 810 4153 Dimidia’
845 4095 985 4164 parti
1031 4109 1222 4147 anima:
1257 4107 1388 4156 sum,
1433 4089 1588 4160 fratri
1637 4099 1682 4142 et
1717 4067 2077 4141 consacerdoti
2111 4085 2428 4146 Rornenro,
2469 4091 2693 4150 peccatis
2737 4079 2982 4132 maximis
3013 4074 3285 4130 obvolutus
3321 4074 3490 4145 frater
3524 4072 3853 4129 0003133!!!

1856 4179 2101 4249 quicquid
2138 4177 2306 4230 amico
2330 4178 2550 4229 amicus.

634 4341 788 4409 Quod
813 4357 939 4396 vere
963 4340 1199 4395 amicitia
1231 4339 1304 4393 sit
1340 4338 1650 4392 animorum
1696 4334 1950 4397 societas,
1981 4341 2149 4387 tesla-
2181 4335 2227 4394 D
2254 4331 2428 4401 primo
2492 4327 2820 4383 mnsicarttm
2890 4324 3216 4380 chordarum
3282 4322 3502 4378 nomina
3556 4321 3848 4392 alpltabcto

564 4440 676 4496 tur,
706 4433 998 4487 reverende
1025 4431 1212 4495 frater,
1235 4429 1446 4484 dulcior
1467 4428 1597 4483 tuihi
1630 4427 1786 4482 melle
1809 4427 2142 4489 dulcissimo,

564 4523 957 4594 perfectissima
991 4523 1063 4576 ttti
1089 4522 1255 4576 animi
1283 4521 1543 4586 charitas,
1573 4535 1694 4590 qua:
1723 4535 1808 4573 me
1832 4519 1886 4574 in
1922 4518 2150 4572 tribula-

567 4615 716 4669 tione
753 4629 924 4683 nuper
975 4615 1151 4684 posito
1183 4628 1289 4667 non
1335 4613 1507 4667 solum
1541 4627 1645 4666 non
1683 4612 1921 4677 erubuit,
1960 4625 2150 4665 verum

537 4707 731 4774 ,etiam
759 4721 822 4759 ex
857 4706 926 4775 pii
955 4706 1133 4760 cordis
1157 4705 1349 4758 intimo
1377 4704 1646 4775 lacryinas
1683 4719 1824 4772 saepe
1854 4703 2148 4768 fundendo,

564 4809 621 4854 et
657 4797 972 4867 frequenter
1007 4811 1256 4866 supernae
1287 4796 1551 4864 tnajestati
1584 4794 1817 4848 hostiam
1841 4795 2014 4848 laudis
2045 4795 2147 4848 im-

562 4889 838 4952 molando,
891 4903 1105 4958 semper
1163 4887 1498 4941 trcmemlum
1545 4883 1807 4954 iudicem,
1874 4893 1934 4939 ut
1969 4900 2144 4954 spero,

561 4981 696 5034 mihi
726 4981 996 5051 plicatum
1029 4978 1283 5034 reddidit.
1312 4977 1463 5032 Nunc
1499 4993 1626 5032 vero
1660 4977 1783 5046 quia
1829 4977 1880 5030 in
1917 4977 2150 5032 retribuo

561 5073 707 5096 ,ἴοιμι
751 5072 882 5098 ...ηιξ
929 5069 1176 5102 tuan-ﬁni:
1217 5084 1556 5106 nonum-ultum
1605 5067 1793 5110 ἰσιιιινπ
1821 5083 1981 5112 (11111111
2016 5083 2150 5114 nun.

2255 4422 2514 4479 continuo
2549 4419 2803 4489 insignita
2843 4417 3152 4488 praefigunt:
3183 4425 3235 4470 ct
3276 4417 3354 4470 sic
3384 4417 3602 4469 domum
3631 4415 3844 4484 regula-

2257 4516 2395 4570 rium
2441 4514 2720 4568 modorum
2765 4511 2983 4564 nomina
3031 4523 3152 4562 cum
3201 4506 3446 4561 formulis
3495 4506 3842 4560 subnectam.

2253 4607 2479 4663 Nomina
2517 4618 2647 4660 vero
2683 4602 3006 4658 chordarum
3063 4599 3266 4654 idcirco
3295 4597 3388 4651 tibi
3421 4597 3670 4665 designn,
3703 4605 3761 4649 ut
3797 4595 3842 4649 si

2253 4697 2415 4760 forte,
2453 4693 2750 4750 auxiliante
2773 4707 3002 4762 superna
3023 4689 3220 4760 gratia,
3246 4687 3494 4742 notitiatn
3530 4684 3842 4738 ttmdnlandi

2254 4787 2308 4842 in
2366 4785 2597 4854 regulari
2657 4783 3026 4838 monochordo
3086 4779 3333 4834 obttnere
3394 4776 3656 4838 Vulneris,
3714 4784 3845 4844 quot

2253 4877 2556 4932 intervallis
2581 4875 2690 4929 toni
2734 4875 2877 4929 inter
2904 4869 3261 4932 sediﬂ‘erant,
3306 4868 3593 4921 dinoscere
3641 4867 3841 4934 possis.

2251 4969 2496 5040 Sequitur
2540 4969 2797 5023 mediocre
2841 4966 3148 5036 opusculum
3178 4965 3406 5040 deAt'nis
3443 4961 3679 5038 mnsit-tr,
3725 4975 3843 5040 cum

2322 5035 2534 5095 musicis
2560 5042 2737 5114 notist
2764 5035 2884 5102 etc.,
2917 5053 3194 5114 quam-ego
3235 5035 3622 5114 (multationem
3663 5035 3845 5114 peritis
