  <div class='ocr_page' id='page_1' title='image "/cluster/home/n/w/nwhite01/storage/ocr_20150623/142/hvd.32044015471808/410.png"; bbox 0 0 4116 5358; ppageno 0'>
   <div class='ocr_carea' id='block_1_1' title="bbox 256 252 467 336">
    <p class='ocr_par' dir='ltr' id='par_1_1' title="bbox 256 252 467 336">
     <span class='ocr_line' id='line_1_1' title="bbox 256 252 467 336; baseline -0.009 0"><span class='ocrx_word' id='word_1_1' title='bbox 256 274 365 336; x_wconf 79' lang='lat'><strong>809</strong></span> <span class='ocrx_word' id='word_1_2' title='bbox 464 252 467 255; x_wconf 75' lang='grc'><em>’</em></span> 
     </span>
    </p>
   </div>
   <div class='ocr_carea' id='block_1_2' title="bbox 1697 276 2083 335">
    <p class='ocr_par' dir='ltr' id='par_1_2' title="bbox 1697 276 2083 335">
     <span class='ocr_line' id='line_1_2' title="bbox 1697 276 2083 335; baseline 0 -2"><span class='ocrx_word' id='word_1_3' title='bbox 1697 276 2083 335; x_wconf 69' lang='lat' dir='ltr'><strong>OPUSCULA.</strong></span> 
     </span>
    </p>
   </div>
   <div class='ocr_carea' id='block_1_3' title="bbox 3424 278 3531 339">
    <p class='ocr_par' dir='ltr' id='par_1_3' title="bbox 3424 278 3531 339">
     <span class='ocr_line' id='line_1_3' title="bbox 3424 278 3531 339; baseline 0.037 -4"><span class='ocrx_word' id='word_1_4' title='bbox 3424 278 3531 339; x_wconf 74' lang='grc'><strong>810</strong></span> 
     </span>
    </p>
   </div>
   <div class='ocr_carea' id='block_1_4' title="bbox 257 384 3533 469">
    <p class='ocr_par' dir='ltr' id='par_1_4' title="bbox 257 384 3533 469">
     <span class='ocr_line' id='line_1_4' title="bbox 257 384 3533 469; baseline -0.001 -19"><span class='ocrx_word' id='word_1_5' title='bbox 257 388 575 469; x_wconf 82' lang='lat' dir='ltr'><strong>generibus,</strong></span> <span class='ocrx_word' id='word_1_6' title='bbox 599 388 874 447; x_wconf 72' lang='lat' dir='ltr'><strong>diatoniw</strong></span> <span class='ocrx_word' id='word_1_7' title='bbox 894 386 1165 453; x_wconf 70' lang='lat' dir='ltr'><strong>videlicet,</strong></span> <span class='ocrx_word' id='word_1_8' title='bbox 1194 385 1552 454; x_wconf 69' lang='lat' dir='ltr'><strong>chromatico,</strong></span> <span class='ocrx_word' id='word_1_9' title='bbox 1576 394 1634 444; x_wconf 84' lang='lat' dir='ltr'><strong>et</strong></span> <span class='ocrx_word' id='word_1_10' title='bbox 1650 387 1845 444; x_wconf 82' lang='lat' dir='ltr'><strong>cubar-</strong></span> <span class='ocrx_word' id='word_1_11' title='bbox 1878 394 1927 452; x_wconf 70' lang='grc' dir='ltr'>Α</span> <span class='ocrx_word' id='word_1_12' title='bbox 1952 404 2050 443; x_wconf 87' lang='lat' dir='ltr'><strong>sua</strong></span> <span class='ocrx_word' id='word_1_13' title='bbox 2075 384 2376 444; x_wconf 75' lang='lat' dir='ltr'><strong>differentia</strong></span> <span class='ocrx_word' id='word_1_14' title='bbox 2407 388 2654 458; x_wconf 86' lang='lat' dir='ltr'><strong>incipiat,</strong></span> <span class='ocrx_word' id='word_1_15' title='bbox 2682 397 2774 444; x_wconf 87' lang='lat' dir='ltr'><strong>aut</strong></span> <span class='ocrx_word' id='word_1_16' title='bbox 2800 387 3060 459; x_wconf 86' lang='lat' dir='ltr'><strong>epogdoo,</strong></span> <span class='ocrx_word' id='word_1_17' title='bbox 3095 387 3148 443; x_wconf 93' lang='lat' dir='ltr'><strong>id</strong></span> <span class='ocrx_word' id='word_1_18' title='bbox 3172 396 3257 444; x_wconf 88' lang='lat' dir='ltr'><strong>est</strong></span> <span class='ocrx_word' id='word_1_19' title='bbox 3285 398 3433 459; x_wconf 87' lang='lat' dir='ltr'><strong>tono,</strong></span> <span class='ocrx_word' id='word_1_20' title='bbox 3450 394 3533 451; x_wconf 83' lang='lat' dir='ltr'><strong>vel</strong></span> 
     </span>
    </p>
   </div>
   <div class='ocr_carea' id='block_1_5' title="bbox 258 476 1850 549">
    <p class='ocr_par' dir='ltr' id='par_1_5' title="bbox 258 476 1850 549">
     <span class='ocr_line' id='line_1_5' title="bbox 258 476 1850 549; baseline -0.006 -9"><span class='ocrx_word' id='word_1_21' title='bbox 258 483 501 548; x_wconf 81' lang='lat' dir='ltr'><strong>tuonico,</strong></span> <span class='ocrx_word' id='word_1_22' title='bbox 542 491 796 538; x_wconf 88' lang='lat' dir='ltr'><strong>constare</strong></span> <span class='ocrx_word' id='word_1_23' title='bbox 823 479 1070 546; x_wconf 76' lang='lat' dir='ltr'><strong>noveris;</strong></span> <span class='ocrx_word' id='word_1_24' title='bbox 1114 492 1344 549; x_wconf 82' lang='lat' dir='ltr'><strong>quorum</strong></span> <span class='ocrx_word' id='word_1_25' title='bbox 1371 477 1607 548; x_wconf 88' lang='lat' dir='ltr'><strong>primum</strong></span> <span class='ocrx_word' id='word_1_26' title='bbox 1651 476 1850 533; x_wconf 90' lang='lat' dir='ltr'><strong>dicitur</strong></span> 
     </span>
    </p>
   </div>
   <div class='ocr_carea' id='block_1_6' title="bbox 257 568 1847 647">
    <p class='ocr_par' dir='ltr' id='par_1_6' title="bbox 257 568 1847 647">
     <span class='ocr_line' id='line_1_6' title="bbox 257 568 1847 647; baseline -0.008 -15"><span class='ocrx_word' id='word_1_27' title='bbox 257 575 531 647; x_wconf 83' lang='lat' dir='ltr'><strong>hypaton,</strong></span> <span class='ocrx_word' id='word_1_28' title='bbox 567 571 867 628; x_wconf 89' lang='lat' dir='ltr'><strong>secundum</strong></span> <span class='ocrx_word' id='word_1_29' title='bbox 908 586 1094 626; x_wconf 84' lang='lat' dir='ltr'><strong>meson</strong></span> <span class='ocrx_word' id='word_1_30' title='bbox 1117 610 1132 636; x_wconf 92' lang='lat'><strong>,</strong></span> <span class='ocrx_word' id='word_1_31' title='bbox 1178 568 1398 625; x_wconf 90' lang='lat' dir='ltr'><strong>tertium</strong></span> <span class='ocrx_word' id='word_1_32' title='bbox 1438 582 1847 641; x_wconf 80' lang='lat' dir='ltr'><strong>synemmenon,</strong></span> 
     </span>
    </p>
   </div>
   <div class='ocr_carea' id='block_1_7' title="bbox 260 657 1845 739">
    <p class='ocr_par' dir='ltr' id='par_1_7' title="bbox 260 657 1845 739">
     <span class='ocr_line' id='line_1_7' title="bbox 260 657 1845 739; baseline -0.007 -17"><span class='ocrx_word' id='word_1_33' title='bbox 260 675 520 739; x_wconf 84' lang='lat' dir='ltr'><strong>quartum</strong></span> <span class='ocrx_word' id='word_1_34' title='bbox 541 665 987 735; x_wconf 80' lang='lat' dir='ltr'><strong>diazeugmenon,</strong></span> <span class='ocrx_word' id='word_1_35' title='bbox 1015 662 1262 733; x_wconf 87' lang='lat' dir='ltr'><strong>quintum</strong></span> <span class='ocrx_word' id='word_1_36' title='bbox 1285 658 1670 731; x_wconf 85' lang='lat' dir='ltr'><strong>hyperboleon.</strong></span> <span class='ocrx_word' id='word_1_37' title='bbox 1694 657 1845 730; x_wconf 77' lang='lat' dir='ltr'><strong>Sym-</strong></span> 
     </span>
    </p>
   </div>
   <div class='ocr_carea' id='block_1_8' title="bbox 263 751 1851 832">
    <p class='ocr_par' dir='ltr' id='par_1_8' title="bbox 263 751 1851 832">
     <span class='ocr_line' id='line_1_8' title="bbox 263 751 1851 832; baseline -0.007 -16"><span class='ocrx_word' id='word_1_38' title='bbox 263 760 481 832; x_wconf 85' lang='lat' dir='ltr'><strong>phoniis</strong></span> <span class='ocrx_word' id='word_1_39' title='bbox 509 772 639 815; x_wconf 89' lang='lat' dir='ltr'><strong>vero</strong></span> <span class='ocrx_word' id='word_1_40' title='bbox 650 772 781 823; x_wconf 88' lang='lat' dir='ltr'><strong>non,</strong></span> <span class='ocrx_word' id='word_1_41' title='bbox 811 763 869 811; x_wconf 85' lang='lat' dir='ltr'><strong>ut</strong></span> <span class='ocrx_word' id='word_1_42' title='bbox 888 755 1054 827; x_wconf 79' lang='lat' dir='ltr'><strong>aliqui</strong></span> <span class='ocrx_word' id='word_1_43' title='bbox 1089 754 1296 823; x_wconf 86' lang='lat' dir='ltr'><strong>volunt,</strong></span> <span class='ocrx_word' id='word_1_44' title='bbox 1322 766 1438 821; x_wconf 78' lang='lat' dir='ltr'><strong>sex,</strong></span> <span class='ocrx_word' id='word_1_45' title='bbox 1468 753 1565 810; x_wconf 89' lang='lat' dir='ltr'><strong>sed</strong></span> <span class='ocrx_word' id='word_1_46' title='bbox 1590 751 1851 824; x_wconf 87' lang='lat' dir='ltr'><strong>quinque.</strong></span> 
     </span>
    </p>
   </div>
   <div class='ocr_carea' id='block_1_9' title="bbox 264 842 1854 921">
    <p class='ocr_par' dir='ltr' id='par_1_9' title="bbox 264 842 1854 921">
     <span class='ocr_line' id='line_1_9' title="bbox 264 842 1854 921; baseline -0.006 -16"><span class='ocrx_word' id='word_1_47' title='bbox 264 850 472 905; x_wconf 75' lang='lat' dir='ltr'><strong>Harum</strong></span> <span class='ocrx_word' id='word_1_48' title='bbox 497 848 675 921; x_wconf 91' lang='lat' dir='ltr'><strong>prima</strong></span> <span class='ocrx_word' id='word_1_49' title='bbox 696 855 781 904; x_wconf 88' lang='lat' dir='ltr'><strong>est</strong></span> <span class='ocrx_word' id='word_1_50' title='bbox 802 846 1166 910; x_wconf 84' lang='lat' dir='ltr'><strong>diatesscron,</strong></span> <span class='ocrx_word' id='word_1_51' title='bbox 1195 852 1453 901; x_wconf 74' lang='lat' dir='ltr'><strong>constans</strong></span> <span class='ocrx_word' id='word_1_52' title='bbox 1484 842 1701 914; x_wconf 89' lang='lat' dir='ltr'><strong>epitrita</strong></span> <span class='ocrx_word' id='word_1_53' title='bbox 1728 852 1854 911; x_wconf 77' lang='lat' dir='ltr'><strong>pro-</strong></span> 
     </span>
    </p>
   </div>
   <div class='ocr_carea' id='block_1_10' title="bbox 262 929 1854 1010">
    <p class='ocr_par' dir='ltr' id='par_1_10' title="bbox 262 929 1854 1010">
     <span class='ocr_line' id='line_1_10' title="bbox 262 929 1854 1010; baseline -0.004 -17"><span class='ocrx_word' id='word_1_54' title='bbox 262 939 538 1010; x_wconf 84' lang='lat' dir='ltr'><strong>portione,</strong></span> <span class='ocrx_word' id='word_1_55' title='bbox 565 936 621 992; x_wconf 87' lang='lat' dir='ltr'><strong>id</strong></span> <span class='ocrx_word' id='word_1_56' title='bbox 651 943 737 992; x_wconf 84' lang='lat' dir='ltr'><strong>est</strong></span> <span class='ocrx_word' id='word_1_57' title='bbox 764 933 1128 1005; x_wconf 86' lang='lat' dir='ltr'><strong>sesquitertia,</strong></span> <span class='ocrx_word' id='word_1_58' title='bbox 1162 942 1220 989; x_wconf 93' lang='lat' dir='ltr'><strong>ut</strong></span> <span class='ocrx_word' id='word_1_59' title='bbox 1255 944 1339 990; x_wconf 89' lang='lat' dir='ltr'><strong>est</strong></span> <span class='ocrx_word' id='word_1_60' title='bbox 1371 931 1501 988; x_wconf 78' lang='lat' dir='ltr'><strong>°llll-</strong></span> <span class='ocrx_word' id='word_1_61' title='bbox 1528 932 1598 988; x_wconf 88' lang='lat' dir='ltr'><strong>ad</strong></span> <span class='ocrx_word' id='word_1_62' title='bbox 1623 931 1727 987; x_wconf 78' lang='grc' dir='ltr'><strong>οιΙι⁸</strong></span> <span class='ocrx_word' id='word_1_63' title='bbox 1758 929 1854 986; x_wconf 84' lang='lat' dir='ltr'><strong>Se-</strong></span> 
     </span>
    </p>
   </div>
   <div class='ocr_carea' id='block_1_11' title="bbox 269 1022 1855 1096">
    <p class='ocr_par' dir='ltr' id='par_1_11' title="bbox 269 1022 1855 1096">
     <span class='ocr_line' id='line_1_11' title="bbox 269 1022 1855 1096; baseline -0.007 -9"><span class='ocrx_word' id='word_1_64' title='bbox 269 1028 453 1087; x_wconf 89' lang='lat' dir='ltr'><strong>cunda</strong></span> <span class='ocrx_word' id='word_1_65' title='bbox 471 1026 745 1096; x_wconf 80' lang='lat' dir='ltr'><strong>diapente,</strong></span> <span class='ocrx_word' id='word_1_66' title='bbox 762 1033 1017 1080; x_wconf 82' lang='lat' dir='ltr'><strong>constans</strong></span> <span class='ocrx_word' id='word_1_67' title='bbox 1035 1022 1309 1091; x_wconf 89' lang='lat' dir='ltr'><strong>hemiolia,</strong></span> <span class='ocrx_word' id='word_1_68' title='bbox 1324 1023 1378 1079; x_wconf 88' lang='lat' dir='ltr'><strong>id</strong></span> <span class='ocrx_word' id='word_1_69' title='bbox 1388 1022 1855 1094; x_wconf 89' lang='lat' dir='ltr'><strong>estsesquialtera,</strong></span> 
     </span>
    </p>
   </div>
   <div class='ocr_carea' id='block_1_12' title="bbox 272 1112 1855 1186">
    <p class='ocr_par' dir='ltr' id='par_1_12' title="bbox 272 1112 1855 1186">
     <span class='ocr_line' id='line_1_12' title="bbox 272 1112 1855 1186; baseline -0.006 -10"><span class='ocrx_word' id='word_1_70' title='bbox 272 1128 335 1176; x_wconf 90' lang='lat' dir='ltr'><strong>ut</strong></span> <span class='ocrx_word' id='word_1_71' title='bbox 357 1128 446 1175; x_wconf 87' lang='lat' dir='ltr'><strong>est</strong></span> <span class='ocrx_word' id='word_1_72' title='bbox 472 1116 575 1172; x_wconf 72' lang='lat' dir='ltr'><strong>-lll-</strong></span> <span class='ocrx_word' id='word_1_73' title='bbox 619 1116 686 1171; x_wconf 92' lang='lat' dir='ltr'><strong>ad</strong></span> <span class='ocrx_word' id='word_1_74' title='bbox 717 1114 801 1171; x_wconf 79' lang='grc' dir='ltr'>ἰι-</span> <span class='ocrx_word' id='word_1_75' title='bbox 835 1114 1017 1171; x_wconf 88' lang='lat' dir='ltr'><strong>Tertia</strong></span> <span class='ocrx_word' id='word_1_76' title='bbox 1064 1114 1346 1186; x_wconf 84' lang='lat' dir='ltr'><strong>diapason,</strong></span> <span class='ocrx_word' id='word_1_77' title='bbox 1397 1124 1654 1171; x_wconf 81' lang='lat' dir='ltr'><strong>constans</strong></span> <span class='ocrx_word' id='word_1_78' title='bbox 1674 1112 1855 1185; x_wconf 75' lang='lat' dir='ltr'><strong>dupla,</strong></span> 
     </span>
    </p>
   </div>
   <div class='ocr_carea' id='block_1_13' title="bbox 270 1206 1857 1278">
    <p class='ocr_par' dir='ltr' id='par_1_13' title="bbox 270 1206 1857 1278">
     <span class='ocr_line' id='line_1_13' title="bbox 270 1206 1857 1278; baseline -0.003 -12"><span class='ocrx_word' id='word_1_79' title='bbox 270 1219 334 1266; x_wconf 88' lang='lat' dir='ltr'><strong>ut</strong></span> <span class='ocrx_word' id='word_1_80' title='bbox 346 1218 435 1266; x_wconf 90' lang='lat' dir='ltr'><strong>est</strong></span> <span class='ocrx_word' id='word_1_81' title='bbox 464 1207 590 1264; x_wconf 72' lang='lat' dir='ltr'><strong>&#39;llll‘</strong></span> <span class='ocrx_word' id='word_1_82' title='bbox 619 1208 688 1263; x_wconf 92' lang='lat' dir='ltr'><strong>ad</strong></span> <span class='ocrx_word' id='word_1_83' title='bbox 715 1207 794 1262; x_wconf 75' lang='lat' dir='ltr'><strong>&#39;ll-</strong></span> <span class='ocrx_word' id='word_1_84' title='bbox 828 1206 1033 1276; x_wconf 87' lang='lat' dir='ltr'><strong>Quarta</strong></span> <span class='ocrx_word' id='word_1_85' title='bbox 1059 1207 1323 1278; x_wconf 84' lang='lat' dir='ltr'><strong>diapason</strong></span> <span class='ocrx_word' id='word_1_86' title='bbox 1352 1216 1407 1263; x_wconf 90' lang='lat' dir='ltr'><strong>et</strong></span> <span class='ocrx_word' id='word_1_87' title='bbox 1431 1207 1703 1278; x_wconf 83' lang='lat' dir='ltr'><strong>diapente,</strong></span> <span class='ocrx_word' id='word_1_88' title='bbox 1729 1223 1857 1263; x_wconf 86' lang='lat' dir='ltr'><strong>con-</strong></span> 
     </span>
    </p>
   </div>
   <div class='ocr_carea' id='block_1_14' title="bbox 274 1295 1855 1371">
    <p class='ocr_par' dir='ltr' id='par_1_14' title="bbox 274 1295 1855 1371">
     <span class='ocr_line' id='line_1_14' title="bbox 274 1295 1855 1371; baseline -0.003 -15"><span class='ocrx_word' id='word_1_89' title='bbox 274 1310 430 1356; x_wconf 83' lang='lat' dir='ltr'><strong>stans</strong></span> <span class='ocrx_word' id='word_1_90' title='bbox 458 1297 643 1371; x_wconf 86' lang='lat' dir='ltr'><strong>tripla,</strong></span> <span class='ocrx_word' id='word_1_91' title='bbox 688 1308 745 1353; x_wconf 89' lang='lat' dir='ltr'><strong>ut</strong></span> <span class='ocrx_word' id='word_1_92' title='bbox 764 1307 849 1354; x_wconf 89' lang='lat' dir='ltr'><strong>est</strong></span> <span class='ocrx_word' id='word_1_93' title='bbox 889 1297 996 1352; x_wconf 77' lang='grc' dir='ltr'>-νι-</span> <span class='ocrx_word' id='word_1_94' title='bbox 1026 1297 1095 1353; x_wconf 90' lang='lat' dir='ltr'><strong>ad</strong></span> <span class='ocrx_word' id='word_1_95' title='bbox 1119 1298 1205 1353; x_wconf 71' lang='lat'><strong>&#39;11-</strong></span> <span class='ocrx_word' id='word_1_96' title='bbox 1236 1297 1435 1366; x_wconf 86' lang='lat' dir='ltr'><strong>Quinta</strong></span> <span class='ocrx_word' id='word_1_97' title='bbox 1458 1295 1543 1353; x_wconf 93' lang='lat' dir='ltr'><strong>bis</strong></span> <span class='ocrx_word' id='word_1_98' title='bbox 1577 1298 1855 1368; x_wconf 80' lang='lat' dir='ltr'><strong>diapason,</strong></span> 
     </span>
    </p>
   </div>
   <div class='ocr_carea' id='block_1_15' title="bbox 274 1388 1862 1461">
    <p class='ocr_par' dir='ltr' id='par_1_15' title="bbox 274 1388 1862 1461">
     <span class='ocr_line' id='line_1_15' title="bbox 274 1388 1862 1461; baseline -0.001 -15"><span class='ocrx_word' id='word_1_99' title='bbox 274 1398 539 1447; x_wconf 81' lang='lat' dir='ltr'><strong>constans</strong></span> <span class='ocrx_word' id='word_1_100' title='bbox 580 1389 898 1461; x_wconf 88' lang='lat' dir='ltr'><strong>quadrupla,</strong></span> <span class='ocrx_word' id='word_1_101' title='bbox 945 1399 1004 1444; x_wconf 92' lang='lat' dir='ltr'><strong>ut</strong></span> <span class='ocrx_word' id='word_1_102' title='bbox 1048 1397 1131 1446; x_wconf 88' lang='lat' dir='ltr'><strong>est</strong></span> <span class='ocrx_word' id='word_1_103' title='bbox 1169 1388 1322 1444; x_wconf 78' lang='lat' dir='ltr'><strong>°Vlil-</strong></span> <span class='ocrx_word' id='word_1_104' title='bbox 1350 1391 1418 1446; x_wconf 89' lang='lat' dir='ltr'><strong>ad</strong></span> <span class='ocrx_word' id='word_1_105' title='bbox 1453 1388 1537 1444; x_wconf 72' lang='lat' dir='ltr'><strong>‘ll&#39;</strong></span> <span class='ocrx_word' id='word_1_106' title='bbox 1578 1389 1862 1461; x_wconf 78' lang='lat' dir='ltr'><strong>Epogdous</strong></span> 
     </span>
    </p>
   </div>
   <div class='ocr_carea' id='block_1_16' title="bbox 276 1478 1865 1552">
    <p class='ocr_par' dir='ltr' id='par_1_16' title="bbox 276 1478 1865 1552">
     <span class='ocr_line' id='line_1_16' title="bbox 276 1478 1865 1552; baseline 0 -15"><span class='ocrx_word' id='word_1_107' title='bbox 276 1496 429 1550; x_wconf 90' lang='lat' dir='ltr'><strong>vero,</strong></span> <span class='ocrx_word' id='word_1_108' title='bbox 469 1481 524 1537; x_wconf 90' lang='lat' dir='ltr'><strong>id</strong></span> <span class='ocrx_word' id='word_1_109' title='bbox 566 1489 652 1538; x_wconf 87' lang='lat' dir='ltr'><strong>est</strong></span> <span class='ocrx_word' id='word_1_110' title='bbox 691 1489 870 1549; x_wconf 88' lang='lat' dir='ltr'><strong>tonus,</strong></span> <span class='ocrx_word' id='word_1_111' title='bbox 916 1480 1093 1537; x_wconf 81' lang='lat' dir='ltr'><strong>vicem</strong></span> <span class='ocrx_word' id='word_1_112' title='bbox 1137 1478 1387 1537; x_wconf 87' lang='lat' dir='ltr'><strong>obtinens</strong></span> <span class='ocrx_word' id='word_1_113' title='bbox 1419 1480 1626 1552; x_wconf 87' lang='lat' dir='ltr'><strong>puncti,</strong></span> <span class='ocrx_word' id='word_1_114' title='bbox 1654 1489 1865 1537; x_wconf 85' lang='lat' dir='ltr'><strong>constat</strong></span> 
     </span>
    </p>
   </div>
   <div class='ocr_carea' id='block_1_17' title="bbox 277 1571 1866 1643">
    <p class='ocr_par' dir='ltr' id='par_1_17' title="bbox 277 1571 1866 1643">
     <span class='ocr_line' id='line_1_17' title="bbox 277 1571 1866 1643; baseline 0.002 -17"><span class='ocrx_word' id='word_1_115' title='bbox 277 1573 680 1643; x_wconf 83' lang='lat' dir='ltr'><strong>sesquioctava,</strong></span> <span class='ocrx_word' id='word_1_116' title='bbox 719 1580 780 1627; x_wconf 90' lang='lat' dir='ltr'><strong>ut</strong></span> <span class='ocrx_word' id='word_1_117' title='bbox 806 1581 891 1629; x_wconf 85' lang='lat' dir='ltr'><strong>est</strong></span> <span class='ocrx_word' id='word_1_118' title='bbox 920 1571 1098 1628; x_wconf 74' lang='grc' dir='ltr'>ογιιιι·</span> <span class='ocrx_word' id='word_1_119' title='bbox 1128 1572 1197 1630; x_wconf 89' lang='lat' dir='ltr'><strong>ad</strong></span> <span class='ocrx_word' id='word_1_120' title='bbox 1226 1572 1381 1628; x_wconf 75' lang='lat' dir='ltr'><strong>&#39;Vlll&#39;</strong></span> <span class='ocrx_word' id='word_1_121' title='bbox 1421 1572 1510 1629; x_wconf 86' lang='lat' dir='ltr'><strong>Fit</strong></span> <span class='ocrx_word' id='word_1_122' title='bbox 1540 1583 1720 1630; x_wconf 90' lang='lat' dir='ltr'><strong>autem</strong></span> <span class='ocrx_word' id='word_1_123' title='bbox 1752 1574 1866 1629; x_wconf 80' lang='lat' dir='ltr'><strong>dia-</strong></span> 
     </span>
    </p>
   </div>
   <div class='ocr_carea' id='block_1_18' title="bbox 278 1665 1866 1735">
    <p class='ocr_par' dir='ltr' id='par_1_18' title="bbox 278 1665 1866 1735">
     <span class='ocr_line' id='line_1_18' title="bbox 278 1665 1866 1735; baseline 0.002 -15"><span class='ocrx_word' id='word_1_124' title='bbox 278 1676 530 1723; x_wconf 86' lang='lat' dir='ltr'><strong>tesseron</strong></span> <span class='ocrx_word' id='word_1_125' title='bbox 557 1665 911 1722; x_wconf 82' lang='lat' dir='ltr'><strong>consonantia</strong></span> <span class='ocrx_word' id='word_1_126' title='bbox 948 1665 1003 1721; x_wconf 92' lang='lat' dir='ltr'><strong>in</strong></span> <span class='ocrx_word' id='word_1_127' title='bbox 1034 1665 1245 1723; x_wconf 90' lang='lat' dir='ltr'><strong>duobus</strong></span> <span class='ocrx_word' id='word_1_128' title='bbox 1286 1665 1446 1735; x_wconf 91' lang='lat' dir='ltr'><strong>tonis,</strong></span> <span class='ocrx_word' id='word_1_129' title='bbox 1475 1674 1531 1721; x_wconf 90' lang='lat' dir='ltr'><strong>et</strong></span> <span class='ocrx_word' id='word_1_130' title='bbox 1556 1666 1753 1722; x_wconf 82' lang='lat' dir='ltr'><strong>minori</strong></span> <span class='ocrx_word' id='word_1_131' title='bbox 1781 1682 1866 1723; x_wconf 89' lang='lat' dir='ltr'><strong>se-</strong></span> 
     </span>
    </p>
   </div>
   <div class='ocr_carea' id='block_1_19' title="bbox 1951 477 3531 549">
    <p class='ocr_par' dir='ltr' id='par_1_19' title="bbox 1951 477 3531 549">
     <span class='ocr_line' id='line_1_19' title="bbox 1951 477 3531 549; baseline 0.006 -19"><span class='ocrx_word' id='word_1_132' title='bbox 1951 478 2111 549; x_wconf 88' lang='lat' dir='ltr'><strong>pleno</strong></span> <span class='ocrx_word' id='word_1_133' title='bbox 2142 477 2519 545; x_wconf 88' lang='lat' dir='ltr'><strong>eaharmonio,</strong></span> <span class='ocrx_word' id='word_1_134' title='bbox 2544 479 2596 534; x_wconf 90' lang='lat' dir='ltr'><strong>id</strong></span> <span class='ocrx_word' id='word_1_135' title='bbox 2620 487 2704 534; x_wconf 87' lang='lat' dir='ltr'><strong>est</strong></span> <span class='ocrx_word' id='word_1_136' title='bbox 2727 477 2936 534; x_wconf 89' lang='lat' dir='ltr'><strong>duobus</strong></span> <span class='ocrx_word' id='word_1_137' title='bbox 2960 477 3123 542; x_wconf 88' lang='lat' dir='ltr'><strong>tonis,</strong></span> <span class='ocrx_word' id='word_1_138' title='bbox 3150 492 3245 534; x_wconf 89' lang='lat' dir='ltr'><strong>seu</strong></span> <span class='ocrx_word' id='word_1_139' title='bbox 3270 479 3531 539; x_wconf 76' lang='lat' dir='ltr'><strong>diatessa-</strong></span> 
     </span>
    </p>
   </div>
   <div class='ocr_carea' id='block_1_20' title="bbox 1954 568 3535 640">
    <p class='ocr_par' dir='ltr' id='par_1_20' title="bbox 1954 568 3535 640">
     <span class='ocr_line' id='line_1_20' title="bbox 1954 568 3535 640; baseline 0.002 -14"><span class='ocrx_word' id='word_1_140' title='bbox 1954 586 2051 626; x_wconf 88' lang='lat' dir='ltr'><strong>ron</strong></span> <span class='ocrx_word' id='word_1_141' title='bbox 2080 569 2164 625; x_wconf 89' lang='lat' dir='ltr'><strong>vel</strong></span> <span class='ocrx_word' id='word_1_142' title='bbox 2210 571 2460 640; x_wconf 76' lang='lat' dir='ltr'><strong>diapente</strong></span> <span class='ocrx_word' id='word_1_143' title='bbox 2489 570 2555 625; x_wconf 90' lang='lat' dir='ltr'><strong>ab</strong></span> <span class='ocrx_word' id='word_1_144' title='bbox 2585 585 2647 625; x_wconf 88' lang='lat' dir='ltr'><strong>ea</strong></span> <span class='ocrx_word' id='word_1_145' title='bbox 2681 568 2911 625; x_wconf 84' lang='lat' dir='ltr'><strong>differat.</strong></span> <span class='ocrx_word' id='word_1_146' title='bbox 2964 570 3022 625; x_wconf 82' lang='lat' dir='ltr'><strong>Si</strong></span> <span class='ocrx_word' id='word_1_147' title='bbox 3072 584 3199 625; x_wconf 90' lang='lat' dir='ltr'><strong>vero</strong></span> <span class='ocrx_word' id='word_1_148' title='bbox 3242 570 3325 626; x_wconf 88' lang='lat' dir='ltr'><strong>vis</strong></span> <span class='ocrx_word' id='word_1_149' title='bbox 3372 587 3535 629; x_wconf 88' lang='lat' dir='ltr'><strong>nosse</strong></span> 
     </span>
    </p>
   </div>
   <div class='ocr_carea' id='block_1_21' title="bbox 1953 640 3590 733">
    <p class='ocr_par' dir='ltr' id='par_1_21' title="bbox 1953 640 3590 733">
     <span class='ocr_line' id='line_1_21' title="bbox 1953 640 3590 733; baseline 0.001 -16"><span class='ocrx_word' id='word_1_150' title='bbox 1953 662 2081 733; x_wconf 90' lang='lat' dir='ltr'><strong>quid</strong></span> <span class='ocrx_word' id='word_1_151' title='bbox 2122 662 2195 718; x_wconf 90' lang='lat' dir='ltr'><strong>sit</strong></span> <span class='ocrx_word' id='word_1_152' title='bbox 2227 660 2529 716; x_wconf 69' lang='lat' dir='ltr'><strong>differentia</strong></span> <span class='ocrx_word' id='word_1_153' title='bbox 2563 680 2577 714; x_wconf 86' lang='lat'><strong>:</strong></span> <span class='ocrx_word' id='word_1_154' title='bbox 2609 660 2912 716; x_wconf 70' lang='lat' dir='ltr'><strong>differentia</strong></span> <span class='ocrx_word' id='word_1_155' title='bbox 2936 640 3036 717; x_wconf 73' lang='grc' dir='ltr'><strong>ἐει</strong></span> <span class='ocrx_word' id='word_1_156' title='bbox 3066 661 3323 717; x_wconf 84' lang='lat' dir='ltr'><strong>similium</strong></span> <span class='ocrx_word' id='word_1_157' title='bbox 3356 677 3537 719; x_wconf 87' lang='lat' dir='ltr'><strong>rerum</strong></span> <span class='ocrx_word' id='word_1_158' title='bbox 3583 646 3590 651; x_wconf 55' lang='grc'><em>’</em></span> 
     </span>
    </p>
   </div>
   <div class='ocr_carea' id='block_1_22' title="bbox 1952 751 3542 824">
    <p class='ocr_par' dir='ltr' id='par_1_22' title="bbox 1952 751 3542 824">
     <span class='ocr_line' id='line_1_22' title="bbox 1952 751 3542 824; baseline 0.003 -17"><span class='ocrx_word' id='word_1_159' title='bbox 1952 754 2200 824; x_wconf 68' lang='lat' dir='ltr'><strong>quaedam</strong></span> <span class='ocrx_word' id='word_1_160' title='bbox 2235 751 2645 819; x_wconf 84' lang='lat' dir='ltr'><strong>dissimilitudo;</strong></span> <span class='ocrx_word' id='word_1_161' title='bbox 2673 752 2779 819; x_wconf 89' lang='lat' dir='ltr'><strong>vel,</strong></span> <span class='ocrx_word' id='word_1_162' title='bbox 2810 751 3117 809; x_wconf 74' lang='lat' dir='ltr'><strong>differentia</strong></span> <span class='ocrx_word' id='word_1_163' title='bbox 3149 761 3233 810; x_wconf 88' lang='lat' dir='ltr'><strong>est</strong></span> <span class='ocrx_word' id='word_1_164' title='bbox 3265 752 3542 811; x_wconf 76' lang='lat' dir='ltr'><strong>sufﬁciens</strong></span> 
     </span>
    </p>
   </div>
   <div class='ocr_carea' id='block_1_23' title="bbox 1954 843 3346 915">
    <p class='ocr_par' dir='ltr' id='par_1_23' title="bbox 1954 843 3346 915">
     <span class='ocr_line' id='line_1_23' title="bbox 1954 843 3346 915; baseline 0 -16"><span class='ocrx_word' id='word_1_165' title='bbox 1954 844 2210 901; x_wconf 82' lang='lat' dir='ltr'><strong>discretio</strong></span> <span class='ocrx_word' id='word_1_166' title='bbox 2229 844 2299 899; x_wconf 90' lang='lat' dir='ltr'><strong>ad</strong></span> <span class='ocrx_word' id='word_1_167' title='bbox 2323 844 2375 899; x_wconf 90' lang='lat' dir='ltr'><strong>id</strong></span> <span class='ocrx_word' id='word_1_168' title='bbox 2406 843 2548 915; x_wconf 91' lang='lat' dir='ltr'><strong>quod</strong></span> <span class='ocrx_word' id='word_1_169' title='bbox 2581 844 2886 915; x_wconf 84' lang='lat' dir='ltr'><strong>susceperis</strong></span> <span class='ocrx_word' id='word_1_170' title='bbox 2912 844 3346 900; x_wconf 87' lang='lat' dir='ltr'><strong>discernendum.</strong></span> 
     </span>
    </p>
   </div>
   <div class='ocr_carea' id='block_1_24' title="bbox 2025 935 3541 1009">
    <p class='ocr_par' dir='ltr' id='par_1_24' title="bbox 2025 935 3541 1009">
     <span class='ocr_line' id='line_1_24' title="bbox 2025 935 3541 1009; baseline -0.001 -17"><span class='ocrx_word' id='word_1_171' title='bbox 2025 936 2205 994; x_wconf 80' lang='lat' dir='ltr'><strong>Habes</strong></span> <span class='ocrx_word' id='word_1_172' title='bbox 2230 936 2413 1009; x_wconf 79' lang='lat' dir='ltr'><strong>igitur,</strong></span> <span class='ocrx_word' id='word_1_173' title='bbox 2459 952 2494 992; x_wconf 95' lang='lat' dir='ltr'><strong>o</strong></span> <span class='ocrx_word' id='word_1_174' title='bbox 2528 936 2601 992; x_wconf 91' lang='lat' dir='ltr'><strong>mi</strong></span> <span class='ocrx_word' id='word_1_175' title='bbox 2639 936 2796 993; x_wconf 85' lang='lat' dir='ltr'><strong>dulce</strong></span> <span class='ocrx_word' id='word_1_176' title='bbox 2837 935 3078 992; x_wconf 87' lang='lat' dir='ltr'><strong>solamen</strong></span> <span class='ocrx_word' id='word_1_177' title='bbox 3121 935 3364 994; x_wconf 86' lang='lat' dir='ltr'><strong>laborum</strong></span> <span class='ocrx_word' id='word_1_178' title='bbox 3407 935 3541 996; x_wconf 80' lang='lat' dir='ltr'><strong>Ret-</strong></span> 
     </span>
    </p>
   </div>
   <div class='ocr_carea' id='block_1_25' title="bbox 1956 1024 3544 1093">
    <p class='ocr_par' dir='ltr' id='par_1_25' title="bbox 1956 1024 3544 1093">
     <span class='ocr_line' id='line_1_25' title="bbox 1956 1024 3544 1093; baseline 0 -8"><span class='ocrx_word' id='word_1_179' title='bbox 1956 1029 2129 1093; x_wconf 90' lang='lat' dir='ltr'><strong>berte,</strong></span> <span class='ocrx_word' id='word_1_180' title='bbox 2154 1036 2303 1083; x_wconf 89' lang='lat' dir='ltr'><strong>recte</strong></span> <span class='ocrx_word' id='word_1_181' title='bbox 2332 1026 2646 1082; x_wconf 85' lang='lat' dir='ltr'><strong>modulandi</strong></span> <span class='ocrx_word' id='word_1_182' title='bbox 2671 1026 2917 1083; x_wconf 77' lang='lat' dir='ltr'><strong>notitiam</strong></span> <span class='ocrx_word' id='word_1_183' title='bbox 2944 1024 3098 1084; x_wconf 88' lang='lat' dir='ltr'><strong>brevi</strong></span> <span class='ocrx_word' id='word_1_184' title='bbox 3119 1026 3374 1084; x_wconf 89' lang='lat' dir='ltr'><strong>schedula</strong></span> <span class='ocrx_word' id='word_1_185' title='bbox 3393 1041 3544 1085; x_wconf 85' lang='lat' dir='ltr'><strong>com—</strong></span> 
     </span>
    </p>
   </div>
   <div class='ocr_carea' id='block_1_26' title="bbox 1956 1114 3545 1190">
    <p class='ocr_par' dir='ltr' id='par_1_26' title="bbox 1956 1114 3545 1190">
     <span class='ocr_line' id='line_1_26' title="bbox 1956 1114 3545 1190; baseline 0.002 -18"><span class='ocrx_word' id='word_1_186' title='bbox 1956 1118 2302 1190; x_wconf 86' lang='lat' dir='ltr'><strong>prehensam,</strong></span> <span class='ocrx_word' id='word_1_187' title='bbox 2342 1125 2399 1172; x_wconf 91' lang='lat' dir='ltr'><strong>et</strong></span> <span class='ocrx_word' id='word_1_188' title='bbox 2444 1116 2663 1172; x_wconf 84' lang='lat' dir='ltr'><strong>utilitati</strong></span> <span class='ocrx_word' id='word_1_189' title='bbox 2707 1114 3022 1184; x_wconf 74' lang='lat' dir='ltr'><strong>multorum,</strong></span> <span class='ocrx_word' id='word_1_190' title='bbox 3050 1116 3096 1173; x_wconf 92' lang='lat' dir='ltr'><strong>si</strong></span> <span class='ocrx_word' id='word_1_191' title='bbox 3126 1116 3182 1173; x_wconf 93' lang='lat' dir='ltr'><strong>in</strong></span> <span class='ocrx_word' id='word_1_192' title='bbox 3227 1132 3291 1177; x_wconf 88' lang='lat' dir='ltr'><strong>ea</strong></span> <span class='ocrx_word' id='word_1_193' title='bbox 3321 1132 3427 1174; x_wconf 90' lang='lat' dir='ltr'><strong>non</strong></span> <span class='ocrx_word' id='word_1_194' title='bbox 3456 1132 3545 1175; x_wconf 80' lang='lat' dir='ltr'><strong>se-</strong></span> 
     </span>
    </p>
   </div>
   <div class='ocr_carea' id='block_1_27' title="bbox 1959 1206 3543 1280">
    <p class='ocr_par' dir='ltr' id='par_1_27' title="bbox 1959 1206 3543 1280">
     <span class='ocr_line' id='line_1_27' title="bbox 1959 1206 3543 1280; baseline 0.001 -16"><span class='ocrx_word' id='word_1_195' title='bbox 1959 1208 2136 1280; x_wconf 85' lang='lat' dir='ltr'><strong>gniter</strong></span> <span class='ocrx_word' id='word_1_196' title='bbox 2163 1207 2492 1275; x_wconf 90' lang='lat' dir='ltr'><strong>studuerint,</strong></span> <span class='ocrx_word' id='word_1_197' title='bbox 2526 1206 2927 1278; x_wconf 89' lang='lat' dir='ltr'><strong>aliquantulum</strong></span> <span class='ocrx_word' id='word_1_198' title='bbox 2950 1206 3313 1280; x_wconf 78' lang='lat' dir='ltr'><strong>profuturam.</strong></span> <span class='ocrx_word' id='word_1_199' title='bbox 3341 1208 3471 1278; x_wconf 67' lang='lat' dir='ltr'><strong>Quae</strong></span> <span class='ocrx_word' id='word_1_200' title='bbox 3493 1212 3543 1267; x_wconf 89' lang='lat' dir='ltr'><strong>si</strong></span> 
     </span>
    </p>
   </div>
   <div class='ocr_carea' id='block_1_28' title="bbox 1961 1297 3542 1373">
    <p class='ocr_par' dir='ltr' id='par_1_28' title="bbox 1961 1297 3542 1373">
     <span class='ocr_line' id='line_1_28' title="bbox 1961 1297 3542 1373; baseline 0.003 -22"><span class='ocrx_word' id='word_1_201' title='bbox 1961 1298 2015 1353; x_wconf 90' lang='lat' dir='ltr'><strong>in</strong></span> <span class='ocrx_word' id='word_1_202' title='bbox 2038 1297 2355 1355; x_wconf 64' lang='lat' dir='ltr'><strong>aemulorum</strong></span> <span class='ocrx_word' id='word_1_203' title='bbox 2378 1312 2571 1354; x_wconf 88' lang='lat' dir='ltr'><strong>manus</strong></span> <span class='ocrx_word' id='word_1_204' title='bbox 2592 1298 2890 1373; x_wconf 81' lang='lat' dir='ltr'><strong>devenerit,</strong></span> <span class='ocrx_word' id='word_1_205' title='bbox 2912 1307 2969 1356; x_wconf 90' lang='lat' dir='ltr'><strong>et</strong></span> <span class='ocrx_word' id='word_1_206' title='bbox 2980 1314 3121 1364; x_wconf 87' lang='lat' dir='ltr'><strong>eam,</strong></span> <span class='ocrx_word' id='word_1_207' title='bbox 3146 1298 3358 1356; x_wconf 87' lang='lat' dir='ltr'><strong>occulte</strong></span> <span class='ocrx_word' id='word_1_208' title='bbox 3384 1300 3542 1357; x_wconf 90' lang='lat' dir='ltr'><strong>lecti-</strong></span> 
     </span>
    </p>
   </div>
   <div class='ocr_carea' id='block_1_29' title="bbox 1963 1389 3545 1461">
    <p class='ocr_par' dir='ltr' id='par_1_29' title="bbox 1963 1389 3545 1461">
     <span class='ocr_line' id='line_1_29' title="bbox 1963 1389 3545 1461; baseline 0.001 -17"><span class='ocrx_word' id='word_1_209' title='bbox 1963 1398 2159 1456; x_wconf 87' lang='lat' dir='ltr'><strong>tantes,</strong></span> <span class='ocrx_word' id='word_1_210' title='bbox 2173 1389 2386 1460; x_wconf 88' lang='lat' dir='ltr'><strong>publice</strong></span> <span class='ocrx_word' id='word_1_211' title='bbox 2398 1390 2877 1457; x_wconf 87' lang='lat' dir='ltr'><strong>suhsannaverint,</strong></span> <span class='ocrx_word' id='word_1_212' title='bbox 2901 1404 2998 1447; x_wconf 84' lang='lat' dir='ltr'><strong>sua</strong></span> <span class='ocrx_word' id='word_1_213' title='bbox 3020 1389 3122 1445; x_wconf 88' lang='lat' dir='ltr'><strong>sibi</strong></span> <span class='ocrx_word' id='word_1_214' title='bbox 3136 1398 3545 1461; x_wconf 86' lang='lat' dir='ltr'><strong>componentes,</strong></span> 
     </span>
    </p>
   </div>
   <div class='ocr_carea' id='block_1_30' title="bbox 1962 1480 3548 1556">
    <p class='ocr_par' dir='ltr' id='par_1_30' title="bbox 1962 1480 3548 1556">
     <span class='ocr_line' id='line_1_30' title="bbox 1962 1480 3548 1556; baseline 0.003 -19"><span class='ocrx_word' id='word_1_215' title='bbox 1962 1482 2009 1537; x_wconf 92' lang='lat' dir='ltr'><strong>si</strong></span> <span class='ocrx_word' id='word_1_216' title='bbox 2032 1481 2319 1549; x_wconf 90' lang='lat' dir='ltr'><strong>valuerint,</strong></span> <span class='ocrx_word' id='word_1_217' title='bbox 2350 1480 2481 1537; x_wconf 89' lang='lat' dir='ltr'><strong>illud</strong></span> <span class='ocrx_word' id='word_1_218' title='bbox 2523 1481 2670 1539; x_wconf 85' lang='lat' dir='ltr'><strong>beati</strong></span> <span class='ocrx_word' id='word_1_219' title='bbox 2702 1482 2994 1556; x_wconf 75' lang='lat' dir='ltr'><strong>Augustini</strong></span> <span class='ocrx_word' id='word_1_220' title='bbox 3039 1483 3548 1543; x_wconf 81' lang='lat' dir='ltr'><strong>dictum.memine-</strong></span> 
     </span>
    </p>
   </div>
   <div class='ocr_carea' id='block_1_31' title="bbox 1967 1572 3550 1647">
    <p class='ocr_par' dir='ltr' id='par_1_31' title="bbox 1967 1572 3550 1647">
     <span class='ocr_line' id='line_1_31' title="bbox 1967 1572 3550 1647; baseline 0.001 -18"><span class='ocrx_word' id='word_1_221' title='bbox 1967 1575 2075 1630; x_wconf 87' lang='lat' dir='ltr'><strong>rint</strong></span> <span class='ocrx_word' id='word_1_222' title='bbox 2106 1593 2120 1629; x_wconf 85' lang='lat'><strong>;</strong></span> <span class='ocrx_word' id='word_1_223' title='bbox 2156 1572 2393 1631; x_wconf 81' lang='lat' dir='ltr'><strong>Necesse</strong></span> <span class='ocrx_word' id='word_1_224' title='bbox 2430 1582 2515 1631; x_wconf 89' lang='lat' dir='ltr'><strong>est</strong></span> <span class='ocrx_word' id='word_1_225' title='bbox 2550 1590 2584 1630; x_wconf 89' lang='lat' dir='ltr'><strong>a</strong></span> <span class='ocrx_word' id='word_1_226' title='bbox 2609 1574 2854 1646; x_wconf 88' lang='lat' dir='ltr'><strong>pluribus</strong></span> <span class='ocrx_word' id='word_1_227' title='bbox 2894 1574 3076 1647; x_wconf 88' lang='lat' dir='ltr'><strong>plures</strong></span> <span class='ocrx_word' id='word_1_228' title='bbox 3110 1575 3228 1631; x_wconf 89' lang='lat' dir='ltr'><strong>fieri</strong></span> <span class='ocrx_word' id='word_1_229' title='bbox 3258 1574 3446 1646; x_wconf 86' lang='lat' dir='ltr'><strong>libros,</strong></span> <span class='ocrx_word' id='word_1_230' title='bbox 3471 1577 3550 1632; x_wconf 87' lang='lat' dir='ltr'><strong>di-</strong></span> 
     </span>
    </p>
   </div>
   <div class='ocr_carea' id='block_1_32' title="bbox 1971 1667 3550 1740">
    <p class='ocr_par' dir='ltr' id='par_1_32' title="bbox 1971 1667 3550 1740">
     <span class='ocr_line' id='line_1_32' title="bbox 1971 1667 3550 1740; baseline 0.001 -17"><span class='ocrx_word' id='word_1_231' title='bbox 1971 1682 2131 1723; x_wconf 85' lang='lat' dir='ltr'><strong>verso</strong></span> <span class='ocrx_word' id='word_1_232' title='bbox 2159 1667 2297 1740; x_wconf 80' lang='lat' dir='ltr'><strong>stylo</strong></span> <span class='ocrx_word' id='word_1_233' title='bbox 2322 1668 2419 1723; x_wconf 88' lang='lat' dir='ltr'><strong>sed</strong></span> <span class='ocrx_word' id='word_1_234' title='bbox 2462 1683 2573 1723; x_wconf 90' lang='lat' dir='ltr'><strong>non</strong></span> <span class='ocrx_word' id='word_1_235' title='bbox 2618 1668 2830 1725; x_wconf 83' lang='lat' dir='ltr'><strong>diversa</strong></span> <span class='ocrx_word' id='word_1_236' title='bbox 2860 1668 2983 1725; x_wconf 90' lang='lat' dir='ltr'><strong>fide.</strong></span> <span class='ocrx_word' id='word_1_237' title='bbox 3012 1667 3342 1726; x_wconf 89' lang='lat' dir='ltr'><strong>Commoneo</strong></span> <span class='ocrx_word' id='word_1_238' title='bbox 3368 1678 3550 1726; x_wconf 89' lang='lat' dir='ltr'><strong>autem</strong></span> 
     </span>
    </p>
   </div>
   <div class='ocr_carea' id='block_1_33' title="bbox 277 1748 3553 1831">
    <p class='ocr_par' dir='ltr' id='par_1_33' title="bbox 277 1748 3553 1831">
     <span class='ocr_line' id='line_1_33' title="bbox 277 1748 3553 1831; baseline 0.001 -19"><span class='ocrx_word' id='word_1_239' title='bbox 277 1757 531 1814; x_wconf 90' lang='lat' dir='ltr'><strong>mitonio.</strong></span> <span class='ocrx_word' id='word_1_240' title='bbox 564 1755 830 1827; x_wconf 84' lang='lat' dir='ltr'><strong>Diapente</strong></span> <span class='ocrx_word' id='word_1_241' title='bbox 873 1756 929 1811; x_wconf 91' lang='lat' dir='ltr'><strong>in</strong></span> <span class='ocrx_word' id='word_1_242' title='bbox 968 1757 1140 1813; x_wconf 90' lang='lat' dir='ltr'><strong>tribus</strong></span> <span class='ocrx_word' id='word_1_243' title='bbox 1171 1756 1334 1824; x_wconf 87' lang='lat' dir='ltr'><strong>tonis,</strong></span> <span class='ocrx_word' id='word_1_244' title='bbox 1364 1765 1421 1812; x_wconf 90' lang='lat' dir='ltr'><strong>et</strong></span> <span class='ocrx_word' id='word_1_245' title='bbox 1449 1756 1732 1813; x_wconf 88' lang='lat' dir='ltr'><strong>semitonio</strong></span> <span class='ocrx_word' id='word_1_246' title='bbox 1761 1757 1864 1811; x_wconf 72' lang='grc' dir='ltr'><strong>ωἰο</strong></span> <span class='ocrx_word' id='word_1_247' title='bbox 1896 1748 1943 1810; x_wconf 84' lang='grc' dir='ltr'>Β</span> <span class='ocrx_word' id='word_1_248' title='bbox 1971 1766 2023 1813; x_wconf 89' lang='grc' dir='ltr'><strong>ιε</strong></span> <span class='ocrx_word' id='word_1_249' title='bbox 2057 1770 2114 1814; x_wconf 83' lang='grc' dir='ltr'><strong>ει</strong></span> <span class='ocrx_word' id='word_1_250' title='bbox 2138 1758 2330 1814; x_wconf 86' lang='lat' dir='ltr'><strong>hortor</strong></span> <span class='ocrx_word' id='word_1_251' title='bbox 2355 1766 2414 1813; x_wconf 92' lang='lat' dir='ltr'><strong>ut</strong></span> <span class='ocrx_word' id='word_1_252' title='bbox 2440 1757 2747 1813; x_wconf 85' lang='lat' dir='ltr'><strong>orationum</strong></span> <span class='ocrx_word' id='word_1_253' title='bbox 2774 1768 2990 1814; x_wconf 87' lang='lat' dir='ltr'><strong>tuarum</strong></span> <span class='ocrx_word' id='word_1_254' title='bbox 3018 1759 3210 1831; x_wconf 76' lang='lat' dir='ltr'><strong>patinis</strong></span> <span class='ocrx_word' id='word_1_255' title='bbox 3236 1775 3321 1815; x_wconf 91' lang='lat' dir='ltr'><strong>me</strong></span> <span class='ocrx_word' id='word_1_256' title='bbox 3370 1759 3553 1816; x_wconf 89' lang='lat' dir='ltr'><strong>suble-</strong></span> 
     </span>
    </p>
   </div>
   <div class='ocr_carea' id='block_1_34' title="bbox 279 1850 1868 1922">
    <p class='ocr_par' dir='ltr' id='par_1_34' title="bbox 279 1850 1868 1922">
     <span class='ocr_line' id='line_1_34' title="bbox 279 1850 1868 1922; baseline 0.001 -17"><span class='ocrx_word' id='word_1_257' title='bbox 279 1850 423 1905; x_wconf 88' lang='lat' dir='ltr'><strong>nori.</strong></span> <span class='ocrx_word' id='word_1_258' title='bbox 454 1850 727 1920; x_wconf 87' lang='lat' dir='ltr'><strong>Diapason</strong></span> <span class='ocrx_word' id='word_1_259' title='bbox 760 1850 814 1906; x_wconf 90' lang='lat' dir='ltr'><strong>in</strong></span> <span class='ocrx_word' id='word_1_260' title='bbox 854 1850 997 1908; x_wconf 89' lang='lat' dir='ltr'><strong>tonis</strong></span> <span class='ocrx_word' id='word_1_261' title='bbox 1022 1851 1287 1922; x_wconf 89' lang='lat' dir='ltr'><strong>quinque,</strong></span> <span class='ocrx_word' id='word_1_262' title='bbox 1323 1860 1379 1907; x_wconf 86' lang='lat' dir='ltr'><strong>et</strong></span> <span class='ocrx_word' id='word_1_263' title='bbox 1407 1850 1618 1907; x_wconf 87' lang='lat' dir='ltr'><strong>duobus</strong></span> <span class='ocrx_word' id='word_1_264' title='bbox 1644 1850 1868 1906; x_wconf 89' lang='lat' dir='ltr'><strong>semito-</strong></span> 
     </span>
    </p>
   </div>
   <div class='ocr_carea' id='block_1_35' title="bbox 280 1939 1868 2011">
    <p class='ocr_par' dir='ltr' id='par_1_35' title="bbox 280 1939 1868 2011">
     <span class='ocr_line' id='line_1_35' title="bbox 280 1939 1868 2011; baseline -0.001 -17"><span class='ocrx_word' id='word_1_265' title='bbox 280 1939 391 1995; x_wconf 83' lang='lat' dir='ltr'><strong>niis</strong></span> <span class='ocrx_word' id='word_1_266' title='bbox 440 1939 764 1997; x_wconf 80' lang='lat' dir='ltr'><strong>minoribus.</strong></span> <span class='ocrx_word' id='word_1_267' title='bbox 822 1941 902 1996; x_wconf 86' lang='lat' dir='ltr'><strong>Ae</strong></span> <span class='ocrx_word' id='word_1_268' title='bbox 948 1956 1047 2011; x_wconf 89' lang='lat' dir='ltr'><strong>per</strong></span> <span class='ocrx_word' id='word_1_269' title='bbox 1071 1940 1176 1997; x_wconf 92' lang='lat' dir='ltr'><strong>hoc</strong></span> <span class='ocrx_word' id='word_1_270' title='bbox 1220 1940 1555 1997; x_wconf 74' lang='lat' dir='ltr'><strong>diatessaron</strong></span> <span class='ocrx_word' id='word_1_271' title='bbox 1593 1948 1868 2011; x_wconf 82' lang='lat' dir='ltr'><strong>quattuor,</strong></span> 
     </span>
    </p>
   </div>
   <div class='ocr_carea' id='block_1_36' title="bbox 278 2027 1870 2102">
    <p class='ocr_par' dir='ltr' id='par_1_36' title="bbox 278 2027 1870 2102">
     <span class='ocr_line' id='line_1_36' title="bbox 278 2027 1870 2102; baseline -0.001 -17"><span class='ocrx_word' id='word_1_272' title='bbox 278 2027 538 2100; x_wconf 82' lang='lat' dir='ltr'><strong>diapente</strong></span> <span class='ocrx_word' id='word_1_273' title='bbox 555 2030 821 2101; x_wconf 88' lang='lat' dir='ltr'><strong>quinque,</strong></span> <span class='ocrx_word' id='word_1_274' title='bbox 842 2042 899 2086; x_wconf 86' lang='lat' dir='ltr'><strong>et</strong></span> <span class='ocrx_word' id='word_1_275' title='bbox 923 2030 1180 2102; x_wconf 83' lang='lat' dir='ltr'><strong>diapason</strong></span> <span class='ocrx_word' id='word_1_276' title='bbox 1204 2031 1444 2087; x_wconf 86' lang='lat' dir='ltr'><strong>continet</strong></span> <span class='ocrx_word' id='word_1_277' title='bbox 1471 2030 1701 2087; x_wconf 88' lang='lat' dir='ltr'><strong>chordas</strong></span> <span class='ocrx_word' id='word_1_278' title='bbox 1723 2039 1870 2085; x_wconf 88' lang='lat' dir='ltr'><strong>octo.</strong></span> 
     </span>
    </p>
   </div>
   <div class='ocr_carea' id='block_1_37' title="bbox 278 2119 1870 2191">
    <p class='ocr_par' dir='ltr' id='par_1_37' title="bbox 278 2119 1870 2191">
     <span class='ocr_line' id='line_1_37' title="bbox 278 2119 1870 2191; baseline 0.001 -16"><span class='ocrx_word' id='word_1_279' title='bbox 278 2119 423 2175; x_wconf 81' lang='lat' dir='ltr'><strong>Ante</strong></span> <span class='ocrx_word' id='word_1_280' title='bbox 452 2122 635 2178; x_wconf 88' lang='lat' dir='ltr'><strong>omnia</strong></span> <span class='ocrx_word' id='word_1_281' title='bbox 658 2132 840 2179; x_wconf 88' lang='lat' dir='ltr'><strong>autem</strong></span> <span class='ocrx_word' id='word_1_282' title='bbox 860 2122 1160 2179; x_wconf 87' lang='lat' dir='ltr'><strong>cavendum</strong></span> <span class='ocrx_word' id='word_1_283' title='bbox 1188 2131 1275 2180; x_wconf 91' lang='lat' dir='ltr'><strong>est</strong></span> <span class='ocrx_word' id='word_1_284' title='bbox 1293 2123 1507 2180; x_wconf 86' lang='lat' dir='ltr'><strong>cantori</strong></span> <span class='ocrx_word' id='word_1_285' title='bbox 1535 2121 1590 2177; x_wconf 91' lang='lat' dir='ltr'><strong>in</strong></span> <span class='ocrx_word' id='word_1_286' title='bbox 1618 2121 1870 2191; x_wconf 69' lang='lat' dir='ltr'><strong>przcscri-</strong></span> 
     </span>
    </p>
   </div>
   <div class='ocr_carea' id='block_1_38' title="bbox 279 2214 1874 2286">
    <p class='ocr_par' dir='ltr' id='par_1_38' title="bbox 279 2214 1874 2286">
     <span class='ocr_line' id='line_1_38' title="bbox 279 2214 1874 2286; baseline 0.001 -17"><span class='ocrx_word' id='word_1_287' title='bbox 279 2215 394 2285; x_wconf 88' lang='lat' dir='ltr'><strong>ptis</strong></span> <span class='ocrx_word' id='word_1_288' title='bbox 425 2215 714 2273; x_wconf 87' lang='lat' dir='ltr'><strong>modorum</strong></span> <span class='ocrx_word' id='word_1_289' title='bbox 734 2214 1003 2286; x_wconf 80' lang='lat' dir='ltr'><strong>formulis,</strong></span> <span class='ocrx_word' id='word_1_290' title='bbox 1031 2226 1091 2275; x_wconf 93' lang='lat' dir='ltr'><strong>ut</strong></span> <span class='ocrx_word' id='word_1_291' title='bbox 1112 2217 1290 2275; x_wconf 87' lang='lat' dir='ltr'><strong>omnis</strong></span> <span class='ocrx_word' id='word_1_292' title='bbox 1321 2215 1595 2273; x_wconf 88' lang='lat' dir='ltr'><strong>cantilena</strong></span> <span class='ocrx_word' id='word_1_293' title='bbox 1626 2222 1720 2271; x_wconf 91' lang='lat' dir='ltr'><strong>aut</strong></span> <span class='ocrx_word' id='word_1_294' title='bbox 1750 2230 1874 2272; x_wconf 86' lang='lat' dir='ltr'><strong>cum</strong></span> 
     </span>
    </p>
   </div>
   <div class='ocr_carea' id='block_1_39' title="bbox 1979 1849 3555 1923">
    <p class='ocr_par' dir='ltr' id='par_1_39' title="bbox 1979 1849 3555 1923">
     <span class='ocr_line' id='line_1_39' title="bbox 1979 1849 3555 1923; baseline 0.003 -22"><span class='ocrx_word' id='word_1_295' title='bbox 1979 1865 2087 1914; x_wconf 64' lang='lat' dir='ltr'><strong>res,</strong></span> <span class='ocrx_word' id='word_1_296' title='bbox 2110 1849 2365 1920; x_wconf 85' lang='lat' dir='ltr'><strong>quatinus</strong></span> <span class='ocrx_word' id='word_1_297' title='bbox 2390 1849 2602 1905; x_wconf 86' lang='lat' dir='ltr'><strong>vincula</strong></span> <span class='ocrx_word' id='word_1_298' title='bbox 2630 1849 2915 1905; x_wconf 88' lang='lat' dir='ltr'><strong>criminum</strong></span> <span class='ocrx_word' id='word_1_299' title='bbox 2941 1865 3202 1914; x_wconf 89' lang='lat' dir='ltr'><strong>meorum,</strong></span> <span class='ocrx_word' id='word_1_300' title='bbox 3225 1850 3439 1923; x_wconf 87' lang='lat' dir='ltr'><strong>quibus,</strong></span> <span class='ocrx_word' id='word_1_301' title='bbox 3470 1867 3555 1907; x_wconf 84' lang='lat' dir='ltr'><strong>ac-</strong></span> 
     </span>
    </p>
   </div>
   <div class='ocr_carea' id='block_1_40' title="bbox 1976 1940 3557 2013">
    <p class='ocr_par' dir='ltr' id='par_1_40' title="bbox 1976 1940 3557 2013">
     <span class='ocr_line' id='line_1_40' title="bbox 1976 1940 3557 2013; baseline 0 -15"><span class='ocrx_word' id='word_1_302' title='bbox 1976 1950 2200 1998; x_wconf 88' lang='lat' dir='ltr'><strong>cusante</strong></span> <span class='ocrx_word' id='word_1_303' title='bbox 2220 1940 2443 2013; x_wconf 88' lang='lat' dir='ltr'><strong>propria</strong></span> <span class='ocrx_word' id='word_1_304' title='bbox 2478 1940 2832 2008; x_wconf 89' lang='lat' dir='ltr'><strong>conscientia,</strong></span> <span class='ocrx_word' id='word_1_305' title='bbox 2868 1941 3251 1998; x_wconf 75' lang='lat' dir='ltr'><strong>miserabiliter</strong></span> <span class='ocrx_word' id='word_1_306' title='bbox 3286 1942 3557 1999; x_wconf 85' lang='lat' dir='ltr'><strong>constrin-</strong></span> 
     </span>
    </p>
   </div>
   <div class='ocr_carea' id='block_1_41' title="bbox 1977 2031 3558 2108">
    <p class='ocr_par' dir='ltr' id='par_1_41' title="bbox 1977 2031 3558 2108">
     <span class='ocr_line' id='line_1_41' title="bbox 1977 2031 3558 2108; baseline -0.001 -16"><span class='ocrx_word' id='word_1_307' title='bbox 1977 2051 2094 2108; x_wconf 90' lang='lat' dir='ltr'><strong>gor,</strong></span> <span class='ocrx_word' id='word_1_308' title='bbox 2125 2034 2330 2092; x_wconf 87' lang='lat' dir='ltr'><strong>absolvi</strong></span> <span class='ocrx_word' id='word_1_309' title='bbox 2357 2050 2595 2097; x_wconf 89' lang='lat' dir='ltr'><strong>merear,</strong></span> <span class='ocrx_word' id='word_1_310' title='bbox 2631 2033 2742 2090; x_wconf 90' lang='lat' dir='ltr'><strong>Deo</strong></span> <span class='ocrx_word' id='word_1_311' title='bbox 2772 2034 3088 2102; x_wconf 86' lang='lat' dir='ltr'><strong>miserante,</strong></span> <span class='ocrx_word' id='word_1_312' title='bbox 3125 2042 3179 2089; x_wconf 92' lang='lat' dir='ltr'><strong>et</strong></span> <span class='ocrx_word' id='word_1_313' title='bbox 3204 2031 3408 2106; x_wconf 89' lang='lat' dir='ltr'><strong>aliquid</strong></span> <span class='ocrx_word' id='word_1_314' title='bbox 3442 2044 3558 2090; x_wconf 86' lang='lat' dir='ltr'><strong>mo-</strong></span> 
     </span>
    </p>
   </div>
   <div class='ocr_carea' id='block_1_42' title="bbox 1981 2116 3556 2201">
    <p class='ocr_par' dir='ltr' id='par_1_42' title="bbox 1981 2116 3556 2201">
     <span class='ocr_line' id='line_1_42' title="bbox 1981 2116 3556 2201; baseline 0.001 -18"><span class='ocrx_word' id='word_1_315' title='bbox 1981 2127 2153 2183; x_wconf 91' lang='lat' dir='ltr'><strong>moria</strong></span> <span class='ocrx_word' id='word_1_316' title='bbox 2181 2127 2405 2198; x_wconf 84' lang='lat' dir='ltr'><strong>dignum</strong></span> <span class='ocrx_word' id='word_1_317' title='bbox 2447 2116 2681 2199; x_wconf 86' lang='lat' dir='ltr'><strong>posteris</strong></span> <span class='ocrx_word' id='word_1_318' title='bbox 2706 2126 3034 2201; x_wconf 86' lang='lat' dir='ltr'><strong>relinquere.</strong></span> <span class='ocrx_word' id='word_1_319' title='bbox 3081 2125 3213 2184; x_wconf 74' lang='lat' dir='ltr'><strong>Vale</strong></span> <span class='ocrx_word' id='word_1_320' title='bbox 3237 2128 3292 2184; x_wconf 90' lang='lat' dir='ltr'><strong>in</strong></span> <span class='ocrx_word' id='word_1_321' title='bbox 3314 2128 3556 2195; x_wconf 79' lang='lat' dir='ltr'><strong>Christo,</strong></span> 
     </span>
    </p>
   </div>
   <div class='ocr_carea' id='block_1_43' title="bbox 1982 2212 2809 2281">
    <p class='ocr_par' dir='ltr' id='par_1_43' title="bbox 1982 2212 2809 2281">
     <span class='ocr_line' id='line_1_43' title="bbox 1982 2212 2809 2281; baseline -0.004 -12"><span class='ocrx_word' id='word_1_322' title='bbox 1982 2222 2165 2270; x_wconf 86' lang='lat' dir='ltr'><strong>custos</strong></span> <span class='ocrx_word' id='word_1_323' title='bbox 2192 2212 2301 2268; x_wconf 89' lang='lat' dir='ltr'><strong>mei</strong></span> <span class='ocrx_word' id='word_1_324' title='bbox 2323 2212 2514 2281; x_wconf 88' lang='lat' dir='ltr'><strong>animi,</strong></span> <span class='ocrx_word' id='word_1_325' title='bbox 2542 2221 2601 2268; x_wconf 90' lang='lat' dir='ltr'><strong>ut</strong></span> <span class='ocrx_word' id='word_1_326' title='bbox 2631 2212 2809 2270; x_wconf 87' lang='lat' dir='ltr'><strong>credo.</strong></span> 
     </span>
    </p>
   </div>
   <div class='ocr_carea' id='block_1_44' title="bbox 1371 2361 2504 2479">
    <p class='ocr_par' dir='ltr' id='par_1_44' title="bbox 1371 2361 2504 2479">
     <span class='ocr_line' id='line_1_44' title="bbox 1371 2361 2504 2479; baseline -0.009 0"><span class='ocrx_word' id='word_1_327' title='bbox 1371 2383 2088 2479; x_wconf 85' lang='lat' dir='ltr'><strong>OPUSCULUM</strong></span> <span class='ocrx_word' id='word_1_328' title='bbox 2162 2381 2286 2475; x_wconf 88' lang='lat' dir='ltr'><strong>VI</strong></span> <span class='ocrx_word' id='word_1_329' title='bbox 2358 2361 2504 2469; x_wconf 68' lang='grc' dir='ltr'>(ίδ).</span> 
     </span>
    </p>
   </div>
   <div class='ocr_carea' id='block_1_45' title="bbox 288 2570 3562 2649">
    <p class='ocr_par' dir='ltr' id='par_1_45' title="bbox 288 2570 3562 2649">
     <span class='ocr_line' id='line_1_45' title="bbox 288 2570 3562 2649; baseline -0.001 -18"><span class='ocrx_word' id='word_1_330' title='bbox 288 2572 548 2649; x_wconf 71' lang='lat' dir='ltr'><strong>Perfecta:</strong></span> <span class='ocrx_word' id='word_1_331' title='bbox 574 2577 815 2633; x_wconf 79' lang='lat' dir='ltr'><strong>caritatis</strong></span> <span class='ocrx_word' id='word_1_332' title='bbox 866 2576 1073 2633; x_wconf 78' lang='lat' dir='ltr'><strong>vinculo</strong></span> <span class='ocrx_word' id='word_1_333' title='bbox 1099 2576 1199 2632; x_wconf 97' lang='lat' dir='ltr'><strong>sibi</strong></span> <span class='ocrx_word' id='word_1_334' title='bbox 1228 2577 1439 2633; x_wconf 76' lang='lat' dir='ltr'><strong>conexis</strong></span> <span class='ocrx_word' id='word_1_335' title='bbox 1469 2575 1724 2647; x_wconf 77' lang='lat' dir='ltr'><strong>fratribus</strong></span> <span class='ocrx_word' id='word_1_336' title='bbox 1752 2577 1806 2630; x_wconf 86' lang='lat' dir='ltr'><strong>in</strong></span> <span class='ocrx_word' id='word_1_337' title='bbox 1837 2574 2151 2632; x_wconf 76' lang='lat' dir='ltr'><strong>monasterio</strong></span> <span class='ocrx_word' id='word_1_338' title='bbox 2181 2572 2353 2627; x_wconf 80' lang='lat' dir='ltr'><strong>sancti</strong></span> <span class='ocrx_word' id='word_1_339' title='bbox 2386 2570 2715 2644; x_wconf 70' lang='lat' dir='ltr'><strong>Leodegm&#39;ii,</strong></span> <span class='ocrx_word' id='word_1_340' title='bbox 2751 2572 3069 2629; x_wconf 76' lang='lat' dir='ltr'><strong>obmdientia:</strong></span> <span class='ocrx_word' id='word_1_341' title='bbox 3098 2574 3225 2645; x_wconf 82' lang='lat' dir='ltr'><strong>pede</strong></span> <span class='ocrx_word' id='word_1_342' title='bbox 3253 2573 3562 2646; x_wconf 76' lang='lat' dir='ltr'><strong>magistram</strong></span> 
     </span>
    </p>
   </div>
   <div class='ocr_carea' id='block_1_46' title="bbox 359 2662 3487 2743">
    <p class='ocr_par' dir='ltr' id='par_1_46' title="bbox 359 2662 3487 2743">
     <span class='ocr_line' id='line_1_46' title="bbox 359 2662 3487 2743; baseline -0.002 -18"><span class='ocrx_word' id='word_1_343' title='bbox 359 2669 596 2743; x_wconf 76' lang='lat' dir='ltr'><strong>regulam</strong></span> <span class='ocrx_word' id='word_1_344' title='bbox 623 2669 976 2742; x_wconf 81' lang='lat' dir='ltr'><strong>sequentibus,</strong></span> <span class='ocrx_word' id='word_1_345' title='bbox 1016 2667 1286 2725; x_wconf 80' lang='lat' dir='ltr'><strong>Valclierio</strong></span> <span class='ocrx_word' id='word_1_346' title='bbox 1308 2677 1460 2740; x_wconf 82' lang='lat' dir='ltr'><strong>atque</strong></span> <span class='ocrx_word' id='word_1_347' title='bbox 1493 2666 1762 2737; x_wconf 82' lang='lat' dir='ltr'><strong>Rotberto,</strong></span> <span class='ocrx_word' id='word_1_348' title='bbox 1787 2665 2147 2724; x_wconf 80' lang='lat' dir='ltr'><strong>misericordia</strong></span> <span class='ocrx_word' id='word_1_349' title='bbox 2175 2662 2271 2720; x_wconf 82' lang='lat' dir='ltr'><strong>Dei</strong></span> <span class='ocrx_word' id='word_1_350' title='bbox 2296 2662 2532 2734; x_wconf 82' lang='lat' dir='ltr'><strong>indigens</strong></span> <span class='ocrx_word' id='word_1_351' title='bbox 2560 2662 2727 2733; x_wconf 79' lang='lat' dir='ltr'><strong>{mter</strong></span> <span class='ocrx_word' id='word_1_352' title='bbox 2749 2663 3067 2720; x_wconf 79' lang='lat' dir='ltr'><strong>Odorannus</strong></span> <span class='ocrx_word' id='word_1_353' title='bbox 3088 2664 3343 2737; x_wconf 74' lang='lat' dir='ltr'><strong>quidquid</strong></span> <span class='ocrx_word' id='word_1_354' title='bbox 3367 2664 3487 2720; x_wconf 82' lang='lat' dir='ltr'><strong>sibi.</strong></span> 
     </span>
    </p>
   </div>
   <div class='ocr_carea' id='block_1_47' title="bbox 356 2846 1875 2920">
    <p class='ocr_par' dir='ltr' id='par_1_47' title="bbox 356 2846 1875 2920">
     <span class='ocr_line' id='line_1_47' title="bbox 356 2846 1875 2920; baseline -0.002 -16"><span class='ocrx_word' id='word_1_355' title='bbox 356 2846 601 2904; x_wconf 79' lang='lat' dir='ltr'><strong>Arduam</strong></span> <span class='ocrx_word' id='word_1_356' title='bbox 626 2854 682 2903; x_wconf 90' lang='lat' dir='ltr'><strong>et</strong></span> <span class='ocrx_word' id='word_1_357' title='bbox 718 2860 871 2919; x_wconf 69' lang='lat' dir='ltr'><strong>paene</strong></span> <span class='ocrx_word' id='word_1_358' title='bbox 915 2846 1285 2905; x_wconf 75' lang='lat' dir='ltr'><strong>difﬁcillimam</strong></span> <span class='ocrx_word' id='word_1_359' title='bbox 1328 2863 1468 2915; x_wconf 91' lang='lat' dir='ltr'><strong>rem,</strong></span> <span class='ocrx_word' id='word_1_360' title='bbox 1506 2862 1669 2920; x_wconf 89' lang='lat' dir='ltr'><strong>quam</strong></span> <span class='ocrx_word' id='word_1_361' title='bbox 1710 2863 1741 2902; x_wconf 90' lang='lat' dir='ltr'><strong>a</strong></span> <span class='ocrx_word' id='word_1_362' title='bbox 1787 2862 1875 2902; x_wconf 89' lang='lat' dir='ltr'><strong>me</strong></span> 
     </span>
    </p>
   </div>
   <div class='ocr_carea' id='block_1_48' title="bbox 289 2936 1877 3011">
    <p class='ocr_par' dir='ltr' id='par_1_48' title="bbox 289 2936 1877 3011">
     <span class='ocr_line' id='line_1_48' title="bbox 289 2936 1877 3011; baseline -0.001 -16"><span class='ocrx_word' id='word_1_363' title='bbox 289 2943 623 3011; x_wconf 73' lang='lat' dir='ltr'><strong>extorqu&#39;ere</strong></span> <span class='ocrx_word' id='word_1_364' title='bbox 650 2939 833 3006; x_wconf 83' lang='lat' dir='ltr'><strong>vultis,</strong></span> <span class='ocrx_word' id='word_1_365' title='bbox 885 2936 1241 3010; x_wconf 48' lang='lat' dir='ltr'><strong>nequaquam&quot;</strong></span> <span class='ocrx_word' id='word_1_366' title='bbox 1274 2940 1342 2996; x_wconf 90' lang='lat' dir='ltr'><strong>ad</strong></span> <span class='ocrx_word' id='word_1_367' title='bbox 1382 2954 1622 3011; x_wconf 57' lang='lat' dir='ltr'><strong>praesens</strong></span> <span class='ocrx_word' id='word_1_368' title='bbox 1652 2938 1877 2995; x_wconf 83' lang='lat' dir='ltr'><strong>elimare</strong></span> 
     </span>
    </p>
   </div>
   <div class='ocr_carea' id='block_1_49' title="bbox 289 3030 1881 3105">
    <p class='ocr_par' dir='ltr' id='par_1_49' title="bbox 289 3030 1881 3105">
     <span class='ocr_line' id='line_1_49' title="bbox 289 3030 1881 3105; baseline -0.003 -16"><span class='ocrx_word' id='word_1_369' title='bbox 289 3049 697 3105; x_wconf 69' lang='lat' dir='ltr'><strong>praesumerem,</strong></span> <span class='ocrx_word' id='word_1_370' title='bbox 724 3032 855 3101; x_wconf 87' lang='lat' dir='ltr'><strong>nisi,</strong></span> <span class='ocrx_word' id='word_1_371' title='bbox 875 3032 1008 3089; x_wconf 87' lang='lat' dir='ltr'><strong>fisus</strong></span> <span class='ocrx_word' id='word_1_372' title='bbox 1049 3033 1117 3089; x_wconf 93' lang='lat' dir='ltr'><strong>de</strong></span> <span class='ocrx_word' id='word_1_373' title='bbox 1146 3033 1241 3090; x_wconf 87' lang='lat' dir='ltr'><strong>Dei</strong></span> <span class='ocrx_word' id='word_1_374' title='bbox 1270 3032 1490 3101; x_wconf 78' lang='lat' dir='ltr'><strong>auxilio,</strong></span> <span class='ocrx_word' id='word_1_375' title='bbox 1524 3030 1721 3088; x_wconf 85' lang='lat' dir='ltr'><strong>vestris</strong></span> <span class='ocrx_word' id='word_1_376' title='bbox 1755 3045 1881 3085; x_wconf 89' lang='lat' dir='ltr'><strong>ora-</strong></span> 
     </span>
    </p>
   </div>
   <div class='ocr_carea' id='block_1_50' title="bbox 296 3124 1878 3197">
    <p class='ocr_par' dir='ltr' id='par_1_50' title="bbox 296 3124 1878 3197">
     <span class='ocr_line' id='line_1_50' title="bbox 296 3124 1878 3197; baseline -0.002 -16"><span class='ocrx_word' id='word_1_377' title='bbox 296 3128 555 3195; x_wconf 86' lang='lat' dir='ltr'><strong>tionibus,</strong></span> <span class='ocrx_word' id='word_1_378' title='bbox 601 3127 669 3182; x_wconf 84' lang='lat' dir='ltr'><strong>ad</strong></span> <span class='ocrx_word' id='word_1_379' title='bbox 699 3126 752 3181; x_wconf 88' lang='lat' dir='ltr'><strong>id</strong></span> <span class='ocrx_word' id='word_1_380' title='bbox 780 3126 923 3196; x_wconf 89' lang='lat' dir='ltr'><strong>quod</strong></span> <span class='ocrx_word' id='word_1_381' title='bbox 950 3126 1156 3197; x_wconf 89' lang='lat' dir='ltr'><strong>petitis,</strong></span> <span class='ocrx_word' id='word_1_382' title='bbox 1185 3141 1273 3182; x_wconf 88' lang='lat' dir='ltr'><strong>me</strong></span> <span class='ocrx_word' id='word_1_383' title='bbox 1319 3124 1535 3182; x_wconf 78' lang='lat' dir='ltr'><strong>extendi</strong></span> <span class='ocrx_word' id='word_1_384' title='bbox 1579 3138 1878 3195; x_wconf 86' lang='lat' dir='ltr'><strong>sperarem.</strong></span> 
     </span>
    </p>
   </div>
   <div class='ocr_carea' id='block_1_51' title="bbox 296 3210 1881 3281">
    <p class='ocr_par' dir='ltr' id='par_1_51' title="bbox 296 3210 1881 3281">
     <span class='ocr_line' id='line_1_51' title="bbox 296 3210 1881 3281; baseline -0.006 -7"><span class='ocrx_word' id='word_1_385' title='bbox 296 3218 604 3274; x_wconf 60' lang='lat' dir='ltr'><strong>Praesertim</strong></span> <span class='ocrx_word' id='word_1_386' title='bbox 634 3233 759 3273; x_wconf 88' lang='lat' dir='ltr'><strong>cum</strong></span> <span class='ocrx_word' id='word_1_387' title='bbox 784 3217 925 3272; x_wconf 83' lang='lat' dir='ltr'><strong>intra</strong></span> <span class='ocrx_word' id='word_1_388' title='bbox 958 3215 1162 3272; x_wconf 89' lang='lat' dir='ltr'><strong>flumen</strong></span> <span class='ocrx_word' id='word_1_389' title='bbox 1193 3215 1432 3281; x_wconf 87' lang='lat' dir='ltr'><strong>Ararim,</strong></span> <span class='ocrx_word' id='word_1_390' title='bbox 1455 3214 1509 3270; x_wconf 90' lang='lat' dir='ltr'><strong>in</strong></span> <span class='ocrx_word' id='word_1_391' title='bbox 1545 3213 1767 3270; x_wconf 89' lang='lat' dir='ltr'><strong>castello</strong></span> <span class='ocrx_word' id='word_1_392' title='bbox 1789 3210 1881 3280; x_wconf 91' lang='lat' dir='ltr'><strong>qui</strong></span> 
     </span>
    </p>
   </div>
   <div class='ocr_carea' id='block_1_52' title="bbox 295 3303 1882 3378">
    <p class='ocr_par' dir='ltr' id='par_1_52' title="bbox 295 3303 1882 3378">
     <span class='ocr_line' id='line_1_52' title="bbox 295 3303 1882 3378; baseline -0.003 -15"><span class='ocrx_word' id='word_1_393' title='bbox 295 3310 574 3366; x_wconf 69' lang='lat' dir='ltr'><strong>Blalliacus</strong></span> <span class='ocrx_word' id='word_1_394' title='bbox 613 3309 833 3374; x_wconf 83' lang='lat' dir='ltr'><strong>dicitur,</strong></span> <span class='ocrx_word' id='word_1_395' title='bbox 864 3308 1265 3378; x_wconf 77' lang='lat' dir='ltr'><strong>cumGilduino</strong></span> <span class='ocrx_word' id='word_1_396' title='bbox 1294 3304 1703 3377; x_wconf 88' lang='lat' dir='ltr'><strong>archiepiscopo</strong></span> <span class='ocrx_word' id='word_1_397' title='bbox 1742 3303 1882 3375; x_wconf 85' lang='lat' dir='ltr'><strong>(l9),</strong></span> 
     </span>
    </p>
   </div>
   <div class='ocr_carea' id='block_1_53' title="bbox 297 3393 1885 3470">
    <p class='ocr_par' dir='ltr' id='par_1_53' title="bbox 297 3393 1885 3470">
     <span class='ocr_line' id='line_1_53' title="bbox 297 3393 1885 3470; baseline -0.004 -17"><span class='ocrx_word' id='word_1_398' title='bbox 297 3416 457 3470; x_wconf 84' lang='lat' dir='ltr'><strong>quem</strong></span> <span class='ocrx_word' id='word_1_399' title='bbox 479 3400 547 3455; x_wconf 85' lang='lat' dir='ltr'><strong>ad</strong></span> <span class='ocrx_word' id='word_1_400' title='bbox 570 3398 928 3454; x_wconf 89' lang='lat' dir='ltr'><strong>erudiendum</strong></span> <span class='ocrx_word' id='word_1_401' title='bbox 949 3397 1184 3468; x_wconf 78' lang='lat' dir='ltr'><strong>suscepi,</strong></span> <span class='ocrx_word' id='word_1_402' title='bbox 1204 3412 1451 3451; x_wconf 90' lang='lat' dir='ltr'><strong>maneam</strong></span> <span class='ocrx_word' id='word_1_403' title='bbox 1469 3436 1483 3461; x_wconf 91' lang='lat'><strong>,</strong></span> <span class='ocrx_word' id='word_1_404' title='bbox 1506 3405 1562 3450; x_wconf 89' lang='lat' dir='ltr'><strong>et</strong></span> <span class='ocrx_word' id='word_1_405' title='bbox 1582 3393 1885 3449; x_wconf 88' lang='lat' dir='ltr'><strong>liberalium</strong></span> 
     </span>
    </p>
   </div>
   <div class='ocr_carea' id='block_1_54' title="bbox 299 3487 1890 3558">
    <p class='ocr_par' dir='ltr' id='par_1_54' title="bbox 299 3487 1890 3558">
     <span class='ocr_line' id='line_1_54' title="bbox 299 3487 1890 3558; baseline -0.004 -12"><span class='ocrx_word' id='word_1_406' title='bbox 299 3492 500 3547; x_wconf 88' lang='lat' dir='ltr'><strong>artium</strong></span> <span class='ocrx_word' id='word_1_407' title='bbox 541 3492 695 3548; x_wconf 85' lang='lat' dir='ltr'><strong>libris</strong></span> <span class='ocrx_word' id='word_1_408' title='bbox 738 3501 793 3548; x_wconf 92' lang='lat' dir='ltr'><strong>et</strong></span> <span class='ocrx_word' id='word_1_409' title='bbox 818 3492 1191 3547; x_wconf 82' lang='lat' dir='ltr'><strong>instrumentis</strong></span> <span class='ocrx_word' id='word_1_410' title='bbox 1225 3504 1463 3546; x_wconf 88' lang='lat' dir='ltr'><strong>caream.</strong></span> <span class='ocrx_word' id='word_1_411' title='bbox 1515 3488 1620 3545; x_wconf 86' lang='lat' dir='ltr'><strong>Sed</strong></span> <span class='ocrx_word' id='word_1_412' title='bbox 1651 3487 1795 3558; x_wconf 89' lang='lat' dir='ltr'><strong>quia,</strong></span> <span class='ocrx_word' id='word_1_413' title='bbox 1830 3496 1890 3541; x_wconf 91' lang='lat' dir='ltr'><strong>ut</strong></span> 
     </span>
    </p>
   </div>
   <div class='ocr_carea' id='block_1_55' title="bbox 297 3579 1889 3658">
    <p class='ocr_par' dir='ltr' id='par_1_55' title="bbox 297 3579 1889 3658">
     <span class='ocr_line' id='line_1_55' title="bbox 297 3579 1889 3658; baseline -0.004 -18"><span class='ocrx_word' id='word_1_414' title='bbox 297 3585 430 3640; x_wconf 90' lang='lat' dir='ltr'><strong>olim</strong></span> <span class='ocrx_word' id='word_1_415' title='bbox 462 3584 713 3658; x_wconf 77' lang='lat' dir='ltr'><strong>legimus,</strong></span> <span class='ocrx_word' id='word_1_416' title='bbox 771 3584 849 3640; x_wconf 89' lang='lat' dir='ltr'><strong>nil</strong></span> <span class='ocrx_word' id='word_1_417' title='bbox 878 3593 988 3640; x_wconf 88' lang='lat' dir='ltr'><strong>tam</strong></span> <span class='ocrx_word' id='word_1_418' title='bbox 1038 3582 1258 3640; x_wconf 67' lang='lat' dir='ltr'><strong>diﬁcile</strong></span> <span class='ocrx_word' id='word_1_419' title='bbox 1309 3581 1552 3652; x_wconf 86' lang='lat' dir='ltr'><strong>est-quin</strong></span> <span class='ocrx_word' id='word_1_420' title='bbox 1590 3579 1751 3635; x_wconf 81' lang='lat' dir='ltr'><strong>facile</strong></span> <span class='ocrx_word' id='word_1_421' title='bbox 1792 3579 1889 3633; x_wconf 89' lang='lat' dir='ltr'><strong>fiat</strong></span> 
     </span>
    </p>
   </div>
   <div class='ocr_carea' id='block_1_56' title="bbox 298 3670 1889 3748">
    <p class='ocr_par' dir='ltr' id='par_1_56' title="bbox 298 3670 1889 3748">
     <span class='ocr_line' id='line_1_56' title="bbox 298 3670 1889 3748; baseline -0.004 -17"><span class='ocrx_word' id='word_1_422' title='bbox 298 3678 446 3747; x_wconf 86' lang='lat' dir='ltr'><strong>quod</strong></span> <span class='ocrx_word' id='word_1_423' title='bbox 463 3675 654 3733; x_wconf 87' lang='lat' dir='ltr'><strong>volens</strong></span> <span class='ocrx_word' id='word_1_424' title='bbox 678 3677 908 3748; x_wconf 88' lang='lat' dir='ltr'><strong>quisque</strong></span> <span class='ocrx_word' id='word_1_425' title='bbox 930 3674 1119 3742; x_wconf 81' lang='lat' dir='ltr'><strong>faciat,</strong></span> <span class='ocrx_word' id='word_1_426' title='bbox 1150 3676 1379 3746; x_wconf 87' lang='lat' dir='ltr'><strong>repetita</strong></span> <span class='ocrx_word' id='word_1_427' title='bbox 1407 3672 1672 3729; x_wconf 88' lang='lat' dir='ltr'><strong>memoria</strong></span> <span class='ocrx_word' id='word_1_428' title='bbox 1701 3670 1889 3727; x_wconf 40' lang='lat' dir='ltr'><strong>volun‘</strong></span> 
     </span>
    </p>
   </div>
   <div class='ocr_carea' id='block_1_57' title="bbox 304 3765 1344 3840">
    <p class='ocr_par' dir='ltr' id='par_1_57' title="bbox 304 3765 1344 3840">
     <span class='ocr_line' id='line_1_57' title="bbox 304 3765 1344 3840; baseline -0.002 -16"><span class='ocrx_word' id='word_1_429' title='bbox 304 3770 402 3824; x_wconf 87' lang='lat' dir='ltr'><strong>tati</strong></span> <span class='ocrx_word' id='word_1_430' title='bbox 416 3777 627 3826; x_wconf 58' lang='lat' dir='ltr'><strong>vestra:</strong></span> <span class='ocrx_word' id='word_1_431' title='bbox 650 3784 752 3840; x_wconf 92' lang='lat' dir='ltr'><strong>pro</strong></span> <span class='ocrx_word' id='word_1_432' title='bbox 776 3783 935 3840; x_wconf 90' lang='lat' dir='ltr'><strong>posse</strong></span> <span class='ocrx_word' id='word_1_433' title='bbox 963 3767 1096 3824; x_wconf 88' lang='lat' dir='ltr'><strong>satis</strong></span> <span class='ocrx_word' id='word_1_434' title='bbox 1128 3765 1344 3823; x_wconf 87' lang='lat' dir='ltr'><strong>faciam.</strong></span> 
     </span>
    </p>
   </div>
   <div class='ocr_carea' id='block_1_58' title="bbox 377 3856 1889 3930">
    <p class='ocr_par' dir='ltr' id='par_1_58' title="bbox 377 3856 1889 3930">
     <span class='ocr_line' id='line_1_58' title="bbox 377 3856 1889 3930; baseline -0.001 -17"><span class='ocrx_word' id='word_1_435' title='bbox 377 3858 784 3915; x_wconf 88' lang='lat' dir='ltr'><strong>Dimensionem</strong></span> <span class='ocrx_word' id='word_1_436' title='bbox 834 3858 1188 3915; x_wconf 89' lang='lat' dir='ltr'><strong>monochordi</strong></span> <span class='ocrx_word' id='word_1_437' title='bbox 1236 3856 1540 3930; x_wconf 71' lang='lat' dir='ltr'><strong>regularis,</strong></span> <span class='ocrx_word' id='word_1_438' title='bbox 1592 3856 1889 3914; x_wconf 87' lang='lat' dir='ltr'><strong>dulcissimi</strong></span> 
     </span>
    </p>
   </div>
   <div class='ocr_carea' id='block_1_59' title="bbox 304 3948 1891 4022">
    <p class='ocr_par' dir='ltr' id='par_1_59' title="bbox 304 3948 1891 4022">
     <span class='ocr_line' id='line_1_59' title="bbox 304 3948 1891 4022; baseline 0.001 -19"><span class='ocrx_word' id='word_1_439' title='bbox 304 3950 527 4017; x_wconf 80' lang='lat' dir='ltr'><strong>fratres,</strong></span> <span class='ocrx_word' id='word_1_440' title='bbox 570 3966 678 4021; x_wconf 88' lang='lat' dir='ltr'><strong>qua</strong></span> <span class='ocrx_word' id='word_1_441' title='bbox 713 3965 810 4007; x_wconf 85' lang='lat' dir='ltr'><strong>vos</strong></span> <span class='ocrx_word' id='word_1_442' title='bbox 836 3950 1028 4006; x_wconf 87' lang='lat' dir='ltr'><strong>instrui</strong></span> <span class='ocrx_word' id='word_1_443' title='bbox 1055 3949 1364 4022; x_wconf 86' lang='lat' dir='ltr'><strong>postulatis,</strong></span> <span class='ocrx_word' id='word_1_444' title='bbox 1398 3948 1547 4005; x_wconf 86' lang='lat' dir='ltr'><strong>salva</strong></span> <span class='ocrx_word' id='word_1_445' title='bbox 1569 3948 1891 4004; x_wconf 87' lang='lat' dir='ltr'><strong>auctoritate</strong></span> 
     </span>
    </p>
   </div>
   <div class='ocr_carea' id='block_1_60' title="bbox 304 4038 1888 4116">
    <p class='ocr_par' dir='ltr' id='par_1_60' title="bbox 304 4038 1888 4116">
     <span class='ocr_line' id='line_1_60' title="bbox 304 4038 1888 4116; baseline 0.001 -19"><span class='ocrx_word' id='word_1_446' title='bbox 304 4038 486 4100; x_wconf 80' lang='lat' dir='ltr'><strong>Patris</strong></span> <span class='ocrx_word' id='word_1_447' title='bbox 508 4045 700 4116; x_wconf 68' lang='lat' dir='ltr'><strong>patriae</strong></span> <span class='ocrx_word' id='word_1_448' title='bbox 729 4045 913 4102; x_wconf 88' lang='lat' dir='ltr'><strong>damni</strong></span> <span class='ocrx_word' id='word_1_449' title='bbox 959 4046 1198 4113; x_wconf 90' lang='lat' dir='ltr'><strong>Boetbii,</strong></span> <span class='ocrx_word' id='word_1_450' title='bbox 1231 4044 1412 4101; x_wconf 92' lang='lat' dir='ltr'><strong>taliter</strong></span> <span class='ocrx_word' id='word_1_451' title='bbox 1439 4057 1598 4116; x_wconf 85' lang='lat' dir='ltr'><strong>agere</strong></span> <span class='ocrx_word' id='word_1_452' title='bbox 1639 4044 1888 4115; x_wconf 84' lang='lat' dir='ltr'><strong>potestis.</strong></span> 
     </span>
    </p>
   </div>
   <div class='ocr_carea' id='block_1_61' title="bbox 305 4134 1891 4215">
    <p class='ocr_par' dir='ltr' id='par_1_61' title="bbox 305 4134 1891 4215">
     <span class='ocr_line' id='line_1_61' title="bbox 305 4134 1891 4215; baseline -0.001 -26"><span class='ocrx_word' id='word_1_453' title='bbox 305 4134 443 4202; x_wconf 86' lang='lat' dir='ltr'><strong>Quia</strong></span> <span class='ocrx_word' id='word_1_454' title='bbox 472 4150 672 4191; x_wconf 86' lang='lat' dir='ltr'><strong>nervus</strong></span> <span class='ocrx_word' id='word_1_455' title='bbox 698 4134 865 4190; x_wconf 87' lang='lat' dir='ltr'><strong>dividi</strong></span> <span class='ocrx_word' id='word_1_456' title='bbox 898 4135 979 4191; x_wconf 91' lang='lat' dir='ltr'><strong>vel</strong></span> <span class='ocrx_word' id='word_1_457' title='bbox 1017 4135 1450 4215; x_wconf 89' lang='lat' dir='ltr'><strong>commensurari</strong></span> <span class='ocrx_word' id='word_1_458' title='bbox 1480 4135 1534 4189; x_wconf 92' lang='lat' dir='ltr'><strong>in</strong></span> <span class='ocrx_word' id='word_1_459' title='bbox 1560 4149 1658 4191; x_wconf 89' lang='lat' dir='ltr'><strong>sua</strong></span> <span class='ocrx_word' id='word_1_460' title='bbox 1697 4141 1891 4190; x_wconf 89' lang='lat' dir='ltr'><strong>natura</strong></span> 
     </span>
    </p>
   </div>
   <div class='ocr_carea' id='block_1_62' title="bbox 310 4225 1894 4298">
    <p class='ocr_par' dir='ltr' id='par_1_62' title="bbox 310 4225 1894 4298">
     <span class='ocr_line' id='line_1_62' title="bbox 310 4225 1894 4298; baseline 0 -17"><span class='ocrx_word' id='word_1_461' title='bbox 310 4243 419 4284; x_wconf 90' lang='lat' dir='ltr'><strong>non</strong></span> <span class='ocrx_word' id='word_1_462' title='bbox 441 4226 604 4297; x_wconf 88' lang='lat' dir='ltr'><strong>valet,</strong></span> <span class='ocrx_word' id='word_1_463' title='bbox 621 4227 944 4284; x_wconf 86' lang='lat' dir='ltr'><strong>adhibeatur</strong></span> <span class='ocrx_word' id='word_1_464' title='bbox 964 4228 1171 4298; x_wconf 79' lang='lat' dir='ltr'><strong>lignum</strong></span> <span class='ocrx_word' id='word_1_465' title='bbox 1193 4227 1546 4298; x_wconf 88' lang='lat' dir='ltr'><strong>quadratum,</strong></span> <span class='ocrx_word' id='word_1_466' title='bbox 1576 4235 1633 4283; x_wconf 92' lang='lat' dir='ltr'><strong>ct</strong></span> <span class='ocrx_word' id='word_1_467' title='bbox 1656 4225 1894 4298; x_wconf 89' lang='lat' dir='ltr'><strong>pleniter</strong></span> 
     </span>
    </p>
   </div>
   <div class='ocr_carea' id='block_1_63' title="bbox 309 4315 1893 4391">
    <p class='ocr_par' dir='ltr' id='par_1_63' title="bbox 309 4315 1893 4391">
     <span class='ocr_line' id='line_1_63' title="bbox 309 4315 1893 4391; baseline 0 -19"><span class='ocrx_word' id='word_1_468' title='bbox 309 4316 380 4372; x_wconf 88' lang='lat' dir='ltr'><strong>ad</strong></span> <span class='ocrx_word' id='word_1_469' title='bbox 404 4318 511 4374; x_wconf 88' lang='lat' dir='ltr'><strong>hoc</strong></span> <span class='ocrx_word' id='word_1_470' title='bbox 531 4332 670 4391; x_wconf 89' lang='lat' dir='ltr'><strong>opus</strong></span> <span class='ocrx_word' id='word_1_471' title='bbox 697 4332 870 4388; x_wconf 90' lang='lat' dir='ltr'><strong>usque</strong></span> <span class='ocrx_word' id='word_1_472' title='bbox 896 4319 965 4374; x_wconf 91' lang='lat' dir='ltr'><strong>ad</strong></span> <span class='ocrx_word' id='word_1_473' title='bbox 992 4333 1224 4390; x_wconf 83' lang='lat' dir='ltr'><strong>unguem</strong></span> <span class='ocrx_word' id='word_1_474' title='bbox 1253 4318 1576 4390; x_wconf 81' lang='lat' dir='ltr'><strong>expolitum,</strong></span> <span class='ocrx_word' id='word_1_475' title='bbox 1603 4315 1756 4390; x_wconf 87' lang='lat' dir='ltr'><strong>cujus</strong></span> <span class='ocrx_word' id='word_1_476' title='bbox 1776 4317 1893 4373; x_wconf 85' lang='lat' dir='ltr'><strong>lon-</strong></span> 
     </span>
    </p>
   </div>
   <div class='ocr_carea' id='block_1_64' title="bbox 317 4404 1897 4482">
    <p class='ocr_par' dir='ltr' id='par_1_64' title="bbox 317 4404 1897 4482">
     <span class='ocr_line' id='line_1_64' title="bbox 317 4404 1897 4482; baseline 0 -19"><span class='ocrx_word' id='word_1_477' title='bbox 317 4409 507 4479; x_wconf 83' lang='lat' dir='ltr'><strong>gitudo</strong></span> <span class='ocrx_word' id='word_1_478' title='bbox 532 4404 604 4465; x_wconf 82' lang='lat' dir='ltr'><strong>sit</strong></span> <span class='ocrx_word' id='word_1_479' title='bbox 620 4410 745 4482; x_wconf 87' lang='lat' dir='ltr'><strong>plus</strong></span> <span class='ocrx_word' id='word_1_480' title='bbox 773 4410 951 4465; x_wconf 90' lang='lat' dir='ltr'><strong>minus</strong></span> <span class='ocrx_word' id='word_1_481' title='bbox 981 4410 1211 4466; x_wconf 88' lang='lat' dir='ltr'><strong>duorum</strong></span> <span class='ocrx_word' id='word_1_482' title='bbox 1240 4408 1570 4464; x_wconf 88' lang='lat' dir='ltr'><strong>manualium</strong></span> <span class='ocrx_word' id='word_1_483' title='bbox 1601 4408 1820 4479; x_wconf 90' lang='lat' dir='ltr'><strong>pedum,</strong></span> <span class='ocrx_word' id='word_1_484' title='bbox 1840 4415 1897 4464; x_wconf 91' lang='lat' dir='ltr'><strong>et</strong></span> 
     </span>
    </p>
   </div>
   <div class='ocr_carea' id='block_1_65' title="bbox 306 4500 1895 4572">
    <p class='ocr_par' dir='ltr' id='par_1_65' title="bbox 306 4500 1895 4572">
     <span class='ocr_line' id='line_1_65' title="bbox 306 4500 1895 4572; baseline 0 -17"><span class='ocrx_word' id='word_1_485' title='bbox 306 4501 613 4557; x_wconf 88' lang='lat' dir='ltr'><strong>crassitudo</strong></span> <span class='ocrx_word' id='word_1_486' title='bbox 643 4501 788 4557; x_wconf 90' lang='lat' dir='ltr'><strong>illius</strong></span> <span class='ocrx_word' id='word_1_487' title='bbox 812 4502 933 4572; x_wconf 91' lang='lat' dir='ltr'><strong>plus</strong></span> <span class='ocrx_word' id='word_1_488' title='bbox 970 4501 1216 4558; x_wconf 88' lang='lat' dir='ltr'><strong>minusve</strong></span> <span class='ocrx_word' id='word_1_489' title='bbox 1265 4517 1431 4556; x_wconf 92' lang='lat' dir='ltr'><strong>unum</strong></span> <span class='ocrx_word' id='word_1_490' title='bbox 1469 4501 1746 4572; x_wconf 87' lang='lat' dir='ltr'><strong>possideat</strong></span> <span class='ocrx_word' id='word_1_491' title='bbox 1781 4500 1895 4571; x_wconf 85' lang='lat' dir='ltr'><strong>pal-</strong></span> 
     </span>
    </p>
   </div>
   <div class='ocr_carea' id='block_1_66' title="bbox 1981 2844 3565 2919">
    <p class='ocr_par' dir='ltr' id='par_1_66' title="bbox 1981 2844 3565 2919">
     <span class='ocr_line' id='line_1_66' title="bbox 1981 2844 3565 2919; baseline 0.005 -19"><span class='ocrx_word' id='word_1_492' title='bbox 1981 2844 2243 2901; x_wconf 88' lang='lat' dir='ltr'><strong>diametra</strong></span> <span class='ocrx_word' id='word_1_493' title='bbox 2275 2856 2372 2916; x_wconf 85' lang='lat' dir='ltr'><strong>per</strong></span> <span class='ocrx_word' id='word_1_494' title='bbox 2411 2844 2829 2901; x_wconf 75' lang='lat' dir='ltr'><strong>crassrtudinem</strong></span> <span class='ocrx_word' id='word_1_495' title='bbox 2878 2845 3023 2901; x_wconf 88' lang='lat' dir='ltr'><strong>illius</strong></span> <span class='ocrx_word' id='word_1_496' title='bbox 3064 2845 3194 2919; x_wconf 77' lang='lat' dir='ltr'><strong>ligni</strong></span> <span class='ocrx_word' id='word_1_497' title='bbox 3221 2845 3437 2905; x_wconf 69' lang='lat' dir='ltr'><strong>efficiat.</strong></span> <span class='ocrx_word' id='word_1_498' title='bbox 3478 2851 3565 2908; x_wconf 84' lang='lat' dir='ltr'><strong>Ab</strong></span> 
     </span>
    </p>
   </div>
   <div class='ocr_carea' id='block_1_67' title="bbox 1982 2936 3564 3008">
    <p class='ocr_par' dir='ltr' id='par_1_67' title="bbox 1982 2936 3564 3008">
     <span class='ocr_line' id='line_1_67' title="bbox 1982 2936 3564 3008; baseline 0.004 -16"><span class='ocrx_word' id='word_1_499' title='bbox 1982 2936 2067 2993; x_wconf 87' lang='lat' dir='ltr'><strong>his</strong></span> <span class='ocrx_word' id='word_1_500' title='bbox 2088 2936 2387 2992; x_wconf 86' lang='lat' dir='ltr'><strong>deducatur</strong></span> <span class='ocrx_word' id='word_1_501' title='bbox 2431 2946 2575 2992; x_wconf 85' lang='lat' dir='ltr'><strong>recta</strong></span> <span class='ocrx_word' id='word_1_502' title='bbox 2608 2937 2770 3005; x_wconf 87' lang='lat' dir='ltr'><strong>linea,</strong></span> <span class='ocrx_word' id='word_1_503' title='bbox 2816 2952 2938 3008; x_wconf 62' lang='lat' dir='ltr'><strong>quae</strong></span> <span class='ocrx_word' id='word_1_504' title='bbox 2963 2937 3151 3006; x_wconf 76' lang='lat' dir='ltr'><strong>prima:</strong></span> <span class='ocrx_word' id='word_1_505' title='bbox 3175 2938 3331 2995; x_wconf 67' lang='lat' dir='ltr'><strong>lineae</strong></span> <span class='ocrx_word' id='word_1_506' title='bbox 3357 2941 3564 2999; x_wconf 84' lang='lat' dir='ltr'><strong>diame-</strong></span> 
     </span>
    </p>
   </div>
   <div class='ocr_carea' id='block_1_68' title="bbox 1987 3027 3569 3101">
    <p class='ocr_par' dir='ltr' id='par_1_68' title="bbox 1987 3027 3569 3101">
     <span class='ocr_line' id='line_1_68' title="bbox 1987 3027 3569 3101; baseline 0.004 -18"><span class='ocrx_word' id='word_1_507' title='bbox 1987 3038 2192 3083; x_wconf 87' lang='lat' dir='ltr'><strong>trorum</strong></span> <span class='ocrx_word' id='word_1_508' title='bbox 2222 3027 2465 3097; x_wconf 91' lang='lat' dir='ltr'><strong>priorum</strong></span> <span class='ocrx_word' id='word_1_509' title='bbox 2493 3028 2683 3083; x_wconf 80' lang='lat' dir='ltr'><strong>matris</strong></span> <span class='ocrx_word' id='word_1_510' title='bbox 2710 3028 2779 3082; x_wconf 88' lang='lat' dir='ltr'><strong>sit</strong></span> <span class='ocrx_word' id='word_1_511' title='bbox 2805 3044 2933 3099; x_wconf 87' lang='lat' dir='ltr'><strong>par;</strong></span> <span class='ocrx_word' id='word_1_512' title='bbox 2964 3028 3056 3084; x_wconf 91' lang='lat' dir='ltr'><strong>tali</strong></span> <span class='ocrx_word' id='word_1_513' title='bbox 3090 3044 3211 3085; x_wconf 89' lang='lat' dir='ltr'><strong>cum</strong></span> <span class='ocrx_word' id='word_1_514' title='bbox 3240 3032 3475 3101; x_wconf 83' lang='lat' dir='ltr'><strong>cautela,</strong></span> <span class='ocrx_word' id='word_1_515' title='bbox 3508 3045 3569 3089; x_wconf 92' lang='lat' dir='ltr'><strong>ut</strong></span> 
     </span>
    </p>
   </div>
   <div class='ocr_carea' id='block_1_69' title="bbox 1987 3117 3568 3195">
    <p class='ocr_par' dir='ltr' id='par_1_69' title="bbox 1987 3117 3568 3195">
     <span class='ocr_line' id='line_1_69' title="bbox 1987 3117 3568 3195; baseline 0.004 -22"><span class='ocrx_word' id='word_1_516' title='bbox 1987 3118 2131 3175; x_wconf 82' lang='lat' dir='ltr'><strong>inter</strong></span> <span class='ocrx_word' id='word_1_517' title='bbox 2158 3133 2217 3174; x_wconf 89' lang='lat' dir='ltr'><strong>se</strong></span> <span class='ocrx_word' id='word_1_518' title='bbox 2242 3127 2298 3175; x_wconf 92' lang='lat' dir='ltr'><strong>et</strong></span> <span class='ocrx_word' id='word_1_519' title='bbox 2342 3117 2569 3173; x_wconf 88' lang='lat' dir='ltr'><strong>alteram</strong></span> <span class='ocrx_word' id='word_1_520' title='bbox 2602 3117 2838 3189; x_wconf 79' lang='lat' dir='ltr'><strong>Spatium</strong></span> <span class='ocrx_word' id='word_1_521' title='bbox 2883 3134 3153 3175; x_wconf 81' lang='lat' dir='ltr'><strong>mensura:</strong></span> <span class='ocrx_word' id='word_1_522' title='bbox 3195 3120 3389 3191; x_wconf 77' lang='lat' dir='ltr'><strong>unguis</strong></span> <span class='ocrx_word' id='word_1_523' title='bbox 3413 3123 3568 3195; x_wconf 84' lang='lat' dir='ltr'><strong>digiti</strong></span> 
     </span>
    </p>
   </div>
   <div class='ocr_carea' id='block_1_70' title="bbox 1987 3208 3572 3282">
    <p class='ocr_par' dir='ltr' id='par_1_70' title="bbox 1987 3208 3572 3282">
     <span class='ocr_line' id='line_1_70' title="bbox 1987 3208 3572 3282; baseline 0.006 -17"><span class='ocrx_word' id='word_1_524' title='bbox 1987 3209 2315 3274; x_wconf 85' lang='lat' dir='ltr'><strong>auricularis</strong></span> <span class='ocrx_word' id='word_1_525' title='bbox 2342 3208 2558 3266; x_wconf 82' lang='lat' dir='ltr'><strong>elIiciat.</strong></span> <span class='ocrx_word' id='word_1_526' title='bbox 2592 3208 2723 3278; x_wconf 73' lang='lat' dir='ltr'><strong>Qua:</strong></span> <span class='ocrx_word' id='word_1_527' title='bbox 2746 3209 2904 3280; x_wconf 77' lang='lat' dir='ltr'><strong>plana</strong></span> <span class='ocrx_word' id='word_1_528' title='bbox 2938 3212 3251 3282; x_wconf 85' lang='lat' dir='ltr'><strong>superficies</strong></span> <span class='ocrx_word' id='word_1_529' title='bbox 3281 3214 3387 3270; x_wconf 87' lang='lat' dir='ltr'><strong>vim</strong></span> <span class='ocrx_word' id='word_1_530' title='bbox 3412 3213 3572 3274; x_wconf 68' lang='lat' dir='ltr'><strong>linea</strong></span> 
     </span>
    </p>
   </div>
   <div class='ocr_carea' id='block_1_71' title="bbox 1989 3301 3568 3372">
    <p class='ocr_par' dir='ltr' id='par_1_71' title="bbox 1989 3301 3568 3372">
     <span class='ocr_line' id='line_1_71' title="bbox 1989 3301 3568 3372; baseline 0.004 -15"><span class='ocrx_word' id='word_1_531' title='bbox 1989 3301 2294 3366; x_wconf 86' lang='lat' dir='ltr'><strong>continens,</strong></span> <span class='ocrx_word' id='word_1_532' title='bbox 2341 3301 2521 3357; x_wconf 88' lang='lat' dir='ltr'><strong>taliter</strong></span> <span class='ocrx_word' id='word_1_533' title='bbox 2561 3311 2620 3357; x_wconf 92' lang='lat' dir='ltr'><strong>ut</strong></span> <span class='ocrx_word' id='word_1_534' title='bbox 2666 3313 3154 3372; x_wconf 86' lang='lat' dir='ltr'><strong>commensuretur,</strong></span> <span class='ocrx_word' id='word_1_535' title='bbox 3195 3320 3421 3363; x_wconf 88' lang='lat' dir='ltr'><strong>necesse</strong></span> <span class='ocrx_word' id='word_1_536' title='bbox 3463 3313 3568 3366; x_wconf 86' lang='lat' dir='ltr'><strong>est.</strong></span> 
     </span>
    </p>
   </div>
   <div class='ocr_carea' id='block_1_72' title="bbox 1989 3393 3572 3466">
    <p class='ocr_par' dir='ltr' id='par_1_72' title="bbox 1989 3393 3572 3466">
     <span class='ocr_line' id='line_1_72' title="bbox 1989 3393 3572 3466; baseline 0.005 -17"><span class='ocrx_word' id='word_1_537' title='bbox 1989 3393 2246 3449; x_wconf 86' lang='lat' dir='ltr'><strong>Adhibita</strong></span> <span class='ocrx_word' id='word_1_538' title='bbox 2294 3410 2418 3450; x_wconf 91' lang='lat' dir='ltr'><strong>cum</strong></span> <span class='ocrx_word' id='word_1_539' title='bbox 2469 3395 2675 3452; x_wconf 71' lang='lat' dir='ltr'><strong>circino</strong></span> <span class='ocrx_word' id='word_1_540' title='bbox 2732 3396 2949 3466; x_wconf 82' lang='lat' dir='ltr'><strong>regula,</strong></span> <span class='ocrx_word' id='word_1_541' title='bbox 3006 3396 3279 3453; x_wconf 88' lang='lat' dir='ltr'><strong>dividatur</strong></span> <span class='ocrx_word' id='word_1_542' title='bbox 3327 3399 3384 3455; x_wconf 91' lang='lat' dir='ltr'><strong>in</strong></span> <span class='ocrx_word' id='word_1_543' title='bbox 3434 3399 3572 3457; x_wconf 87' lang='lat' dir='ltr'><strong>duas</strong></span> 
     </span>
    </p>
   </div>
   <div class='ocr_carea' id='block_1_73' title="bbox 1988 3487 3567 3566">
    <p class='ocr_par' dir='ltr' id='par_1_73' title="bbox 1988 3487 3567 3566">
     <span class='ocr_line' id='line_1_73' title="bbox 1988 3487 3567 3566; baseline 0.003 -25"><span class='ocrx_word' id='word_1_544' title='bbox 1988 3502 2172 3556; x_wconf 63' lang='lat' dir='ltr'><strong>aequas</strong></span> <span class='ocrx_word' id='word_1_545' title='bbox 2200 3495 2403 3556; x_wconf 87' lang='lat' dir='ltr'><strong>partes.</strong></span> <span class='ocrx_word' id='word_1_546' title='bbox 2432 3487 2631 3543; x_wconf 90' lang='lat' dir='ltr'><strong>lterum</strong></span> <span class='ocrx_word' id='word_1_547' title='bbox 2672 3488 2874 3543; x_wconf 63' lang='lat' dir='ltr'><strong>eisdem</strong></span> <span class='ocrx_word' id='word_1_548' title='bbox 2905 3489 3023 3544; x_wconf 74' lang='lat' dir='ltr'><strong>dua:</strong></span> <span class='ocrx_word' id='word_1_549' title='bbox 3047 3497 3229 3566; x_wconf 85' lang='lat' dir='ltr'><strong>partes</strong></span> <span class='ocrx_word' id='word_1_550' title='bbox 3252 3489 3567 3547; x_wconf 87' lang='lat' dir='ltr'><strong>dividantur</strong></span> 
     </span>
    </p>
   </div>
   <div class='ocr_carea' id='block_1_74' title="bbox 1989 3578 3578 3649">
    <p class='ocr_par' dir='ltr' id='par_1_74' title="bbox 1989 3578 3578 3649">
     <span class='ocr_line' id='line_1_74' title="bbox 1989 3578 3578 3649; baseline 0.002 -16"><span class='ocrx_word' id='word_1_551' title='bbox 1989 3578 2043 3633; x_wconf 89' lang='lat' dir='ltr'><strong>in</strong></span> <span class='ocrx_word' id='word_1_552' title='bbox 2070 3578 2205 3633; x_wconf 89' lang='lat' dir='ltr'><strong>alias</strong></span> <span class='ocrx_word' id='word_1_553' title='bbox 2231 3578 2387 3643; x_wconf 81' lang='lat' dir='ltr'><strong>duas,</strong></span> <span class='ocrx_word' id='word_1_554' title='bbox 2419 3578 2492 3633; x_wconf 90' lang='lat' dir='ltr'><strong>ita</strong></span> <span class='ocrx_word' id='word_1_555' title='bbox 2518 3589 2577 3633; x_wconf 93' lang='lat' dir='ltr'><strong>ut</strong></span> <span class='ocrx_word' id='word_1_556' title='bbox 2602 3579 2715 3648; x_wconf 91' lang='lat' dir='ltr'><strong>ipsa</strong></span> <span class='ocrx_word' id='word_1_557' title='bbox 2744 3578 2899 3649; x_wconf 90' lang='lat' dir='ltr'><strong>plana</strong></span> <span class='ocrx_word' id='word_1_558' title='bbox 2928 3578 3241 3649; x_wconf 85' lang='lat' dir='ltr'><strong>superficies</strong></span> <span class='ocrx_word' id='word_1_559' title='bbox 3282 3587 3393 3635; x_wconf 83' lang='lat' dir='ltr'><strong>tota</strong></span> <span class='ocrx_word' id='word_1_560' title='bbox 3432 3580 3578 3637; x_wconf 88' lang='lat' dir='ltr'><strong>divi—</strong></span> 
     </span>
    </p>
   </div>
   <div class='ocr_carea' id='block_1_75' title="bbox 1991 3668 3573 3742">
    <p class='ocr_par' dir='ltr' id='par_1_75' title="bbox 1991 3668 3573 3742">
     <span class='ocr_line' id='line_1_75' title="bbox 1991 3668 3573 3742; baseline 0.001 -16"><span class='ocrx_word' id='word_1_561' title='bbox 1991 3668 2152 3726; x_wconf 82' lang='lat' dir='ltr'><strong>datur</strong></span> <span class='ocrx_word' id='word_1_562' title='bbox 2178 3684 2210 3725; x_wconf 89' lang='lat' dir='ltr'><strong>a</strong></span> <span class='ocrx_word' id='word_1_563' title='bbox 2240 3668 2505 3724; x_wconf 85' lang='lat' dir='ltr'><strong>diametro</strong></span> <span class='ocrx_word' id='word_1_564' title='bbox 2561 3683 2733 3738; x_wconf 90' lang='lat' dir='ltr'><strong>usque</strong></span> <span class='ocrx_word' id='word_1_565' title='bbox 2775 3669 2843 3724; x_wconf 91' lang='lat' dir='ltr'><strong>ad</strong></span> <span class='ocrx_word' id='word_1_566' title='bbox 2890 3669 3212 3724; x_wconf 88' lang='lat' dir='ltr'><strong>diametrum</strong></span> <span class='ocrx_word' id='word_1_567' title='bbox 3255 3668 3311 3725; x_wconf 91' lang='lat' dir='ltr'><strong>in</strong></span> <span class='ocrx_word' id='word_1_568' title='bbox 3339 3678 3573 3742; x_wconf 89' lang='lat' dir='ltr'><strong>quatuor</strong></span> 
     </span>
    </p>
   </div>
   <div class='ocr_carea' id='block_1_76' title="bbox 1990 3756 3574 3831">
    <p class='ocr_par' dir='ltr' id='par_1_76' title="bbox 1990 3756 3574 3831">
     <span class='ocr_line' id='line_1_76' title="bbox 1990 3756 3574 3831; baseline 0.001 -15"><span class='ocrx_word' id='word_1_569' title='bbox 1990 3775 2173 3830; x_wconf 67' lang='lat' dir='ltr'><strong>aequas</strong></span> <span class='ocrx_word' id='word_1_570' title='bbox 2220 3768 2422 3828; x_wconf 89' lang='lat' dir='ltr'><strong>partes.</strong></span> <span class='ocrx_word' id='word_1_571' title='bbox 2464 3757 2596 3814; x_wconf 78' lang='lat' dir='ltr'><strong>Nete</strong></span> <span class='ocrx_word' id='word_1_572' title='bbox 2621 3758 2984 3829; x_wconf 85' lang='lat' dir='ltr'><strong>hyperboleon</strong></span> <span class='ocrx_word' id='word_1_573' title='bbox 3017 3756 3130 3831; x_wconf 76' lang='grc'><strong>(20)</strong></span> <span class='ocrx_word' id='word_1_574' title='bbox 3162 3758 3329 3830; x_wconf 78' lang='lat' dir='ltr'><strong>igitur</strong></span> <span class='ocrx_word' id='word_1_575' title='bbox 3371 3774 3574 3818; x_wconf 87' lang='lat' dir='ltr'><strong>nervus</strong></span> 
     </span>
    </p>
   </div>
   <div class='ocr_carea' id='block_1_77' title="bbox 1992 3848 3574 3920">
    <p class='ocr_par' dir='ltr' id='par_1_77' title="bbox 1992 3848 3574 3920">
     <span class='ocr_line' id='line_1_77' title="bbox 1992 3848 3574 3920; baseline 0 -15"><span class='ocrx_word' id='word_1_576' title='bbox 1992 3848 2237 3905; x_wconf 85' lang='lat' dir='ltr'><strong>obtineat</strong></span> <span class='ocrx_word' id='word_1_577' title='bbox 2265 3848 2425 3905; x_wconf 84' lang='lat' dir='ltr'><strong>linem</strong></span> <span class='ocrx_word' id='word_1_578' title='bbox 2455 3848 2808 3905; x_wconf 88' lang='lat' dir='ltr'><strong>dimensionis</strong></span> <span class='ocrx_word' id='word_1_579' title='bbox 2842 3849 3038 3916; x_wconf 64' lang='lat' dir='ltr'><strong>tertiae,</strong></span> <span class='ocrx_word' id='word_1_580' title='bbox 3069 3858 3124 3904; x_wconf 88' lang='lat' dir='ltr'><strong>et</strong></span> <span class='ocrx_word' id='word_1_581' title='bbox 3151 3864 3322 3920; x_wconf 90' lang='lat' dir='ltr'><strong>usque</strong></span> <span class='ocrx_word' id='word_1_582' title='bbox 3348 3849 3415 3906; x_wconf 90' lang='lat' dir='ltr'><strong>ad</strong></span> <span class='ocrx_word' id='word_1_583' title='bbox 3455 3851 3574 3907; x_wconf 90' lang='lat' dir='ltr'><strong>dia-</strong></span> 
     </span>
    </p>
   </div>
   <div class='ocr_carea' id='block_1_78' title="bbox 1993 3936 3575 4010">
    <p class='ocr_par' dir='ltr' id='par_1_78' title="bbox 1993 3936 3575 4010">
     <span class='ocr_line' id='line_1_78' title="bbox 1993 3936 3575 4010; baseline 0.004 -17"><span class='ocrx_word' id='word_1_584' title='bbox 1993 3948 2223 3994; x_wconf 88' lang='lat' dir='ltr'><strong>metrum</strong></span> <span class='ocrx_word' id='word_1_585' title='bbox 2255 3936 2310 3993; x_wconf 90' lang='lat' dir='ltr'><strong>in</strong></span> <span class='ocrx_word' id='word_1_586' title='bbox 2337 3947 2462 3993; x_wconf 90' lang='lat' dir='ltr'><strong>octo</strong></span> <span class='ocrx_word' id='word_1_587' title='bbox 2492 3946 2673 4010; x_wconf 88' lang='lat' dir='ltr'><strong>partes</strong></span> <span class='ocrx_word' id='word_1_588' title='bbox 2721 3937 3015 4006; x_wconf 88' lang='lat' dir='ltr'><strong>dividatur,</strong></span> <span class='ocrx_word' id='word_1_589' title='bbox 3059 3939 3219 4010; x_wconf 87' lang='lat' dir='ltr'><strong>eique</strong></span> <span class='ocrx_word' id='word_1_590' title='bbox 3252 3953 3349 3994; x_wconf 89' lang='lat' dir='ltr'><strong>sua</strong></span> <span class='ocrx_word' id='word_1_591' title='bbox 3380 3947 3575 4000; x_wconf 77' lang='lat' dir='ltr'><strong>octava</strong></span> 
     </span>
    </p>
   </div>
   <div class='ocr_carea' id='block_1_79' title="bbox 1992 4011 3584 4103">
    <p class='ocr_par' dir='ltr' id='par_1_79' title="bbox 1992 4011 3584 4103">
     <span class='ocr_line' id='line_1_79' title="bbox 1992 4011 3584 4103; baseline 0.003 -18"><span class='ocrx_word' id='word_1_592' title='bbox 1992 4045 2122 4102; x_wconf 90' lang='lat' dir='ltr'><strong>pars</strong></span> <span class='ocrx_word' id='word_1_593' title='bbox 2168 4038 2228 4086; x_wconf 91' lang='lat' dir='ltr'><strong>ut</strong></span> <span class='ocrx_word' id='word_1_594' title='bbox 2256 4031 2609 4086; x_wconf 87' lang='lat' dir='ltr'><strong>novcnarium</strong></span> <span class='ocrx_word' id='word_1_595' title='bbox 2663 4031 2884 4103; x_wconf 80' lang='lat' dir='ltr'><strong>impleat</strong></span> <span class='ocrx_word' id='word_1_596' title='bbox 2924 4046 3208 4087; x_wconf 89' lang='lat' dir='ltr'><strong>numerum</strong></span> <span class='ocrx_word' id='word_1_597' title='bbox 3242 4011 3584 4103; x_wconf 63' lang='lat' dir='ltr'><strong>superaddit:</strong></span> 
     </span>
    </p>
   </div>
   <div class='ocr_carea' id='block_1_80' title="bbox 1996 4124 3601 4199">
    <p class='ocr_par' dir='ltr' id='par_1_80' title="bbox 1996 4124 3601 4199">
     <span class='ocr_line' id='line_1_80' title="bbox 1996 4124 3601 4199; baseline -0.003 -17"><span class='ocrx_word' id='word_1_598' title='bbox 1996 4135 2121 4193; x_wconf 90' lang='lat' dir='ltr'><strong>tur;</strong></span> <span class='ocrx_word' id='word_1_599' title='bbox 2159 4126 2347 4196; x_wconf 89' lang='lat' dir='ltr'><strong>sicque</strong></span> <span class='ocrx_word' id='word_1_600' title='bbox 2375 4135 2534 4182; x_wconf 90' lang='lat' dir='ltr'><strong>tonus</strong></span> <span class='ocrx_word' id='word_1_601' title='bbox 2566 4127 2619 4182; x_wconf 92' lang='lat' dir='ltr'><strong>in</strong></span> <span class='ocrx_word' id='word_1_602' title='bbox 2642 4126 3021 4198; x_wconf 86' lang='lat' dir='ltr'><strong>sesquioctava</strong></span> <span class='ocrx_word' id='word_1_603' title='bbox 3048 4126 3399 4199; x_wconf 90' lang='lat' dir='ltr'><strong>proportione</strong></span> <span class='ocrx_word' id='word_1_604' title='bbox 3432 4124 3601 4183; x_wconf 77' lang='lat' dir='ltr'><strong>inter,</strong></span> 
     </span>
    </p>
   </div>
   <div class='ocr_carea' id='block_1_81' title="bbox 1994 4217 3581 4292">
    <p class='ocr_par' dir='ltr' id='par_1_81' title="bbox 1994 4217 3581 4292">
     <span class='ocr_line' id='line_1_81' title="bbox 1994 4217 3581 4292; baseline -0.003 -16"><span class='ocrx_word' id='word_1_605' title='bbox 1994 4228 2119 4276; x_wconf 91' lang='lat' dir='ltr'><strong>nete</strong></span> <span class='ocrx_word' id='word_1_606' title='bbox 2148 4218 2513 4292; x_wconf 84' lang='lat' dir='ltr'><strong>hyperboleon</strong></span> <span class='ocrx_word' id='word_1_607' title='bbox 2534 4227 2591 4275; x_wconf 91' lang='lat' dir='ltr'><strong>et</strong></span> <span class='ocrx_word' id='word_1_608' title='bbox 2609 4227 2869 4291; x_wconf 89' lang='lat' dir='ltr'><strong>paranete</strong></span> <span class='ocrx_word' id='word_1_609' title='bbox 2888 4218 3252 4292; x_wconf 82' lang='lat' dir='ltr'><strong>byperboleon</strong></span> <span class='ocrx_word' id='word_1_610' title='bbox 3280 4217 3581 4276; x_wconf 88' lang='lat' dir='ltr'><strong>constitua-</strong></span> 
     </span>
    </p>
   </div>
   <div class='ocr_carea' id='block_1_82' title="bbox 1997 4309 3580 4383">
    <p class='ocr_par' dir='ltr' id='par_1_82' title="bbox 1997 4309 3580 4383">
     <span class='ocr_line' id='line_1_82' title="bbox 1997 4309 3580 4383; baseline -0.003 -15"><span class='ocrx_word' id='word_1_611' title='bbox 1997 4320 2100 4368; x_wconf 89' lang='lat' dir='ltr'><strong>tur.</strong></span> <span class='ocrx_word' id='word_1_612' title='bbox 2150 4311 2326 4367; x_wconf 90' lang='lat' dir='ltr'><strong>Simili</strong></span> <span class='ocrx_word' id='word_1_613' title='bbox 2356 4312 2514 4368; x_wconf 92' lang='lat' dir='ltr'><strong>modo</strong></span> <span class='ocrx_word' id='word_1_614' title='bbox 2544 4320 2604 4367; x_wconf 88' lang='lat' dir='ltr'><strong>ut</strong></span> <span class='ocrx_word' id='word_1_615' title='bbox 2654 4310 2783 4367; x_wconf 90' lang='lat' dir='ltr'><strong>trite</strong></span> <span class='ocrx_word' id='word_1_616' title='bbox 2827 4310 3193 4383; x_wconf 83' lang='lat' dir='ltr'><strong>hyperboleon</strong></span> <span class='ocrx_word' id='word_1_617' title='bbox 3241 4309 3580 4381; x_wconf 75' lang='lat' dir='ltr'><strong>perficiatur,</strong></span> 
     </span>
    </p>
   </div>
   <div class='ocr_carea' id='block_1_83' title="bbox 1995 4401 3695 4482">
    <p class='ocr_par' dir='ltr' id='par_1_83' title="bbox 1995 4401 3695 4482">
     <span class='ocr_line' id='line_1_83' title="bbox 1995 4401 3695 4482; baseline 0.002 -24"><span class='ocrx_word' id='word_1_618' title='bbox 1995 4402 2384 4472; x_wconf 81' lang='lat' dir='ltr'><strong>scsquioctavae</strong></span> <span class='ocrx_word' id='word_1_619' title='bbox 2430 4402 2796 4474; x_wconf 82' lang='lat' dir='ltr'><strong>proportionis</strong></span> <span class='ocrx_word' id='word_1_620' title='bbox 2835 4420 2865 4458; x_wconf 90' lang='lat' dir='ltr'><strong>a</strong></span> <span class='ocrx_word' id='word_1_621' title='bbox 2906 4410 3166 4474; x_wconf 88' lang='lat' dir='ltr'><strong>paranete</strong></span> <span class='ocrx_word' id='word_1_622' title='bbox 3198 4401 3583 4482; x_wconf 79' lang='lat' dir='ltr'><strong>hyperboleon</strong></span> <span class='ocrx_word' id='word_1_623' title='bbox 3686 4428 3695 4437; x_wconf 84' lang='lat'><strong>-</strong></span> 
     </span>
    </p>
   </div>
   <div class='ocr_carea' id='block_1_84' title="bbox 1956 4491 3579 4564">
    <p class='ocr_par' dir='ltr' id='par_1_84' title="bbox 1956 4491 3579 4564">
     <span class='ocr_line' id='line_1_84' title="bbox 1956 4491 3579 4564; baseline 0.004 -21"><span class='ocrx_word' id='word_1_624' title='bbox 1956 4532 1967 4543; x_wconf 87' lang='lat'><strong>.</strong></span> <span class='ocrx_word' id='word_1_625' title='bbox 1995 4507 2170 4563; x_wconf 87' lang='lat' dir='ltr'><strong>usque</strong></span> <span class='ocrx_word' id='word_1_626' title='bbox 2191 4492 2259 4547; x_wconf 88' lang='lat' dir='ltr'><strong>ad</strong></span> <span class='ocrx_word' id='word_1_627' title='bbox 2287 4491 2616 4548; x_wconf 88' lang='lat' dir='ltr'><strong>destinatum</strong></span> <span class='ocrx_word' id='word_1_628' title='bbox 2648 4492 2752 4548; x_wconf 89' lang='lat' dir='ltr'><strong>sibi</strong></span> <span class='ocrx_word' id='word_1_629' title='bbox 2781 4500 3039 4563; x_wconf 88' lang='lat' dir='ltr'><strong>punctum</strong></span> <span class='ocrx_word' id='word_1_630' title='bbox 3086 4492 3269 4564; x_wconf 82' lang='lat' dir='ltr'><strong>regula</strong></span> <span class='ocrx_word' id='word_1_631' title='bbox 3310 4500 3579 4550; x_wconf 85' lang='lat' dir='ltr'><strong>servetur.</strong></span> 
     </span>
    </p>
   </div>
   <div class='ocr_carea' id='block_1_85' title="bbox 308 4582 3583 4680">
    <p class='ocr_par' dir='ltr' id='par_1_85' title="bbox 308 4582 3583 4680">
     <span class='ocr_line' id='line_1_85' title="bbox 308 4582 3583 4680; baseline 0 -31"><span class='ocrx_word' id='word_1_632' title='bbox 308 4609 483 4650; x_wconf 86' lang='lat' dir='ltr'><strong>mum.</strong></span> <span class='ocrx_word' id='word_1_633' title='bbox 523 4592 610 4650; x_wconf 80' lang='lat' dir='ltr'><strong>Ad</strong></span> <span class='ocrx_word' id='word_1_634' title='bbox 633 4593 789 4664; x_wconf 84' lang='lat' dir='ltr'><strong>cujus</strong></span> <span class='ocrx_word' id='word_1_635' title='bbox 827 4594 958 4667; x_wconf 84' lang='lat' dir='ltr'><strong>ligni</strong></span> <span class='ocrx_word' id='word_1_636' title='bbox 979 4595 1180 4666; x_wconf 88' lang='lat' dir='ltr'><strong>capita,</strong></span> <span class='ocrx_word' id='word_1_637' title='bbox 1224 4605 1499 4664; x_wconf 90' lang='lat' dir='ltr'><strong>assumpta</strong></span> <span class='ocrx_word' id='word_1_638' title='bbox 1524 4595 1892 4667; x_wconf 86' lang='lat' dir='ltr'><strong>geometricali</strong></span> <span class='ocrx_word' id='word_1_639' title='bbox 1920 4621 1973 4680; x_wconf 79' lang='lat' dir='ltr'><strong>D</strong></span> <span class='ocrx_word' id='word_1_640' title='bbox 2000 4582 2359 4680; x_wconf 55' lang='lat' dir='ltr'><strong>Semilonillm</strong></span> <span class='ocrx_word' id='word_1_641' title='bbox 2387 4600 2519 4680; x_wconf 54' lang='lat' dir='ltr'><strong>feto</strong></span> <span class='ocrx_word' id='word_1_642' title='bbox 2544 4586 2687 4680; x_wconf 53' lang='lat'><strong>{100:1</strong></span> <span class='ocrx_word' id='word_1_643' title='bbox 2727 4587 2996 4680; x_wconf 55' lang='lat' dir='ltr'><strong>testatad</strong></span> <span class='ocrx_word' id='word_1_644' title='bbox 3022 4587 3361 4680; x_wconf 65' lang='lat' dir='ltr'><strong>dialesscron</strong></span> <span class='ocrx_word' id='word_1_645' title='bbox 3392 4601 3583 4680; x_wconf 79' lang='lat' dir='ltr'><strong>conso-</strong></span> 
     </span>
    </p>
   </div>
   <div class='ocr_carea' id='block_1_86' title="bbox 307 4684 1893 4757">
    <p class='ocr_par' dir='ltr' id='par_1_86' title="bbox 307 4684 1893 4757">
     <span class='ocr_line' id='line_1_86' title="bbox 307 4684 1893 4757; baseline 0.001 -17"><span class='ocrx_word' id='word_1_646' title='bbox 307 4684 523 4757; x_wconf 81' lang='lat' dir='ltr'><strong>regnla,</strong></span> <span class='ocrx_word' id='word_1_647' title='bbox 553 4686 608 4742; x_wconf 89' lang='lat' dir='ltr'><strong>id</strong></span> <span class='ocrx_word' id='word_1_648' title='bbox 640 4696 727 4742; x_wconf 88' lang='lat' dir='ltr'><strong>est</strong></span> <span class='ocrx_word' id='word_1_649' title='bbox 764 4686 993 4750; x_wconf 90' lang='lat' dir='ltr'><strong>circino,</strong></span> <span class='ocrx_word' id='word_1_650' title='bbox 1040 4687 1158 4741; x_wconf 70' lang='lat' dir='ltr'><strong>dua:</strong></span> <span class='ocrx_word' id='word_1_651' title='bbox 1197 4685 1672 4743; x_wconf 89' lang='lat' dir='ltr'><strong>circumducantur</strong></span> <span class='ocrx_word' id='word_1_652' title='bbox 1718 4685 1893 4757; x_wconf 71' lang='lat' dir='ltr'><strong>sphae-</strong></span> 
     </span>
    </p>
   </div>
   <div class='ocr_carea' id='block_1_87' title="bbox 308 4779 1896 4851">
    <p class='ocr_par' dir='ltr' id='par_1_87' title="bbox 308 4779 1896 4851">
     <span class='ocr_line' id='line_1_87' title="bbox 308 4779 1896 4851; baseline 0.001 -16"><span class='ocrx_word' id='word_1_653' title='bbox 308 4779 461 4846; x_wconf 72' lang='lat' dir='ltr'><strong>rulze,</strong></span> <span class='ocrx_word' id='word_1_654' title='bbox 498 4794 619 4851; x_wconf 64' lang='lat' dir='ltr'><strong>quae</strong></span> <span class='ocrx_word' id='word_1_655' title='bbox 668 4780 780 4837; x_wconf 89' lang='lat' dir='ltr'><strong>sint</strong></span> <span class='ocrx_word' id='word_1_656' title='bbox 815 4780 975 4836; x_wconf 90' lang='lat' dir='ltr'><strong>unius</strong></span> <span class='ocrx_word' id='word_1_657' title='bbox 1022 4794 1309 4836; x_wconf 68' lang='lat' dir='ltr'><strong>mensurae.</strong></span> <span class='ocrx_word' id='word_1_658' title='bbox 1344 4780 1548 4836; x_wconf 88' lang='lat' dir='ltr'><strong>Deinde</strong></span> <span class='ocrx_word' id='word_1_659' title='bbox 1575 4779 1896 4836; x_wconf 88' lang='lat' dir='ltr'><strong>adhibeatur</strong></span> 
     </span>
    </p>
   </div>
   <div class='ocr_carea' id='block_1_88' title="bbox 308 4871 1896 4944">
    <p class='ocr_par' dir='ltr' id='par_1_88' title="bbox 308 4871 1896 4944">
     <span class='ocr_line' id='line_1_88' title="bbox 308 4871 1896 4944; baseline 0.002 -18"><span class='ocrx_word' id='word_1_660' title='bbox 308 4871 502 4944; x_wconf 87' lang='lat' dir='ltr'><strong>regula</strong></span> <span class='ocrx_word' id='word_1_661' title='bbox 555 4871 842 4943; x_wconf 80' lang='lat' dir='ltr'><strong>diligenter</strong></span> <span class='ocrx_word' id='word_1_662' title='bbox 888 4872 1174 4943; x_wconf 88' lang='lat' dir='ltr'><strong>perpolita,</strong></span> <span class='ocrx_word' id='word_1_663' title='bbox 1222 4888 1364 4944; x_wconf 63' lang='lat' dir='ltr'><strong>quae,</strong></span> <span class='ocrx_word' id='word_1_664' title='bbox 1414 4886 1447 4928; x_wconf 86' lang='lat' dir='ltr'><strong>a</strong></span> <span class='ocrx_word' id='word_1_665' title='bbox 1470 4880 1660 4929; x_wconf 91' lang='lat' dir='ltr'><strong>centro</strong></span> <span class='ocrx_word' id='word_1_666' title='bbox 1705 4871 1896 4944; x_wconf 63' lang='lat' dir='ltr'><strong>prima:</strong></span> 
     </span>
    </p>
   </div>
   <div class='ocr_carea' id='block_1_89' title="bbox 308 4961 1898 5033">
    <p class='ocr_par' dir='ltr' id='par_1_89' title="bbox 308 4961 1898 5033">
     <span class='ocr_line' id='line_1_89' title="bbox 308 4961 1898 5033; baseline 0.001 -16"><span class='ocrx_word' id='word_1_667' title='bbox 308 4962 541 5033; x_wconf 66' lang='lat' dir='ltr'><strong>sphaerae</strong></span> <span class='ocrx_word' id='word_1_668' title='bbox 570 4962 828 5032; x_wconf 86' lang='lat' dir='ltr'><strong>usquead</strong></span> <span class='ocrx_word' id='word_1_669' title='bbox 858 4970 1104 5019; x_wconf 88' lang='lat' dir='ltr'><strong>centrum</strong></span> <span class='ocrx_word' id='word_1_670' title='bbox 1148 4961 1401 5029; x_wconf 82' lang='lat' dir='ltr'><strong>secundae</strong></span> <span class='ocrx_word' id='word_1_671' title='bbox 1430 4978 1555 5018; x_wconf 93' lang='lat' dir='ltr'><strong>cum</strong></span> <span class='ocrx_word' id='word_1_672' title='bbox 1593 4963 1740 5018; x_wconf 92' lang='lat' dir='ltr'><strong>omni</strong></span> <span class='ocrx_word' id='word_1_673' title='bbox 1768 4976 1898 5019; x_wconf 66' lang='lat' dir='ltr'><strong>cau«</strong></span> 
     </span>
    </p>
   </div>
   <div class='ocr_carea' id='block_1_90' title="bbox 309 5053 1894 5098">
    <p class='ocr_par' dir='ltr' id='par_1_90' title="bbox 309 5053 1894 5098">
     <span class='ocr_line' id='line_1_90' title="bbox 309 5053 1894 5098; baseline 0 0"><span class='ocrx_word' id='word_1_674' title='bbox 309 5053 414 5098; x_wconf 67' lang='lat' dir='ltr'><strong>mla</strong></span> <span class='ocrx_word' id='word_1_675' title='bbox 439 5053 689 5098; x_wconf 16' lang='lat' dir='ltr'><strong>derint-jac</strong></span> <span class='ocrx_word' id='word_1_676' title='bbox 719 5063 924 5098; x_wconf 57' lang='lat' dir='ltr'><strong>rer-lum</strong></span> <span class='ocrx_word' id='word_1_677' title='bbox 950 5055 1272 5098; x_wconf 60' lang='lat' dir='ltr'><strong>diametrum</strong></span> <span class='ocrx_word' id='word_1_678' title='bbox 1304 5055 1540 5098; x_wconf 75' lang='lat' dir='ltr'><strong>incm-nm</strong></span> <span class='ocrx_word' id='word_1_679' title='bbox 1567 5054 1894 5098; x_wconf 73' lang='lat' dir='ltr'><strong>nirmrlnrnm</strong></span> 
     </span>
    </p>
   </div>
   <div class='ocr_carea' id='block_1_91' title="bbox 2000 4675 3586 4749">
    <p class='ocr_par' dir='ltr' id='par_1_91' title="bbox 2000 4675 3586 4749">
     <span class='ocr_line' id='line_1_91' title="bbox 2000 4675 3586 4749; baseline 0 -17"><span class='ocrx_word' id='word_1_680' title='bbox 2000 4676 2243 4732; x_wconf 87' lang='lat' dir='ltr'><strong>nantiam</strong></span> <span class='ocrx_word' id='word_1_681' title='bbox 2277 4675 2684 4747; x_wconf 87' lang='lat' dir='ltr'><strong>perficiendam,</strong></span> <span class='ocrx_word' id='word_1_682' title='bbox 2717 4678 2831 4736; x_wconf 87' lang='lat' dir='ltr'><strong>sive</strong></span> <span class='ocrx_word' id='word_1_683' title='bbox 2854 4679 2922 4734; x_wconf 90' lang='lat' dir='ltr'><strong>ad</strong></span> <span class='ocrx_word' id='word_1_684' title='bbox 2955 4678 3355 4735; x_wconf 89' lang='lat' dir='ltr'><strong>tetrachordum</strong></span> <span class='ocrx_word' id='word_1_685' title='bbox 3390 4678 3586 4749; x_wconf 42' lang='lat' dir='ltr'><strong>liyperf</strong></span> 
     </span>
    </p>
   </div>
   <div class='ocr_carea' id='block_1_92' title="bbox 2000 4768 3588 4843">
    <p class='ocr_par' dir='ltr' id='par_1_92' title="bbox 2000 4768 3588 4843">
     <span class='ocr_line' id='line_1_92' title="bbox 2000 4768 3588 4843; baseline -0.003 -17"><span class='ocrx_word' id='word_1_686' title='bbox 2000 4768 2196 4826; x_wconf 89' lang='lat' dir='ltr'><strong>boleon</strong></span> <span class='ocrx_word' id='word_1_687' title='bbox 2251 4768 2624 4842; x_wconf 89' lang='lat' dir='ltr'><strong>implendum,</strong></span> <span class='ocrx_word' id='word_1_688' title='bbox 2686 4772 3101 4843; x_wconf 80' lang='lat' dir='ltr'><strong>investigatione</strong></span> <span class='ocrx_word' id='word_1_689' title='bbox 3150 4768 3459 4842; x_wconf 72' lang='lat' dir='ltr'><strong>hujusmodi</strong></span> <span class='ocrx_word' id='word_1_690' title='bbox 3497 4773 3588 4824; x_wconf 88' lang='lat' dir='ltr'><strong>est</strong></span> 
     </span>
    </p>
   </div>
   <div class='ocr_carea' id='block_1_93' title="bbox 2001 4856 3587 4935">
    <p class='ocr_par' dir='ltr' id='par_1_93' title="bbox 2001 4856 3587 4935">
     <span class='ocr_line' id='line_1_93' title="bbox 2001 4856 3587 4935; baseline -0.004 -19"><span class='ocrx_word' id='word_1_691' title='bbox 2001 4860 2289 4933; x_wconf 80' lang='lat' dir='ltr'><strong>agendum.</strong></span> <span class='ocrx_word' id='word_1_692' title='bbox 2315 4860 2600 4921; x_wconf 88' lang='lat' dir='ltr'><strong>Dividatur</strong></span> <span class='ocrx_word' id='word_1_693' title='bbox 2620 4878 2746 4920; x_wconf 90' lang='lat' dir='ltr'><strong>eum</strong></span> <span class='ocrx_word' id='word_1_694' title='bbox 2764 4864 2967 4921; x_wconf 80' lang='lat' dir='ltr'><strong>circino</strong></span> <span class='ocrx_word' id='word_1_695' title='bbox 2990 4861 3356 4935; x_wconf 85' lang='lat' dir='ltr'><strong>hyperboleon</strong></span> <span class='ocrx_word' id='word_1_696' title='bbox 3378 4856 3587 4916; x_wconf 84' lang='lat' dir='ltr'><strong>chorda</strong></span> 
     </span>
    </p>
   </div>
   <div class='ocr_carea' id='block_1_94' title="bbox 2003 4948 3589 5027">
    <p class='ocr_par' dir='ltr' id='par_1_94' title="bbox 2003 4948 3589 5027">
     <span class='ocr_line' id='line_1_94' title="bbox 2003 4948 3589 5027; baseline -0.005 -17"><span class='ocrx_word' id='word_1_697' title='bbox 2003 4954 2059 5010; x_wconf 92' lang='lat' dir='ltr'><strong>in</strong></span> <span class='ocrx_word' id='word_1_698' title='bbox 2086 4964 2199 5012; x_wconf 88' lang='lat' dir='ltr'><strong>tres</strong></span> <span class='ocrx_word' id='word_1_699' title='bbox 2225 4970 2408 5025; x_wconf 72' lang='lat' dir='ltr'><strong>aequas</strong></span> <span class='ocrx_word' id='word_1_700' title='bbox 2437 4965 2645 5026; x_wconf 88' lang='lat' dir='ltr'><strong>partes,</strong></span> <span class='ocrx_word' id='word_1_701' title='bbox 2673 4965 2729 5012; x_wconf 89' lang='lat' dir='ltr'><strong>et</strong></span> <span class='ocrx_word' id='word_1_702' title='bbox 2757 4955 2873 5027; x_wconf 83' lang='lat' dir='ltr'><strong>ipsa</strong></span> <span class='ocrx_word' id='word_1_703' title='bbox 2916 4954 3035 5023; x_wconf 83' lang='lat' dir='ltr'><strong>ejus</strong></span> <span class='ocrx_word' id='word_1_704' title='bbox 3065 4952 3224 5010; x_wconf 89' lang='lat' dir='ltr'><strong>tertia</strong></span> <span class='ocrx_word' id='word_1_705' title='bbox 3254 4966 3379 5023; x_wconf 85' lang='lat' dir='ltr'><strong>pars</strong></span> <span class='ocrx_word' id='word_1_706' title='bbox 3421 4948 3496 5006; x_wconf 91' lang='lat' dir='ltr'><strong>illi</strong></span> <span class='ocrx_word' id='word_1_707' title='bbox 3529 4958 3589 5003; x_wconf 91' lang='lat' dir='ltr'><strong>ut</strong></span> 
     </span>
    </p>
   </div>
   <div class='ocr_carea' id='block_1_95' title="bbox 2001 5040 3585 5098">
    <p class='ocr_par' dir='ltr' id='par_1_95' title="bbox 2001 5040 3585 5098">
     <span class='ocr_line' id='line_1_95' title="bbox 2001 5040 3585 5098; baseline 0 0"><span class='ocrx_word' id='word_1_708' title='bbox 2001 5046 2409 5098; x_wconf 78' lang='lat' dir='ltr'><strong>sesquitertiam</strong></span> <span class='ocrx_word' id='word_1_709' title='bbox 2457 5045 2858 5098; x_wconf 84' lang='lat' dir='ltr'><strong>nrooortionem</strong></span> <span class='ocrx_word' id='word_1_710' title='bbox 2888 5043 3090 5098; x_wconf 71' lang='lat' dir='ltr'><strong>efﬁciat</strong></span> <span class='ocrx_word' id='word_1_711' title='bbox 3143 5040 3585 5098; x_wconf 79' lang='lat' dir='ltr'><strong>suncraddatur;</strong></span> 
     </span>
    </p>
   </div>
  </div>
