4116 5358
482 208 487 215 “
520 223 618 278 sit

1364 221 1711 280 ODORANNI
1752 223 2052 284 MONACHI
2089 226 2146 283 S.
2188 225 2394 283 PETRI
2432 224 2571 284 νινε
2610 222 2853 285 SENON.

3680 224 3781 280 812

519 335 757 409 expedit.
784 334 1122 393 Adhibeatur
1151 336 1347 393 lterum
1387 338 1625 396 circinus
1662 339 1731 395 ad
1761 338 2101 410 diazeugme-
2127 343 2175 404 Α
2271 338 2548 397 Hactenus
2571 339 2638 396 de
2665 339 2939 397 diatonico
2962 355 3178 412 genere,
3206 338 3349 410 quod
3374 346 3457 396 est
3486 335 3783 393 naturaiius

520 436 628 487 no‘n
660 428 1061 486 tetrachordum
1095 431 1549 500 camponEndum,
1595 439 1651 487 et
1684 434 1809 489 nete
1844 433 2096 504 diazctig-

519 521 721 576 mentm
746 520 925 576 locum
950 520 1220 576 semitouii
1241 521 1494 577 obtinens
1512 518 1569 577 in
1595 524 1719 579 octo
1754 533 1935 594 partes
1960 522 2097 579 divi-
2135 546 2139 550 λ

521 614 707 677 datur;
763 618 818 665 et
859 611 1235 681 sesquioclava
1280 612 1329 667 ei
1376 628 1474 667 sua
1523 628 1649 683 pars
1695 614 1944 670 obtinens
1964 612 2099 670 T'toui

519 702 753 774 spatium
790 699 856 756 ad
905 710 1165 772 paranete
1211 702 1636 774 diezeugmenon
1670 706 2097 774 componendam

519 797 770 852 addatur.
794 786 954 863 Qudd
995 794 1040 850 si
1070 794 1191 865 quis
1220 794 1390 851 levius
1430 805 1487 851 et
1511 798 1714 868 absque
1754 798 1991 853 maximo
2020 796 2099 852 la-

516 886 651 941 bore
682 897 844 957 agere
869 883 1118 953 voluerit,
1147 892 1270 941 nete
1293 886 1656 957 hyperboleon
1686 888 1738 942 in
1764 888 1898 943 duas
1916 902 2097 957 aequas

517 986 701 1049 partes
729 977 954 1041 dividat,
1002 987 1058 1032 et
1101 978 1446 1035 medietatem
1476 978 1591 1048 ejus
1619 981 1795 1036 eidem
1826 981 2013 1044 addat,
2038 988 2100 1036 ut

518 1069 775 1138 diapente
822 1067 1231 1122 consonantiam
1274 1076 1610 1124 constantem
1655 1069 1797 1124 tonis
1844 1070 2017 1126 tribus
2045 1077 2102 1126 et

521 1159 808 1214 semitouio
836 1157 1047 1214 minore
1068 1158 1278 1214 reddat.
1304 1158 1469 1229 quue
1513 1159 1581 1215 de
1605 1170 1860 1230 paranete
1904 1162 2101 1232 hyper-

522 1251 715 1306 holeon
758 1251 941 1315 faciat,
975 1257 1034 1304 ut
1067 1250 1190 1304 trite
1244 1250 1671 1323 diazeu‘gmenon
1703 1250 1770 1307 ad
1818 1266 1939 1306 eam
1984 1252 2098 1307 dia-

496 1340 684 1409 pente
718 1342 1130 1398 consonantiam
1159 1332 1447 1396 facientem
1492 1341 1753 1397 obtineat.
1786 1341 1916 1410 Qtun
1958 1343 2100 1399 ratio

524 1437 575 1489 in
604 1434 827 1504 reliquis
855 1433 997 1489 tonis
1019 1433 1407 1503 componendis
1435 1442 1703 1500 servetur,
1731 1449 1803 1490 eo
1825 1445 2010 1491 tenore
2041 1446 2102 1492 ut

523 1527 576 1581 in‘
604 1526 853 1597 diapente
902 1526 1281 1593 consonantia,
1320 1541 1441 1597 qua:
1478 1527 1830 1596 sesquialtera
1870 1536 2096 1600 propor-

524 1619 670 1673 tione
696 1626 930 1681 constat,
982 1627 1092 1673 tres
1135 1617 1247 1672 toni
1295 1633 1418 1673 cum
1468 1606 1988 1684 semitono-minore,
2042 1630 2100 1673 ut

2199 440 2255 489 et
2275 432 2484 489 durius.
2528 430 2780 489 Ceterum
2808 433 2914 488 duo
2960 447 3160 504 genera
3210 432 3417 501 reliqua
3449 431 3539 484 tali
3575 430 3785 485 ratione

2200 533 2326 579 sunt
2351 523 2645 579 metienda.
2677 522 2959 579 Dividatur
3001 539 3123 579 cum
3155 523 3365 579 circino
3395 522 3631 592 spatium
3656 536 3786 576 eon-

2202 618 2376 673 tinens
2399 627 2603 682 tonum,
2625 616 2767 687 quod
2799 624 2884 671 est
2911 624 3035 671 nete
3060 614 3423 688 byperbolcon
3446 623 3501 668 et
3525 623 3787 683 paranete

2200 705 2585 778 hyperbo'leon,
2617 706 2922 776 aequaliter,
2943 713 3000 762 'et
3030 707 3111 762 sui
3134 706 3398 761 medietas
3428 704 3503 759 illi
3526 703 3783 769 addatur;

2198 808 2254 855 et
2278 799 2366 855 ubi
2398 799 2639 854 circinus
2660 799 2849 869 pedem
2897 798 3095 864 ﬁxerit,
3127 796 3389 868 paranete
3416 795 3786 869 hyperboleou

2200 890 2534 944 ehromatica
2560 890 2947 946 “constituatur.
2987 889 3139 944 Trite
3168 892 3297 944 vero
3341 885 3640 953 diatonica,
3691 902 3786 940 ca-

2199 981 2321 1036 dem
2354 980 2420 1035 sit
2450 989 2505 1035 et
2550 980 2905 1035 cbroinatic'a.
2939 980 3006 1035 Et
3054 980 3109 1035 in
3159 979 3551 1035 enharmonico
3585 993 3791 1045 genere

2199 1075 2270 1131 sit
2296 1083 2553 1146 paranete
2601 1074 2964 1146 hyperbolcon
3025 1072 3438 1135 enharmonica,
3492 1087 3615 1142 qua:
3663 1071 3793 1125 trite

2200 1164 2561 1237 hyperboleon
2591 1164 2885 1219 diatonica.
2936 1162 3296 1218 Semitonium
3349 1173 3479 1217 vero
3527 1162 3791 1216 diatonici

2199 1258 2414 1329 generis
2441 1257 2714 1311 dividitur
2740 1256 2794 1310 in
2832 1254 3224 1310 enharmonico
3249 1258 3445 1323 genere
3490 1265 3591 1322 per
3616 1251 3793 1305 diesin

2200 1357 2255 1403 ct
2281 1349 2487 1411 dicsin;
2518 1355 2569 1403 et
2603 1347 2718 1403 hanc
2736 1347 2809 1401 sit
2837 1346 2962 1402 trite
2987 1344 3347 1418 hyperboleon
3373 1341 3789 1398 enharmonica.

2200 1439 2331 1494 lllud
2362 1454 2580 1509 quoque
2613 1438 2911 1502 sciendum,
2959 1438 3101 1508 quod
3141 1435 3318 1492 omnis
3363 1445 3491 1490 nete
3526 1443 3585 1489 et
3631 1448 3793 1505 para-

2202 1546 2349 1587 mese
2390 1542 2445 1585 ct
2492 1544 2640 1585 mese
2677 1539 2732 1586 et
2773 1531 2972 1601 hypate
3023 1537 3078 1583 ct
3119 1527 3686 1598 proslambanomena:
3734 1523 3793 1579 in

2202 1622 2375 1676 tribus
2424 1620 2715 1693 generibus
2760 1619 2870 1674 sint
2922 1617 3246 1684 immobiles,
3276 1624 3332 1672 et
3384 1615 3537 1670 initia
3568 1621 3626 1669 et
3654 1612 3794 1668 lines

520 1709 777 1776 diximus,
805 1710 1126 1765 habeantur.
1177 1709 1349 1780 llujus
1372 1710 1638 1781 siquidem
1681 1710 2105 1782 diazeugmenon
2141 1705 2180 1761 Β
2206 1714 2682 1771 tetrachordorum
2715 1721 3035 1784 operentur;
3068 1722 3126 1767 et
3169 1710 3313 1781 quod
3355 1708 3669 1764 diatonicon
3698 1720 3794 1777 geo

523 1802 853 1859 tetrachordi
892 1817 1012 1873 quac
1051 1803 1124 1858 sit
1163 1802 1343 1858 iiualis
1390 1804 1660 1858 videatur.
1711 1804 1993 1860 Dividatur
2035 1805 2103 1861 ad

522 1897 692 1951 instar
711 1894 909 1967 prioris
932 1894 1263 1949 tetrachordi
1291 1903 1413 1950 nete
1437 1893 1865 1966 diazeugmenou
1894 1896 2102 1952 circino

522 1986 575 2040 in
605 1998 714 2041 tres
740 2000 924 2056 aequas
948 1986 1145 2055 partes,
1174 1993 1227 2040 et
1256 1985 1413 2039 tertia
1440 2000 1567 2056 pars
1592 1986 1640 2040 ei
1678 1986 2097 2056 superaddatur;

520 2077 709 2148 sicque
735 2084 846 2131 tota
875 2075 1090 2132 residua
1117 2074 1321 2131 chorda
1348 2091 1631 2146 paramese
1655 2076 1960 2133 vocabitur.

592 2166 1020 2224 Tetrachordum
1053 2182 1182 2224 vero
1216 2169 1609 2241 synemmenon
1656 2167 1840 2225 taliter
1876 2176 1960 2225 est
1988 2185 2100 2225 mc-

519 2258 783 2314 tiendum.
825 2256 1122 2329 Spatiolum
1156 2256 1284 2313 illud
1326 2258 1470 2328 quod
1532 2267 1746 2315 constat
1792 2260 1935 2315 inter
1964 2260 2102 2315 duas

518 2348 710 2415 lineas,
741 2363 861 2419 quae
890 2346 1215 2404 altrinsecus
1246 2348 1455 2420 singula
1504 2349 1767 2405 tliamctr‘a
1796 2350 2099 2420 possident,

519 2440 790 2511 partiatur
815 2455 969 2510 aequa
1000 2439 1337 2495 dimensione
1385 2440 1438 2494 iu
1478 2440 1893 2512 longitudinem,
1935 2450 1992 2494 ut
2020 2442 2101 2496 in-

517 2530 773 2587 feriorem
800 2540 1010 2600 partem
1040 2529 1489 2601 diazeugmeuou,
1536 2542 1591 2586 ct
1628 2532 1962 2601 superiorem
1989 2544 2105 2587 sor-~

521 2620 1119 2678 tiaturtetrachordmu
1169 2635 1590 2693 synemmeuon;
1642 2632 1699 2678 et
1727 2638 1848 2678 eum
1897 2622 2099 2689 locum,

520 2729 680 2784 quem
710 2714 907 2768 retinet
935 2721 1193 2783 paranete
1238 2712 1666 2785 diezeugmenon
1704 2714 1771 2769 ad
1819 2722 1946 2770 nete
1989 2714 2097 2771 dia.

520 2808 876 2875 z‘cngmenon,
912 2803 1108 2857 habeat
1151 2811 1274 2859 nete
1316 2817 1725 2875 synemmcnon,
1755 2805 1863 2859 toni
1893 2803 2104 2860 scilicet

521 2893 861 2959 distantiam;
893 2892 984 2962 qui
1017 2903 1176 2948 tonus
1202 2890 1493 2962 coniungat
1543 2894 1908 2965 hyperboleon
1935 2903 2103 2950 tetra-

457 3011 465 3019 ι
521 2986 782 3040 chordum
814 3000 935 3040 cum
963 2983 1393 3055 diazeugmenon
1418 2985 1785 3049 tetrachordo,
1813 2995 1869 3041 et
1896 2986 2103 3056 disjun-

2203 1818 2304 1862 nus
2324 1814 2536 1861 constet
2564 1805 2777 1860 duobus
2803 1803 2942 1858 tonis
2970 1812 3026 1859 ct
3054 1801 3368 1866 semitonio,
3398 1807 3455 1855 ct
3483 1797 3793 1853 chromati-

2201 1911 2323 1952 cum
2351 1911 2521 1967 genus
2546 1895 2721 1950 tribus
2747 1894 3048 1950 semitoniis
3074 1891 3468 1962 incompositis,
3502 1898 3561 1944 et
3584 1887 3796 1957 majore

2200 1995 2258 2041 et
2284 1986 2492 2041 minore
2518 1984 2854 2056 compositis,
2900 1985 3347 2041 euharmonicum
3391 1981 3604 2037 duobus
3647 1981 3795 2036 tonis

2202 2076 2596 2147 incompositis,
2627 2086 2682 2132 et
2710 2076 2844 2132 diesi
2875 2084 2930 2131 et
2960 2076 3116 2133 diesi.

2273 2167 2367 2224 llis
2398 2168 2469 2223 ita
2500 2168 2797 2239 dispositis,
2831 2168 3017 2223 humili
3044 2176 3225 2223 mente
3255 2165 3488 2237 deposco
3518 2165 3795 2220 sanctitaa

2203 2268 2309 2314 tem
2342 2268 2596 2324 vestram,
2626 2259 2982 2313 amantissimi
3010 2257 3227 2322 fratres,
3249 2266 3309 2311 ut
3331 2257 3437 2311 ιιιυὶ
3472 2256 3791 2311 miserendo

2200 2349 2503 2404 orationum
2528 2358 2830 2405 vestrarum
2865 2349 3105 2420 remigiis
3134 2363 3220 2403 me
3253 2347 3306 2403 in
3331 2347 3445 2402 salo
3496 2347 3661 2415 hujus
3711 2347 3793 2400 la-

2199 2441 2377 2497 bentis
2406 2442 2501 2496 aevi
2517 2440 2849 2496 laborantem
2872 2438 3481 2509 sustentetis,quatinus
3494 2437 3791 2507 pervenire

2200 2548 2434 2598 merear,
2472 2540 2692 2588 auctore
2722 2531 2852 2597 Deo,
2882 2532 2948 2587 ad
2985 2540 3198 2603 portum
3230 2540 3448 2586 aeterna:
3484 2530 3701 2585 salutis.
3726 2522 3791 2583 Si

2203 2623 2324 2691 quis
2345 2637 2475 2678 vero
2506 2620 2665 2675 initia
2694 2629 2750 2676 et
2789 2620 2940 2684 lines,
3000 2632 3103 2676 nec
3148 2635 3253 2675 non
3303 2620 3658 2675 asteusiones
3736 2627 3791 2672 et

2203 2713 2605 2781 descensiones,
2652 2712 3094 2784 dili'erentiasque
3136 2721 3385 2767 tonorum
3435 2715 3503 2765 ad
3563 2710 3790 2781 plenum

2203 2823 2362 2863 nosse
2389 2807 2677 2873 desiderat,
2703 2805 2982 2877 epistolam
3013 2805 3166 2860 fratri
3197 2814 3252 2859 et
3274 2803 3656 2860 consacerdoti
3690 2816 3788 2855 no-

2203 2910 2317 2955 stro
2341 2898 2601 2953 Rotberto
2625 2912 2654 2952 a
2673 2912 2757 2952 me
2782 2897 3037 2967 scriptam
3060 2896 3299 2951 studiose
3318 2895 3418 2950 sibi
3451 2894 3615 2963 legat.
3651 2890 3793 2946 Snb-s

2199 2991 2375 3063 jectas
2401 2991 2790 3062 descriptiones
2818 2989 3000 3047 cordis
3022 2989 3183 3046 oculo
3213 2987 3673 3058 contemplantes,
3701 2996 3795 3038 va—‘

519 3078 614 3146 g’at
640 3092 1029 3149 syuemmenon
1073 3076 1141 3131 ab
1172 3075 1557 3149 byperbtileon,
1607 3085 1660 3132 et
1695 3091 1849 3147 ptene
1879 3090 1984 3132 una
2008 3093 2101 3134 ea—
2127 3075 2171 3138 C
2202 3082 2307 3137 lete
2337 3080 2539 3137 felices.

520 3169 752 3238 demque
779 3168 850 3224 sit
870 3176 1130 3238 paranete
1158 3168 1604 3240 diazeugmenon,
1646 3177 1701 3224 et
1735 3177 1858 3225 nete
1886 3185 2102 3242 syuem-

520 3274 741 3316 menon.
774 3259 951 3315 Simili
1004 3261 1162 3316 modo
1207 3260 1334 3316 trite
1380 3260 1804 3332 diezeugmenon
1849 3261 2102 3318 obtinens

521 3350 837 3406 distantiam
868 3350 1001 3416 toni,
1028 3359 1084 3406 et
1107 3358 1366 3421 paranete
1394 3365 1781 3423 synemmenon
1810 3365 1963 3422 paene
1996 3368 2102 3408 una

519 3443 807 3499 habeatur.
833 3442 906 3500 Ut
929 3456 1058 3500 vero
1085 3443 1212 3501 trite
1237 3457 1625 3516 syncmmcnon
1661 3459 1759 3514 per
1788 3459 2100 3500 consonan-

520 3538 650 3592 tiam
682 3545 945 3604 sumatur,
972 3536 1098 3593 trite
1120 3532 1487 3608 hyperboleon
1518 3537 1574 3592 in
1600 3537 1735 3592 duas
1756 3544 1940 3607 partes
1967 3537 2104 3593 divi-

519 3617 695 3693 datur‘,
735 3637 790 3684 et
831 3628 1185 3699 sesquialtera
1232 3630 1511 3700 proportio
1556 3637 1789 3699 aptetur.
1834 3627 1986 3685 Hanc
2015 3642 2101 3684 sc-

518 3720 707 3791 quitur
736 3735 899 3784 mese,
930 3729 1195 3791 potestate
1237 3731 1291 3777 et
1320 3721 1539 3776 nomine
1560 3720 1757 3786 medla,
1793 3719 2107 3789 conjunctaa

520 3828 642 3867 rum
697 3819 754 3868 et
810 3814 1107 3869 mediarum
1166 3814 1515 3870 tetrachorda
1586 3822 1904 3870 conectens.
1963 3812 2103 3870 Huic

517 3902 764 3975 proxima
794 3894 1053 3978 lychanOS
1085 3910 1271 3961 meson
1303 3905 1683 3977 sesquioctava
1713 3904 2098 3970 constituatur,

519 3995 868 4065 proportione
909 4000 1123 4067 sumpta
1169 4011 1201 4051 a
1244 4004 1505 4069 paranete
1547 3997 1973 4069 diezeugmenOn
2004 4011 2103 4067 per

520 4086 929 4141 consonantiam
977 4086 1250 4158 diapente.
1291 4086 1373 4144 Ad
1423 4087 1564 4145 hanc
1604 4089 1916 4145 moduletur
1941 4098 2101 4145 tonus
2176 4092 2185 4101 '

520 4174 819 4244 parhypate
847 4190 1055 4242 meson,
1086 4176 1499 4246 sesquialteram
1528 4178 1951 4235 modulationem
1978 4193 2099 4234 ser-

522 4278 653 4320 vans
676 4267 742 4320 ad
771 4268 895 4323 trite
922 4268 1370 4341 diazeugmenon.
1405 4269 1557 4327 Finis
1581 4285 1711 4327 vero
1732 4271 1891 4342 hujus
1914 4286 2101 4327 meson

527 4354 855 4411 tetrachordi
885 4358 1231 4413 semitonium
1263 4360 1645 4416 demonstrans
1675 4369 1732 4416 ut
1771 4361 2097 4427 inveniatur,

526 4461 713 4501 meson
736 4462 936 4504 nervus
966 4451 1325 4521 tripertiatur,
1349 4462 1403 4508 et
1431 4453 1514 4507 sui
1547 4453 1705 4508 tertia
1731 4468 1856 4523 pars
1882 4452 2100 4508 ut'con-
2129 4441 2176 4500 Ι)

521 4535 823 4591 sonantiam
855 4537 1186 4595 diatesseron
1216 4541 1412 4597 ciliciat
1438 4542 1511 4597 illi
1543 4542 1790 4599 addatur.
1814 4543 2099 4616 Lychanos

520 4640 737 4696 quoque
781 4626 1019 4698 hypaton
1048 4629 1246 4685 dudum
1297 4633 1581 4687 continens
1606 4641 1858 4703 quartam
1888 4643 2100 4705 partem

521 4717 686 4773 totius
730 4716 904 4785 lineae,
953 4734 1073 4790 qua:
1117 4721 1185 4776 ab
1238 4722 1440 4794 hypate
1482 4737 1671 4779 meson
1720 4725 2101 4795 sesquioctava

519 4810 866 4881 proportione
895 4811 1100 4870 distare
1144 4814 1376 4882 videtur,
1412 4816 1480 4871 ad
1508 4831 1693 4872 meson
1725 4817 2100 4887 sesquialtere-

522 4910 630 4955 tur.
658 4900 739 4955 Ad
770 4901 942 4957 instar
969 4918 1097 4960 vero
1131 4903 1317 4975 hujus,
1355 4905 1421 4961 ad
1471 4906 1729 4979 lychanos
1756 4922 1943 4962 meson
1985 4905 2097 4961 dia-

522 4997 679 5055 pente
703 4993 1110 5047 consonantiam
1133 5009 1378 5060 servans,
1402 5004 1457 5051 et
1480 4997 1549 5052 ab
1572 5011 1640 5052 eo
1660 5005 1788 5051 tono
1816 4994 2096 5062 dill‘erens,

521 5094 617 5147 per
666 5080 864 5151 hypate
925 5083 1160 5153 hypaton
1208 5087 1594 5142 constituatur.
1650 5086 1863 5158 Hypate
1914 5094 2096 5141 autem

522 5182 706 5224 meson
751 5171 1108 5241 tripertiatur,
1141 5182 1197 5230 ut
1230 5176 1429 5246 hypate
1462 5177 1701 5249 hypaton
1746 5175 2097 5231 semitonium

524 5260 905 5328 continentem,
948 5264 1293 5335 sesquitertia
1317 5267 1671 5337 proportione
1700 5273 1971 5335 operetur.
2013 5263 2097 5319 Ad

2204 3171 2405 3227 Deinde
2420 3171 2755 3242 superpositis
2772 3174 2906 3228 nolis
2929 3172 3141 3227 musicis
3163 3171 3421 3225 habentur
3433 3170 3487 3222 lii
3508 3166 3755 3222 versiculi
3766 3166 3791 3218 ἐ

2266 3264 2355 3314 His
2377 3265 2553 3325 poterit
2572 3263 2746 3313 sollers
2784 3267 3028 3325 signatum
3061 3264 3255 3314 discere
3283 3268 3474 3311 cantum

2265 3324 2608 3388 Schematibus
2629 3338 2776 3387 super
2799 3328 3056 3388 adscriptis
3076 3327 3183 3375 sine
3207 3336 3328 3373 voce
3349 3324 3601 3388 magistra,

2265 3387 2316 3436 Si
2342 3389 2544 3448 magada
2568 3383 2914 3449 (2|)chordam
2938 3383 3243 3436 discriminat
3269 3388 3316 3433 in
3343 3383 3695 3434 monocburdo.

2266 3448 2386 3498 Haec
2411 3450 2597 3497 etenim
2615 3452 2796 3511 repetit
2816 3452 2943 3498 vocis
2959 3449 3323 3511 reﬂexioigrata

2267 3510 2576 3572 Symphoniis
2599 3506 2882 3573 pariterque
2899 3513 3028 3560 tonis
3044 3506 3385 3559 diascliismate
3399 3506 3539 3556 bino.

2206 3588 2401 3647 Postea
2433 3590 2698 3673 Salutatio
2750 3592 3137 3673 apostolorum,
3167 3600 3239 3672 ,περ
3276 3587 3606 3672 inscribitur,
3646 3586 3791 3657 pari-

2655 3671 2738 3717 ter
2772 3679 2891 3716 cum
2922 3671 3060 3717 notis
3102 3671 3317 3716 ntustcts
3342 3676 3361 3714 :

2385 3750 2567 3814 _Avete,
2588 3752 2755 3814 mundi
2781 3753 2985 3813 lumina,

2385 3810 2560 3877 Pelle,
2584 3810 2757 3877 Paule,
2792 3810 3088 3877 sanctissima
3104 3811 3123 3877 ξ

2382 3876 2599 3939 Quorum
2622 3876 2748 3926 alter
2769 3876 2981 3939 patibulo
3010 3876 3172 3926 crucis

2386 3936 2683 4001 ﬁoniunctus
2705 3936 2956 4001 magistro,
2989 3939 3218 4001 alterque

2385 3995 2528 4060 Ensis
2547 3998 2717 4060 jugulo
2739 3995 2924 4049 locatus
2941 3995 3050 4049 cteli
3082 3995 3205 4049 solio

2388 4059 2559 4122 Mundi
2577 4059 2822 4122 gubernat
2854 4062 3125 4111 machinam

2350 4179 2357 4185 ι
2388 4121 2495 4185 gam
2522 4121 2661 4183 paene
2672 4124 2757 4185 lini
2778 4124 3061 4184 proximam.

2388 4182 2583 4247 [oscite
2609 4184 2750 4247 nobis
2779 4182 3004 4245 miseris,
3030 4195 3156 4247 quos
3186 4185 3356 4246 gravat
3424 4230 3427 4231 ν

2388 4243 2543 4306 Μοιθε
2562 4246 2801 4306 criminis,»
2820 4252 2876 4296 ut
2895 4243 3141 4297 vobiscum

2395 4305 2645 4369 Perpetua
2667 4305 2973 4370 perfruamur
2991 4307 3177 4357 laetitia.

2206 4386 2509 4462 Sequuntur
2532 4389 2919 4462 diagrammate
2940 4391 3087 4445 varia
3114 4387 3332 4442 musica.
3361 4382 3644 4440 Postremo
3670 4396 3792 4458 pro:-

2750 4461 2986 4532 sequitur
3006 4466 3211 4514 ductor.

2379 4548 2606 4601 Omnium
2631 4552 3058 4600 eonsonantiarutn
3080 4550 3224 4600 ratio.

2270 4641 2561 4698 Sciendum
2589 4651 2674 4699 est
2708 4642 2836 4714 quia
2865 4641 3164 4713 proportio,
3204 4639 3259 4695 id
3310 4646 3395 4694 est
3445 4636 3789 4708 comparatio

2201 4750 2569 4801 numerorum,
2594 4749 2715 4804 quae
2743 4733 3042 4806 appellatur
3070 4732 3122 4788 in
3165 4730 3515 4786 arithmetica
3555 4727 3781 4797 sesqui-

2202 4826 2381 4888 tertia,
2416 4825 2470 4880 id
2492 4833 2576 4880 est
2606 4826 2777 4881 altera
2804 4825 2985 4889 tertia,
3011 4838 3194 4879 sescus
3214 4822 3360 4877 enim
3391 4819 3595 4875 dicitur
3621 4817 3779 4880 alter,

2199 4917 2499 4988 appellatur
2548 4918 2602 4972 in
2655 4917 2880 4973 musicis
2930 4916 3283 4979 diatesseron,
3342 4928 3411 4967 ex
3473 4908 3687 4966 duobus
3731 4916 3786 4961 et

2200 5004 2480 5079 quattuor,
2507 5010 2660 5079 quia,
2688 5009 2897 5065 duobus
2925 5008 2979 5062 in
3003 5008 3178 5063 medio
3201 5002 3653 5066 consistentibus,
3679 4999 3785 5055 duo

2199 5098 2431 5156 extremi
2480 5098 2585 5153 sibi
2635 5099 2867 5155 invicem
2898 5098 3237 5170 copulantur,
3264 5104 3433 5150 utest
3472 5090 3785 5149 octonarius

2200 5188 2270 5243 ad
2297 5184 2571 5243 senarium
2604 5206 2618 5243 :
2643 5189 2957 5245 octonarius
2977 5189 3120 5244 enim
3141 5186 3304 5241 habet
3326 5185 3387 5239 in
3412 5198 3473 5239 se
3500 5192 3676 5238 totum
3702 5195 3784 5234 sec

2201 5276 2437 5342 narium,
2462 5286 2517 5332 et
2554 5277 2671 5347 ejus
2700 5278 2918 5334 tertiam
2968 5285 3203 5347 partem,
3251 5273 3306 5329 id
3355 5281 3441 5329 est
3489 5271 3780 5327 binarium.
