4116 5358
277 294 385 350 813

1700 305 2087 367 ορυδευω.

3427 324 3545 384 8M

277 410 562 481 diapente,
594 419 654 467 ut
680 420 762 469 est
776 412 1102 471 novenarius
1121 413 1188 470 ad
1202 414 1497 472 senarium.
1522 417 1696 481 liabet
1716 421 1861 475 enim
1890 430 1936 484 Α
1967 432 2196 491 partem,
2220 424 2273 479 id
2300 436 2383 482 est
2406 429 2689 485 unitatem.
2745 429 2925 503 Tripla
2976 420 3106 489 vero
3153 441 3433 508 proportio
3477 442 3532 500 in

276 500 616 557 noveuarius
642 508 814 557 totum
859 503 1155 571 senarium,
1180 513 1236 560 et
1257 504 1374 574 ejus
1407 508 1769 574 medietatem,
1805 510 1859 565 id

275 600 361 646 est
384 591 711 646 ternarium.
736 592 806 648 Et
830 609 952 664 qua:
977 594 1032 652 in
1052 596 1411 655 arithmeticis
1440 599 1622 670 dupla,
1658 600 1715 657 in
1735 618 1857 657 mu-

273 680 407 735 sicis
435 680 741 752 appellatur
762 682 1039 753 diapason,
1070 694 1128 741 ut
1152 695 1239 742 est
1259 687 1623 746 duodenarius
1657 691 1726 747 ad
1764 707 1854 747 se-

276 771 543 837 narium;
582 771 746 828 habet
775 774 920 829 enim
952 775 1313 832 duodenarius
1365 786 1534 833 totum
1577 781 1856 835 senarium

274 860 458 931 duplo.
494 862 563 917 Et
596 862 688 933 qui
717 865 1014 936 epogdous,
1046 867 1100 922 id
1124 876 1207 924 est
1232 868 1405 925 vicem
1426 868 1680 926 obtinens
1716 886 1856 942 pun-

274 953 349 1007 cti
380 952 471 1008 vel
493 954 717 1011 unitatis
739 956 793 1011 in
819 956 1200 1024 arithmetieis,
1240 959 1541 1029 appellatur
1590 970 1748 1017 tonus
1797 963 1852 1017 in

275 1044 530 1112 musicis,
561 1054 623 1101 ut
649 1054 736 1102 est
783 1048 1107 1105 novenarius
1154 1051 1222 1104 ad
1268 1051 1638 1119 octonarium;
1687 1053 1853 1109 habet

272 1134 417 1190 enim
443 1137 778 1194 noveuarius
805 1145 973 1194 totum
993 1141 1332 1196 octonarium
1359 1149 1415 1198 et
1437 1142 1556 1213 ejus
1597 1153 1849 1201 octavam

1963 513 2361 581 arithmeticis,
2405 519 2705 589 appellatur
2745 522 2999 593 diapason
3054 535 3110 580 et
3167 527 3421 603 diapente
3476 530 3530 588 in

1965 604 2206 668 musicis,
2262 615 2321 661 ut
2374 609 2686 664 cst-XVIII-
2730 613 2796 667 ad
2841 616 3142 683 senarium;
3195 618 3354 674 habet
3384 620 3530 678 enim

1966 692 2170 748 οχνιιι·
2187 698 2459 751 senarium
2486 700 2763 769 triplo,his
2784 714 2965 760 autem
2981 706 3217 776 duplum.
3249 711 3376 762 Item
3402 725 3527 780 qua-

1961 785 2209 857 druplmn
2233 789 2287 843 in
2313 790 2689 858 arithmeticis,
2712 795 2910 851 dicitur
2949 799 3033 855 bis
3053 801 3305 872 diapason
3336 805 3387 861 in
3415 825 3527 862 mu.

1958 876 2273 943 sicis,utest
2291 879 2517 937 ’ΧΧΙΙΙΙ⁸
2542 884 2609 939 ad
2625 889 2899 944 senarium
2917 933 2932 956 ,
2961 892 3122 949 habet
3138 897 3280 951 enim
3297 898 3528 956 °XXIIII'

1961 976 2133 1023 totum
2165 973 2554 1029 duodeuarium
2586 976 2766 1047 duplo,
2793 989 2849 1035 et
2872 985 3147 1040 senarium
3195 990 3521 1060 quadruplu,

1958 1066 2019 1112 ut
2036 1056 2277 1126 subjecta
2310 1060 2536 1119 formula
2568 1066 2920 1126 demonstrat.
2952 1056 3227 1144 sequitur—
3248 1078 3304 1133 in
3350 1056 3529 1135 codice

1955 1147 2305 1220 diagramma.

1398 1333 2115 1430 OPUSCULUM
2186 1347 2412 1436 VII.

1291 1547 1591 1606 Aremberlo
1620 1551 1777 1621 fratri
1809 1549 2142 1609 Odoramuus
2167 1554 2320 1625 plura
2348 1558 2553 1616 salutis.

308 1716 749 1807 ’Delectabilium
767 1747 1126 1819 quaestionum
1154 1754 1364 1800 tuarum
1388 1744 1694 1801 stimulatus
1724 1744 1852 1799 affa-
1886 1749 1927 1806 Β
1954 1745 2094 1841 pulis
2129 1749 2320 1807 tribus.
2349 1750 2563 1822 Drama,
2596 1758 2682 1826 tis,
2710 1762 2880 1819 tertiae
2919 1766 3314 1841 declinationis,
3362 1775 3524 1837 latine
3602 1818 3615 1825 α

270 1844 433 1911 tibus,
464 1843 588 1899 haec
609 1842 705 1898 tibi
726 1857 897 1912 pauca
920 1841 1087 1897 reddo
1107 1841 1352 1896 devotus.
1376 1839 1682 1894 Amalarius
1711 1838 1849 1908 Lug-

268 1932 523 1988 dunensis
546 1931 804 1987 Ecclesiae
826 1929 1101 1997 sacerdos,
1117 1930 1171 1985 in
1194 1930 1306 1984 suis
1331 1929 1605 1999 opusculis
1631 1942 1850 1997 rcSpon-

268 2025 467 2080 serium
504 2023 652 2079 beati
675 2023 941 2095 Gregorii,
977 2022 1131 2092 cujus
1154 2030 1236 2077 est
1259 2021 1473 2076 initium
1510 2039 1529 2072 ι
1567 2020 1850 2090 Aspicicns

269 2115 480 2187 alonge
514 2134 537 2168 ι
570 2115 998 2186 reprehendens,
1041 2115 1272 2170 miratur
1315 2114 1459 2185 quod
1490 2113 1543 2168 in
1567 2113 1677 2169 ullo
1727 2129 1848 2184 pro-

267 2206 554 2281 phetarum
583 2207 749 2261 verba
777 2206 947 2278 ipsius
964 2204 1290 2277 responsorii
1314 2204 1593 2271 continua,
1619 2212 1679 2259 ut
1699 2212 1845 2270 sunt,

269 2295 484 2351 minimc
510 2295 909 2366 repperiantur.
938 2294 1039 2363 Qui
1070 2295 1115 2350 si
1144 2294 1395 2353 subtilem
1420 2294 1844 2363 mentisoculum

268 2386 622 2451 adhibuisset,
659 2387 901 2458 profecto
923 2404 1027 2443 non
1050 2384 1224 2441 ‘solum
1250 2372 1303 2443 in
1329 2387 1630 2451 nocturnis,
1655 2400 1843 2439 verum

266 2476 422 2532 etiam
469 2478 529 2531 in
562 2477 772 2533 diurnis
799 2464 988 2534 olliciis
1016 2476 1283 2546 ejusmodi
1308 2476 1518 2532 ratione
1541 2476 1841 2545 composita

269 2568 518 2624 nonnulla
546 2570 892 2639 pervidisset,
937 2578 995 2625 ut
1029 2579 1155 2626 est:
1218 2567 1351 2624 dicit
1397 2567 1673 2632 Dominus,
1726 2582 1842 2621 scr-

269 2674 449 2716 mones
479 2660 615 2717 mei.
639 2681 659 2714 ι
689 2660 796 2717 Sed
821 2661 950 2717 licet
968 2676 1065 2718 vas
1089 2660 1372 2716 electionis
1401 2669 1456 2715 et
1474 2659 1838 2715 habitaculum

268 2748 497 2820 Spiritus
520 2752 698 2807 sancti
722 2749 953 2807 domnus
975 2749 1268 2822 Gregorius
1296 2749 1609 2809 defensioue
1654 2762 1837 2806 nostra

268 2857 364 2898 non
392 2851 576 2916 egeat,
599 2858 699 2900 nos
727 2852 905 2898 tamen
949 2844 1129 2899 minus
1177 2842 1454 2916 studiosis,
1496 2842 1626 2912 quid
1675 2858 1838 2913 super

268 2937 361 2991 hoc
382 2936 908 3008 sentiamus,paucis
930 2936 1280 2994 elucidamus.
1323 2935 1607 3005 Aspiciens
1627 2950 1658 2989 a
1680 2933 1837 3004 longe

266 3028 545 3094 (subaudis
580 3046 673 3102 ego
701 3028 1029 3103 Gregorius),
1054 3030 1110 3085 id
1157 3038 1261 3095 est,
1293 3028 1685 3099 contemplatus
1712 3038 1833 3100 post

1952 1834 2153 1892 dicitur
2172 1837 2371 1896 fabula.-
2398 1844 2527 1902 Inde
2552 1850 2855 1908 modulatur
2904 1859 3194 1929 antiphona
3236 1834 3526 1928 in'honore

1953 1926 2110 1997 hujus
2132 1930 2358 2003 virginis
2375 1950 2389 1987 :
2406 1935 2768 2008 Frequentate
2791 1946 2947 2002 nobis
2971 1926 3147 2008 dulcia
3171 1956 3379 2013 cantica
3402 1926 3523 2016 dra;

1953 2019 2143 2086 matis;
2172 2034 2333 2091 quam
2364 2041 2462 2082 nos
2483 2028 2765 2085 Canticum
2802 2037 3138 2095 canticorum
3169 2043 3400 2104 dicimus
3427 2051 3524 2105 Sa-

1948 2107 2197 2178 lomonis,
2234 2113 2287 2167 in
2315 2129 2443 2185 quo,
2472 2128 2595 2187 post
2619 2123 2785 2178 multa
2837 2126 2939 2180 sub
2984 2143 3211 2198 persona
3239 2135 3519 2209 Ecclesize,

1947 2209 2147 2255 sanctae
2169 2200 2267 2257 Dei
2293 2203 2554 2262 Genitrici
2582 2226 2818 2284 congrua
2852 2217 3265 2293 reciprocando,
3311 2230 3367 2284 in
3402 2200 3522 2301 ejus

1945 2292 2305 2394 admiratione
2329 2298 2511 2356 taliter
2536 2305 3149 2385 proclamatsynagoga:
3172 2292 3518 2394 «Revertere,

1946 2380 2266 2453 Sunamitis,
2308 2401 2600 2461 revertere,
2649 2407 2947 2469 revertere,
2972 2414 3031 2460 ut
3059 2407 3369 2470 intueamur
3389 2425 3460 2473 te.

1943 2474 2221 2547 Frequens
2265 2484 2617 2553 proclamatio
2663 2489 2903 2548 insinuat
2938 2499 3082 2567 quod
3123 2502 3324 2562 nimius
3361 2511 3522 2565 ardor

1942 2566 2156 2624 videndi
2187 2587 2305 2626 eam
2332 2588 2578 2633 versetur
2601 2580 2652 2634 in
2680 2566 3099 2659 uniuscujusque
3122 2591 3295 2653 fidelis
3315 2600 3517 2657 animo.

1940 2656 2046 2715 Per
2060 2659 2449 2723 Sunamitidem
2479 2684 2630 2740 ergo,
2654 2688 2795 2743 quas,
2825 2687 2884 2731 ut
2914 2679 2966 2733 in
2992 2656 3194 2752 Ilegum
3223 2687 3362 2747 libro
3386 2690 3521 2762 legi-

1942 2762 2048 2822 tur,
2069 2755 2122 2810 in
2150 2759 2398 2815 universa
2426 2772 2567 2818 terra
2587 2764 2789 2823 Israhel
2820 2771 2887 2825 ad
2908 2774 3252 2830 serviendum
3270 2777 3384 2844 regi
3410 2755 3509 2842 Da-

1937 2847 2027 2902 vid
2051 2852 2370 2920 perquisita,
2433 2854 2651 2912 inventa
2697 2870 2786 2915 est
2812 2863 2997 2932 pulcra
3042 2868 3226 2936 nimis,
3272 2871 3326 2926 in
3365 2882 3518 2943 cujus

1936 2940 2100 2995 etiam
2129 2941 2250 2997 sinu
2287 2960 2382 3000 rex
2416 2948 2685 3018 quievisse
2724 2952 2942 3023 dicitur,
2985 2959 3145 3015 beata
3202 2972 3259 3018 et
3305 2940 3522 3036 semper

1938 3032 2102 3106 Virgo
2112 3033 2281 3092 Maria
2295 3038 2581 3111 ﬁguratur,
2596 3046 2648 3100 in
2664 3047 2817 3117 cujus
2829 3052 2948 3105 sinu
2970 3051 3084 3109 lies
3097 3055 3354 3113 caelorum
3371 3032 3508 3130 quie-

269 3117 424 3174 multa
480 3126 731 3189 tempora
781 3121 1069 3176 adventum
1098 3118 1320 3185 Christi,
1368 3132 1495 3174 ecce
1531 3118 1691 3174 video
1739 3118 1833 3174 Dei
1862 3109 1913 3176 C
1944 3128 2084 3185 visse
2113 3133 2382 3201 creditur;
2408 3145 2464 3192 et
2493 3151 2560 3193 ex
2601 3139 2756 3210 cujus
2785 3142 3129 3202 immaculato
3157 3158 3330 3217 utero,
3354 3109 3518 3207 homo

269 3209 552 3279 potentiam
579 3211 910 3277 venientum,
938 3211 1106 3279 idest,
1137 3209 1294 3268 oculo
1314 3226 1457 3267 vera:
1478 3208 1599 3266 ﬁdei
1623 3210 1838 3266 intueor

270 3302 535 3370 tmplctum
567 3302 696 3357 illud
717 3302 859 3374 quod
884 3302 1285 3359 aitPsalmista:
1306 3321 1325 3354 ι
1346 3302 1562 3369 Excita,
1587 3302 1834 3371 Domine,

269 3395 548 3460 potentiam
573 3397 961 3462 tuam,etveni,
992 3404 1048 3450 ut
1074 3395 1252 3452 salvos
1275 3394 1447 3451 facias
1474 3410 1592 3452 nos.
1624 3415 1645 3449 ι
1679 3395 1746 3451 Et
1776 3405 1836 3451 ut

269 3485 336 3539 ait
360 3484 549 3544 Esaias
573 3488 837 3558 propheta
863 3506 879 3545 :
931 3508 948 3541 ι
976 3488 1114 3544 Ecce
1135 3504 1332 3544 nomen
1359 3488 1573 3545 Domini
1594 3490 1743 3545 venit
1768 3489 1837 3545 de

268 3575 568 3649 longinquo.
607 3598 625 3632 ι
684 3579 757 3635 Et
783 3580 1037 3637 nebulam
1082 3590 1249 3636 totam
1302 3591 1505 3637 terram
1566 3590 1835 3653 tegentem

269 3668 534 3734 (subaudis
551 3672 745 3744 video),
762 3674 815 3729 id
824 3674 1144 3746 estgloriam
1159 3675 1368 3729 Domini
1388 3684 1557 3730 totum
1576 3675 1833 3730 mundum

270 3759 601 3830 implentem;
640 3765 1092 3836 quemadmodum
1121 3764 1383 3837 sapientia
1412 3766 1506 3821 Dei
1548 3766 1726 3823 Patris
1780 3767 1834 3822 in

269 3850 411 3908 laude
432 3854 732 3911 suifatetur
749 3873 764 3911 :
784 3874 803 3909 ι
823 3855 937 3929 Ego
959 3855 1062 3912 feci
1088 3857 1139 3912 in
1154 3856 1301 3913 caelis
1312 3866 1371 3912 ut
1392 3859 1629 3912 oriretur
1651 3856 1833 3914 lumen

270 3945 593 4017 indeliciens,
616 3957 671 4005 ct
688 3950 844 4022 quasi
871 3950 1065 4005 nebula
1093 3949 1199 4005 texi
1229 3965 1445 4006 omnem
1470 3959 1691 4005 terram.
1716 3969 1735 4002 (
1758 3949 1835 4005 Ite

268 4037 468 4094 obviam
493 4041 543 4097 ei
570 4040 851 4113 (subaudis
871 4044 1044 4098 cum-ti
1071 4042 1271 4115 ﬁdeles)
1289 4084 1304 4108 ,
1329 4043 1382 4099 id
1403 4052 1507 4111 cst,
1540 4043 1834 4115 praevenite

269 4146 380 4187 eum
398 4131 684 4191 Psalmista
710 4134 903 4192 faciem
938 4135 1056 4206 ejus
1086 4137 1139 4192 in
1161 4135 1531 4203 confessione;
1560 4144 1616 4191 et
1650 4135 1829 4199 dicite,

271 4222 433 4291 idest,
466 4229 633 4283 corde
662 4228 864 4285 credite
892 4237 947 4285 et
973 4243 1069 4286 ore
1091 4227 1447 4294 conﬁtemini,
1471 4235 1751 4283 cantantes
1780 4236 1835 4282 et

270 4316 541 4383 psallentes
583 4320 639 4375 in
670 4320 921 4377 eordibus
946 4321 1139 4377 vestris
1168 4319 1416 4377 Domino.
1446 4318 1653 4374 Nuncia
1677 4318 1834 4374 nobis

269 4405 310 4461 si
333 4415 385 4462 tu
407 4424 466 4466 es
493 4410 609 4482 ipse
633 4412 725 4482 qui
751 4421 1077 4484 regnaturus
1102 4427 1161 4468 es
1186 4414 1240 4467 in
1273 4410 1472 4483 populo
1500 4409 1721 4477 Israhel,
1775 4408 1829 4464 id

270 4505 361 4564 est,
385 4499 691 4558 demonstra
713 4503 870 4559 nobis
905 4518 1001 4574 per
1023 4503 1315 4575 pr0phetas
1345 4510 1468 4557 tuos
1488 4500 1827 4556 nativitatem

272 4595 404 4645 tuam
430 4592 543 4650 sive
561 4592 826 4664 judicium
858 4595 1120 4662 futurum,
1164 4594 1500 4651 ostendendo
1540 4593 1696 4650 nobis
1724 4593 1829 4649 mi-

272 4685 600 4741 sericordiam
624 4695 792 4753 tuam,
816 4695 875 4741 ut
896 4686 1027 4743 salvi
1056 4689 1258 4753 simus;
1284 4685 1391 4752 vel,
1417 4684 1653 4741 salutare
1681 4695 1829 4741 tuum

272 4773 410 4831 nobis
438 4787 619 4833 notum
639 4776 909 4846 facTendo,
939 4779 1032 4849 qui
1065 4780 1208 4850 regis
1250 4776 1472 4844 Israhel,
1500 4776 1553 4831 id
1574 4785 1657 4833 est
1684 4778 1831 4833 viros

270 4863 493 4923 videntes
514 4870 706 4927 Deum.
726 4870 857 4925 Illud
886 4887 1034 4939 vero,
1067 4871 1349 4927 carissime
1370 4871 1562 4936 frater,
1582 4867 1831 4925 sollerter

272 4951 561 5017 intuendum
596 4970 704 5027 est,
733 4963 874 5033 quod
915 4963 970 5018 in
1014 4962 1236 5033 psalmis
1263 4963 1346 5018 vel
1372 4961 1655 5033 prophetis
1679 4961 1828 5018 Iutu-

269 5058 374 5101 rum
403 5057 731 5123 tempus—pro
751 5056 1114 5123 praeterito,et
1135 5054 1467 5124 praeteritum
1491 5069 1593 5125 pro
1622 5053 1828 5124 futuro,

269 5148 487 5203 praesens
511 5157 731 5213 quoque
776 5158 874 5212 pro
896 5145 1177 5215 praeterito
1204 5144 1288 5200 vel
1334 5144 1540 5207 futuro,
1600 5155 1828 5215 praeter—

272 5225 491 5301 itumque
515 5245 568 5290 et
589 5233 831 5290 futurum
850 5252 948 5307 pro
967 5236 1216 5308 praesenti
1242 5237 1483 5305 ponitur.
1516 5231 1578 5290 Si
1604 5237 1690 5293 cui
1715 5238 1829 5294 dis-

275 5319 426 5358 ΙιΙῖι-Αη
435 5336 446 5358 Ι

478 5328 573 5358 :nln
621 5330 896 5358 nn-nnn:-nl
924 5333 1022 5358 ..ξιξ
1055 5332 1265 5358 uel"---

1940 3219 2116 3278 factus
2135 3238 2233 3293 pro
2261 3224 2431 3282 salute
2456 3238 2663 3296 nostra,
2689 3230 2853 3298 idem,
2885 3233 3026 3291 Deus
3072 3245 3127 3292 et
3145 3238 3329 3309 homo,
3363 3244 3519 3312 quasi

1939 3328 2034 3370 rex
2066 3315 2132 3370 de
2152 3317 2405 3374 cubicqu
2428 3335 2526 3375 suo
2569 3325 2900 3393 processisse
2943 3329 3288 3398 praedicatur.
3345 3333 3516 3391 Recte

1939 3416 2120 3463 autem
2144 3408 2209 3466 de
2226 3408 2562 3470 Sunamitide
2591 3415 2820 3486 legitur:
2854 3438 2872 3471 ε
2894 3418 3012 3475 Itex
3026 3438 3155 3479 vero
3181 3440 3289 3480 non
3319 3441 3519 3498 cogno-

1938 3498 2171 3568 viteam,
2202 3521 2221 3553 ι
2242 3503 2369 3573 quia
2395 3504 2552 3561 beata
2568 3506 2732 3578 Virgo
2748 3508 2940 3578 Maria,
2963 3512 3115 3586 virgo
3135 3526 3261 3572 ante
3275 3527 3514 3588 partum,

1937 3593 2090 3665 virgo
2111 3605 2235 3664 post
2254 3604 2561 3665 partum,et
2584 3599 2799 3671 virgoin
2824 3612 3007 3675 partu,
3031 3607 3233 3678 absque
3248 3611 3515 3665 commix-

1940 3684 2086 3742 tione
2109 3686 2251 3742 virili
2277 3687 2448 3745 Deum
2472 3692 2812 3750 ethominem
2832 3696 2989 3754 nobis
3012 3697 3358 3756 inell‘ahilitcr
3380 3717 3510 3775 pro-

1937 3777 2081 3834 tulit.

2006 3870 2278 3943 Alioquin,
2307 3889 2371 3930 ea
2398 3891 2518 3946 quae
2546 3877 2613 3933 de
2636 3877 2971 3938 Sunamitide
3001 3882 3300 3954 figuraliter
3326 3897 3516 3956 protu-

1936 3964 2118 4030 limus,
2151 3977 2322 4025 restat
2344 3978 2402 4025 ut
2429 3970 2498 4027 de
2530 3981 2715 4029 sancta
2756 3973 2853 4031 Dei
2877 3973 3117 4031 Ecclesia
3148 3992 3256 4034 non
3282 3977 3516 4034 habente

1934 4055 2201 4111 maculam
2246 4074 2418 4128 neque
2462 4077 2648 4131 rugam
2695 4063 2925 4134 mystice
2970 4065 3345 4138 intelligamus.
3375 4069 3513 4125 Dum

1935 4148 2078 4201 enim
2115 4148 2183 4203 de
2208 4148 2400 4205 divinis
2427 4150 2720 4221 Scripturis
2752 4154 3080 4211 intellectum
3126 4157 3355 4229 alicujus
3398 4177 3515 4233 my-

1935 4235 2086 4291 stica:
2106 4236 2516 4308 signiﬁcationis
2543 4243 2853 4313 exsculpere
2868 4246 2975 4301 Deo
3003 4246 3239 4304 donante
3265 4250 3511 4319 nitimur,

1937 4340 2045 4380 una
2074 4341 2198 4381 cum
2228 4326 2430 4385 Christi
2466 4331 2742 4403 discipulis
2768 4333 2945 4405 spicas
2970 4337 3220 4394 manibus
3246 4339 3514 4398 confrica-

1853 4467 1909 4530 Β
1936 4433 2073 4473 mus.
2124 4417 2348 4489 Sunam,
2373 4421 2527 4491 juxta
2570 4441 2755 4481 veram
2800 4427 3186 4487 Hebraicorum
3233 4434 3514 4490 nominum

1934 4509 2450 4581 interpretationem,
2500 4516 2722 4571 altitudo
2746 4518 3166 4590 interpretatur;
3207 4524 3352 4580 unde
3385 4524 3514 4579 Abi-

1932 4618 2046 4674 sag,
2075 4603 2215 4658 inter
2242 4603 2380 4660 tilias
2420 4606 2752 4663 Hierusalem
2778 4611 3044 4680 speciosa,
3074 4629 3195 4685 qua:
3221 4615 3509 4671 voluntatis

1932 4697 2231 4767 ignorantia
2280 4697 2705 4770 interpretatur,
2755 4713 2876 4759 orta
2928 4704 3095 4763 fuisse
3143 4706 3508 4774 describitur;

1930 4802 2094 4857 quam
2123 4788 2292 4847 David
2318 4806 2434 4857 rex,
2465 4790 2557 4861 qui
2586 4791 2737 4860 fortis
2767 4811 2927 4849 manu
2957 4796 3371 4866 interpretatur,
3407 4812 3506 4851 suo

1930 4876 2086 4932 lateri
2113 4879 2367 4947 sociasse,
2398 4882 2494 4937 sed
2526 4897 2646 4938 eam
2682 4884 2904 4940 minime
2948 4887 3273 4957 cognovisse
3294 4886 3509 4957 legitur.

1929 4967 2168 5024 Adonias
2195 4985 2324 5026 vero
2352 4971 2446 5042 qui
2473 4973 2650 5029 senior
2680 4974 2908 5041 dicitur,
2950 4990 3048 5046 per
3089 4990 3312 5031 manum
3357 4973 3517 5028 Both-

1931 5057 2081 5126 sabe,
2112 5075 2232 5130 qua:
2287 5061 2473 5117 domus
2528 5071 2754 5132 septem,
2808 5063 2924 5118 sive
2964 5064 3151 5117 domus
3210 5063 3518 5119 abbatizan-

1931 5152 2065 5205 tium
2094 5153 2503 5222 interpretatur,
2535 5167 2653 5208 eam
2684 5169 2781 5209 suo
2812 5154 3069 5224 conjugio
3089 5157 3404 5221 postulasse
3433 5151 3519 5206 di-

1931 5245 2193 5299 noscitur.
2252 5244 2351 5299 Hic
2392 5260 2490 5314 per
2530 5258 2747 5297 manum
2792 5243 3042 5309 Banaiae,
3089 5244 3185 5311 qui
3236 5248 3523 5301 instructor

1935 5336 2042 5358 -2..-
2085 5336 2365 5358 __J.‘£_-.-..
2402 5335 2594 5358 .IS-24.-..
2662 5334 2853 5358 'l..:-..l..
2902 5334 2992 5358 ΩΙΞΞ
3065 5334 3151 5358 ιιι-ιζ
3200 5338 3403 5358 ----ξ-..-
3433 5334 3467 5358 ζ.
