4116 5358
516 256 622 312 815

1387 245 1738 304 ODORANNI
1777 242 2081 304 MONACllI
2125 241 2182 297 5.
2219 232 2425 298 PETRI
2463 239 2603 298 VIVI
2640 235 2889 298 SENON.

3671 239 3776 297 816

587 365 698 420 Per
746 360 946 418 Sanam
967 399 982 425 ,
1023 371 1144 430 quae
1188 355 1412 411 altitudo
1440 341 1859 428 interpretatur,
1894 363 2096 411 aeterna
2123 365 2170 426 Α
2199 363 2283 409 sta
2313 369 2326 406 :
2385 370 2404 405 ι
2435 352 2661 408 Adstitit
2681 353 2864 423 regina
2895 346 3156 408 a'dextris
3173 350 3281 407 tuis
3303 350 3358 405 in
3386 351 3587 407 vestitu
3615 352 3782 409 dead--

513 457 612 513 Dei
654 453 938 525 sapientia,
969 451 1025 505 id
1049 459 1132 505 est
1157 449 1394 506 Verbum
1421 448 1620 515 Patris,
1658 465 1754 520 per
1783 450 1925 519 quod
1955 448 2097 502 facta

510 555 643 605 sunt
673 543 854 600 omnia
878 582 894 610 ,
939 551 1084 598 recte
1130 539 1473 610 intelligitur;
1504 541 1570 596 de
1596 555 1702 609 quo
1735 555 1834 610 per
1871 538 2098 594 Psalmi-

516 652 656 694 stam
678 634 878 692 dicitur
901 651 915 689 :
947 653 964 686 ι
983 632 1159 687 Verbo
1182 631 1394 687 Domini
1415 631 1537 686 eteli
1561 630 1758 685 ﬁrmati
1781 639 1933 694 sunt;
1964 649 1982 682 ι
2003 638 2057 684 et
2079 645 2094 683 :

526 747 544 783 ι
567 726 759 786 Omnia
775 725 827 780 in
841 723 1101 794 sapientia
1114 721 1317 787 fecisti;
1339 741 1358 774 ι
1376 721 1442 776 de
1456 736 1563 790 quo
1574 732 1628 776 et
1647 735 1742 790 per
1757 719 2095 779 Salomonem

522 822 749 877 dicitur:
778 837 798 872 ι
827 817 1014 876 Omnis
1040 815 1304 886 sapientia
1321 813 1589 869 aDomino
1614 813 1725 870 Deo
1753 822 1834 868 est
1852 851 1866 878 ,
1893 819 1948 866 et
1975 826 2096 867 cum

519 909 613 966 illo
637 907 742 964 fuit
770 921 1008 977 semper,
1036 912 1092 959 et
1115 912 1199 960 est
1220 911 1344 958 ante
1371 917 1564 957 aevum.
1584 920 1603 953 ι
1629 899 1793 969 Cujus
1809 901 1973 955 etiam
2001 915 2094 953 ex-

418 1061 421 1064 _
515 999 765 1058 celleritia
781 995 1090 1067 Apostolus,
1114 1009 1286 1064 usque
1315 993 1380 1050 ad
1414 993 1628 1049 tertium
1659 993 1855 1047 coelum
1892 1000 2095 1060 raptus,

515 1099 696 1145 mente
721 1086 1132 1157 contemplatus,
1158 1084 1456 1156 proclamat
1481 1102 1495 1138 :
1531 1103 1549 1137 ι
1579 1084 1622 1141 0
1644 1083 1868 1137 altitudo
1889 1082 2098 1136 divitia-

515 1194 635 1232 rum
667 1177 943 1248 sapientiae
971 1184 1026 1230 et
1057 1174 1300 1229 scientia:
1328 1173 1422 1228 Dei
1450 1175 1462 1228 ε
1501 1187 1662 1243 quam
1692 1172 2100 1243 incomprehen-

515 1269 690 1324 sibilia
733 1277 859 1323 sunt
877 1266 1080 1336 judicia
1111 1263 1256 1332 ejus,
1293 1273 1348 1319 et
1391 1263 1792 1333 investigabiles
1819 1262 1919 1316 via:
1943 1261 2096 1330 ejus!

519 1360 654 1426 Quis
681 1359 824 1414 enim
853 1357 1104 1427 cognovit
1134 1369 1351 1410 sensum
1383 1353 1620 1418 Domini,
1652 1363 1745 1408 aut
1774 1353 1894 1424 quis
1923 1353 2100 1408 consi-

517 1451 707 1505 liarius
729 1448 845 1518 ejus
875 1448 996 1512 fuit,
1027 1456 1120 1500 aut
1155 1445 1274 1515 quis
1297 1444 1446 1514 prior
1479 1443 1624 1498 dedit
1652 1443 1724 1498 illi
1753 1453 1805 1496 et
1834 1443 2101 1497 retribue-

520 1549 609 1594 tur
631 1539 678 1595 ei
703 1539 724 1592 ?
762 1538 1015 1608 quoniam
1059 1551 1155 1606 per
1196 1537 1390 1606 ipsum,
1420 1541 1474 1588 et
1504 1549 1623 1587 cum
1658 1534 1792 1602 ipso,
1822 1541 1878 1586 ct
1906 1533 1956 1586 in
1985 1533 2101 1602 ipso

519 1637 645 1685 sunt
669 1628 884 1692 onmia;
913 1627 1011 1697 ipsi
1039 1625 1206 1696 gloria
1232 1633 1283 1679 et
1313 1624 1596 1694 imperium
1627 1624 1678 1676 in
1711 1623 1903 1677 sarcula
1932 1638 2099 1677 saecu-

2200 452 2340 509 rato,
2368 443 2699 498 cireumdata
2728 443 3041 497 varietate.»
3063 441 3120 497 ln
3144 441 3371 496 vestitus
3405 442 3784 511 deauratione,

2197 545 2362 586 cruor
2390 546 2488 600 per
2513 546 2672 602 quem
2703 531 2965 600 redempti
3014 527 3204 590 sumus
3246 531 3531 602 sanguinis
3554 531 3786 602 Christi,

2196 635 2294 677 seu
2340 622 2526 676 unctio
2571 621 2884 676 chrismatis
2915 620 3113 688 sacri;
3159 629 3214 675 et
3265 621 3318 675 in
3348 621 3790 680 circumdatione

2196 711 2502 776 varietatis,
2554 711 2800 780 signatur
2824 710 2975 766 varia
3002 710 3313 767 distributio
3350 713 3618 767 donorum
3665 713 3790 783 Spi.

2199 803 2336 858 ritus
2370 802 2564 857 sancti.
2618 802 2678 856 In
2717 801 2840 857 sinu
2871 817 3002 858 vero
3031 800 3292 858 Ecclesia:
3332 802 3585 859 Christus
3633 805 3793 875 quie~

2198 891 2322 956 scit,
2356 891 2480 945 dum
2524 898 2649 960 post
2670 890 3124 946 resurrectionem
3153 906 3330 956 suam,
3355 907 3684 948 ascensurus
3734 895 3789 947 in

2199 981 2409 1047 cmlum,
2427 981 2684 1052 apostolis
2705 982 2864 1038 dicit:
2896 1000 2914 1034 ι
2940 981 3133 1052 Siquis
3158 983 3450 1054 diligitme,
3479 999 3790 1040 sermonem

2199 1087 2378 1127 meum
2403 1073 2660 1139 servabit,
2719 1082 2777 1128 et
2803 1072 2969 1128 Pater
3014 1087 3172 1128 meus
3217 1073 3406 1145 diliget
3449 1090 3599 1144 eum,
3631 1087 3688 1132 et
3723 1077 3793 1131 ad

2200 1178 2325 1218 cum
2356 1165 2658 1230 veniemus,
2687 1172 2742 1218 et
2763 1164 3099 1220 mansionem
3122 1165 3262 1235 apud
3292 1181 3417 1221 eum
3445 1166 3736 1223 faciemus.
3767 1186 3787 1219 ι

2201 1253 2358 1311 Unde
2384 1266 2440 1310 et
2475 1254 2750 1311 Johannes
2778 1257 2853 1310 ait
2883 1274 2898 1310 :
2927 1273 2946 1308 ι
2972 1256 3029 1311 Si
3064 1257 3338 1328 diligimus
3359 1258 3615 1325 invicem,
3649 1261 3795 1318 Deus

2200 1346 2253 1400 in
2304 1347 2460 1402 nobis
2495 1357 2700 1412 manet,
2754 1357 2812 1403 et
2840 1348 3045 1405 caritas
3091 1348 3208 1418 ejus
3251 1351 3304 1404 in
3348 1351 3505 1406 nobis
3543 1352 3794 1422 perfecta

2201 1443 2303 1490 est.
2348 1454 2366 1487 ›
2400 1435 2653 1506 Alioquin
2685 1437 2925 1493 Adonias
2952 1478 2968 1504 ,
3018 1439 3110 1508 qui
3151 1441 3328 1494 senior
3373 1441 3790 1512 interpretatur,

2201 1525 2482 1595 antiquum
2511 1525 2858 1581 Hebraeorum
2882 1527 3139 1599 populum
3178 1530 3469 1601 designat.;
3490 1532 3607 1601 qui,
3640 1541 3793 1602 post-

2201 1633 2364 1685 quam
2399 1617 2674 1673 Christum
2713 1619 3001 1675 Dominum
3031 1620 3083 1675 in
3107 1636 3269 1678 cruce
3298 1624 3640 1694 suspendens
3673 1641 3792 1680 mo-

523 1720 723 1773 lorum.
746 1739 764 1772 ›
807 1717 911 1771 Per
953 1716 1150 1787 Abisag
1183 1730 1332 1782 vero,
1362 1731 1480 1784 quae
1507 1714 1786 1768 voluntatis
1808 1714 2105 1784 ignorantia
2132 1718 2180 1776 Β
2211 1710 2437 1765 rientem
2466 1709 2618 1778 vidit,
2670 1713 2958 1768 occasione
2985 1713 3190 1769 veteris
3234 1715 3369 1786 legis
3414 1725 3666 1787 accepta,
3697 1734 3795 1773 ec-

519 1812 929 1881 interprctatur,
961 1818 1146 1862 sancta
1175 1806 1466 1860 electorum
1498 1805 1737 1859 Ecclesia
1767 1805 2098 1874 designatur,

517 1904 584 1954 de
613 1915 719 1970 qua
745 1914 840 1970 per
855 1897 1200 1953 Salomonem
1228 1896 1454 1951 dicitur:
1488 1914 1506 1948 ι
1525 1895 1674 1949 Felix
1706 1895 1927 1959 sterilis,
1946 1907 1998 1950 et
2023 1896 2102 1950 in-

515 1990 847 2060 conquinata
875 1990 886 2044 !
930 2004 1048 2058 qua:
1074 1985 1303 2041 nescivit
1331 1997 1507 2041 torum
1541 1985 1593 2038 in
1621 1985 1818 2040 delicto
1841 2025 1855 2050 ,
1887 1985 2104 2040 habebit

513 2079 750 2135 fructum
799 2078 853 2134 in
887 2075 1224 2147 respectione
1253 2074 1558 2129 animarum
1608 2085 1939 2128 sanctarum.
1978 2093 1996 2127 ι
2026 2073 2102 2129 De

517 2187 624 2240 qua
649 2169 812 2223 etiam
837 2168 993 2223 Anna
1024 2176 1199 2221 mater
1223 2164 1394 2222 sancti
1425 2163 1749 2230 Samuhelis,
1785 2163 2102 2220 foecunditao

515 2270 623 2314 tcm
659 2273 966 2330 synagogac,
994 2267 1050 2313 et
1080 2255 1424 2312 sterilitatem
1467 2255 1583 2326 ejus
1620 2255 1685 2310 ad
1727 2263 1972 2326 tempus;
2011 2254 2104 2311 de.

519 2367 665 2406 mum
695 2365 824 2406 vero
849 2349 1083 2405 futuram
1111 2348 1368 2403 Ecclesia:
1396 2345 1800 2403 foecunditatem
1821 2386 1834 2412 ,
1862 2354 1915 2401 et
1943 2361 2103 2417 syna-

515 2457 667 2513 goga:
721 2441 1062 2497 sterilitatem
1111 2439 1406 2494 adtenderis
1435 2479 1448 2502 ,
1509 2437 1874 2516 prophetando
1924 2436 2102 2490 intulit

515 2533 739 2588 dicens:
785 2551 802 2584 ι
832 2531 1046 2587 Sterilis
1084 2530 1292 2599 peperit
1323 2530 1612 2599 plurimos,
1656 2536 1708 2584 et
1739 2543 1857 2596 qua:
1906 2523 2103 2581 multos

515 2623 748 2679 habebat
769 2623 908 2677 ﬁlios
932 2623 1206 2679 inﬁrmata
1227 2630 1324 2679 est.
1341 2639 1360 2675 ι
1386 2620 1521 2689 Quia
1553 2634 1762 2686 revera,
1779 2618 2104 2676 caerimoniis

515 2724 567 2768 et
622 2713 936 2772 animalium
991 2714 1228 2769 victimis
1281 2713 1481 2769 veteris
1531 2711 1663 2780 legis
1723 2709 2098 2774 cessantibus,

522 2820 697 2866 mater
726 2819 912 2864 nostra
945 2816 1132 2864 sancta
1162 2815 1216 2862 et
1246 2804 1591 2861 immaculata
1619 2801 1713 2858 Dei
1741 2802 1978 2858 Ecclesia
2007 2814 2102 2871 per

520 2901 680 2954 ﬁdem
712 2897 1048 2954 credentium
1094 2904 1148 2950 et
1189 2896 1327 2951 sacri
1363 2894 1699 2965 baptismatis
1739 2892 2101 2964 regeneratio-

520 3007 641 3046 nem
671 2991 779 3046 Deo
810 2991 1029 3046 cottidie
1069 2988 1207 3043 ﬁlios
1251 2988 1469 3056 gignere
1524 3001 1631 3041 non
1665 2986 1878 3040 desinit.
1933 2984 2099 3039 Porro

2206 1801 2432 1856 elesiam
2472 1802 2716 1858 ﬁdelium
2767 1803 2870 1860 sibi
2902 1805 3192 1877 subjugarc
3240 1807 3429 1862 voluit.
3460 1808 3562 1875 Qui
3608 1808 3793 1864 Suna-

2206 1890 2449 1946 mitidem
2500 1908 2595 1970 per
2621 1893 2889 1949 Betltsabe
2920 1894 3022 1950 sibi
3053 1896 3169 1950 dari
3215 1896 3470 1966 postulat,
3511 1899 3640 1954 dum
3671 1914 3795 1954 ear-

2205 1979 2417 2036 nalibus
2447 1982 2628 2053 templi
2653 1983 2958 2050 sacriﬁciis,
2990 1987 3292 2041 neomeniis
3330 2002 3544 2058 quoque
3570 1997 3627 2043 et
3667 1990 3798 2044 sab-

2204 2073 2364 2141 batis,
2397 2073 2586 2130 ﬁdeles
2613 2074 2814 2131 Christi
2863 2077 2967 2131 sibi
3006 2078 3252 2132 subicere
3293 2079 3496 2142 volens,
3529 2097 3557 2133 a
3601 2079 3798 2136 Hiero-

2203 2166 2424 2237 solymis
2478 2165 2650 2238 fugat.
2697 2167 2867 2234 Quem
2917 2167 3203 2239 adgressus
3249 2168 3392 2224 ﬁlius
3440 2169 3666 2239 Joiadaz,
3699 2173 3794 2242 qui

2203 2263 2411 2329 sapiens
2453 2259 2671 2325 dicitur,
2712 2258 2962 2327 Banaias,
3007 2261 3100 2331 qui
3147 2261 3430 2316 instructor
3475 2263 3590 2319 sive
3623 2264 3797 2333 (Βαίβι-

2205 2360 2354 2404 cator
2393 2351 2814 2420 interpretatur,
2865 2352 3160 2418 interﬁcit;
3203 2353 3327 2407 dum
3369 2353 3588 2424 sapiens
3612 2355 3797 2409 archi-

2206 2447 2380 2494 tectus
2412 2439 2699 2508 Ecclesiae,
2755 2449 2811 2496 et
2859 2441 3157 2498 instructor
3203 2457 3413 2498 morum
3473 2454 3792 2500 nostrorum

2203 2543 2298 2582 vas
2325 2527 2606 2586 electionis
2639 2528 2840 2586 Paulus
2866 2531 3160 2602 apostolus,
3189 2543 3343 2587 scuto
3365 2532 3486 2588 ﬁdei
3520 2549 3792 2600 armatus,

2203 2617 2354 2691 galea
2403 2620 2596 2678 salutis
2642 2630 2954 2693 protectus,
3005 2633 3060 2678 et
3105 2623 3283 2694 gladio
3329 2625 3562 2694 Spiritus
3611 2626 3791 2680 sancti

2207 2713 2605 2779 corroboratus,
2624 2713 2841 2770 Iudaeos
2854 2715 3142 2788 increpans
3166 2717 3242 2772 ait
3261 2736 3273 2771 :
3294 2718 3486 2774 «Vobis
3501 2721 3794 2789 Oportebat

2205 2805 2438 2874 primum
2467 2804 2612 2874 loqui
2634 2807 2863 2862 verbum
2888 2807 3019 2874 Dei;
3061 2809 3156 2864 sed
3186 2809 3442 2878 quoniam
3473 2809 3793 2880 reppulistis

2206 2896 2355 2963 illud,
2386 2907 2441 2952 et
2475 2897 2724 2969 indignos
2754 2915 2849 2954 vos
2893 2898 3179 2968 judieastis
3223 2911 3439 2957 acterna:
3480 2903 3630 2967 vitae,
3660 2919 3791 2959 ecce

2203 2989 2570 3044 convertimur
2615 2991 2681 3044 ad
2711 3003 2918 3062 gentes.
2953 3011 2971 3046 ι
3009 2993 3114 3060 Qui
3142 3003 3198 3048 ct
3223 2988 3517 3052 Corinthiis
3541 2998 3789 3052 scribens

521 3097 622 3150 per
647 3080 814 3136 David
847 3095 1050 3152 regem,
1083 3080 1174 3150 qui
1203 3078 1354 3149 fortis
1384 3094 1542 3131 manu
1571 3076 1970 3146 interpretatur,
2003 3073 2098 3128 Dei
2128 3071 2172 3133 C
2207 3079 2314 3134 ait:
2359 3099 2376 3131 α
2400 3081 2766 3136 Circumcisus
2796 3082 2989 3152 aliquis
3014 3094 3237 3140 vocatus
3262 3087 3390 3141 est?
3417 3092 3523 3141 non
3553 3089 3793 3143 adducat

517 3171 712 3239 Filius,
741 3171 835 3242 qui
859 3171 992 3227 vicit
1021 3168 1293 3225 diabolum
1324 3177 1377 3222 et
1408 3167 1690 3231 mundum,
1731 3174 1874 3220 recte
1905 3164 2103 3219 intelli-

517 3263 691 3333 gitur;
721 3262 787 3318 de
809 3260 914 3332 qdo
934 3276 1030 3333 per
1043 3257 1354 3314 Danihelem
1379 3256 1612 3311 dicitur:
1644 3273 1660 3306 ι
1681 3253 2018 3324 Aspicicbam
2049 3252 2101 3307 in

517 3354 638 3408 visu
669 3353 864 3417 noctis,
891 3360 944 3406 et
977 3365 1103 3404 ecce
1128 3349 1180 3402 in
1214 3345 1446 3401 nubibus
1475 3343 1591 3400 cadi
1629 3344 1782 3413 quasi
1811 3342 1977 3397 Filius
2007 3342 2103 3396 ho-

521 3446 681 3501 minis
713 3444 1002 3500 vcniebat:
1045 3450 1100 3496 et
1126 3442 1307 3496 datum
1344 3439 1418 3494 illi
1460 3451 1684 3508 regnum
1714 3444 1768 3490 ct
1796 3436 2007 3500 honor;
2048 3441 2102 3488 et

519 3539 698 3594 utnnis
730 3535 975 3608 populus,
1009 3534 1200 3601 tribus,
1232 3541 1284 3588 et
1313 3532 1506 3602 lingua:
1534 3529 1611 3585 illi
1641 3527 1878 3583 servient
1904 3545 1916 3580 :
1952 3536 2102 3596 pote-

518 3641 635 3686 stas
680 3631 798 3702 ejus
840 3637 1078 3700 potestas
1123 3636 1355 3692 acterna,
1395 3640 1514 3696 quac
1541 3640 1648 3679 non
1695 3621 2012 3686 auferetur;
2050 3629 2104 3673 et

522 3739 748 3795 regnum
801 3721 935 3792 ejus,
989 3719 1132 3790 quod
1167 3734 1274 3772 non
1309 3725 1707 3784 corrumpetur;
1746 3731 1765 3765 ι
1820 3711 2101 3771 llontiuem

519 3813 684 3865 etiam
709 3811 961 3881 paradiso
993 3807 1254 3874 restituit,
1281 3817 1341 3860 ut
1373 3803 1658 3860 Psalmista
1687 3802 1803 3855 ait:
1842 3818 1860 3852 ι
1892 3799 1972 3854 Tu
2010 3814 2100 3865 es,

522 3907 764 3970 Domine,
781 3905 873 3975 qui
904 3904 1157 3959 restitues
1182 3901 1533 3956 hereditatem
1562 3912 1737 3951 meam
1755 3895 1936 3950 mihi.»
1971 3893 2104 3963 Spe-

523 3996 728 4052 cialiter
754 4011 883 4051 vero
925 3993 1199 4049 hereditas
1244 3999 1431 4045 nostra
1479 3988 1678 4043 dicitur
1719 3986 1997 4048 Christus,
2045 3993 2104 4038 ut

523 4089 662 4144 idem
712 4087 999 4144 Psalmista
1048 4086 1236 4142 canit:
1276 4101 1295 4135 ς
1326 4083 1584 4138 Dominus
1609 4095 1736 4153 pars
1790 4079 2102 4136 hereditatis

522 4196 686 4246 metu;
710 4200 727 4233 ι
745 4190 798 4236 et
816 4199 829 4234 :
848 4200 865 4232 ι
885 4179 1048 4234 Beata
1070 4193 1223 4250 gens,
1244 4175 1395 4244 cujus
1406 4184 1491 4230 est.
1505 4175 1759 4230 Dominus
1773 4171 1915 4227 Deus
1930 4169 2095 4239 ejus.»

525 4271 625 4338 Qui
653 4281 712 4325 ut
737 4287 836 4326 nos
859 4270 1215 4326 hereditatem
1255 4265 1349 4320 Dei
1374 4279 1492 4320 csse
1519 4263 1860 4327 ostenderet,
1891 4259 2104 4330 subjun-

528 4361 606 4413 xit
635 4379 647 4413 :
695 4380 713 4411 ι
735 4361 930 4414 Beatus
959 4357 1186 4428 populus
1213 4369 1371 4427 quem
1406 4342 1834 4426 elegitDominus
1861 4352 1915 4406 in
1945 4351 2104 4406 here-

2205 3172 2550 3241 pra'putium.
2606 3172 2662 3227 In
2695 3175 2960 3244 praeputio
3005 3175 3200 3245 aliquis
3252 3186 3474 3232 vocatus
3502 3178 3631 3231 est?
3670 3177 3787 3232 Non

2205 3264 2680 3320 circumcidalur.»
2709 3267 2775 3321 Et
2795 3267 2860 3321 ad
2899 3267 3119 3323 Galatas
3141 3267 3316 3337 inquit
3348 3285 3360 3321 :
3398 3285 3418 3320 t
3451 3268 3566 3340 Ego
3591 3268 3790 3324 Paulus

2203 3355 2324 3410 dico
2368 3357 2523 3410 vobis
2583 3357 2864 3427 quoniam,
2909 3359 2953 3412 si
3010 3357 3492 3423 circumcidamini,
3537 3358 3791 3414 Christus

2201 3448 2354 3502 vobis
2389 3447 2522 3501 nihil
2573 3448 2827 3516 prodest;
2884 3449 3010 3518 quia
3069 3449 3121 3503 in
3172 3448 3390 3504 Christo
3434 3447 3562 3503 Jesu
3611 3464 3789 3520 neque

2201 3537 2550 3592 circumcisio
2604 3538 2806 3608 aliquid
2861 3537 3006 3593 valet
3057 3553 3233 3607 neque
3281 3538 3601 3608 prmputium
3631 3577 3650 3604 ,
3694 3539 3788 3593 sed

2203 3627 2335 3681 ﬁdes
2387 3643 2507 3696 qua:
2557 3643 2655 3697 per
2698 3628 2981 3682 caritatem
3025 3637 3302 3698 operatur.
3335 3628 3401 3682 Et
3451 3629 3787 3698 quicumque

2203 3718 2341 3773 hanc
2382 3718 2620 3788 regulan't
2661 3719 3017 3782 servaverint,
3065 3734 3169 3788 pax
3209 3734 3370 3790 super
3391 3718 3510 3773 illos
3537 3727 3594 3773 et
3623 3720 3789 3774 misc-

2203 3809 2434 3864 ricordia
2485 3810 2600 3864 Dei.
2637 3827 2655 3861 ›
2691 3809 2878 3864 Simon
2913 3825 3126 3880 quoque
3164 3810 3356 3866 Petrus
3393 3819 3446 3864 et
3474 3808 3714 3866 Jacobus
3735 3821 3789 3866 et

2203 3901 2369 3955 ceteri
2402 3900 2630 3971 apostoli
2669 3901 2755 3955 his
2782 3901 2872 3970 qui
2901 3902 2967 3955 ad
2993 3901 3149 3956 ﬁdem
3185 3899 3391 3957 Christi
3429 3915 3496 3955 ex
3535 3901 3789 3972 gentibus

2202 4007 2299 4060 per
2335 3992 2670 4063 baptismum
2709 3995 2956 4048 conversi
2995 3993 3230 4060 fuerant,
3273 4007 3342 4048 ne
3380 3989 3786 4048 eireumeisioni

2202 4092 2257 4140 et
2295 4084 2620 4142 caerimoniis
2653 4085 2855 4139 veteris
2875 4084 3008 4156 legis
3027 4086 3434 4150 subicerentur,
3475 4084 3786 4154 istiusmodi

2201 4177 2400 4247 scripta
2446 4192 2546 4246 per
2591 4191 2812 4232 manum
2859 4177 3122 4234 Barnaba:
3169 4186 3226 4234 et
3268 4177 3422 4232 Pauli
3460 4175 3516 4232 in
3556 4176 3787 4231 Actibus

2201 4266 2565 4338 apostolorum
2613 4267 2827 4323 misisse
2862 4266 3154 4338 leguntur:
3193 4288 3212 4322 ε
3244 4267 3426 4323 Visum
3448 4277 3534 4322 est.
3558 4265 3786 4336 Spiritui

2203 4367 2393 4413 sancto
2429 4366 2486 4414 et
2523 4357 2697 4425 nobis,
2738 4356 2957 4424 fratres,
2981 4357 3118 4413 nihil
3153 4357 3293 4413 ultra
3330 4358 3614 4426 imponere
3631 4355 3787 4411 vobis

527 4450 746 4503 ditatem
775 4449 903 4504 sibi!
925 4469 943 4501 ›
977 4447 1072 4503 His
1112 4448 1297 4517 itaque
1326 4445 1514 4510 dictis,
1538 4453 1811 4499 vertamus
1831 4443 2012 4498 stilum
2034 4443 2098 4497 ad
2131 4430 2176 4488 ι)
2203 4449 2412 4512 oneris,
2465 4463 2627 4517 qttam
2683 4448 2799 4502 haec
2833 4447 3173 4512 necessaria,
3213 4455 3272 4500 ut
3329 4445 3652 4500 abstineatis
3689 4458 3786 4498 vos

526 4541 769 4596 ordinem
799 4541 1144 4594 narrationis.

595 4633 703 4689 Per
743 4631 1265 4700 senectutem'regis
1311 4627 1479 4683 David
1513 4626 1650 4683 bene
1676 4626 1996 4696 intelligitur
2019 4627 2101 4681 ul-

525 4727 653 4780 tima
693 4739 820 4795 pars
849 4720 1128 4793 praesentis
1154 4720 1365 4784 saeculi,
1405 4718 1458 4772 in
1487 4733 1592 4788 qua
1640 4717 1780 4772 Deus
1821 4733 1918 4787 pro
1947 4717 2100 4772 nobis

523 4816 683 4868 homo
709 4814 959 4884 dignatus
988 4819 1072 4865 est
1100 4809 1236 4863 fieri.
1270 4807 1373 4864 Per
1400 4817 1628 4863 mortem
1654 4822 1779 4861 vero
1800 4807 1915 4877 ejus
1936 4806 2097 4876 signi-

525 4907 717 4960 ﬁcatur
740 4920 867 4959 vera
899 4918 1045 4958 mors
1074 4899 1274 4957 Christi
1304 4915 1401 4971 pro
1431 4907 1614 4955 nostra
1647 4898 2013 4967 redemptione
2043 4897 2095 4950 in

525 5012 685 5052 cruce
711 4997 1010 5066 pendentis.
1057 4993 1228 5048 Porro
1273 5008 1369 5063 per
1411 4991 1835 5055 Sunamitidem,
1878 5005 1998 5059 qua:
2045 4989 2095 5042 in

525 5091 774 5144 omnibus
803 5091 998 5143 finibus
1021 5087 1221 5158 Israhel
1258 5086 1552 5158 perquisita
1581 5087 1799 5139 inventa
1826 5091 1907 5136 est
1940 5083 2098 5136 nimis

527 5181 731 5248 pulcra,
759 5198 876 5252 qua:
903 5182 1066 5238 etiam
1094 5179 1244 5250 regio
1271 5179 1424 5233 lateri
1466 5177 1701 5231 admixta
1725 5190 1848 5229 eum
1875 5173 2094 5239 fovisse,

528 5279 582 5322 et
602 5271 654 5324 in
683 5273 832 5342 cujus
861 5273 980 5327 sinu
1009 5287 1102 5327 rex
1128 5270 1400 5341 quievisse
1426 5269 1704 5331 scribitur,
1757 5273 1943 5320 sancta
1969 5266 2095 5320 uni-

2202 4539 2270 4593 ab
2294 4536 2654 4592 immundiciis
2680 4525 3115 4604 simulacrorum,
3140 4543 3198 4592 et
3224 4534 3508 4607 sanguine,
3537 4542 3596 4588 et
3621 4530 3790 4589 suﬁc-

2202 4627 2360 4690 catis,
2392 4635 2445 4681 et
2465 4625 2846 4680 fornicatione.
2869 4645 2888 4679 ι

2270 4714 2520 4784 Alioquin
2558 4713 2818 4770 denuntio
2853 4727 2953 4783 ego
2992 4713 3107 4785 (22)
3145 4713 3399 4769 omnibus
3431 4711 3526 4782 qui
3565 4711 3786 4793 nomine

2200 4808 2506 4865 Christiano
2543 4817 2857 4874 censentur,
2892 4817 2947 4863 et
2973 4809 3112 4862 hanc
3141 4807 3313 4877 legem
3343 4806 3446 4861 sibi
3492 4821 3523 4859 a
3572 4804 3782 4875 Spiritu

2201 4911 2390 4958 sancto
2425 4910 2479 4957 et
2507 4918 2536 4954 a
2560 4899 2759 4956 Christi
2784 4899 3063 4970 discipulis
3087 4900 3272 4954 datam
3303 4914 3412 4954 non
3443 4897 3782 4960 custodiunt,

2201 4994 2323 5061 quia
2347 5034 2360 5058 ,
2397 4992 2501 5048 nisi
2528 4991 2893 5062 paenituerint,
2917 4989 3210 5045 Christiani
3240 5004 3347 5043 non
3373 4996 3520 5043 sunt.
3545 4987 3702 5055 Quod
3735 4987 3784 5040 si

2202 5082 2494 5137 Christiani
2522 5097 2628 5138 non
2671 5091 2820 5147 sunt,
2847 5079 3114 5151 profecto,
3139 5088 3199 5134 ut
3221 5077 3498 5136 Iohannes
3527 5086 3781 5142 testatur,

2202 5174 2541 5239 Antichristi,
2567 5175 2619 5231 id
2648 5181 2730 5230 est
2753 5185 2942 5230 contra
2965 5171 3236 5230 Christum
3262 5179 3491 5235 stantes,
3523 5167 3783 5240 appellari

2202 5276 2456 5335 possunt;
2489 5268 2554 5320 de
2579 5267 2774 5334 quibus
2805 5266 2932 5320 alibi
2955 5265 3180 5335 legitur:
3214 5283 3230 5315 ι
3255 5263 3300 5316 Α
3331 5261 3484 5316 nobis
3506 5260 3782 5322 esierunt,
