4116 5358
300 220 406 280 817

1725 218 2115 286 ορυδουιΑζ

3461 224 3564 283 818

299 332 559 389 Ceterum
611 347 704 387 rex
739 331 1020 400 Salomon,
1051 335 1140 405 qui
1188 339 1446 407 paciﬁcus
1482 337 1889 410 interpretatur,
1923 347 1968 406 Α
1997 344 2322 416 appellatur,
2353 345 2483 401 dum
2507 343 2900 401 conventiculis
2923 355 3206 416 synagoga:
3230 351 3564 414 comparata,

299 425 481 494 cujus,
506 432 563 476 ut
597 423 802 494 Regum
836 425 1061 481 historia
1086 428 1275 494 refert,
1299 431 1478 486 omnis
1509 438 1652 486 terra
1679 433 1893 489 deside-

303 515 462 572 rabat
491 513 687 570 faciem
717 516 922 581 videre,
973 517 1128 588 cujus
1155 520 1320 576 etiam
1370 531 1503 577 nutu
1539 523 1779 580 Adonias
1808 525 1890 579 in-

304 607 572 664 terl'ectus
622 615 726 671 est,
785 608 1046 677 paciﬁcus
1080 609 1199 666 Rex
1230 621 1415 667 noster
1458 611 1616 669 Jesus
1649 613 1898 670 Christus

304 697 476 752 Filius
501 696 594 751 Dei
609 697 740 762 vivi,
761 714 780 750 «
805 698 859 753 in
885 713 1066 768 quem,
1089 717 1109 752 ι
1135 707 1194 754 ut
1218 701 1493 772 apostolus
1512 703 1611 770 ait,
1641 721 1662 756 «
1683 703 1897 760 deside-

305 795 436 844 rant
454 786 628 858 angeli
652 789 985 860 prospicere,
999 808 1018 844 ι
1045 790 1136 862 qui
1160 791 1467 861 paciﬁcavit
1486 808 1586 865 per
1599 809 1756 850 suum
1777 810 1901 851 san-

306 880 529 953 guinem
558 895 678 948 qua:
718 881 772 935 in
805 881 952 937 caelis
981 889 1108 938 sunt
1152 891 1207 938 et
1239 899 1361 954 qua:
1413 884 1470 939 in
1497 893 1665 953 terra,
1704 884 1902 958 allego-

313 971 435 1028 rice
462 970 691 1043 intelligi
731 979 909 1042 potest
947 987 964 1038 ;
1017 971 1111 1044 qui
1163 975 1446 1046 antiquum
1495 974 1705 1032 hostem
1735 991 1902 1046 expu-

311 1069 465 1133 gnat,
497 1061 628 1117 dum
669 1061 1036 1118 habitaculum
1066 1064 1323 1134 nequitiae
1363 1064 1481 1136 ejus
1509 1064 1903 1120 Antichristum

309 1147 638 1219 perditionis
684 1147 880 1214 ﬁlium,
927 1147 1022 1218 qui
1063 1148 1308 1206 elevatur
1331 1158 1388 1207 et
1420 1150 1697 1206 extollitur
1739 1165 1900 1220 supra

310 1253 476 1294 omne
508 1237 652 1310 quod
691 1234 892 1293 «licitur
926 1238 1069 1295 Deus
1094 1247 1188 1294 aut
1221 1239 1364 1310 qttod
1399 1239 1614 1307 colitur,
1645 1240 1904 1295 extermi-

313 1337 450 1395 nat,
489 1336 550 1383 ut
597 1327 889 1398 Apostolus
944 1327 1259 1384 manifestat
1308 1347 1322 1384 :
1383 1327 1597 1396 «Quem
1640 1329 1901 1384 Dominus

312 1418 493 1485 Iesus,
525 1419 722 1490 inquit,
754 1419 1046 1476 iutcrﬁciet
1076 1421 1268 1491 spiritu
1297 1421 1410 1477 oris
1436 1421 1542 1492 sui,
1573 1429 1628 1478 et
1655 1420 1905 1477 destruet

315 1508 974 1567 illustratione'adventus
999 1513 1103 1568 sui.
1142 1530 1161 1566 ι

384 1600 634 1672 Amplius
665 1601 876 1673 [marg.
937 1602 1186 1677 dicam].
1216 1605 1495 1677 Expeditis
1536 1604 1622 1661 his
1671 1618 1792 1675 qua:
1835 1605 1905 1660 ad

1997 442 2248 498 mundior
2269 456 2364 512 per
2389 441 2716 512 baptismum
2767 439 3062 496 invenitur.
3107 435 3399 507 Egreditur
3444 452 3571 495 cum

1997 533 2270 590 Abraham
2300 533 2483 588 anima
2505 531 2637 602 justi
2663 532 2730 588 de
2763 540 2904 585 terra
2929 530 3070 586 etde
3104 529 3424 600 cognatione
3447 544 3568 596 sua,

1997 627 2126 680 dum
2157 625 2360 697 proprii
2390 625 2634 694 corporis
2665 623 2968 688 illecebras,
3012 622 3336 694 voluptates,
3368 631 3424 678 et
3449 638 3571 678 car—

2001 717 2202 773 nalium
2224 731 2481 773 sensuum
2506 715 2816 772 transiliens
2849 716 3138 782 desideria,
3165 715 3353 771 humili
3395 725 3577 772 mente

2002 807 2320 866 festinatad
2349 822 2566 878 supera.
2622 807 2827 865 Incedit
2870 816 2994 879 post
3053 808 3279 878 vestigia
3326 823 3570 878 gregum,

2002 899 2217 969 quando
2251 898 2670 970 przeccdcntium
2702 898 3088 969 prophetarum
3114 907 3170 954 et
3208 898 3573 967 apostolorum

2003 991 2231 1062 vestigia
2257 1005 2509 1060 sequens,
2536 989 2863 1061 spiritalium
2900 991 3183 1047 doctorum
3228 990 3388 1046 dictis
3419 999 3474 1045 et
3500 989 3577 1044 fa-

2003 1082 2108 1139 ctis
2134 1083 2402 1140 inhau'ere
2427 1082 2721 1138 desiderat.
2749 1081 2932 1139 Pascit
2958 1097 3124 1152 agnos
3155 1097 3315 1149 suos,
3337 1083 3488 1148 dum,
3515 1083 3580 1137 de

2005 1173 2204 1229 virtute
2238 1173 2292 1229 in
2345 1172 2605 1228 virtutem
2651 1173 3044 1237 conscendens,
3089 1173 3189 1227 sibi
3221 1180 3275 1228 et
3319 1172 3434 1228 suis
3487 1186 3582 1242 pa-

2004 1263 2128 1319 bula
2142 1264 2307 1320 divini
2323 1265 2472 1320 verbi
2493 1264 2816 1319 lectionibus
2833 1263 3148 1318 inhaerendo
3172 1262 3575 1318 subministrat.

2007 1351 2228 1419 Quibus,
2259 1368 2457 1424 pascua
2499 1351 2663 1407 divini
2695 1351 2846 1407 verbi
2879 1352 3174 1422 decerpere
3202 1349 3582 1421 gestientibus,

2009 1445 2403 1517 aitApostolus:
2425 1444 2734 1515 «Tanquam
2752 1443 2993 1516 parvulis
3015 1443 3067 1498 in
3081 1441 3300 1499 Christo
3320 1441 3404 1497 lac
3426 1440 3582 1498 vobis

2007 1545 2194 1607 potum
2225 1536 2366 1599 dedi,
2406 1551 2511 1590 non
2541 1550 2743 1590 escam.
2769 1553 2787 1585 ι
2820 1533 2888 1590 Et
2913 1533 3201 1589 Psalmista
3232 1551 3246 1586 :
3287 1550 3304 1585 «
3328 1532 3579 1597 Gustate,

2010 1637 2066 1684 ct
2089 1628 2265 1684 videte
2291 1628 2546 1697 quoniam
2573 1627 2756 1683 suavis
2780 1635 2864 1684 est
2890 1626 3168 1682 Dominus.
3199 1644 3218 1680 ο

317 1691 610 1761 mys‘icam
670 1693 1171 1764 ίηῑθτρτειαίίοηοῐη
1212 1695 1569 1752 Sunamitidis
1628 1697 1902 1768 Ρθηῖηθτθ
1935 1697 1979 1757 Β
2076 1691 2368 1774 Talibuset
2391 1718 2477 1775 his
2501 1717 2961 1774 similibusanima
2984 1716 3280 1772 virtutibus
3309 1716 3584 1775 decorata.

319 1782 663 1847 videbantur,
687 1799 867 1855 operae
895 1786 1130 1856 pretium
1153 1785 1408 1844 duximus
1439 1787 1735 1845 moralitati
1768 1802 1903 1842 con-

320 1875 599 1931 venientia
628 1876 759 1934 huic
809 1878 1069 1947 opusculo
1121 1880 1323 1936 addere
1351 1895 1542 1950 pauca.
1581 1879 1638 1934 in
1669 1878 1786 1950 jam
1831 1878 1905 1933 di-

323 1965 426 2022 ctis
459 1967 796 2023 canticorum
835 1968 1100 2038 Canticis,
1137 1971 1239 2026 sub
1268 1985 1504 2043 persona
1547 1970 1907 2027 Sunamitidis

323 2058 403 2114 sic
429 2073 490 2114 se
511 2058 715 2115 habent
736 2062 900 2116 verba
929 2061 1189 2130 sapientis
1229 2062 1296 2117 de
1320 2061 1539 2118 Christo
1569 2071 1626 2119 et
1661 2061 1908 2118 Ecclesia

321 2149 717 2222 prophetantis.
753 2169 772 2205 «
806 2150 866 2207 Si
898 2152 1118 2220 ignoras
1145 2161 1222 2220 te,
1255 2152 1454 2222 inquit,
1484 2166 1517 2207 o
1542 2151 1729 2222 pulcra
1767 2151 1911 2206 inter

323 2241 608 2309 mulieres,
660 2245 918 2316 egredere
961 2255 1017 2299 et
1065 2246 1152 2300 abi
1216 2254 1339 2316 post
1387 2246 1614 2317 vestigia
1662 2261 1908 2318 gregum,

325 2340 382 2386 et
424 2345 589 2404 pasce
620 2335 802 2392 hscdos
825 2343 966 2402 tuos,
995 2353 1014 2389 ι
1046 2351 1182 2408 quos
1218 2335 1322 2392 alia
1357 2338 1643 2393 translatio
1675 2337 1912 2408 appellat

327 2437 516 2491 agnos.
541 2425 778 2482 Ecclesia
801 2426 1011 2494 Graece,
1046 2427 1237 2483 Latine
1281 2429 1613 2500 congregatio
1636 2429 1907 2500 justorum

328 2513 680 2588 dicitur,qu'.e
702 2517 953 2588 ignorare
982 2518 1272 2584 sedicitur,
1302 2520 1453 2588 dum,
1475 2520 1755 2592 originalis
1779 2535 1910 2592 pec-

331 2607 437 2663 cati
464 2611 679 2683 pompis
707 2611 1008 2682 abncgatis,
1039 2619 1095 2666 et
1122 2609 1439 2668 idololatria:
1486 2611 1725 2672 cultibus
1754 2621 1908 2682 post-

330 2699 546 2770 positis,
573 2701 847 2773 praeterita
878 2718 1001 2758 cum
1031 2701 1290 2772 Apostolo
1312 2703 1644 2774 relinquens,
1682 2702 1737 2760 in
1763 2702 1915 2760 futu-

335 2789 414 2848 ris
454 2807 578 2852 sese
604 2795 901 2852 extendere
942 2795 1156 2853 nititur.
1216 2794 1413 2852 Pulcra
1464 2795 1608 2854 inter
1659 2797 1924 2855 mulieres

2008 1810 2116 1866 ﬁlia
2153 1810 2249 1866 Dei
2278 1817 2519 1865 meretur
2537 1809 2823 1880 appellari;
2856 1817 2916 1864 ut
2970 1806 3209 1879 Spiritus
3240 1815 3463 1863 sanctus
3487 1821 3584 1876 per

2005 1921 2066 1960 os
2080 1903 2246 1960 David
2260 1904 2309 1960 ei
2333 1903 2670 1974 suggerendo
2701 1901 2914 1958 intulit:
2956 1921 2974 1954 «
3000 1901 3162 1968 Audi,
3197 1900 3329 1967 ﬁlia,
3360 1907 3415 1954 et
3440 1899 3602 1960 vide.

2007 2008 2064 2055 et
2085 1997 2283 2054 inclina
2308 2013 2518 2062 aurem,
2548 1995 2938 2053 etobliviscere
2950 1995 3206 2066 populum
3232 2002 3407 2054 tuum,
3434 2011 3451 2043 ι
3477 1993 3592 2047 ido-

2008 2087 2237 2144 lolatriae
2287 2087 2402 2142 sive
2445 2086 2843 2143 titillationibus
2869 2086 3053 2142 carnis
3101 2085 3447 2145 reluctando;
3484 2100 3500 2132 «
3540 2091 3594 2134 et

2011 2181 2232 2236 domum
2256 2177 2429 2249 patris
2458 2176 2556 2243 tui,
2593 2195 2614 2231 ι
2640 2191 2854 2232 naevum
2891 2175 3176 2246 originalis
3207 2171 3441 2243 peccati,
3495 2187 3589 2225 seu

2012 2271 2398 2330 delectationes
2425 2269 2691 2340 corporis,
2722 2285 2792 2326 ne
2813 2269 2881 2324 ad
2914 2282 3239 2326 consensum
3266 2279 3438 2334 usque
3475 2277 3596 2332 per-

2011 2363 2255 2428 veniant,
2277 2361 2550 2432 iugiendo.
2584 2360 2650 2416 Et
2677 2368 2804 2416 tunc
2842 2359 3006 2429 digna
3042 2359 3151 2413 eris
3179 2356 3368 2412 audire
3406 2367 3592 2411 vocem

2011 2456 2192 2528 sponsi
2213 2457 2267 2511 in
2285 2455 2372 2512 die
2401 2455 2620 2510 ultimo:
2653 2472 2673 2506 «
2693 2452 2827 2508 Tota
2849 2451 3035 2523 pulcra
3065 2465 3145 2516 es,
3175 2449 3349 2504 amica
3375 2459 3516 2512 mea,
3541 2454 3598 2501 et

2012 2549 2222 2606 macula
2244 2564 2350 2605 non
2373 2557 2456 2604 est
2471 2548 2524 2603 in
2553 2555 2604 2602 te
2620 2562 2636 2602 :
2654 2545 2778 2602 veni
2807 2545 2873 2602 de
2899 2543 3098 2609 libano,
3123 2542 3262 2598 veni.
3280 2560 3298 2594 ι
3326 2537 3594 2607 ριιεεςιῑοο

2019 2658 2151 2700 num
2189 2642 2474 2700 caritativa
2513 2639 2734 2704 solutio,
2789 2651 2888 2710 spe
2940 2636 3097 2693 ﬁrma
3137 2636 3219 2692 sit
3272 2636 3322 2688 in
3380 2629 3617 2688 Christo.

2020 2736 2180 2796 unius
2209 2734 2330 2792 ﬁdei
2357 2742 2558 2792 nostra:
2601 2731 2864 2794 valitudo.

1464 2965 2190 3062 OPUSCULUM
2276 2968 2558 3063 VIII.

395 3175 564 3262 Quod
589 3175 766 3234 omnis
795 3176 1134 3251 inrequalitas
1176 3181 1241 3236 ab
1270 3179 1580 3252 aequalitate
1607 3195 1917 3254 progressa,
1947 3185 1997 3249 (ζ
2093 3181 2258 3253 Cujus
2302 3183 2482 3255 vigore
2518 3182 2772 3238 nobiliter
2814 3181 3022 3253 pollens
3056 3189 3246 3240 sancta
3273 3179 3605 3237 Senonensis

341 3268 574 3339 qualiter
621 3271 691 3326 ad
731 3271 1096 3342 aequalitatem
1131 3273 1338 3340 redeat,
1394 3274 1536 3330 inter
1581 3274 1772 3344 doctos
1821 3273 1922 3328 ali-

342 3364 560 3431 quando
605 3363 680 3421 sit
724 3364 1038 3430 dubitabile,
1085 3363 1305 3434 puriore
1343 3365 1542 3422 mentis
1583 3367 1796 3422 ratione
1849 3366 1927 3420 vi-

344 3455 524 3524 gentis
546 3464 633 3512 est
664 3455 960 3512 disserere.
1005 3455 1238 3527 Vulgum
1287 3471 1417 3514 vero
1468 3458 1614 3529 quod
1655 3457 1928 3513 dubitatio

346 3544 460 3614 ipsa
487 3555 799 3617 praetereat,
828 3544 988 3604 Pater
1005 3548 1196 3618 patria:
1224 3547 1340 3620 (‘23)
1365 3549 1648 3604 evidenter
1668 3548 1928 3604 declarat.

346 3635 701 3708 Proportione
730 3639 892 3711 igitur
929 3640 1353 3707 inmortalitatis,
1381 3640 1784 3712 Omnipotentis
1808 3655 1932 3710 pro-

347 3732 587 3788 videntia
613 3733 890 3789 hominem
919 3733 972 3788 in
1003 3733 1265 3804 principio
1295 3735 1500 3790 creavit
1523 3733 1789 3805 aequalem
1836 3748 1937 3788 an-.

347 3820 507 3892 gelis,
532 3822 652 3894 qui,
675 3823 1041 3880 inobedientia
1070 3825 1450 3880 mandatorum
1471 3824 1588 3892 Dei,
1621 3839 1688 3880 ex
1734 3825 1936 3881 inmor-

349 3916 445 3971 tali
474 3918 723 3974 mortalis
745 3917 944 3985 factus,
980 3920 1115 3991 proh
1152 3920 1331 3977 dolor!
1375 3921 1431 3976 in
1459 3921 1618 3992 hujus
1642 3922 1742 3976 aevi
1770 3935 1933 3991 quam

347 4006 594 4077 patimur
637 4025 938 4065 :erumnam
964 4018 1048 4066 est
1070 4011 1346 4083 expulsus.
1390 4011 1500 4068 Sed
1537 4021 1750 4068 creator
1791 4012 1937 4068 illius

347 4095 541 4152 nolens
578 4112 701 4153 eum
730 4099 842 4170 pati
886 4099 1368 4172 sempiternaliter,
1401 4102 1668 4159 mittendo
1698 4101 1936 4159 Verbum

347 4203 508 4244 suum
537 4204 644 4245 non
669 4190 842 4247 solum
865 4191 932 4248 ad
956 4191 1323 4263 mqualitatem
1351 4209 1711 4266 supernorum
1737 4195 1935 4250 civium

349 4283 502 4339 illum
559 4285 772 4341 revexit
818 4285 1262 4351 misericorditer,
1310 4301 1501 4344 verum
1561 4287 1728 4343 etiam
1777 4301 1940 4357 super

348 4374 531 4428 omnia
557 4384 742 4430 creata
771 4375 990 4442 extulit,
1043 4384 1102 4432 ut
1131 4376 1210 4432 ait
1251 4375 1545 4448 Propheta,
1585 4377 1936 4434 mirabiliter:

357 4483 375 4518 «
395 4465 590 4521 Omnia
616 4466 894 4538 subjecisti
922 4467 1024 4524 sub
1050 4467 1428 4540 pedibusejus.
1452 4488 1470 4523 ι
1502 4467 1638 4525 lllud
1659 4484 1788 4526 vero
1813 4469 1940 4524 licet

2029 3281 2204 3334 mater
2226 3273 2484 3338 Ecclesia,
2508 3273 2709 3330 Christi
2735 3273 2859 3330 Jcsu
2886 3282 3060 3331 morte
3082 3274 3378 3346 redempta,
3398 3280 3452 3328 et
3477 3271 3604 3326 ahni

2027 3363 2283 3434 martyris
2304 3361 2581 3419 Saviuiani
2605 3363 2899 3420 Galliarum
2921 3365 3172 3437 primatis
3191 3364 3370 3421 verbis
3392 3363 3604 3426 cdoeta,

2029 3456 2176 3513 beati
2208 3457 2374 3512 etiam
2411 3458 2827 3528 protomartyris
2864 3456 3128 3529 Stephani
3174 3457 3433 3530 sanguine
3459 3454 3607 3509 dedi-

2009 3558 2175 3615 ‘cata,
2221 3549 2288 3603 ad
2331 3563 2571 3618 praesens
2601 3564 2706 3603 una
2753 3564 2874 3603 cum
2915 3563 3179 3604 consensu
3219 3556 3276 3603 et
3330 3547 3607 3610 voluntate

2033 3637 2302 3709 illiust‘l-l)
2320 3638 2460 3708 regis
2481 3638 2665 3709 inclyti
2692 3635 3607 3707 Francorum,conprovincialium-

2033 3744 2138 3799 que
2167 3732 2542 3800 episcoporum
2571 3738 2626 3783 et
2655 3743 2940 3798 procerum
2970 3729 3337 3798 abbatumquc
3362 3735 3418 3782 et
3447 3725 3608 3780 cleri-

2035 3835 2245 3884 corum,
2273 3835 2500 3876 necnon
2527 3821 2809 3890 utriusque
2837 3835 2999 3876 sexus
3026 3819 3287 3886 ﬁdelium,
3312 3817 3610 3889 proclamat

2035 3908 2138 3964 sibi
2165 3910 2419 3963 domuum
2443 3909 2590 3964 illum
2614 3910 2725 3982 (25)
2752 3910 2865 3964 ﬁeri
2882 3909 3188 3980 pontiﬁcem
3214 3924 3514 3973 summum;
3546 3907 3611 3960 de

2035 4000 2191 4070 cujus
2233 4002 2393 4058 bonis
2431 4002 2641 4058 actibus
2678 4003 2919 4074 gaudens
2957 4001 3169 4069 eﬁ'ccta,
3209 4001 3278 4057 ad
3325 4002 3428 4058 hoc
3471 4015 3608 4070 opus

2036 4093 2256 4164 dignum
2285 4102 2340 4149 et
2384 4095 2657 4162 idoneum,
2692 4095 2746 4150 in
2790 4105 3053 4167 quantum
3080 4095 3319 4149 humana
3346 4091 3611 4163 fragilitas

2037 4201 2197 4242 nosse
2217 4187 2498 4256 permittit,
2524 4203 2646 4242 eum
2676 4187 2792 4244 fore
2814 4187 3134 4243 denunciat.‘
3149 4185 3263 4243 Sub
3284 4185 3424 4242 illius
3447 4186 3614 4258 igitur

2037 4277 2408 4349 praevidcntia,
2437 4278 2658 4350 explosa
2702 4279 2850 4335 omni
2886 4278 3279 4346 controversia,
3321 4277 3378 4332 in
3416 4277 3613 4333 summi

2038 4369 2248 4439 opiﬁcis
2284 4369 2508 4426 servitio
2544 4371 2780 4428 militare
2822 4371 3211 4438 deliberantes,
3241 4369 3334 4442 qui
3367 4383 3468 4442 per
3494 4370 3610 4425 ino-

2039 4459 2387 4515 boedientiam
2418 4461 2485 4516 ad
2510 4461 2617 4516 ima
2645 4461 2873 4527 ruimus,
2899 4460 3225 4518 obmdiendo
3250 4457 3488 4531 aequales
3518 4472 3617 4512 au-

353 4555 418 4611 de
464 4556 685 4613 homine
711 4559 930 4614 Christo
954 4557 1083 4615 Jesu
1125 4560 1433 4632 specialiter
1476 4560 1550 4617 sit
1597 4561 1933 4632 praedictum,
1965 4541 2012 4600 Ι)
2037 4549 2171 4620 gelis
2195 4551 2307 4606 ﬁeri
2328 4551 2600 4619 obtamus,
2623 4551 2903 4622 quatinus,
2925 4548 3610 4623 digitodiscretionistacti.

355 4659 530 4705 tamen
566 4650 694 4706 illud
739 4653 1110 4724 evangelicum
1157 4654 1378 4726 adtenta
1437 4662 1621 4709 mente
1685 4653 1751 4708 de
1794 4651 1939 4708 illius

355 4742 614 4798 membris
639 4752 722 4799 est
744 4745 1109 4801 recoleudum.
1135 4744 1602 4815 «Quodcumque,»
1631 4745 1766 4801 dixit
1793 4745 1936 4801 idem

357 4829 632 4900 Dominus,
661 4852 680 4886 «
701 4825 998 4905 ligaveritis
1028 4835 1082 4890 in
1115 4843 1278 4900 terra,
1301 4835 1406 4891 erit
1431 4835 1653 4908 ligatum
1679 4835 1731 4889 in
1755 4835 1900 4891 caelis
1919 4819 1940 4899 ;

359 4930 410 4974 et
438 4925 816 4996 quodcumque
869 4926 1138 4982 solveritis
1172 4926 1226 4980 in
1254 4935 1424 4992 terra,
1467 4927 1576 4982 erit
1616 4925 1849 4981 solutum
1885 4926 1936 4980 in

362 5011 522 5068 caelis.
556 5033 574 5066 ›
606 5015 923 5086 Huiusmodi
966 5025 1225 5086 potestas,
1269 5015 1474 5085 Spiritu
1505 5025 1694 5074 sancto
1739 5033 1936 5086 coope-

365 5110 530 5169 rante,
562 5104 824 5175 apostolis
856 5121 952 5174 per
994 5104 1274 5163 interValla
1309 5113 1611 5180 temporum
1641 5121 1939 5177 eorumque

366 5196 760 5270 successoribus
785 5196 1002 5260 tradita,
1032 5212 1061 5254 a
1101 5195 1348 5252 ﬁdelibus
1402 5199 1564 5254 corde
1609 5199 1939 5254 credendum

366 5287 414 5332 et
439 5297 530 5338 ore
559 5287 927 5342 conﬁtendum
957 5296 1038 5342 est
1090 5285 1235 5358 quod
1281 5297 1497 5343 maneat
1531 5289 1866 5344 inconvulsa.

2039 4649 2096 4695 et
2123 4640 2327 4710 plectro
2351 4642 2452 4712 pia:
2485 4641 2866 4698 admonitionis
2888 4641 3217 4711 repercussi,
3240 4655 3349 4695 una
3372 4652 3494 4694 eum
3521 4636 3613 4689 illo

2040 4731 2094 4790 in
2122 4732 2460 4788 abstinentia:
2511 4741 2766 4804 tympano
2804 4742 2859 4790 ct
2893 4731 3266 4789 unanimitatis
3303 4730 3470 4786 choro
3505 4741 3618 4780 me-

2039 4839 2257 4880 reamur
2285 4825 2570 4895 gratulari.
2601 4824 2796 4894 Sicque
2825 4825 3100 4895 conjuncti
3135 4829 3397 4890 quattuor
3423 4815 3622 4890 princi-

2040 4921 2239 4992 palium
2265 4922 2524 4976 virtutum
2553 4919 2858 4982 harmonia,
2887 4918 3167 4991 valeamus
3198 4927 3423 4985 semper
3449 4906 3631 4962 istius-

2041 5012 2184 5067 modi
2237 5011 2454 5068 laudare
2494 5009 2662 5065 Deum
2686 5008 3041 5064 consonantia
3073 5025 3086 5063 :
3134 5023 3156 5055 ι
3181 5000 3389 5061 Omnis
3415 4996 3638 5069 spiritus

2043 5103 2224 5159 laudet
2253 5105 2562 5159 Dominum.
2608 5099 2697 5169 (Si
2743 5099 2808 5152 de
2836 5097 3030 5157 abbate
3059 5093 3275 5164 agitur,
3310 5084 3646 5171 conveniens

2042 5195 2184 5250 ratio
2209 5195 2308 5250 loci
2337 5205 2392 5250 et
2413 5204 2768 5264 personarum
2794 5189 3018 5245 honeste
3046 5177 3540 5256 immutetur(26.)
