4116 5358
545 365 649 421 819

1467 357 1817 419 ODORANNI
1852 359 2157 421 MONACHI
2197 361 2254 419 S.
2295 357 2501 418 PETRI
2527 355 2666 415 VIVI
2706 356 2947 415 SENON.

3695 348 3810 439 ego

1705 553 2416 646 OPUSCULUM
2495 553 2659 657 IX.

622 741 880 800 Seniores
906 750 961 807 et
982 742 1198 807 fratres,
1223 741 1409 798 audire
1435 741 1644 798 debetis
1668 757 1838 814 quare
1871 741 1961 798 hic
1989 741 2121 798 estis
2147 744 2193 805 Α
2226 741 2371 797 tione
2400 753 2528 810 erga
2551 739 2846 801 humanum
2874 752 3043 812 genus
3071 736 3212 802 Deus
3240 735 3586 810 omnipotens
3611 735 3810 803 utitur,

546 833 882 906 congregati.
925 834 1068 888 Deus
1125 833 1462 903 omnipotens
1501 835 1719 904 quando
1752 835 1988 905 primum
2022 835 2119 891 ho-

545 925 748 979 minem
772 922 997 987 creavit,
1029 922 1259 977 liberum
1285 923 1362 978 illi
1402 923 1686 979 arbitrium
1723 923 1972 980 contulit.
2002 923 2120 993 Ipse

543 1027 676 1070 vero
703 1013 875 1069 libero
903 1013 1131 1069 arbitrio
1156 1014 1296 1069 male
1336 1029 1488 1080 usus,
1525 1029 1620 1070 esu
1650 1015 1794 1085 pomi
1821 1015 1994 1080 vetiti,
2027 1015 2119 1070 de-

544 1105 790 1159 liciarum
818 1103 966 1171 sede,
992 1112 1246 1162 manente
1276 1105 1447 1161 libero
1468 1107 1714 1174 arbitrio,
1747 1114 1830 1162 est
1854 1107 2115 1177 privatus.

543 1196 712 1268 Cujus
749 1210 1008 1267 sequaces
1045 1211 1142 1266 per
1184 1197 1353 1251 multa
1397 1205 1639 1268 tempora
1687 1213 1718 1252 a
1751 1199 1836 1253 via
1872 1198 2117 1253 veritatis

543 1288 886 1352 oberrantes,
926 1295 982 1342 et
1007 1286 1164 1342 idolis
1191 1287 1506 1353 servientes,
1537 1296 1813 1344 auctorem
1848 1303 2002 1343 suum
2032 1301 2120 1356 pe-

541 1379 691 1434 nitus
738 1378 1098 1448 ignorabant:
1146 1379 1326 1448 quoad
1371 1393 1541 1448 usque
1562 1379 1908 1448 omnipotens
1956 1379 2117 1443 Deus,

543 1467 880 1524 oboedientia
910 1465 1098 1522 famuli
1126 1467 1209 1522 sui
1245 1466 1477 1522 Abrahae
1506 1467 1772 1537 placatus,
1801 1467 2116 1523 circumcidi

542 1559 698 1615 illum
739 1559 932 1615 voluit.
971 1560 1039 1615 Et
1087 1561 1426 1630 postmodum
1467 1575 1565 1631 per
1608 1571 1854 1617 sanetum
1900 1563 2118 1634 Moysen

527 1651 784 1708 amicum
812 1665 968 1706 suum
1000 1667 1185 1707 semen
1208 1651 1324 1720 ejus
1353 1653 1418 1707 de
1443 1653 1700 1709 servitute
1714 1654 1961 1725 Egyptia
1983 1655 2118 1710 libe-

541 1761 695 1812 rans,
722 1754 778 1800 et
805 1745 1034 1799 eundem
1081 1743 1255 1814 ipsum
1283 1759 1513 1815 praeesse
1541 1746 1736 1816 populo
1777 1762 1874 1802 suo
1909 1747 2116 1812 volens,

541 1852 643 1908 per
669 1833 889 1891 manum
920 1835 1063 1890 illius
1090 1836 1140 1890 ei
1171 1825 1343 1906 legem
1371 1837 1610 1891 tradidit.
1637 1836 1712 1890 De
1747 1838 1902 1910 cujus
1928 1839 2119 1909 Spiritu

537 1934 826 1998 postquam
851 1925 1033 1981 Aaron
1067 1933 1123 1980 et
1151 1924 1292 1980 ﬁlios
1330 1923 1446 1993 ejus
1473 1925 1539 1980 ad
1575 1926 1920 1996 pontificatus
1947 1930 2121 1984 hono-

538 2034 659 2075 rem
681 2019 866 2091 elegit,
889 2018 982 2074 Dei
1006 2017 1343 2088 providentia
1371 2032 1591 2072 sumens
1611 2020 1950 2089 septuaginta
1976 2021 2119 2076 viros

2223 833 2349 889 dum
2378 847 2483 887 non
2523 831 2834 888 hominibus
2882 829 3123 900 angelos,
3163 829 3538 901 archangelos,
3574 829 3673 885 sed
3707 828 3810 884 ho-

2221 924 2399 979 mines
2435 923 2540 979 sibi
2586 932 2779 978 natura
2820 922 3132 978 consimiles
3169 937 3482 992 praeponere
3526 922 3806 993 dignatur.

2219 1014 2452 1086 Expedit
2475 1004 2606 1085 ergo
2627 1015 2783 1070 vobis
2834 1023 2895 1068 ut
2923 1013 3257 1091 exhibitione
3283 1015 3547 1070 bonorum
3577 1028 3806 1082 operum

2220 1108 2332 1163 Deo
2375 1108 2657 1177 placeatis,
2690 1107 2944 1176 quatinus
2970 1107 3282 1162 sacerdotes
3309 1113 3366 1160 et
3393 1106 3675 1176 principes
3698 1105 3809 1176 Deo

2221 1201 2425 1271 dignos,
2459 1199 2552 1270 qui
2594 1199 2743 1255 vobis
2785 1200 2951 1255 verbo
2987 1209 3044 1255 et
3086 1198 3336 1268 exemplo
3374 1201 3443 1253 ad
3471 1198 3692 1253 caeleste
3723 1213 3810 1255 re-

2222 1305 2385 1361 gnum
2443 1294 2720 1361 prsebeant
2774 1291 3032 1362 pergendi
3083 1290 3370 1357 ducatum,
3426 1291 3632 1346 habere
3684 1305 3810 1360 pos-

2221 1384 2360 1438 sitis.
2419 1381 2687 1438 Przeterea
2772 1383 2986 1459 noverit
3048 1381 3362 1452 fraternitas
3422 1389 3608 1438 vestra
3678 1396 3808 1435 san-

2221 1483 2363 1549 etam
2406 1475 2856 1552 Trecasinensem
2889 1475 3210 1538 Eeclesiam,
3259 1483 3436 1530 morte
3484 1475 3568 1531 sui
3601 1490 3809 1545 praesu-

2223 1565 2288 1620 lis
2313 1565 2606 1629 viduatam,
2635 1566 2905 1636 expetisse
2932 1565 3115 1621 domni
3145 1563 3379 1620 Gilduini
3407 1565 3806 1636 archiepiscopi

2221 1656 2392 1711 nostri
2437 1655 2548 1727 (27)
2579 1657 2950 1725 praesentiam,
2978 1655 3131 1726 juxta
3176 1665 3486 1712 sanctorum
3534 1669 3806 1709 canonum

2222 1753 2533 1813 censuram,
2567 1749 2822 1818 quatinus
2855 1747 2930 1802 illi
2959 1748 3225 1802 concedat
3253 1762 3513 1816 sponsum
3543 1756 3597 1801 et
3625 1755 3810 1817 pasto-

2222 1853 2334 1893 rem
2361 1830 2680 1909 congruum.
2703 1838 2868 1906 Cujus
2891 1838 3138 1910 petitioni
3156 1838 3512 1894 libentissime
3535 1852 3806 1902 annuens,

2222 1946 2326 1985 una
2351 1946 2472 1987 cum
2499 1946 2764 2000 consensu
2799 1941 2854 1987 et
2890 1917 3168 1986 veluntate
3190 1918 3387 1986 domui
3427 1933 3603 1987 nostri
3635 1931 3808 1986 Hain—

2223 2022 2319 2076 rici
2344 2021 2458 2093 (28)
2474 2021 2807 2093 Francorum
2823 2022 2984 2092 regis,
3007 2020 3534 2093 etsull‘raganeorum
3559 2037 3806 2086 suorum,

541 2111 636 2182 qui
659 2127 768 2167 una
789 2127 911 2167 cum
937 2111 1029 2168 illo
1049 2111 1248 2183 populo
1274 2121 1590 2182 prwessent,
1615 2113 1858 2182 replevit.
1885 2113 2121 2181 Quorum
2153 2094 2200 2153 Β
2228 2115 2578 2170 Carnotensis
2625 2115 2844 2194 scilicet.
2879 2113 3136 2184 episcopi,
3185 2113 3613 2183 Aurelianensis,
3662 2112 3808 2168 Pari-

545 2203 842 2272 posteritas
863 2201 990 2257 dum
1013 2217 1109 2272 per
1132 2203 1503 2258 successiones
1531 2210 1833 2274 temporum
1862 2219 2030 2274 usque
2060 2204 2125 2260 ad

550 2289 895 2346 Samuhelem
928 2290 1243 2361 prophetam
1272 2291 1614 2362 perduraret,
1648 2292 1814 2346 David
1851 2308 2030 2363 regem
2059 2295 2124 2348 de

544 2399 653 2454 quo
670 2384 984 2440 dicitDeus:
1021 2383 1416 2439 «InveniDavid
1434 2385 1728 2441 secundum
1758 2401 1854 2442 cor
1881 2400 2115 2452 meum,»

542 2476 721 2530 eidem
749 2473 898 2546 genti
927 2473 1170 2530 contulit.
1199 2474 1277 2530 De
1305 2474 1460 2545 cujus
1488 2475 1655 2543 stirpe
1684 2475 1945 2530 Dominus
1965 2474 2124 2531 Jesus

543 2585 648 2640 per
689 2569 1025 2626 voluntatem
1071 2568 1269 2635 Patris,
1313 2578 1638 2638 cooperante
1669 2579 1855 2625 sancto
1895 2569 2120 2640 Spiritu,

541 2659 924 2716 inmaculalam
947 2675 1168 2717 carnem
1190 2673 1259 2715 ex
1285 2659 1614 2714 inmaculata
1644 2658 1862 2731 Virgine
1883 2675 2120 2728 sumens,

547 2753 830 2810 duodecim
862 2751 1135 2824 apostolos
1155 2751 1338 2824 elegit,
1366 2759 1422 2807 et
1455 2751 1713 2822 appellari
1747 2753 1814 2808 ab
1840 2753 1918 2808 eis
1942 2751 2123 2808 Domi-

547 2859 654 2899 nus
679 2851 735 2898 et
760 2842 1016 2914 Magister
1045 2841 1234 2897 voluit.
1270 2841 1474 2910 Quibus
1514 2844 1582 2898 ab
1625 2857 1691 2898 eo
1720 2850 1907 2900 sancta
1951 2852 2124 2900 mater

547 2930 790 2988 Ecclesia
822 2931 1065 3000 ejusdem
1092 2932 1306 2988 Domini
1330 2932 1458 2989 Jesu
1488 2948 1684 3003 sponsa
1727 2935 2035 2999 commissa,
2070 2947 2124 2991 et

540 3023 747 3096 ligandi
797 3032 960 3092 atque
1009 3023 1248 3079 solvendi
1301 3032 1541 3094 potestas
1587 3024 1816 3092 collata,
1864 3027 2120 3096 quamdiu

544 3114 734 3170 mundi
765 3113 924 3183 hujus
964 3115 1140 3171 orbita
1182 3114 1436 3181 volvitur,
1481 3115 1533 3170 in
1564 3131 1750 3171 eorum
1783 3119 2086 3173 successori
2113 3154 2121 3161 ι

538 3203 663 3271 bus,
707 3205 785 3260 eis
819 3205 1027 3262 scilicet
1055 3205 1148 3276 qui
1188 3205 1426 3277 episcopi
1471 3215 1754 3272 vocantur,
1789 3216 1972 3263 manet
2010 3218 2120 3264 sta-

539 3295 666 3351 bilis
697 3303 752 3351 et
787 3297 963 3352 ﬁrma.

612 3387 1039 3444 Animadvertite
1080 3388 1261 3459 igitur,
1309 3387 1505 3466 fratres
1547 3388 1843 3456 karissimi,
1887 3405 1992 3460 qua
2029 3405 2118 3445 ra-

544 3476 712 3545 tione,
745 3494 850 3549 qua
889 3480 1108 3552 pietate,
1143 3494 1248 3552 qua
1289 3480 1686 3550 misericordia,
1729 3497 1834 3553 qua
1865 3481 2114 3538 modera—

2227 2205 2445 2271 siensis,
2493 2205 2803 2271 llleldensis,
2845 2203 3239 2280 Nevernensis,
3286 2205 3809 2276 Antissiodorensis,

2227 2312 2326 2352 nec
2354 2313 2460 2352 non
2491 2305 2544 2354 et
2570 2313 2856 2368 procerum
2880 2298 3240 2364 Francorum,
3272 2299 3545 2367 totiusque
3579 2295 3714 2351 cleri
3754 2303 3811 2348 et

2225 2391 2406 2461 populi
2433 2389 2736 2460 adplausu,
2769 2391 2860 2444 dat
2904 2389 2954 2443 ei
3000 2405 3160 2460 quem
3205 2397 3527 2459 prmsentem
3578 2385 3810 2442 cernitis

2225 2479 2481 2535 domnum
2500 2479 2861 2545 Mainardum,
2893 2478 3053 2549 hujus
3085 2487 3288 2534 sanctae
3327 2478 3516 2532 matris
3544 2474 3808 2539 Ecclesia:

2227 2571 2400 2627 sancti
2427 2570 2688 2642 Stephani
2706 2570 3068 2625 archielavum
3085 2568 3219 2641 (29),
3237 2576 3532 2639 pastorem,
3559 2575 3618 2621 et
3643 2580 3811 2635 spon—

2226 2679 2368 2729 sum,
2402 2663 2565 2719 nobili
2595 2662 2763 2732 stirpe
2788 2661 3152 2732 progenitum,
3183 2668 3239 2715 et
3266 2658 3422 2736 bonis
3446 2655 3695 2731 moribus
3723 2668 3806 2721 or-

2226 2764 2434 2812 natum.
2468 2753 2621 2809 Unde
2650 2747 2984 2823 postulamus
3012 2752 3296 2830 caritatem
3341 2757 3605 2813 vestram,
3629 2745 3806 2802 karis-

2224 2846 2347 2901 simi
2390 2845 2602 2919 fratres,
2633 2845 2772 2900 utin
2814 2845 3032 2900 excelso
3074 2858 3238 2898 voces
3282 2840 3630 2904 extollentes,
3675 2835 3806 2908 quid

2225 2951 2386 3008 super
2419 2936 2523 2992 hoc
2552 2935 2704 2992 vobis
2743 2935 2950 3006 placeat
2982 2921 3344 3004 proclametis.
3377 2931 3530 2986 llunc
3557 2929 3808 2984 versicu-

2223 3031 2334 3086 lum
2361 3028 2650 3100 repetitum
2675 3029 2852 3092 tertio,
2876 3036 3239 3100 prosequatur
3258 3024 3641 3081 decentissima
3669 3021 3806 3093 cleri

2225 3120 2458 3187 electio,
2507 3117 2701 3176 deinde
2735 3117 3137 3189 metropolitani
3183 3125 3238 3174 et
3277 3116 3520 3172 omnium
3570 3128 3805 3184 conpro-

2221 3210 2555 3276 vincialium,
2606 3209 2650 3266 si
2683 3209 2800 3265 ﬁeri
2846 3217 3062 3280 potest:
3110 3207 3206 3264 sed
3248 3222 3356 3263 non
3403 3206 3585 3262 minus
3636 3218 3802 3283 quam

2221 3305 2384 3359 trium
2415 3305 2814 3377 episcoporum,
2847 3301 3264 3373 metropolitano
3307 3308 3602 3372 praesente,
3636 3297 3805 3384 bene-

2221 3397 2403 3453 dictio.
3040 3395 3045 3409 ⁸

1717 3655 2431 3751 OPUSCULUM
2503 3663 2634 3778 Χ,

543 3839 763 3898 Sancta:
795 3845 978 3900 matris
1007 3843 1260 3903 Ecclesia:
1296 3846 1563 3903 Senonum
1592 3847 1981 3918 archiepiscopo
2012 3845 2286 3914 Gildm'no,
2316 3849 2548 3906 maxima
2571 3850 2802 3922 corporis
2834 3849 3178 3906 invalitudine
3205 3852 3444 3906 detentus
3472 3848 3799 3924 Odoranmts

1563 3939 1856 4012 syncellita,
1890 3941 2132 3998 remulari
2162 3941 2379 3998 meliora
2410 3924 2754 4000 charismata.
3785 3929 3790 3936 τ

612 4109 768 4181 Quod
811 4112 988 4168 studio
1026 4112 1313 4169 lectionum
1345 4113 1646 4171 divinarum
1669 4118 1913 4177 obtinere
1940 4120 2116 4177 valea-
2145 4122 2190 4185 C
2225 4130 2336 4177 tera
2359 4133 2557 4178 sanctae
2580 4119 2971 4179 exhortationis
2992 4123 3264 4190 aﬂ‘amina,
3295 4124 3500 4180 Domini
3523 4122 3653 4179 Jesu
3675 4139 3796 4180 cum

537 4219 681 4270 mus,
707 4202 850 4258 unde
888 4219 1025 4259 nova
1072 4211 1127 4260 et
1171 4213 1355 4259 vetera
1387 4205 1629 4276 proferre
1657 4223 1950 4279 queamus,
1973 4213 2039 4268 ad
2068 4215 2119 4269 id

538 4295 848 4351 faciendum
891 4305 1190 4366 provocant
1235 4312 1335 4352 nos
1380 4297 1553 4354 beatae
1597 4303 1873 4357 memoria:
1915 4305 2120 4373 praede-

540 4389 774 4445 eessoris
791 4391 953 4445 vestri
973 4390 1276 4447 Leutherici
1298 4393 1689 4466 archiepiseOpi
1709 4397 1922 4452 miriﬁci
1943 4409 2116 4464 actus,

540 4480 634 4551 qui
682 4494 892 4550 semper
930 4479 1084 4549 juxta
1105 4482 1422 4551 Apostolum
1458 4485 1511 4540 in
1559 4487 1806 4543 oratione
1849 4489 2114 4558 assiduus,

541 4581 598 4626 et
639 4571 694 4626 in
744 4573 1094 4630 meditatione
1128 4575 1260 4647 legis
1307 4578 1401 4633 Dei
1440 4582 1738 4648 permansit
1779 4583 2114 4648 indefessus;

543 4662 697 4732 cujus
723 4667 1013 4736 praesentia
1035 4671 1297 4738 corporali
1324 4672 1370 4726 si
1390 4673 1455 4726 ad
1485 4689 1723 4743 przesens
1743 4677 1960 4746 dignum
1989 4678 2120 4734 fuis-

541 4763 625 4810 set
652 4754 857 4825 perfrui
903 4757 1198 4824 saeeulum,
1239 4775 1575 4831 nequaquam
1623 4764 1934 4833 pullulasset
1979 4783 2116 4823 nova

544 4846 770 4904 haeresis
789 4847 1228 4920 Burgundionum
1244 4851 1377 4924 (50),
1403 4854 1514 4924 qui,
1545 4862 1604 4908 ut
1632 4856 1761 4911 mihi
1783 4857 2113 4924 innotuistis,

540 4949 792 4995 asserunt
818 4956 878 4996 se
911 4941 1097 4998 rebelli
1135 4952 1314 4998 mente
1351 4944 1426 5000 nil
1456 4945 1652 5003 debere
1683 4949 1795 5003 suis
1826 4950 2116 5020 episcopis,

539 5027 589 5083 si
613 5027 680 5084 ab
728 5028 836 5087 illis
872 5032 941 5086 ad
989 5033 1421 5090 emendationem
1466 5044 1527 5091 ut
1572 5037 1813 5104 veniant,
1861 5041 2120 5095 canonice

2223 4213 2478 4283 apostolis
2507 4213 2774 4283 loquentis
2800 4213 2882 4268 sic
2912 4228 2971 4269 se
3001 4213 3306 4269 habuerunt
3325 4213 3519 4269 verba:
3546 4213 3683 4288 «Qui
3709 4229 3804 4267 vos

2223 4306 2458 4375 spernit,
2514 4321 2602 4361 me
2640 4306 2870 4376 spernit.
2907 4325 2926 4359 ι
2976 4306 3217 4374 Quorum
3271 4306 3444 4361 vicem
3489 4307 3800 4361 sacerdotes

2222 4396 2478 4451 Ecclesia
2509 4405 2773 4464 tenentes,
2798 4397 2991 4468 majori
3021 4395 3220 4465 injuria
3243 4413 3350 4452 non
3378 4406 3607 4466 possunt
3636 4397 3801 4452 laees-

2221 4487 2337 4552 siri,
2357 4502 2514 4558 quam
2536 4487 2605 4552 si,
2622 4488 2846 4542 verbum
2870 4487 3107 4542 divinum
3133 4486 3626 4552 subministrantes,
3653 4501 3801 4556 sper-

2221 4590 2422 4636 nantur
2450 4598 2480 4636 a
2523 4568 2771 4638 subditis.
2799 4581 3022 4659 Quibus,
3059 4597 3127 4636 ne
3147 4582 3506 4651 vilipendalur
3530 4582 3687 4651 vigor
3712 4596 3800 4636 ec-

2223 4671 2579 4740 clesiasticus,
2627 4689 2658 4729 e
2699 4673 2912 4729 diverso
2938 4683 3231 4730 occurrunt
3268 4674 3415 4754 leges
3451 4674 3739 4729 mundana:
3767 4689 3798 4727 a

2222 4761 2544 4820 Christianis
2591 4765 3007 4835 imperatoribus
3040 4765 3239 4835 Spiritu
3278 4776 3466 4822 sancto
3501 4766 3801 4837 inspirante

2220 4855 2594 4926 promulgatrc,
2622 4857 2818 4926 quibus
2847 4857 3160 4926 praccipitur
3186 4865 3244 4911 ut
3276 4857 3434 4926 triplo
3463 4872 3797 4929 componan-

2224 4958 2313 5004 tur
2339 4965 2528 5004 omnes
2555 4951 2893 5005 sacerdotum
2922 4949 3149 5019 injuriae.
3190 4949 3422 5006 Gloriosi
3459 4967 3676 5022 quoque
3701 4950 3774 5005 im

2223 5039 2489 5110 peratoris
2530 5039 2711 5095 Karoli
2758 5041 2880 5096 luce
2931 5042 3160 5097 clariora
3209 5050 3399 5096 extant
3446 5041 3707 5113 capitula,
3744 5042 3797 5095 in
