4116 5358
553 305 656 363 83$

1443 315 1800 387 IODORANNI
1835 321 2137 380 MONACIII
2178 326 2232 382 S.
2276 325 2477 384 PETRI
2515 330 2648 387 “Vl
2688 333 2928 403 SENON.

3703 341 3805 404 824

1660 529 2372 632 OPUSCULUM
2441 541 2673 646 ΧΙΙ,

619 739 771 807 Quod
785 740 1136 833 o‘mnishomo
1157 740 1223 833 ad
1251 744 1540 797 amandum
1565 753 1622 798 et
1646 745 1931 802 colendum
1954 747 2123 801 Deum
2157 752 2200 812 Α
2230 749 2384 818 liter;
2415 767 2481 809 eo
2524 753 2778 811 videlicet
2826 763 3012 813 tenore
3067 765 3150 828 ut,
3178 761 3225 816 si
3275 762 3472 833 aliquis
3517 781 3585 822 ex
3618 767 3726 825 illis
3754 786 3805 825 in

546 843 761 888 creaius
783 831 876 898 sit,
898 840 1130 888 testatur
1156 828 1243 888 his
1263 833 1444 889 verbis
1465 833 1816 891 Ecclesiastes
1836 835 1888 890 in
1914 835 2020 891 ﬁne
2041 834 2123 892 sui

550 925 862 981 sermonis:
903 943 921 978 ι
945 924 1114 980 Deum
1151 924 1299 994 time,
1328 935 1384 982 et
1408 927 1658 982 mandata
1709 926 1824 1000 ejus
1874 929 2125 996 observa,

546 1018 653 1074 hoc
679 1026 765 1075 est
784 1019 1198 1086 omnishomou
1224 1020 1396 1086 idest,
1414 1021 1480 1076 ad
1507 1023 1834 1079 hoeercatus
1848 1032 1930 1079 est
1950 1023 2126 1079 omnis

547 1106 732 1174 homo,
773 1115 835 1164 ut
881 1107 1046 1163 Deum
1083 1109 1270 1164 timeat
1295 1119 1350 1165 et
1386 1113 1634 1166 mandata
1682 1111 1800 1182 ejus
1850 1113 2122 1170 observet.

545 1197 719 1255 Verus
765 1215 979 1272 quoque
1022 1203 1372 1272 concionator
1416 1213 1601 1259 noster
1638 1205 1899 1261 Dominus
1943 1205 2125 1277 Jesus,

544 1291 688 1348 inter
701 1303 886 1349 cetera
901 1294 1058 1351 melle
1078 1296 1392 1382 dulcissimo
1411 1297 1671 1363 dulciora,
1693 1299 1817 1354 talia
1841 1299 1954 1354 suis
1967 1298 2127 1354 disci-

543 1383 685 1456 pulis
699 1385 903 1455 profert
917 1385 1189 1442 all'amina:
1217 1385 1397 1454 «Quod
1409 1389 1561 1444 vobis
1574 1390 1970 1455 dico,omnibus
1983 1389 2123 1456 dico,

545 1475 791 1546 vigilate;
814 1495 834 1529 ι
849 1485 932 1532 et:
953 1496 972 1529 ι
992 1477 1202 1534 Timete
1222 1493 1345 1534 cum
1369 1479 1458 1549 qui
1479 1489 1656 1548 potest
1677 1481 1916 1534 animam
1932 1488 1985 1536 et
2007 1495 2127 1535 cor-.-

544 1590 648 1645 pus
667 1575 896 1646 perdere
921 1576 972 1630 in
998 1577 1320 1646 gehennam.
1344 1597 1363 1628 ›
1380 1577 1481 1644 Qui
1504 1577 1668 1632 etiam
1691 1576 2128 1647 adpropinquans

542 1669 806 1738 passioni,
829 1669 1205 1725 unanimitatis
1236 1669 1550 1739 patientiam
1575 1685 1790 1726 servare
1812 1685 1906 1725 eos
1933 1669 2012 1725 sic
2033 1670 2126 1724 do-

546 1759 662 1814 cuit
692 1777 705 1813 :
749 1777 768 1810 ί
801 1758 1108 1814 Mandatum
1134 1775 1332 1815 novum
1359 1761 1427 1815 do
1456 1761 1608 1815 vobis
1643 1769 1702 1814 ut
1730 1760 1968 1828 diligatis
1991 1759 2125 1814 invi-

543 1871 694 1924 cem,
745 1856 885 1914 sicut
934 1855 1097 1913 dilexi
1145 1872 1264 1912 vos.
1299 1875 1320 1910 ι
1372 1857 1438 1911 Et
1468 1857 1766 1912 ascendens
1793 1856 1845 1910 in
1904 1855 2124 1920 cmlum,

543 1950 756 2006 orando
785 1949 1038 2014 Patrem,
1070 1948 1254 2004 intulit
1278 1949 1462 2004 dicens
1487 1968 1500 2004 :
1563 1967 1581 2000 ‹
1619 1947 1736 2004 Non
1764 1963 1863 2017 pro
1889 1947 1974 2018 his
2001 1962 2128 2018 rogo

547 2041 886 2109 tantum,sed
914 2024 1015 2112 pro
1044 2041 1224 2109 cisqui
1254 2039 1509 2096 credituri
1532 2047 1768 2110 suntper
1794 2039 2017 2093 verbum
2037 2052 2128 2093 eo.

545 2150 668 2190 rum
697 2133 751 2188 in
772 2139 960 2199 me,ut
987 2143 1041 2188 et
1064 2131 1164 2202 ipsi
1198 2131 1250 2186 in
1279 2131 1435 2186 nobis
1456 2147 1620 2186 unum
1650 2131 1780 2186 sint.
1806 2149 1825 2184 ι
1861 2130 1936 2184 De
1957 2138 2128 2185 secta-

542 2227 756 2283 toribus
779 2240 994 2296 quoque
1019 2222 1326 2295 hujusmodi
1369 2223 1542 2278 Lucas
1574 2223 1628 2277 in
1661 2222 1882 2278 Actibus
1909 2231 2126 2292 aposto-

541 2319 719 2376 lorum
742 2317 965 2386 dicens,
1005 2316 1186 2372 taliter
1215 2315 1454 2371 intonuit
1482 2333 1496 2369 :
1525 2335 1542 2367 ι
1564 2313 1918 2369 Multitudinis
1946 2322 2126 2368 autem

527 2414 883 2471 credentium
921 2420 1043 2470 erat
1077 2427 1173 2468 cor
1203 2427 1372 2467 unum
1403 2417 1458 2466 et
1491 2411 1673 2465 anima
1705 2425 1810 2463 una
1836 2449 1852 2474 ,
1888 2417 1942 2463 et
1968 2414 2127 2462 erant

547 2506 654 2562 illis
677 2507 860 2564 omnia
885 2506 1216 2563 communia.
1242 2524 1260 2556 ι
1287 2504 1456 2576 igitur
1487 2503 1614 2558 dum
1655 2517 1749 2572 per
1772 2501 1937 2558 multa
1959 2515 2126 2555 anno-

542 2614 667 2655 rum
688 2597 958 2656 curricula
988 2597 1109 2654 istis
1131 2606 1186 2653 et
1210 2596 1297 2652 his
1325 2595 1591 2652 similibus
1621 2603 1805 2650 sancta
1831 2593 2124 2648 electorum

539 2689 783 2749 Ecclesia
829 2691 897 2746 ab
947 2688 1204 2760 apostolis
1254 2687 1475 2744 fundata
1519 2687 1745 2759 polleret
1798 2686 2121 2751 virtutibus,

538 2784 781 2839 omnium
808 2783 1071 2838 honorum
1100 2782 1316 2838 invidus
1349 2780 1612 2848 diabolus,
1639 2780 1933 2850 malignum
1972 2779 2125 2835 virus

539 2875 942 2931 adinventionis
965 2890 1076 2932 suae
1117 2875 1170 2930 in
1217 2874 1594 2930 haereticorum
1637 2883 1845 2929 mentes
1873 2871 2118 2935 fundens,

536 2967 764 3022 discidia
808 2967 948 3022 inter
981 2965 1165 3022 ﬁdeles
1212 2965 1442 3022 ebullire
1481 2964 1639 3030 fecit,
1667 2975 1722 3020 et
1746 2963 2120 3019 uuanimitatis

534 3059 794 3116 virtutem
831 3060 882 3114 in
919 3067 1181 3130 quantum
1211 3058 1386 3130 potuit
1408 3058 1764 3127 perturbavit.
1799 3056 1904 3111 Sed
1931 3065 2120 3110 sancta

534 3153 779 3211 Ecclesia
809 3169 971 3225 supra
1001 3155 1215 3210 ﬁrmam
1240 3164 1470 3224 petram,
1492 3152 1544 3207 id
1569 3161 1652 3206 est
1671 3149 2121 3215 Christum,bene

533 3247 782 3312 fundata,
815 3246 977 3302 nullis
1021 3245 1398 3301 haereticorum
1450 3243 1948 3313 perturbationibus
1987 3257 2117 3297 eon-

536 3338 648 3394 cuti
673 3337 865 3408 potuit,
894 3353 1033 3408 quat,
1054 3336 1258 3406 Spiritu
1282 3343 1467 3390 sancto
1493 3334 1774 3404 doctorum
1797 3331 2116 3403 spiritalium

535 3437 759 3500 pectora
783 3429 1170 3500 perlustrante,
1199 3425 1472 3482 inmobilis
1489 3424 1804 3495 permansit.

606 3521 651 3577 Ε
698 3521 894 3593 quibus
942 3520 1220 3592 legislator
1243 3517 1588 3586 Benedictus,
1635 3517 1922 3574 unanimes
1980 3530 2115 3572 con-

534 3630 762 3688 gregare
811 3614 1034 3672 studens
1092 3612 1146 3667 in
1198 3612 1291 3668 Dei
1366 3611 1563 3674 domo.
1637 3609 1851 3680 scripsit
1931 3623 2118 3664 mona-

537 3706 763 3762 chorum
812 3703 1084 3775 regulam,
1116 3700 1445 3757 discretione
1485 3699 1843 3770 praecipuam,
1867 3713 2116 3754 sermone

533 3797 896 3862 luculentam,
953 3796 1008 3850 in
1064 3809 1172 3865 qua
1217 3792 1499 3849 evidenter
1551 3791 1859 3847 ostenditur
1912 3798 2114 3861 quanta

531 3891 605 3947 sit
662 3889 1039 3946 unanimitatis
1089 3889 1282 3944 virtus.
1331 3873 1476 3952 Quia
1521 3899 1684 3949 vero,
1734 3893 1794 3939 ut
1823 3881 2116 3953 Apostolus

530 3981 630 4051 ait,
664 3996 771 4038 non
812 3981 1054 4037 omnium
1105 3987 1188 4034 est
1233 3977 1387 4042 ﬁdes,
1420 3983 1601 4030 tamen
1642 3974 1881 4030 omnium
1913 3972 2118 4029 beneﬁ-

528 4075 674 4129 cium
705 4081 788 4128 est
833 4073 886 4127 in
924 4071 1142 4126 fratres.
1174 4069 1329 4124 Licet
1364 4075 1549 4124 sancta
1578 4065 1902 4122 universalis
1928 4064 2115 4125 Eccles-

528 4165 610 4220 sia
641 4163 873 4220 diversis
901 4163 955 4218 in
986 4161 1272 4218 ordinibus
1301 4158 1590 4216 distributa
1616 4159 1704 4224 sit,
1733 4167 1912 4214 tamen
1954 4158 2114 4212 unius

529 4258 775 4315 caritatis
804 4257 1105 4314 visceribus
1153 4255 1426 4311 euutritur
1472 4262 1528 4309 et
1561 4253 1912 4325 gubernatur.
1949 4249 2114 4320 Cujus

531 4364 720 4406 amore
745 4363 1008 4405 succensa
1035 4345 1256 4403 humilis
1275 4345 1625 4417 congregatio
1645 4353 1958 4400 sanctorum
1986 4357 2114 4411 apo-

528 4438 793 4494 stolorum
824 4438 971 4493 Petri
1001 4447 1057 4494 et
1085 4437 1238 4492 Pauli
1263 4478 1277 4500 ,
1309 4446 1619 4492 sanctorum
1657 4449 1873 4506 quoque
1897 4443 2111 4505 aposto-

527 4531 706 4586 lorum
721 4529 1380 4586 SavinianietPotentiani
1400 4528 1511 4600 (32)
1524 4529 1904 4597 sociorumque
1923 4541 2109 4580 eorum

530 4620 864 4676 Senonensis
904 4620 1027 4685 vici,
1061 4620 1337 4675 desiderat
1368 4618 1698 4674 fraternitati
1741 4633 1854 4673 sua:
1876 4633 2109 4688 conpro-

526 4713 794 4770 vinciales
835 4712 1205 4783 presbyteros,
1240 4726 1333 4764 seu
1363 4709 1633 4779 quoslibet
1679 4710 1884 4776 ﬁdeles,
1909 4711 1975 4763 ad
2009 4710 2112 4767 hoc

2228 840 2599 899 inﬁrmitatem
2651 845 2928 914 deciderit,
2978 847 3046 904 ab
3089 851 3284 910 abbate
3309 855 3394 910 vel
3439 871 3472 911 a
3522 856 3804 922 fratribus,

2226 947 2378 990 more
2431 935 2822 1005 ecclesiastico,
2877 955 2972 996 seu
3029 957 3060 998 a
3118 946 3314 1001 ceteris
3367 952 3806 1022 conpresbyteris

2224 1023 2503 1098 visitetur;
2530 1036 2603 1092 et,
2638 1028 2684 1083 si
2707 1029 2992 1087 defunctus
3013 1032 3199 1102 fuerit,
3227 1036 3294 1091 ab
3318 1054 3645 1111 unoquoque
3693 1059 3807 1098 mo-

2226 1120 2402 1174 nacho
2443 1123 2754 1189 sacerdote,
2822 1139 2918 1182 seu
2967 1140 2999 1181 a
3045 1128 3240 1183 ceteris
3311 1132 3649 1205 presbyteris
3712 1152 3805 1206 pro

2225 1207 2399 1265 salute
2450 1211 2643 1266 animae
2697 1211 2814 1281 ejus
2877 1224 3086 1285 septem
3145 1220 3326 1276 missa:
3391 1235 3686 1290 canantur;
3754 1226 3806 1280 in

2225 1306 2491 1355 conventu
2520 1316 2648 1357 vero
2690 1301 2916 1360 fratrum
2965 1317 3091 1377 post
3137 1311 3366 1380 primam
3415 1313 3607 1370 horam
3659 1316 3804 1382 dici,

2225 1401 2348 1448 ante
2378 1408 2538 1464 quam
2571 1395 2754 1452 litania
2783 1407 2996 1472 agatur,
3022 1401 3336 1473 psalterium
3377 1422 3444 1474 ex
3473 1406 3685 1479 integro
3711 1410 3806 1474 de.-

2224 1493 2495 1544 ,Cautetur.

2294 1614 2399 1672 Pro
2443 1618 2642 1677 talione
2672 1637 2801 1680 vero
2848 1624 3074 1697 hujusce
3115 1628 3366 1696 rationis,
3390 1631 3443 1686 id
3472 1632 3618 1702 quod
3674 1649 3812 1704 price

2225 1709 2482 1780 scriptum
2515 1723 2593 1769 est
2626 1714 2740 1770 ﬁeri
2772 1731 2870 1786 pro
2899 1719 3255 1791 presbyteris,
3297 1723 3548 1779 similiter
3575 1723 3675 1779 ﬁat
3714 1742 3811 1796 pro

2229 1801 2515 1859 monachis
2549 1803 2617 1858 ab
2646 1805 2774 1874 ipsis
2804 1809 3138 1880 presbyteris
3167 1811 3252 1865 vel
3282 1813 3581 1868 monachis.
3619 1815 3689 1870 Et
3717 1831 3815 1885 per

2225 1889 2466 1962 singulos
2495 1908 2684 1960 annos,
2714 1896 2873 1951 sicut
2897 1898 2950 1953 in
2981 1898 3273 1958 festivitate
3305 1905 3544 1959 omnium
3589 1917 3811 1962 saneto-

2225 1996 2343 2034 rum
2391 1981 2654 2052 jejunium
2707 1987 3029 2057 neglectum,
3074 1992 3187 2048 sive
3241 1993 3507 2051 festivitas
3559 1999 3811 2070 neglecta

2155 2109 2200 2168 Β
2229 2071 2414 2137 fuerit,
2463 2076 2819 2143 persolvitur;
2869 2080 2947 2135 sic
3000 2081 3052 2134 in
3101 2083 3271 2152 prima
3323 2086 3678 2158 subsequenti
3727 2093 3812 2144 die

2230 2168 2670 2222 commemoratio
2698 2171 2937 2224 omnium
2965 2171 3200 2229 ﬁdelium
3231 2176 3630 2245 defunctorum,
3648 2196 3812 2237 causa

2225 2255 2479 2316 ‘karitatis
2509 2261 2626 2330 Dei,
2665 2263 2717 2316 in
2745 2264 2932 2319 eodem
2961 2270 3293 2324 monasterio
3341 2271 3408 2326 ab
3430 2273 3628 2329 abbate
3653 2274 3738 2329 vel
3781 2291 3813 2329 a

2229 2349 2488 2407 fratribus
2551 2357 3090 2425 conprovineialibus
3151 2361 3521 2434 sollempniter
3586 2376 3810 2438 agatur,

2226 2438 2564 2512 eleemosyna
2597 2445 2810 2513 publica
2859 2447 2910 2501 in
2946 2464 3232 2520 pauperes,
3265 2462 3321 2508 et
3345 2453 3641 2511 refectione
3661 2457 3812 2512 kari-

2231 2533 2359 2588 tatis
2383 2536 2738 2606 corporaliter
2768 2541 3150 2611 subsequente.
3173 2545 3241 2599 Et
3270 2547 3469 2614 uthmc
3496 2548 3811 2604 exhortatio

2224 2633 2445 2695 perpete
2496 2628 2591 2699 (ita
2629 2629 2770 2702 cod.)
2799 2632 2994 2703 vigeat,
3026 2637 3374 2703 prsesetitium
3421 2636 3658 2694 fratrum
3699 2656 3802 2695 no-

2225 2713 2371 2770 mina
2402 2717 2751 2787 adnotamus;
2791 2731 2846 2776 et
2885 2731 2944 2776 ut
2988 2722 3241 2796 deinceps
3269 2727 3646 2785 defunctorum
3698 2729 3809 2789 fra-

2225 2817 2367 2862 trum
2400 2811 2615 2866 nomina
2637 2813 3008 2885 designentur,
3034 2816 3228 2874 obnixe
3256 2835 3564 2888 precamur.
3610 2821 3686 2877 Ea
3717 2839 3809 2877 ra-

2224 2900 2372 2957 tione
2401 2903 2578 2970 ﬁrma,
2621 2914 2679 2959 ut
2707 2922 2855 2962 more
2883 2909 3253 2968 ecclesiastico
3291 2923 3579 2984 postquam
3611 2915 3810 2969 exhor-

2225 2993 2362 3050 tatio
2389 2996 2651 3052 orationis
2682 3008 2798 3069 post
2832 2999 3166 3056 oﬂ'ertorium
3217 3005 3398 3060 missa:
3426 3021 3455 3060 a
3487 3006 3809 3079 presbytero

2190 3139 2196 3148 κ
2225 3085 2368 3142 facta
2401 3086 2583 3152 fuerit,
2617 3091 2980 3149 subdiaconus
3006 3104 3154 3150 retro
3176 3096 3348 3152 altare
3377 3106 3532 3154 stans
3559 3098 3804 3153 virorum

2220 3177 2574 3236 familiarium
2608 3184 2825 3248 nomina
2852 3193 2909 3240 et
2951 3194 3288 3256 mortuorum
3335 3187 3457 3244 loco
3498 3198 3809 3259 Opportune

2222 3275 2432 3333 recitet.

2293 3413 2557 3473 Praeterea
2582 3417 2858 3473 sciendum
2895 3427 2979 3474 est
3008 3423 3151 3489 quod
3175 3419 3219 3475 si
3251 3419 3558 3482 diﬂ'icultas,
3585 3430 3680 3475 aut
3706 3419 3808 3476 loci

2222 3519 2314 3565 aut
2346 3512 2624 3582 temporis,
2669 3520 2763 3567 aut
2788 3499 3073 3585 cujuslibet
3121 3515 3224 3580 rei,
3270 3516 3479 3571 visendi
3533 3515 3807 3570 inﬁrmum

2219 3605 2450 3668 venerit,
2484 3607 2856 3677 unusquisque
2886 3608 2938 3662 in
2963 3623 3061 3662 suo
3080 3608 3222 3672 loco,
3246 3609 3390 3665 sicut.
3411 3624 3575 3679 supra
3604 3608 3805 3663 dictum

2218 3706 2318 3760 est,
2352 3697 2606 3752 solatium
2641 3698 2895 3754 fraternae
2936 3699 3190 3754 karitatis
3221 3699 3295 3754 illi
3326 3699 3632 3769 persolvat;
3678 3709 3733 3752 et
3762 3698 3806 3752 si

2216 3789 2434 3853 ohierit,
2482 3789 2730 3847 similiter
2775 3789 2956 3845 faciat.
3004 3791 3069 3846 Et
3118 3791 3162 3844 si
3212 3791 3509 3847 monachos
3557 3789 3808 3845 tzeduerit

2218 3893 2441 3940 cantare
2494 3885 2832 3955 psalterium,
2883 3894 3047 3956 agant
3100 3887 3321 3942 missam
3351 3901 3452 3957 pro
3489 3894 3708 3940 mortuo
3751 3884 3804 3938 in

2217 3984 2482 4030 conventu
2519 3975 2769 4030 fratrum.
2801 3976 2918 4046 Ipsa
2971 3976 3058 4031 die
3087 3991 3193 4046 qua
3244 3983 3630 4032 testamentum
3663 3970 3806 4028 istud

2218 4069 2271 4122 in
2306 4067 2543 4138 capitulo
2571 4069 2744 4124 sancti
2772 4067 2917 4124 Petri
2946 4082 3046 4138 per
3085 4076 3294 4124 textum
3322 4068 3499 4124 sancti
3526 4064 3803 4138 Evangelii

2218 4158 2529 4212 alternatim
2559 4158 2938 4214 conﬁrmatum
2975 4167 3080 4223 est,
3117 4159 3382 4214 sancitum
3408 4167 3489 4213 est
3518 4167 3580 4212 ut
3606 4173 3637 4210 a
3667 4157 3801 4211 duo-

2219 4249 2392 4304 decim
2430 4250 2764 4321 presbyteris
2791 4264 2857 4306 ex
2886 4250 2972 4304 his
2998 4249 3091 4320 qui
3118 4248 3250 4305 foris
3271 4256 3397 4304 sunt
3423 4247 3650 4318 singula:
3676 4247 3808 4300 mis..-

2221 4354 2295 4393 sm
2328 4339 2380 4393 in
2412 4355 2736 4410 unaquaque
2771 4340 3109 4396 hebdomada
3144 4355 3242 4410 per
3265 4339 3506 4410 singulos
3533 4336 3805 4408 apostolos

2214 4431 2600 4499 decantentur;
2624 4441 2679 4487 et
2701 4433 2752 4486 in
2768 4440 3036 4488 conventu
3062 4433 3455 4488 monachorum
3481 4433 3536 4485 in
3559 4430 3804 4485 omnium

2214 4522 2579 4593 apostolorum
2609 4525 2961 4581 veneratione
2989 4525 3157 4581 semel
3189 4525 3242 4580 in
3271 4524 3611 4580 hebdomada
3638 4522 3802 4576 missa

2213 4624 2426 4686 agatur.
2450 4614 2628 4671 Ceteri
2661 4632 2792 4672 vero
2813 4617 3114 4688 presbyteri
3143 4616 3224 4671 vel
3262 4615 3459 4670 fratres
3487 4630 3588 4684 per
3615 4628 3805 4668 unam-

2216 4722 2488 4778 quamque
2507 4709 2901 4763 hebdomadam
2925 4725 3023 4778 pro
3044 4709 3328 4763 animabus
3347 4707 3589 4763 omnium
3615 4706 3806 4761 defun-

525 4823 663 4878 opus
698 4804 1100 4877 suscipiendum
1148 4806 1370 4859 idoneos
1404 4804 1504 4858 sibi
1543 4803 1752 4858 conecti
1781 4803 1997 4860 vinculo
2025 4819 2106 4858 ea-
2137 4828 2192 4890 υ
2216 4814 2425 4860 ctorum
2459 4804 2692 4860 ﬁdelium
2725 4821 2886 4860 unam
2921 4806 3142 4861 missam
3173 4813 3396 4860 cantent
3431 4801 3790 4872 singuli,qua-

524 4900 726 4968 ritatis,
749 4915 857 4960 non
879 4899 1050 4958 solum
1078 4898 1437 4969 corporaliter
1471 4913 1656 4952 verum
1684 4897 1846 4953 etiam
1883 4898 2103 4968 spirita-

509 5038 709 5150 'w(32)
738 5066 938 5150 Recole
964 5063 1278 5144 pontificum
1300 5060 1465 5150 ‘R‘om'.
1485 5058 1656 5150 V’iiia‘s.
1685 5057 1951 5150 Quoniam
1981 5071 2112 5111 vero

2216 4897 2364 4951 tinus
2407 4896 2513 4952 illis
2561 4913 2592 4951 a
2645 4897 2754 4953 Deo
2801 4897 3018 4967 requies
3071 4897 3325 4961 donetur,
3375 4905 3431 4950 et
3465 4893 3621 4948 nobis
3657 4889 3800 4963 pacis

2216 5071 2378 5150 quem
2411 5055 2852 5150 vulgoadicimus
2882 5051 3628 5150 Anastasium

3256 5122 3389 5150 Π-ιῖη
3430 5130 3610 5150 Ια---ιηη
3666 5119 3798 5150 dannt.
