4116 5358
306 247 410 313 8’25

1794 264 2103 324 IIYMNUS.

3472 264 3578 322 826

306 363 705 445 ιηηειηιιηως,
735 386 791 434 et
817 383 978 435 terra:
1004 374 1283 443 fertilitas,
1317 377 1687 450 apostolorum
1723 380 1890 439 interc
1917 387 1970 447 Α
2069 383 2213 440 Deus
2257 382 2349 453 qui
2383 383 2547 440 corda
2582 381 2822 440 ﬁdelium
2863 381 3036 439 sancti
3072 381 3307 452 Spiritus
3336 379 3579 437 illustra-

306 458 591 539 vetti’ione,
624 478 680 525 et
702 470 828 526 vita:
856 468 1087 527 felicitas
1110 471 1445 528 conferatur.

383 557 629 626 Qualiter
655 575 741 627 ea,
776 575 897 632 qua:
921 560 1175 631 pnedicta
1205 571 1353 628 sunt,
1386 561 1590 632 agenda
1620 562 1751 619 sint.

385 648 850 706 Convenientibus
879 650 1141 708 fratribus
1168 652 1222 707 in
1254 669 1443 723 unum,
1472 654 1622 708 tinita
1643 655 1893 723 lectione,

310 738 534 796 dicatur
557 737 627 794 ab
662 739 859 797 abbate
886 757 901 795 :
934 739 1241 797 Flectamus
1265 757 1461 812 genua.
1494 742 1561 799 Et
1594 743 1745 799 (inita
1771 762 1901 801 ora-

310 826 469 909 tione
488 827 709 884 dicatur
734 846 748 884 :
788 828 1010 887 chatc.
1040 831 1245 889 Deinde
1276 833 1618 889 adstantibus
1643 836 1897 893 omnibus

314 915 462 973 dicat
490 917 678 985 abbas,
721 920 999 990 praemissa
1044 921 1391 991 salutatione,
1432 924 1482 980 id
1508 934 1593 982 cst
1637 926 1899 985 Dominus

248 1020 265 1034 ‘
311 1007 619 1079 sobiseum,
648 1013 789 1071 hanc
814 1015 1149 1072 orationem:

2006 478 2173 542 tione,
2200 487 2324 542 etc.,
2347 478 2478 535 utin
2502 479 2754 533 hodierna
2777 478 3011 549 liturgia.
3033 477 3163 533 Item
3187 477 3348 533 aliam
3376 475 3581 543 :Dcus,

2003 567 2089 622 cui
2120 568 2397 638 proprium
2423 577 2507 625 est
2537 568 2783 623 misereri
2825 582 3039 638 semper
3083 576 3141 622 et
3167 578 3410 637 parcere,
3452 575 3580 632 οη..

2001 667 2059 711 ut
2086 658 2140 711 in
2166 659 2222 712 It.
2245 655 2284 711 ι.
2311 657 2551 727 Denique
2575 657 2775 713 aliam:
2798 656 3021 722 Prtesta,
3045 671 3372 727 quaesumus,
3406 655 3584 712 omni-

2001 760 2200 821 potens
2224 759 2280 805 et
2308 751 2619 807 misericors
2655 750 2817 817 Deus,
2842 751 3056 808 eunetis
3103 748 3348 806 fidelibus
3385 749 3581 805 defun-

2002 842 2106 896 ctis
2159 842 2396 904 veniam.
2434 840 2742 898 viventibus
2781 841 3199 913 indulgentiam;
3229 849 3323 903 ut.
3372 847 3426 895 te
3476 838 3587 893 lar-

2004 931 2204 1003 giente,
2241 933 2448 1000 pariter
2466 932 2534 987 ad
2576 933 2744 988 vitam
2772 933 3058 1004 pervenire
3096 947 3403 991 mercamur
3429 944 3586 987 teter-

2006 1038 2155 1078 nam.
2206 1024 2311 1081 Per
2338 1033 2445 1080 etc.

1414 1212 2131 1325 OPUSCULUM
2200 1218 2482 1307 XIII.

314 1426 610 1482 Didascan
634 1435 834 1483 sancta!
861 1428 1259 1486 Aurelianensis
1291 1430 1562 1496 Ecclesia',
1592 1440 1640 1486 et
1667 1432 1971 1486 monasterii
1990 1431 2163 1486 sancti
2187 1430 2325 1487 Aviti
2348 1430 2781 1488 archimandrin
2804 1432 3084 1504 Ayrfredo,
3116 1446 3215 1491 nec,
3230 1450 3332 1487 non
3361 1432 3579 1502 Πηροκὶ

380 1530 584 1577 sancta?
609 1522 793 1578 matris
827 1520 1075 1578 Ecclesia:
1103 1522 1420 1581 Senoncnsis
1467 1524 1861 1590 arcltidiacono,
1894 1523 2255 1578 misericordia
2299 1523 2399 1578 Dei
2447 1523 2696 1595 indignus
2734 1524 2899 1595 frater
2927 1523 3249 1579 Odorannus
3278 1524 3577 1580 orationum

382 1612 624 1681 ﬁdelium
654 1628 865 1667 manus.

380 1769 466 1836 Si,
494 1782 621 1824 cum
643 1767 1447 1840 gyrovagisdiversorumcelias
1467 1768 1755 1834 circuiens,
1770 1769 1907 1839 gula:
1937 1773 1982 1834 Β
2011 1767 2217 1834 darem,
2246 1768 2372 1833 nisi,
2401 1776 2627 1825 arcuato
2654 1768 2762 1826 ictu
2783 1783 2870 1825 me
2890 1763 3180 1825 confodere
3208 1766 3463 1836 nitentes,
3479 1770 3585 1826 sibi

312 1859 594 1916 illecebris
634 1868 691 1914 et
720 1859 956 1929 propriis
995 1858 1355 1930 voluptatibus
1400 1860 1727 1917 deservirem
1751 1899 1766 1923 ,
1807 1868 1899 1913 aut

307 1966 436 2008 cum
461 1949 711 2007 bubulcis
731 1949 1022 2005 durissimo
1052 1963 1268 2004 vomere
1306 1949 1494 2020 glebas
1536 1948 1754 2003 vallium
1778 1948 1896 2019 gelu

308 2049 504 2096 urente
543 2048 599 2096 et
622 2047 755 2094 testu
788 2045 1084 2101 verterem,
1132 2035 1379 2092 fortassis
1409 2051 1566 2093 nemo
1608 2037 1896 2092 invideret.

304 2129 445 2197 Quia
474 2143 627 2195 vero,
651 2129 703 2182 in
726 2127 976 2183 coenobio
997 2126 1258 2190 residens,
1273 2126 1548 2181 subtilium
1577 2141 1756 2181 rerum
1778 2142 1899 2197 qua:

304 2230 455 2287 sunt,
482 2230 541 2277 et
568 2235 689 2291 quae
724 2218 1095 2274 immutabilem
1134 2218 1217 2273 sui
1255 2218 1544 2274 essentiam
1576 2216 1894 2284 sortiuntur,

308 2311 639 2383 investigare
667 2309 954 2381 diligenter
981 2309 1268 2365 veritatem
1297 2309 1491 2379 cupio,
1520 2307 1803 2364 maledicta
1840 2317 1896 2365 et

305 2402 603 2473 obprobria
626 2402 696 2457 ab
728 2402 935 2457 :umulis
960 2401 1234 2468 sustineo,
1265 2410 1448 2458 erecta
1477 2401 1630 2473 quasi
1670 2416 1738 2457 ex
1758 2415 1892 2471 quo-

307 2496 432 2550 dam
475 2495 740 2566 prreeipiti
790 2503 970 2549 mente
1012 2492 1302 2564 profundo,
1335 2508 1526 2549 eorum
1567 2493 1894 2563 respondere

307 2587 635 2643 detractioni
662 2574 972 2655 compellor.
1007 2585 1245 2653 Quorum
1275 2585 1424 2656 quia,
1454 2593 1514 2640 ut
1542 2584 1596 2644 in
1625 2585 1892 2641 lamenta-

310 2680 456 2735 tione
486 2694 607 2735 mea
638 2677 920 2749 scripsisse
943 2692 1032 2733 me
1061 2676 1261 2743 recolo,
1290 2677 1461 2748 magis
1489 2676 1624 2747 elegi
1647 2676 1890 2746 reprobis

309 2770 539 2825 reticere
577 2784 741 2841 quam
781 2769 1137 2841 respondere,
1188 2783 1527 2839 nequaquam
1566 2782 1885 2840 responsum

2002 1859 2134 1930 ipsis
2176 1860 2356 1916 miseri
2388 1869 2650 1915 venenata
2681 1858 2863 1931 lingua
2910 1858 3249 1915 mortiferum
3293 1859 3585 1930 anthropo-

2004 1949 2405 2018 morphitarum
2449 1949 2597 2005 virus
2640 1949 2923 2004 inferrent.
2953 1948 3141 2019 Itaque
3164 1948 3290 2004 dum
3320 1950 3475 2015 mihi,
3504 1951 3586 2005 iu—

1999 2040 2142 2095 vidia
2167 2040 2501 2105 stimulante,
2524 2056 2554 2095 a
2583 2041 2813 2095 veritate
2839 2040 3185 2111 desipientes,
3207 2041 3374 2109 quod,
3393 2041 3459 2097 de
3474 2039 3584 2095 Deo

2001 2130 2141 2187 male
2169 2132 2433 2196 sentiens,
2469 2131 2719 2187 manibus
2752 2128 3127 2186 detruncatum
3183 2129 3267 2186 vel
3330 2130 3586 2200 quibusli-

2004 2221 2095 2277 bet
2122 2220 2381 2276 membris
2404 2219 2739 2275 debilitatum
2761 2260 2777 2282 ,
2803 2220 2949 2290 quod
2972 2217 3142 2275 absit!
3174 2217 3322 2273 illum
3355 2219 3582 2274 dixerim

2002 2309 2264 2377 obiciunt,
2296 2310 2347 2364 in
2374 2308 2488 2378 jam
2509 2309 2707 2363 dictam
2737 2308 3009 2374 haeresim,
3030 2309 3194 2363 Deum
3216 2307 3585 2378 corporalibus

2002 2397 2333 2455 liniamentis
2374 2411 2695 2470 conpactum
2733 2414 2857 2454 esse
2899 2408 3236 2462 asserentes,
3283 2398 3587 2469 praecipites

2000 2502 2284 2553 corruunt.
2315 2491 2521 2560 Quibus
2547 2510 2577 2550 e
2603 2493 2818 2549 diverso
2839 2491 3075 2549 occurrit
3105 2490 3297 2547 beatus
3330 2490 3585 2557 Augusti-

1998 2602 2102 2644 nus
2144 2585 2366 2645 ferendo
2408 2585 2686 2641 catholicae
2730 2584 2853 2641 fidei
2906 2584 3205 2640 antidotum
3232 2623 3247 2647 ,
3307 2583 3385 2639 De
3435 2582 3584 2647 Deo,

2001 2677 2273 2749 inquiens,
2328 2677 2463 2737 nihil
2508 2676 2863 2749 corporaliter
2908 2673 3196 2745 elIigiatum
3248 2672 3574 2729 credendum

1996 2779 2084 2828 est
2110 2767 2245 2843 ('55).

310 2901 566 2977 Sequitur
588 2903 649 2977 in
684 2904 861 2977 codice
886 2904 1108 2975 hymnus
1127 2904 1420 2977 prosaicus,
1448 2904 1555 2977 siue
1580 2914 1637 2959 ut
1666 2900 1835 2959 σι·ωεί
1873 2903 2162 2977 loquuntur
2188 2920 2381 2977 canon,
2409 2918 2527 2958 cum
2564 2903 2701 2959 tonis
2729 2900 3022 2977 musicisin
3047 2899 3254 2952 Iaudem
3294 2894 3392 2951 SS.
3431 2894 3583 2977 Squi-

378 2976 553 3047 nigni,
578 2971 881 3047 Potentiani
923 2971 1081 3047 atque
1109 2971 1392 3047 sociorum,
1431 2976 1585 3042 cuius
1613 2984 1804 3047 auctor
1844 2971 2052 3047 videtur
2083 2976 2192 3044 ipse
2239 2974 2577 3047 Odpranmts,
2623 2972 3042 3047 quandoquidem
3071 2985 3253 3021 rmtttcn
3290 2984 3443 3047 suum
3477 2971 3587 3035 ipse

378 3044 575 3099 deinde
600 3046 811 3114 apponit
840 3045 895 3115 in
924 3039 1126 3111 codice,
1164 3055 1223 3101 ut
1248 3039 1392 3115 infra
1419 3039 1725 3102 uidebimus.
1754 3042 2049 3099 Prctiosmn
2079 3039 2258 3099 arcam
2300 3042 2359 3100 S.
2406 3039 2696 3115 Saginiauo
2738 3039 2918 3115 fecisse
2950 3039 3313 3115 Qdormf’jtftl',
3338 3039 3493 3115 jfffi“
3539 3048 3587 3115 (Ἴ

381 3107 645 3188 impensis
666 3107 802 3188 regis
828 3113 1043 3188 Roberti
1066 3107 1333 3188 thregina:
1366 3115 1720 3188 Constantior,
1767 3125 2018 3169 narratur
2046 3115 2100 3167 in
2137 3112 2671 3188 AnnalibnsBencd.
2710 3107 2781 3188 ad
2806 3129 2898 3168 an.
2948 3110 3105 3188 iO_l6,
3144 3107 3303 3188 l0_‘2§,
3337 3107 3493 3188 1028,
3524 3107 3587 3159 ob

379 3180 665 3255 solemnem
697 3180 1039 3253 rcliquiarum
1074 3180 1634 3254 ejus-translationem,
1668 3201 1770 3255 quo
1797 3195 2025 3247 tempore
2070 3196 2192 3238 tunc
2226 3186 2381 3238 etiam
2433 3187 2681 3254 hymnum
2728 3183 2794 3236 ab
2827 3199 2886 3237 eo
2916 3182 3167 3255 scriptum
3193 3180 3352 3246 fuisse
3380 3180 3583 3255 opinor.

383 3245 1005 3328 Ca'teroquiunirersum
1030 3245 1189 3328 illum
1224 3257 1474 3328 honorent
1503 3245 2052 3328 sanctisnmrtgribns
2074 3256 2384 3328 impensum,
2434 3245 2748 3325 ductumque
2773 3245 3230 3328 supplicationem,
3254 3264 3402 3303 nemo
3429 3245 3582 3300 lucu-

379 3324 577 3379 teutius
601 3325 808 3396 scripsit
835 3342 994 3385 auaui
1022 3326 1234 3398 ipsemet
1262 3326 1582 3381 Odorannus
1611 3327 1669 3380 in
1695 3325 1956 3381 Chronico
1983 3324 2053 3383 ad
2082 3340 2173 3380 an.
2206 3325 2363 3380 1051.

1161 3496 1229 3553 IN
1269 3497 1598 3558 saxorum
1636 3460 2066 3556 savmmzvuu
2106 3497 2495 3568 socrosoue
2532 3497 2721 3556 EJUS.

1671 3670 2222 3819 HYMNEJS.

384 3841 586 3897 Sancte
607 3838 1141 3912 Saviniane,martyr
1161 3837 1362 3896 Christi
1379 3840 1635 3911 pretiose,
1655 3857 1762 3898 una
1781 3857 1906 3899 cum
1936 3847 1980 3910 C
2010 3843 2205 3915 priscae
2256 3840 2390 3915 legis
2444 3842 2667 3897 edoctus
2716 3848 2835 3896 crat
2877 3839 3033 3896 valde
3091 3836 3449 3911 dogmatibus.
3506 3820 3592 3892 Ab

311 3936 422 3990 tuis
440 3933 626 4000 sociis,
645 3947 1081 4004 qucesumus,ora
1101 3948 1198 4004 pro
1220 3933 1396 3989 nobis.
1418 3934 1630 3991 Evovzc.
1652 3933 1903 3994 Omirum

316 4024 630 4081 tirocinium
656 4024 988 4079 Senonensis
1014 4023 1268 4080 Ecclesiae
1293 4025 1605 4096 prmsulum,
1636 4042 1743 4097 quo
1767 4010 1907 4082 ovile

313 4116 599 4173 daemoniis
646 4116 1014 4187 mancipatum
1061 4126 1332 4189 pastorem
1379 4120 1692 4190 recognovit
1726 4128 1907 4191 pasto-

311 4209 464 4263 rum!
498 4205 547 4265 Ο
580 4209 747 4264 decus
782 4209 1121 4278 pontificum,
1151 4217 1207 4264 et
1234 4209 1407 4265 honor
1433 4211 1776 4277 certantium,
1806 4229 1905 4267 no-

313 4301 396 4358 bis
425 4302 823 4358 famulantibus
848 4320 954 4359 non
980 4304 1256 4375 denegatis
1290 4316 1531 4361 vestrum
1562 4307 1859 4362 subsidium
1888 4306 1902 4358 !

312 4393 636 4449 Gratuletur
680 4395 1051 4466 tcmporaliter
1080 4396 1318 4452 fidelium
1380 4398 1536 4452 turba
1571 4407 1906 4463 sanctorum,

314 4482 596 4538 Sniniani
626 4500 690 4539 ac
715 4485 1022 4541 Potentiani
1050 4474 1378 4543 celebrando
1406 4488 1687 4543 sollemnia
1719 4488 1907 4543 Hieru-

311 4576 480 4630 salem
546 4577 850 4647 mterualis,
902 4594 999 4649 pro
1050 4595 1281 4649 quormn
1316 4580 1565 4650 tripudio
1627 4579 1903 4636 Christum

312 4667 544 4725 laudans
567 4670 798 4725 exultat.
828 4669 1027 4743 Regem
1055 4686 1244 4742 regum
1267 4672 1508 4727 omnium
1539 4671 1905 4729 collaudcmus

313 4760 629 4826 Dominum,
658 4760 752 4831 qui
780 4761 881 4816 sibi
916 4760 1267 4817 Savinianum
1312 4763 1590 4836 praeelegit
1629 4764 1907 4819 sanctissi-

314 4864 489 4915 mum,
533 4858 701 4919 atque
749 4851 1130 4907 Potentianum
1176 4854 1499 4910 coheredem
1557 4853 1686 4909 fecit
1724 4868 1902 4908 sumn.

317 4936 648 4995 Savinianus
697 4942 940 5012 pontifex
995 4943 1253 5002 Hebraeus
1298 4943 1401 5001 fuit
1438 4960 1678 5018 genere,
1730 4954 1786 5000 et
1838 4959 1905 4998 ex

317 5029 521 5088 Christi
568 5032 873 5105 discipulis,
915 5050 1051 5106 quos
1091 5038 1249 5096 binos
1284 5035 1449 5106 jussit
1488 5037 1760 5111 progredi.
1808 5035 1906 5090 llic

385 5165 498 5212 (KSl
529 5166 630 5212 Sic
656 5175 834 5212 noscat
877 5163 928 5212 in
951 5167 1135 5212 cadica
1171 5171 1276 5212 lmo
1307 5169 1646 5212 murconlnm-
1688 5166 1754 5212 Et
1779 5168 1896 5212 mli.

2007 3948 2105 3989 ore
2144 3947 2358 4003 quoque
2400 3930 2609 3985 Domini
2654 3929 2817 3985 verba
2876 3928 3065 3983 salutis
3110 3927 3315 3981 didicit.
3362 3924 3593 3983 Conexit

2008 4022 2147 4078 huic
2183 4021 2408 4086 caritas,
2483 4019 2817 4087 sociavitque
2862 4015 3103 4087 probitas
3151 4016 3295 4070 viros
3344 4013 3587 4085 prtcclari

2010 4114 2190 4171 meriti
2222 4123 2383 4168 recta:
2416 4109 2653 4166 fautores
2681 4108 2969 4179 tidei;qui,
3001 4107 3201 4162 Christi
3226 4105 3354 4161 facti
3382 4104 3587 4175 prmvii,

2011 4206 2286 4262 miraculis
2333 4214 2387 4259 et
2426 4203 2669 4273 prtcclui,
2694 4217 2815 4255 cum
2863 4200 3058 4255 ceteris
3091 4197 3371 4269 discipulis
3402 4211 3587 4269 pacem

2010 4297 2258 4354 ferebant
2287 4295 2516 4366 populis.
2572 4293 2784 4347 Evovac.
2823 4290 3070 4346 Christus
3107 4298 3166 4343 ut
3217 4298 3365 4343 astra
3410 4287 3586 4359 petiit,

2005 4387 2370 4460 apostolorum
2403 4384 2631 4455 principi
2662 4380 2931 4453 probiviri
2963 4387 3087 4435 sunt
3119 4378 3309 4443 additi,
3337 4385 3591 4447 parentes

2006 4479 2125 4548 ejus
2176 4474 2417 4533 monitis.
2464 4473 2674 4543 Adepta
2722 4471 2850 4528 sede
2898 4468 3172 4526 cathedra:
3217 4467 3369 4521 urbis
3399 4466 3591 4520 Petrus

2003 4569 2294 4629 Romuleas,
2329 4564 2678 4621 Savinianum
2705 4570 2987 4628 convocat,
3038 4560 3262 4614 hortans
3308 4566 3367 4612 ut
3413 4555 3592 4613 Gallos

2009 4663 2166 4718 adeat
2187 4660 2322 4733 (54).
2344 4658 2557 4713 Evovte.
2586 4652 3186 4724 Gloriosismartyribus
3211 4647 3411 4704 Christi
3439 4645 3591 4701 Savi-

2011 4757 2175 4811 niano
2219 4763 2381 4825 atque
2412 4750 2733 4806 Potentiano
2763 4747 3041 4802 sollemnia
3074 4744 3409 4799 celebremus
3432 4778 3447 4802 ,
3499 4737 3588 4805 (ιιιὶ
3614 4759 3625 4766 σ

2009 4848 2235 4905 Galliam
2265 4843 2497 4902 SCIlOlIlS
2528 4842 2597 4897 ab
2627 4855 2813 4897 errore
2842 4844 3183 4896 remeantes,
3216 4832 3342 4883 dato
3374 4826 3593 4898 proprio

2010 4938 2294 5008 sanguine,
2326 4934 2563 4993 caelestia
2593 4938 2926 4987 mcmerunt.
2981 4923 3114 4991 Regi
3159 4936 3349 4991 regum
3379 4916 3593 4975 Christo

2013 5030 2244 5086 Domino
2280 5040 2478 5083 munus
2517 5018 2849 5092 acceptabile
2877 5012 3071 5084 perditi
3102 5009 3283 5080 populi
3311 5013 3597 5079 reportan-

2002 5161 2382 5212 Dntentianum
2421 5165 2479 5212 et
2506 5151 2768 5212 Altinum,
2804 5145 3001 5212 quibus
3030 5155 3087 5195 se
3112 5140 3479 5209 adiunxerunt
3503 5132 3601 5189 Se-
