4116 5358
563 336 672 397 827

1442 346 1793 431 ODORANNI
1831 349 2137 409 MONACHI
2175 353 2234 408 S.
2276 351 2479 409 PETRI
2526 352 2665 410 VlVl
2695 352 2949 437 SENON.

3728 357 3834 414 $13

566 468 670 525 trs,
703 459 963 528 cmlestia,
990 466 1096 517 etc.
1130 460 1363 521 Sanctus
1391 444 1642 538 princeps
1663 467 1931 526 Ecclesiae
1957 468 2153 528 Petrus
2182 468 2232 530 Α
2259 469 2394 524 Dum
2422 471 2595 526 cernit
2621 470 2799 525 cultus
2830 454 3246 537 simulacrorum
3276 478 3329 527 et
3354 468 3578 541 laqueos
3605 486 3688 528 sm
3716 490 3833 557 ma;

565 550 667 606 hos
694 551 975 629 admonuit
1019 553 1074 608 in
1123 553 1292 611 Gallia
1323 556 1489 612 divini
1528 560 1680 614 verbi
1732 562 1939 617 semina
1989 577 2149 632 spar-

562 656 732 712 gere,
783 641 935 718 cujus
980 643 1205 715 imperio
1243 647 1384 724 hanc
1429 663 1560 724 arcu
1610 650 1731 705 ﬁdei
1781 654 2143 723 expctierunt.

562 732 850 790 Famosam
908 735 1094 790 urbem
1153 722 1424 793 Senonum
1489 722 1684 796 diaboli
1744 722 2063 799 abstrahunt
2116 740 2147 801 a

563 822 795 888 cultura,
819 830 875 878 et
897 839 995 895 pro
1015 840 1141 889 vera
1169 843 1232 882 ac
1257 828 1523 885 catholica
1541 818 1665 899 ﬁde,
1698 832 1837 889 hanc
1861 849 2012 901 arcu,
2036 844 2126 891 etc

563 913 699 969 Dum
727 916 951 974 devotus
979 910 1349 1001 archipraesul
1380 907 1706 979 Saviuianus
1735 928 1990 1003 oppidum
2045 928 2146 984 Sc-

562 1022 764 1062 nonum
796 1008 999 1065 adisset
1032 997 1202 1067 armis
1252 1002 1586 1084 spiritalibus
1614 998 1853 1089 undique
1884 1021 2144 1088 munitus,

564 1097 860 1153 inﬁdelium
893 1100 1104 1157 animos
1128 1103 1193 1157 ad
1219 1119 1461 1161 amorem
1502 1108 1588 1162 sui
1621 1104 1908 1177 convertit,
1932 1127 2147 1168 eorum-

563 1203 670 1259 que
696 1189 1001 1247 cervicibus
1032 1193 1219 1264 jugum
1248 1195 1448 1253 Christi
1479 1215 1643 1257 suave
1668 1211 1723 1257 et
1749 1219 1887 1259 onus
1914 1205 2031 1261 leve
2059 1206 2153 1281 in:

564 1279 722 1335 didit.
768 1279 1007 1338 Nefanda
1036 1286 1300 1355 siquidem
1334 1304 1664 1359 paganorum
1694 1284 1981 1365 conamina
2009 1313 2144 1353 cou-

564 1371 734 1437 trivit,
765 1381 821 1429 et
855 1374 920 1430 de
959 1377 1205 1436 hostibus
1234 1380 1464 1439 feliciter
1495 1387 1864 1456 triumphavit.
1913 1390 2145 1462 Superni

558 1464 760 1537 quippe
801 1471 1107 1551 pneumatis
1131 1473 1413 1544 insignitus
1451 1481 1734 1551 praesagio,
1769 1497 2013 1540 summus
2045 1502 2144 1541 an—

565 1556 719 1616 tistes
774 1558 906 1614 adiit
955 1560 1324 1639 Senonensem
1362 1583 1487 1635 mox
1526 1573 1888 1643 metmpolim.
1929 1574 2149 1633 Evovaz.

637 1648 863 1705 Virtutis
890 1652 1043 1723 cujus
1072 1656 1345 1725 specimen
1372 1659 1528 1716 electi
1557 1662 1756 1719 Christi
1789 1665 1985 1723 milites
2007 1683 2146 1738 prte-

565 1741 748 1797 clarus
768 1743 1119 1827 Potentianus
1139 1748 1460 1823 Altinusque
1480 1766 1900 1828 prosequuntur.
1925 1759 2137 1816 Evovaz.

560 1833 822 1893 insistunt
858 1822 1032 1907 porro
1079 1832 1275 1897 conatu
1333 1821 1679 1931 magnanimo
1707 1834 2018 1921 gentilibus,
2051 1853 2144 1908 de-
2174 1821 2216 1879 Β

560 1937 835 1985 struentes
893 1932 1223 2002 phanatira,
1289 1935 1679 2010 ﬁrmantesque
1737 1941 1940 2000 Christi
1998 1942 2140 2013 jura.

562 2019 777 2075 Evovac.
826 2021 1056 2079 Miratur
1099 2026 1299 2083 cohors
1353 2028 1580 2097 profana
1611 2031 1911 2089 inauditum
1941 2033 2141 2091 Christi

562 2112 780 2184 dogma,
810 2122 971 2184 atque
1014 2119 1230 2176 venisse
1265 2108 1514 2201 celebres
1562 2126 1842 2201 sapientim
1869 2117 2141 2197 proceres.

562 2203 778 2271 Evovafe.
821 2205 959 2292 Hinc
990 2207 1228 2282 fulgente
1272 2199 1544 2284 praeconio
1590 2199 1976 2276 miraeulOrum
2027 2221 2146 2292 pln-

562 2294 725 2362 rimo,
753 2288 1003 2354 certatim
1046 2312 1235 2371 petunt
1263 2298 1442 2376 pepuli
1487 2307 1756 2380 baptisma
1785 2313 1986 2368 Christi
2018 2288 2146 2369 con-

561 2388 738 2456 sequi.
778 2387 987 2467 Evovm.
1042 2391 1245 2450 Horum
1275 2397 1515 2468 antiquis
1549 2401 1839 2472 triumphis
1871 2419 1931 2460 se
1958 2404 2145 2462 dolens

560 2478 737 2536 hostis
782 2482 1053 2553 Opprimi,
1104 2487 1262 2543 sazvis
1308 2488 1675 2559 improborum
1724 2483 1861 2571 dolis
1915 2497 2147 2554 athletas

562 2572 768 2657 Christi
796 2575 1033 2646 perimit.
1079 2576 1295 2654 Evovae.
1327 2579 1538 2653 Pauper
1566 2584 1760 2657 Spiritu
1793 2570 2140 2659 Savinianus,

559 2673 619 2719 et
648 2652 886 2734 locuples
910 2667 1238 2738 pinguedine
1267 2652 1426 2728 terrae
1444 2652 1724 2731 Senonum
1750 2652 1997 2749 populus,
2019 2652 2144 2736 dum

563 2755 618 2811 in
645 2757 730 2811 via
763 2756 921 2828 hujus
951 2764 1408 2833 peregrinationis
1444 2767 1664 2825 sibimet
1707 2770 1985 2829 obviantes
2012 2789 2144 2830 con-

561 2848 884 2915 cordarent,
934 2851 1177 2921 utrisque
1221 2866 1544 2927 coeperatus
1588 2869 1674 2915 est
1723 2862 2020 2930 Dominus;
2068 2865 2143 2920 illi

564 2938 897 3021 instruendae
933 2945 1178 3001 veritatis
1207 2955 1261 3002 et
1298 2948 1335 3001 ﬁ
1356 2950 1421 3004 lci
1461 2953 1845 3018 constantiam,
1873 2956 1998 3011 huic
2027 2973 2146 3019 ere-

563 3029 726 3089 dendi
757 3039 812 3087 et
836 3034 1241 3092 obsecundandi
1285 3039 1574 3098 conferens
1599 3043 1918 3103 efficaciam.
1973 3048 2147 3105 Utris-

2250 559 2583 616 chinamenti
2608 559 2817 617 dcnoda
2827 574 2884 615 re
2906 558 3080 615 hostis
3101 560 3378 629 antiquus,
3402 561 3705 631 ministros,
3726 575 3829 621 etc.

2248 649 2508 720 Egregius
2539 647 2884 715 Savinianus,
2915 648 2966 702 in
2996 663 3169 722 agone
3199 644 3845 731 decertans,novissima

2247 740 2367 796 diro
2411 741 2696 815 impiorum
2746 755 3003 797 mucrone
3044 757 3144 811 pro
3174 742 3401 814 Domino
3427 743 3594 798 subiit
3617 748 3839 817 egregie

2248 832 2446 906 tradito
2471 832 2667 903 capite,
2694 831 2837 906 illico
2858 830 3018 885 cados
3042 818 3557 902 scandensprzemia
3591 826 3839 890 laborum

2247 901 2506 992 consequi
2538 901 2795 977 imeruit.”
2818 920 3002 976 Funus
3037 921 3279 992 ejusdem
3320 901 3563 978 ﬁdelium
3592 925 3837 996 discipu-

2246 1009 2723 1068 lorum'inanibus
2761 1011 2995 1067 infertur
3057 1008 3367 1096 mausolco.
3412 1014 3669 1090 Prtemia,
3728 1010 3835 1099 etc.

2248 1104 2420 1161 Hodie
2467 1103 2657 1159 beatus
2695 1102 3021 1159 Savinianns
3067 1119 3190 1159 cum
3222 1091 3447 1175 collegio
3477 1096 3709 1162 fratrum
3737 1091 3838 1164 cn-

2244 1196 2418 1269 currit
2442 1196 2627 1252 mundi
2658 1196 2991 1262 certamina;
3031 1195 3191 1251 hodie
3236 1196 3356 1252 fuso
3397 1199 3665 1269 sanguine
3690 1215 3841 1255 sum-

2242 1266 2351 1358 psit
2381 1287 2615 1357 palmam
2643 1287 2855 1359 gloriae;
2902 1288 3061 1341 hodie
3107 1302 3275 1343 carne
3320 1266 3530 1343 solutus
3560 1289 3613 1343 in
3647 1290 3835 1344 caalum

2243 1376 2492 1446 sequitur
2512 1377 2722 1447 Agnum
2746 1376 2840 1430 Dei
2864 1375 3078 1431 Filium.
3095 1375 3340 1432 Mirabile
3358 1386 3414 1431 et
3439 1377 3659 1432 beatum
3676 1379 3839 1434 decus

2244 1476 2583 1534 sanctorum,
2616 1467 2671 1522 in
2702 1467 2847 1533 caelis
2877 1466 3209 1538 coronabiie,
3240 1475 3295 1541 et
3323 1467 3378 1522 in
3412 1468 3578 1523 terris
3607 1483 3836 1531 venera-

2194 1563 2203 1570 ‘
2243 1558 2378 1615 bile!
2410 1556 2580 1614 Hodie
2609 1573 2773 1621 carne
2795 1557 3029 1635 solutus,
3057 1566 3163 1634 etc.

2313 1649 2584 1705 Atldetam
2620 1649 2835 1705 Domini
2884 1647 3239 1705 Savinianum
3280 1663 3379 1720 per
3434 1649 3538 1717 iter
3588 1648 3837 1721 martyrii

2244 1743 2579 1812 gradientem
2605 1743 2849 1813 sequitur
2874 1751 3026 1814 grata
3056 1742 3358 1797 amicorum
3396 1742 3678 1808 clientela,
3707 1758 3835 1799 san-

2245 1833 2366 1892 ctus
2422 1835 2675 1891 videlicet
2716 1832 3093 1907 Potentianus,
3139 1849 3294 1905 teque
3332 1834 3528 1890 nobilis
3572 1834 3833 1900 Altinus,

2247 1927 2480 1998 inclytus
2528 1926 2837 1991 Eodaldus,
2881 1935 2936 1981 et
2982 1934 3207 1983 sanctus
3263 1924 3571 1991 Serotinus.
3651 1926 3840 1982 Mortis

2245 2035 2478 2091 namque
2530 2021 2597 2075 ab
2664 2019 2845 2091 impiis
2909 2018 3226 2081 discrimine
3278 2018 3515 2086 multati,
3581 2018 3838 2091 martyrii

2245 2113 2470 2182 gloriam
2510 2113 2723 2183 assequi
2775 2098 3123 2167 meruerunt.
3162 2110 3423 2177 Sanctus,
3466 2119 3575 2167 etc.
3649 2111 3838 2168 Gloria

2243 2206 2390 2261 Patri
2439 2216 2495 2262 ct
2537 2206 2677 2260 Filio
2730 2213 2785 2259 ct
2831 2203 3058 2276 Spiritui
3107 2213 3316 2260 sancto.
3366 2203 3556 2260 Messis
3597 2206 3838 2262 cultores

2246 2297 2480 2361 Domini,
2535 2285 2941 2352 Savinianus'et
2970 2281 3323 2349 Pctentianus
3366 2293 3593 2366 inclyti,
3641 2310 3837 2365 repor-

2247 2400 2427 2445 tarunt
2469 2390 2674 2445 semina
2706 2403 2737 2442 a
2786 2388 3006 2443 Christo
3034 2389 3159 2443 data
3195 2375 3459 2459 duplicia.
3490 2387 3715 2443 Evovze.
3757 2386 3823 2441 Hi

2243 2482 2494 2538 karitatis
2533 2482 2762 2552 gemina:
2790 2481 3198 2552 resplendentes
3226 2496 3469 2545 munere,
3495 2480 3595 2536 Dei
3638 2495 3833 2537 amore

2243 2584 2298 2631 et
2348 2574 2581 2644 proximi
2608 2573 2923 2630 enituerunt
2949 2572 3289 2649 plenissime.
3319 2571 3533 2628 Evovae.
3562 2569 3623 2626 In
3657 2571 3837 2628 medio

2243 2667 2489 2737 luporum
2519 2666 2645 2738 agni
2682 2666 2842 2738 positi
2874 2681 2903 2719 a
2932 2664 3159 2719 Domino
3183 2662 3358 2719 sancti
3384 2672 3659 2735 martym
3679 2662 3837 2718 Chri-

2244 2758 2336 2827 sti,
2386 2758 2662 2814 sacculum
2714 2766 2768 2814 et
2822 2771 3008 2828 peram
3071 2764 3362 2825 ceteraque
3403 2755 3563 2809 xenia
3616 2769 3836 2824 spreve-

2247 2832 2371 2909 runt
2393 2867 2490 2924 pro
2534 2836 2753 2907 Christo
2787 2857 2969 2905 mente
3004 2846 3434 2918 promptissima.
3469 2844 3690 2901 Evovat.
3725 2844 3835 2899 Bu-

2245 2934 2464 3001 iilantes
2487 2942 2763 3003 miraculis
2794 2940 2997 2997 reversi
3052 2949 3180 3003 sunt
3229 2938 3392 2999 iidem
3428 2935 3605 2994 sancti
3665 2934 3834 2992 disci-

2243 3038 2352 3109 puli
2397 3035 2798 3108 congaudentes
2829 3049 2893 3089 ac
2927 3033 3173 3090 dicentes
3198 3031 3425 3087 Domino
3455 3047 3470 3086 :
3499 3029 3644 3086 Ecce
3673 3029 3834 3085 nobis

565 3137 692 3230 que,
719 3132 826 3180 etc.
851 3125 1116 3199 inclytum
1148 3130 1531 3195 Potentianum
1557 3138 1859 3207 prmsulem,
1891 3140 2146 3212 piumque

2250 3127 2609 3198 subjiciuntur
2635 3125 2898 3182 dmmouia
2932 3124 2988 3179 in
3010 3123 3228 3177 virtutis
3260 3132 3365 3177 tuae
3402 3120 3669 3192 potentia.
3692 3119 3834 3174 Evo-

562 3212 802 3269 Altinum
850 3216 944 3272 Dei
986 3220 1133 3275 verbi
1181 3224 1611 3282 comministrum
1652 3229 1819 3284 mittit
1849 3230 2016 3285 Roma
2049 3248 2150 3291 {ille

563 3319 682 3360 rea.
723 3304 789 3360 Hi
819 3307 980 3363 simul
1006 3326 1106 3380 pro
1126 3312 1236 3369 Deo
1258 3316 1527 3386 exquisita
1552 3317 1834 3390 perferunt
1859 3322 2143 3394 supplicia,

567 3398 875 3470 exemplum
925 3404 1203 3473 patientia:
1242 3418 1300 3464 et
1323 3410 1543 3467 virtutis
1573 3413 1627 3468 in
1656 3428 1866 3470 summo
1890 3410 2147 3487 pontiﬁce

564 3499 866 3547 cernentes.
896 3493 960 3549 lli
992 3496 1178 3564 simul,
1205 3508 1312 3556 etc.
1337 3501 1647 3577 Laudabilis
1676 3505 2031 3567 Potentianus
2055 3526 2146 3581 ge-

564 3596 695 3637 nera
726 3591 1115 3643 tormentorum
1163 3591 1306 3649 ultro
1332 3610 1578 3663 currens,
1610 3597 1714 3653 ﬁde
1741 3601 1957 3656 tandem
1989 3604 2148 3659 robo-

561 3682 715 3727 ratus
743 3674 796 3730 in
811 3674 1048 3742 Christo,
1078 3683 1344 3739 cervicem
1369 3688 1595 3756 praebet,
1624 3689 1858 3745 animam
1885 3693 2154 3764 sanguine.

562 3762 836 3823 laureatos
862 3767 1091 3827 Domino
1138 3774 1390 3832 reddens.
1438 3777 1647 3849 Corpus
1694 3781 1831 3852 ejus,
1872 3762 2146 3852 bestiis.ct

562 3853 755 3944 avibus
803 3860 1133 3930 expositum,
1180 3864 1296 3921 sola
1330 3867 1423 3922 Dei
1470 3844 2146 3944 providen'tiavpermangit

563 3942 847 4001 intactum.
896 3949 1169 4020 Animam,
1198 3964 1302 4010 etc.
1350 3956 1630 4015 Gloriosus
1678 3942 1883 4018 athleta
1930 3965 2145 4027 Domini

563 4034 888 4115 Savinianus
933 4043 1197 4111 pontifex,
1231 4047 1464 4105 feliciter
1523 4066 1624 4122 pro
1676 4052 1891 4111 Christo
1946 4057 2146 4116 multos

560 4140 759 4194 agones
785 4145 1093 4199 perpessus,
1126 4138 1343 4192 tandem
1389 4156 1720 4211 paganorum
1773 4161 2052 4214 mucrone,
2083 4156 2144 4206 ut

561 4217 653 4270 diu
676 4230 981 4287 optaverat,
1004 4223 1239 4296 jugulari
1268 4244 1375 4284 non
1406 4229 1680 4300 differens,
1713 4233 1874 4291 rebus
1894 4236 2143 4297 humanis

562 4316 844 4377 exemptus
873 4312 939 4365 ad
984 4312 1233 4373 laborum
1281 4321 1503 4394 praemia
1547 4322 1887 4394 demigravit.
1922 4327 2141 4387 Accitus

562 4410 797 4486 namque
820 4401 872 4455 in
900 4417 1085 4459 eorum
1113 4408 1382 4477 pestilenti
1409 4414 1658 4478 concilio,
1685 4430 1749 4470 ac
1775 4416 1990 4486 capitali
2016 4433 2142 4475 sen-

564 4485 733 4541 tentia
764 4488 1088 4561 dampnatus
1115 4513 1211 4567 pro
1233 4499 1471 4571 Christo,
1504 4504 1686 4570 rebus,
1718 4516 1823 4562 etc.

630 4578 676 4635 0
702 4581 828 4638 felix
872 4593 928 4640 et
971 4587 1131 4660 digna
1194 4593 1352 4649 laude
1397 4605 1707 4653 sanctorum
1756 4609 2136 4657 momentanea

560 4672 743 4764 passio
772 4715 789 4741 ,
842 4675 983 4735 facta
1032 4681 1281 4741 ﬁdelibus
1325 4689 1539 4758 populis
1584 4690 1776 4747 salutis
1824 4697 2134 4764 reparatio!

557 4761 770 4855 Evovae.
808 4766 976 4827 Beato
1011 4773 1303 4833 Saviniano
1332 4780 1638 4850 gratulante
1669 4783 1721 4837 in
1769 4761 1989 4841 milibus
2036 4801 2130 4855 po-

555 4854 665 4920 puli
718 4859 785 4913 ad
832 4859 1101 4932 baptisma
1149 4867 1594 4939 pervolantibus,
1648 4874 1840 4944 anguis
1884 4854 2138 4931 veternus

558 4946 834 5008 ministros
853 4956 1057 5012 erroris
1076 4958 1159 5014 sui
1188 4959 1242 5014 in
1264 4970 1512 5018 sanctum
1535 4964 1832 5021 antistitem
1857 4966 2135 5023 excitavit.

2250 3236 2346 3288 vae.
2380 3218 2576 3285 Nolite,
2618 3216 2796 3288 inquit
2828 3215 3108 3280 Christus,
3148 3211 3382 3285 gaudere
3404 3211 3550 3283 quod
3581 3209 3829 3266 domina-

2249 3284 2380 3365 mini
2436 3284 2738 3380 spiritibus,
2787 3307 2880 3362 sed
2926 3284 3163 3378 gaudete
3203 3302 3327 3373 quia
3372 3302 3592 3358 nomina
3653 3309 3833 3356 vestra

2248 3402 2447 3471 scripta
2486 3410 2612 3456 sunt
2648 3399 2702 3454 in
2745 3396 2911 3453 cmlis.
2942 3396 3156 3451 EVOVtB.
3197 3392 3241 3449 Ο
3279 3392 3581 3449 clarissima
3632 3400 3834 3462 marty-

2247 3514 2381 3553 rutrr
2413 3511 2651 3569 gemma,
2676 3494 2992 3573 $aviniane,
3039 3491 3253 3547 veniam
3313 3489 3468 3545 nobis
3504 3487 3695 3543 obtine
3744 3496 3832 3541 tua

2247 3598 2433 3645 sancta
2457 3587 2870 3653 intercessione,
2893 3593 2948 3641 et
2974 3582 3196 3639 subveni
3218 3582 3272 3636 in
3310 3580 3576 3651 angustiis
3616 3585 3678 3635 et
3706 3576 3834 3632 ami—

2247 3681 2444 3747 ctione.
2469 3678 2548 3733 Da
2575 3678 2753 3743 nobis,
2776 3686 2955 3747 matyr
2978 3674 3086 3745 pie,
3113 3672 3370 3728 auxilium
3394 3672 3463 3726 de
3486 3684 3833 3742 quacumque

2248 3771 2615 3838 tribulatione,
2645 3778 2701 3825 et
2726 3767 2971 3825 subveni.
3001 3765 3181 3822 Gloria
3213 3763 3357 3819 Patri
3386 3772 3440 3819 et
3465 3762 3605 3817 Filio
3628 3770 3688 3818 et
3713 3760 3832 3831 Spi-

2210 3878 2216 3887 '
2250 3865 2325 3920 tui
2374 3873 2583 3921 sancto.
2636 3863 2807 3918 Hodie
2850 3858 3048 3915 athleta
3078 3857 3291 3914 Domini
3334 3855 3631 3927 gloriosus,
3679 3854 3831 3909 Savi-

2246 3959 2441 4015 nianus
2471 3957 2731 4029 pontifex,
2763 3964 2917 4028 grata
2952 3953 3256 4015 amicorum
3287 3948 3537 4006 clientela
3569 3961 3830 4015 prosecu-

2247 4058 2355 4115 tus,
2400 4047 2466 4105 ad
2512 4048 2756 4104 laborum
2782 4060 3001 4120 suorum
3029 4042 3248 4114 praemia
3279 4038 3641 4112 demigravit;
3679 4035 3831 4104 cujus

2243 4120 2384 4214 apud
2423 4139 2592 4193 Deum
2641 4138 2730 4217 pia
2771 4134 3089 4207 intercessio
3133 4130 3377 4191 absolvat.
3411 4144 3512 4186 nos
3560 4128 3631 4184 ab
3680 4127 3830 4183 omni

2241 4216 2511 4303 periculo!
2554 4216 2768 4284 Evovm.

2256 4310 2259 4313 ’
2311 4321 2521 4379 Celebri
2550 4320 2765 4376 laudum
2807 4318 2984 4395 jubilo
3024 4316 3398 4391 persolvamus
3427 4308 3829 4377 odastristo,

2240 4421 2584 4474 recensentes
2609 4412 2900 4484 gloriosum
2931 4409 3209 4467 Saviniani
3239 4406 3561 4481 trophzeum,
3585 4401 3827 4471 ejusdem

2163 4521 2456 4599 unoque
2521 4504 2784 4561 clientum
2840 4501 3168 4577 triumphale
3238 4498 3601 4599 tripudium:
3634 4495 3825 4594 borum

2240 4606 2461 4671 precatu
2488 4638 2505 4665 ,
2549 4596 2736 4653 czelico
2793 4610 2901 4666 quo
2943 4593 3188 4669 fruamur
3240 4589 3505 4646 subsidio.
3557 4584 3826 4685 Egregius

2240 4687 2602 4760 triumphator
2668 4685 2995 4741 Savinianus
3062 4696 3185 4737 cum
3258 4687 3481 4735 caterva
3554 4687 3824 4730 SOCIOI’IIIII

2240 4780 2523 4839 tormentis
2560 4776 2885 4850 insequitur,
2935 4772 3113 4843 capite
3172 4770 3465 4842 plectitur;
3505 4765 3704 4837 quibus
3733 4776 3822 4815 su-

2240 4874 2486 4948 peratis,
2526 4870 2776 4927 exultant
2824 4868 2941 4925 sine
2988 4865 3095 4935 ﬁne
3148 4866 3203 4921 in
3251 4872 3544 4934 conspectu
3597 4856 3716 4911 Dei.

1392 5119 1570 5177 FlNlS
1606 5121 1827 5179 HUIUS
1864 5120 2112 5179 OPERIS
2149 5121 2236 5177 ET
2273 5115 2654 5176 ADMONITIO
2690 5111 3007 5171 LECTORI.
