4116 5358
517 284 615 342 831

1469 272 1527 330 s.
1565 263 1879 329 ODlLONlS
1913 255 2405 318 CLUNIACENSIS
2437 232 2728 320 annuis
2763 261 2807 320 v

3677 255 3793 325 s32

1786 656 1956 701 ANNO
1995 653 2225 699 DOMINI
2268 652 2500 699 MXLIX.

1071 841 2277 1062 SANCTUS
2429 738 3238 1049 ODILO

1582 1178 1805 1243 ABBAS
1840 1164 2341 1233 CLUNIACENSIS
2379 1170 2705 1240 QUINTUS.

900 1468 1309 1565 SANCTI
1384 1457 1973 1558 ODILONIS
2040 1455 2588 1550 ELOGIUM
2658 1453 3410 1557 HISTORICUM

1684 1658 2058 1725 AUCTOBE
2098 1655 2631 1723 MABILLONIO.
3426 1644 3461 1659 ”

1242 1826 1395 1899 (Acta
1435 1822 1749 1889 Sanctorum
1783 1815 1986 1880 ordinis
2026 1812 2096 1881 8.
2131 1812 2352 1883 Bened.,
2394 1813 2588 1874 Steeuli
2629 1813 2718 1883 Yl,
2757 1830 2883 1896 pag.
2924 1815 3085 1893 63.1.),

1969 1971 2357 1989 κ

1045 2107 1089 2163 1.
1137 2104 1268 2162 Vita:
1295 2104 1594 2175 scriptores.

612 2204 668 2259 1.
726 2199 879 2270 Quod
940 2197 1204 2270 superiori
1259 2194 1457 2252 saeculo
1511 2195 1578 2250 de
1632 2200 1869 2264 quatuor
1924 2189 2113 2263 primis

538 2294 855 2353 monasterii
879 2288 1252 2348 Cluniaeensis
1280 2285 1564 2342 abbatibus
1592 2283 1837 2349 fecimus,
1870 2283 1959 2337 hic
1981 2295 2115 2352 quo-

536 2403 644 2459 que
672 2403 702 2441 a
728 2385 885 2442 nobis
914 2384 970 2439 in
999 2382 1146 2438 beati
1193 2379 1436 2441 Odilonis
1485 2376 1711 2448 gratiam
1750 2374 2115 2446 praestandum

538 2488 642 2545 est,
668 2486 730 2534 ut
755 2477 961 2533 scilicet
979 2480 1177 2547 praeter
1199 2470 1376 2526 Vitam
1398 2468 1515 2537 ejus
1536 2468 1603 2525 ab
1630 2465 1863 2536 antiquis
1886 2465 2118 2534 scripto-—

540 2569 693 2624 ribus
730 2575 1032 2633 exaratam,
1084 2578 1205 2637 qua:
1242 2560 1379 2617 tanti
1403 2560 1507 2617 viri
1536 2567 1686 2630 gesta
1725 2573 1829 2624 non
1857 2556 1990 2613 satis
2016 2570 2117 2611 ex-

541 2659 716 2729 ponit,
746 2656 979 2727 elogium
1008 2653 1177 2724 ipsius
1218 2667 1324 2706 non
1367 2648 1541 2706 solum
1569 2663 1635 2702 ex
1665 2646 1902 2721 antiquis
1929 2651 2116 2700 aucto.

542 2751 715 2813 ribus,
755 2750 850 2805 sed
889 2747 1054 2802 etiam
1084 2760 1150 2800 ex
1176 2744 1344 2797 variis
1373 2741 1580 2797 chartis
1617 2755 1683 2807 ex
1722 2738 1962 2807 arcltivio
1990 2736 2117 2792 Clu-

540 2839 786 2915 niacensi
823 2836 1177 2908 depromptis,
1216 2834 1445 2903 aliisque
1479 2832 1753 2888 veteribus
1792 2831 2120 2893 instrumen-

551 2932 621 2987 tis
643 2939 1017 2987 contexamus.
1049 2926 1164 2982 Hoc
1195 2926 1339 2982 enim
1370 2932 1530 2996 pacto
1556 2922 1690 2977 tanti
1720 2921 1820 2975 viri
1851 2919 2124 2994 praeclarae

545 3026 792 3081 actiones
838 3022 1055 3079 facilius
1101 3028 1159 3076 et
1199 3019 1510 3075 accuratius
1553 3014 2129 3086 reprzesentabuntur;

546 3131 650 3171 nec
694 3130 886 3186 parum
937 3110 1221 3169 conferent
1263 3116 1346 3166 tot
1391 3106 1611 3177 antiqua
1664 3112 2010 3161 monumenta
2058 3102 2125 3161 ad

548 3205 929 3262 illustrandam
963 3201 1173 3260 ordinis
1216 3197 1504 3258 monastici
1532 3196 1692 3270 hujus
1733 3193 2125 3259 saeculi'bisto-

549 3298 712 3353 riam.
1156 3307 1161 3311 ‘
1496 3308 1499 3311 '

616 3392 673 3447 2.
712 3391 796 3446 Ab
845 3391 912 3446 iis
958 3390 1050 3461 qui
1095 3388 1239 3446 beati
1291 3385 1503 3443 abbatis
1542 3397 1632 3441 res
1673 3390 1855 3456 gestas
1895 3378 2129 3452 posteris

2139 2098 2196 2162 Α
2219 2096 2292 2153 ita
2340 2098 2668 2171 incognitum
2708 2100 2861 2167 latet,
2904 2111 2973 2159 ut
3009 2118 3167 2162 nemo
3196 2105 3462 2164 hactenus
3494 2117 3590 2163 aut
3619 2109 3804 2180 ipsum

2203 2189 2431 2270 Viderit,
2485 2200 2578 2247 aut
2626 2191 2903 2248 laudatum
2950 2209 3178 2265 usquam
3219 2195 3511 2254 invenerit.
3557 2198 3803 2270 Denique

2214 2257 2513 2336 Jotsaldum
2553 2281 2802 2339 abbatem
2845 2257 3129 2349 habem-us,
3163 2284 3316 2355 cujus
3354 2289 3695 2360 epitaphium
3714 2257 3805 2346 lle-.

2216 2370 2363 2441 gitur
2409 2373 2668 2428 exteriori
2708 2390 2863 2430 muro
2900 2375 3101 2431 veteris
3139 2375 3387 2433 ecclesia:
3426 2379 3607 2433 sancti
3653 2378 3803 2443 Petri

2216 2461 2587 2519 Cluniaeensis
2612 2462 2826 2520 aﬂixum
2847 2466 2948 2521 sub
2975 2466 3060 2522 bis
3091 2465 3308 2522 verbis:
3343 2466 3447 2522 Hic
3464 2468 3613 2539 jacet
3644 2468 3801 2525 dom,

2219 2572 2320 2613 nus
2357 2556 2648 2613 Jorlsaldus
2691 2559 2873 2613 abbas.
2924 2557 3031 2614 Sed
3078 2576 3144 2615 an
3189 2560 3275 2615 his
3313 2560 3367 2614 in
3396 2561 3657 2617 omnibus
3685 2577 3800 2618 rno-

2220 2651 2494 2705 uumentis
2539 2666 2678 2706 unus
2710 2659 2764 2705 et
2806 2650 2946 2707 idem
2992 2650 3242 2707 laudetur
3272 2651 3592 2719 .lodsaldus;
3625 2670 3697 2710 an
3721 2655 3801 2710 di-

2220 2746 2361 2801 versi
2386 2744 2626 2813 ejusdem
2658 2745 2893 2804 nominis
2929 2745 3031 2800 viri
3063 2745 3439 2816 designentur,
3467 2759 3703 2816 prorsus
3723 2754 3806 2801 est

2222 2837 2511 2892 incertum.
3355 2844 3359 2847 '

2293 2928 2348 2987 5.
2402 2927 2575 2984 Porro
2614 2927 2785 2987 vitam
2830 2926 3006 2982 sancti
3049 2924 3294 2985 Odilonis
3324 2940 3357 2982 a
3385 2923 3638 2982 Jotsaldo
3676 2925 3809 2982 seri-

2228 3029 2403 3091 ptam,
2429 3034 2523 3076 seu
2546 3018 2728 3091 potius
2746 3016 2870 3088 'ejus
2901 3016 3267 3087 fragmentum
3287 3016 3539 3073 Andreas
3562 3016 3807 3073 Ducbes-

2230 3112 2350 3168 uius
2394 3112 2448 3167 in
2474 3110 2788 3201 Appendice
2837 3111 2904 3165 ad
2955 3110 3350 3167 Bibliothecam
3391 3108 3808 3167 Cluniacensem

2229 3205 2328 3260 sub
2367 3197 2634 3277 Anonymi
2684 3202 3092 3259 Silviniacensis
3139 3202 3397 3267 nomine,
3454 3209 3513 3256 et
3556 3197 3801 3256 Joannes

2229 3296 2523 3359 Bollandus
2570 3297 2658 3353 die
2701 3297 2736 3355 2
2776 3294 3041 3361 Januarii,
3070 3295 3377 3351 ediderunt.
3415 3292 3523 3350 Sed
3556 3308 3681 3348 eam
3714 3307 3811 3348 nos

2233 3389 2325 3445 ltic
2364 3388 2682 3443 exhibemus
2721 3387 2986 3458 integram
3012 3401 3076 3441 ex
3108 3385 3296 3441 codice
3329 3399 3432 3440 ms.
3465 3382 3812 3439 bibliothecae

552 3481 816 3538 mandare
858 3488 1210 3542 curaverunt,
1246 3472 1527 3533 exordium
1571 3475 1835 3532 ducimus.
1864 3471 2010 3528 Duos
2038 3471 2134 3526 ba-
2165 3463 2209 3523 Β
2236 3478 2528 3544 “manem,
2580 3492 2742 3549 quem
2789 3490 2849 3533 se
2892 3476 3091 3532 vidisse
3143 3484 3373 3534 testatur
3415 3472 3723 3530 Chimetius
3758 3472 3810 3526 in

549 3574 667 3629 buit
707 3572 845 3628 Viue
891 3587 1003 3628 sua:
1041 3571 1337 3643 scriptores
1373 3568 1674 3640 praecipuos
1701 3574 1921 3623 sanctus
1953 3562 2127 3631 Odilo,

550 3664 853 3722 Jotsaldum
899 3663 1105 3719 scilicet
1147 3673 1203 3717 et
1238 3662 1459 3718 Petrum
1495 3659 1739 3715 Damiani
1777 3655 2128 3720 cardiualem,

551 3765 845 3826 utrumque
874 3755 977 3825 ipsi
1007 3752 1288 3823 aequalem.
1339 3749 1634 3817 Jotsaldus,
1680 3749 1762 3805 sic
1805 3748 1949 3804 enim
1995 3761 2131 3809 con,-

550 3855 763 3903 stanter
806 3846 1007 3901 habent
1042 3844 1249 3915 antiqui
1277 3842 1513 3910 codices,
1542 3855 1851 3912 quanquam
1885 3840 1939 3894 in
1968 3837 2132 3894 editis

556 3937 834 3993 nonnullis
893 3936 1149 3993 mendose
1210 3933 1496 3991 Lotsaldus
1543 3932 1777 4002 scriptus
1831 3930 2131 3996 invenitur,

557 4028 770 4099 primus
799 4026 937 4082 Vita:
966 4028 1222 4097 scriptor,
1271 4024 1569 4081 monachus
1616 4022 1716 4079 fuit
1763 4022 2135 4079 Cluniacensis

563 4126 620 4173 et
663 4117 806 4174 beati
851 4116 1093 4173 Odilonis
1139 4113 1464 4185 discipulus,
1517 4112 1673 4184 cujus
1718 4111 1796 4170 rei
1844 4120 2035 4167 testem
2074 4126 2135 4169 se

559 4209 674 4278 ipse
695 4208 917 4264 exhibet
938 4209 992 4263 in
1021 4207 1204 4278 operis
1229 4204 1569 4277 praefatione,
1594 4202 1686 4261 ubi
1707 4218 1767 4261 se
1787 4204 1965 4275 magni
1997 4201 2133 4258 0di-

556 4298 692 4355 lonis
735 4302 992 4355 nutritum
1039 4300 1357 4370 magisterio,
1404 4298 1847 4370 informatumque
1887 4296 2136 4365 beneﬁcio

560 4388 729 4445 fuisse
772 4390 1076 4460 proﬁtetur.
1125 4392 1173 4447 ls
1202 4391 1318 4462 ipse
1361 4399 1466 4457 est,
1511 4390 1616 4445 nisi
1644 4390 1831 4458 fallor,
1857 4388 2133 4454 Josaldus,

562 4495 705 4535 unus
725 4496 758 4535 e
778 4481 1017 4552 quinque
1040 4483 1319 4537 monachis
1343 4483 1432 4552 qui
1460 4496 1584 4538 cum
1611 4481 1840 4538 Odilone
1862 4480 2056 4535 abbate
2081 4487 2137 4535 et

563 4571 804 4628 Roberto
837 4573 1019 4644 priore
1044 4574 1244 4629 charta:
1264 4572 1503 4629 Girbaldi
1527 4571 1804 4640 cujusdam
1833 4587 1977 4627 anno
2000 4570 2138 4625 105‘).

456 4696 459 4701 ι
564 4662 956 4734 subscripsisse
986 4664 1274 4733 reperitur.
1297 4661 1543 4719 Josaldus
1566 4664 1693 4718 item
1722 4672 1776 4719 et
1803 4663 2136 4720 Joserannus

567 4753 767 4810 fratres
811 4754 1158 4810 nominantur
1184 4755 1238 4810 in
1267 4756 1453 4810 charta
1491 4752 1750 4812 Bernardi
1786 4765 1840 4811 et
1861 4756 2008 4823 Adae,
2042 4770 2135 4811 eo-

566 4861 688 4900 rum
712 4838 884 4917 patris
914 4855 968 4902 et
996 4845 1207 4911 matris,
1263 4861 1383 4916 qua:
1426 4855 1689 4927 regnante
1732 4846 1969 4903 Roberto
2012 4860 2140 4902 con-

567 4937 708 4995 t‘ecta
740 4948 845 4996 est.
873 4939 1141 4995 Prreterea
1175 4938 1428 4996 Josaldus
1450 4939 1707 5010 .notarius
1734 4940 2010 5011 plerisque
2051 4952 2141 4991 ar-
2183 5002 2193 5013 η

569 5031 732 5085 cbivii
788 5030 1158 5087 Cluniacensis
1219 5030 1378 5086 istius
1438 5030 1694 5099 temporis
1753 5027 2141 5099 subscripsisse

2232 3570 2647 3644 probationibus
2703 3569 3157 3627 'l'renorcbiensis
3214 3566 3486 3631 Historiae.
3550 3563 3810 3621 Eamdem

2233 3663 2520 3723 habuimus
2539 3677 2609 3727 ex,
2639 3661 2848 3718 duobus
2876 3660 2998 3719 aliis
3020 3660 3300 3719 codicibus
3341 3672 3500 3723 mss.,
3540 3670 3655 3713 uno
3694 3654 3810 3710 Cri-

2231 3754 2501 3827 spciensis
2556 3753 2919 3820 monasterii,
2979 3752 3151 3813 altero
3205 3758 3407 3809 nostrae
3465 3748 3811 3805 bibliotheca:

2233 3844 2407 3902 sancti
2452 3844 2710 3911 Germani
2750 3859 2780 3899 a
2816 3842 3019 3899 Pratis.
3046 3840 3314 3899 Caeterum
3356 3840 3499 3897 idem
3535 3836 3813 3896 Jotsaldus

2231 3952 2456 3993 carmen
2485 3936 2657 3992 edidit
2683 3937 2782 3992 sub
2810 3933 3062 3999 Planctus
3093 3932 3271 3996 titulo,
3302 3930 3369 3987 de
3395 3931 3543 3988 beati
3570 3929 3813 3987 Odilonis

2232 4030 2413 4101 obitu,
2454 4028 2602 4100 quod
2641 4028 2845 4084 editum
2879 4035 2966 4083 cst
2997 4026 3053 4082 in
3080 4025 3415 4082 Bibliotheca
3437 4020 3809 4078 Cluniacensi.

2232 4121 2444 4187 Atcum
2479 4120 2613 4176 nihil
2643 4121 2840 4177 habeat
2882 4120 2950 4176 ad
2986 4118 3305 4175 illustranda
3347 4116 3490 4172 beati
3536 4114 3643 4169 viri
3670 4120 3812 4175 acta,

2235 4212 2408 4286 ipsum
2439 4212 2692 4269 omittere
2715 4213 2890 4267 visum
2928 4220 3014 4267 est
3042 4208 3153 4283 (1);
3195 4209 3330 4265 satis
3360 4208 3432 4263 sit
3452 4206 3664 4276 aliquot
3695 4219 3814 4258 vero

2236 4319 2329 4360 sus
2355 4302 2604 4374 seligere,
2649 4302 2703 4357 in
2749 4301 2945 4373 quibus
2973 4300 3051 4357 sic
3082 4301 3149 4356 de
3184 4297 3411 4354 Odilone
3449 4306 3506 4352 et
3540 4293 3816 4350 Willelmo

2238 4394 2545 4450 Divionensi
2569 4390 2766 4448 abbate
2790 4392 2957 4448 canit.

2299 4481 2499 4533 Hisdem
2523 4483 2740 4535 decessit
2759 4479 3029 4530 Willelmus
3051 4480 3176 4530 forte
3199 4478 3429 4528 Kalendis

2302 4543 2503 4606 Magnus
2525 4552 2577 4593 et
2599 4547 2703 4606 ipse
2728 4543 3233 4606 Paterpmonacborum
3258 4540 3589 4606 Divlonensis.‘

2300 4606 2363 4656 Hi
2380 4602 2577 4656 inerant
2603 4602 2826 4657 mouacbi
2852 4602 3008 4653 Ἀπιοιὶ
3030 4604 3247 4664 denique
3280 4604 3454 4664 cantat,

2304 4667 2409 4717 Uno
2440 4667 2678 4715 ﬂorentes
2698 4669 2743 4714 iu
2770 4674 3015 4726 tempore,
3037 4676 3241 4725 corpore
3258 4664 3454 4723 mundo,

2303 4728 2454 4779 Uulus
2472 4735 2524 4777 et
2546 4729 2681 4789 ﬁdet,
2709 4740 2838 4777 verae
2865 4728 3062 4789 pietatis
3085 4726 3241 4789 amici.

2167 4814 2212 4873 Ω
2303 4789 2476 4873 .‘l‘unrit
2499 4786 2733 4873 utrosque
2757 4786 2901 4873 lides,
2920 4788 3105 4837 similes
3130 4786 3347 4858 habuere
3366 4795 3597 4835 recessus
3620 4794 3637 4831 :

2304 4851 2466 4901 Gloria
2485 4863 2578 4900 non
2603 4852 2785 4912 dispar,
2812 4853 2983 4898 eadem
3006 4850 3330 4911 sequiturque
3348 4860 3547 4897 corona.

2241 4930 2521 4989 Odilonem
2552 4929 2606 4985 in
2640 4930 2745 4984 [ine
2770 4928 3030 4986 carminis
3056 4937 3311 5000 precatur
3337 4936 3398 4981 ut
3429 4926 3513 4981 sui
3543 4938 3610 4981 ac
3634 4921 3819 4979 Alma-

2243 5024 2321 5078 nii
2352 5037 2559 5078 memor
2585 5023 2656 5077 sit
2680 5022 2822 5092 apud
2857 5020 3045 5075 Deum.
3088 5018 3370 5074 Almanius
3404 5026 3591 5072 autem
3623 5015 3715 5070 hic
3739 5023 3814 5068 est

3210 5110 3248 5126 Α
3271 5110 3324 5126 I'I
