4116 5358
249 133 346 191 835

301 247 444 299 Odilo
469 241 569 309 iam
593 248 772 307 valeas,
803 245 1004 295 Jotsaldi
1025 246 1119 305 jam
1153 255 1340 309 memor
1365 250 1496 306 esto,

301 307 611 370 Almauiique
635 310 703 358 tui
740 311 866 362 votis
891 313 973 370 pie
993 321 1193 370 semper
1225 307 1395 356 adesto

310 411 364 464 4.
407 409 560 463 Alter
595 407 740 464 beati
781 407 1030 486 (Milonis
1058 406 1194 462 Vita:
1217 406 1450 475 scriptor
1475 402 1578 459 fuit
1603 411 1828 459 sanctus

242 501 438 558 Petrus
470 499 740 564 Damiani,
769 494 1088 564 cardinalis,
1117 499 1404 568 episcopus
1430 496 1718 563 Ostiensis,
1744 497 1828 550 vir

241 593 323 647 vel
350 609 449 649 suo
478 593 701 647 nomine
727 591 866 646 satis
907 591 1159 647 celebris.
1206 590 1361 658 Quod
1385 606 1543 661 opus,
1574 590 1829 645 hortante

244 686 471 754 llugone
542 684 740 739 abbate
807 680 956 737 beati
1021 683 1268 738 Odilonis
1346 697 1688 745 successore,
1733 695 1858 751 ag-‘

242 793 465 848 gressus
493 785 594 840 est,
626 785 684 830 ut
712 790 835 845 qua:
859 775 914 830 in
945 775 1114 846 priori
1145 775 1267 828 Vita
1297 773 1469 827 fusius
1494 773 1828 827 enarraban-

243 880 349 933 tur,
365 867 655 938 superﬂuis
668 866 1365 936 resectis,compendiosius
1382 864 1630 919 referret.
1655 863 1824 927 Unde,

241 976 367 1014 cum
416 959 554 1014 nihil
606 959 662 1014 in
710 960 814 1014 hac
868 958 1156 1029 posteriori
1211 957 1330 1013 Vita
1380 957 1644 1013 habeatur
1681 955 1825 1026 quod

240 1049 530 1105 Jodsaldus
573 1058 733 1104 antea
775 1066 885 1105 non
931 1049 1200 1113 retulerit,
1252 1050 1427 1104 visum
1472 1057 1554 1102 est
1588 1047 1825 1117 priorem

243 1140 515 1196 suﬂicere.
562 1140 629 1195 Et
665 1140 906 1210 quidem,
944 1142 1062 1210 ipso
1098 1150 1390 1195 attestaute
1417 1139 1671 1204 Baronio,
1703 1139 1825 1193 Vita

244 1234 359 1288 htec
387 1232 655 1302 perterruit
695 1242 793 1297 est,
837 1232 1085 1303 longeque
1124 1233 1294 1301 impar
1321 1233 1520 1286 meritis
1546 1232 1679 1286 tanti
1706 1232 1824 1286 viri.

242 1325 300 1379 Si
325 1333 510 1378 tamen
542 1323 597 1377 in
623 1338 687 1378 ea
725 1323 928 1392 aliquid
962 1323 1342 1379 observatione
1377 1323 1598 1393 dignum
1631 1337 1826 1378 occur-

242 1415 394 1480 rerit,
444 1414 554 1469 hoc
586 1414 799 1483 ,ipsum,
824 1413 948 1468 data
989 1415 1299 1481 occasione,
1325 1413 1380 1468 in
1417 1413 1592 1484 elogio
1634 1422 1728 1467 aut
1768 1413 1822 1467 in

239 1505 380 1560 notis
431 1503 504 1558 ad
550 1503 777 1557 alteram
827 1502 1007 1559 Vitam
1062 1502 1421 1574 proferemus.
1471 1503 1677 1559 Praeter
1724 1504 1822 1560 hos

1769 126 2097 183 ELOGIL'M.

1856 255 1902 314 Α
1932 241 2009 312 git
2060 241 2303 306 Petrum,
2352 243 2593 312 ejusdem
2625 243 2788 299 beata:
2834 245 3212 301 recordationis
3252 247 3512 322 Stephani

3411 140 3516 196 834

1927 337 2153 405 episcopi
2182 345 2427 405 nepotem
2475 346 2528 391 ct
2575 337 2628 391 in
2669 337 2982 408 episc0patu
3025 355 3420 412 successorem,
3453 346 3506 400 in

1929 427 2118 480 eodem
2148 427 2314 481 Volue
2359 428 2690 483 monasterio
2735 442 2857 483 cum
2890 444 2989 486 suo
3037 431 3303 489 avunculo
3343 435 3513 492 fuisse

1927 516 2216 587 sepultum.
2249 518 2324 573 De
2352 517 2520 572 Volta:
2552 519 2885 575 monasterio
2927 519 3156 578 inferius
3181 523 3338 594 plura
3365 528 3513 582 dice-

1929 623 2066 662 mus.
2100 607 2264 662 Certe
2291 608 2512 663 beatum
2559 608 2847 666 Odilonem
2890 625 2958 666 ex
2997 612 3366 672 illustrissima
3411 620 3515 673 Ar-

1927 713 2218 752 vernorum
2287 697 2491 757 familia
2555 700 2824 771 originem
2891 705 3122 760 traxisse
3203 708 3514 765 observavit

1929 791 2126 844 Petrus
2154 791 2396 846 Damiani
2432 793 2484 846 in
2513 792 2684 863 ipsius
2712 793 2857 861 Vita,
2889 797 2978 850 ubi
3021 813 3143 852 cum
3173 814 3241 855 ex
3286 807 3512 873 equestri

1927 881 2131 950 familia
2161 900 2323 953 genus
2352 885 2568 939 duxisse
2616 899 2912 942 asseverat.
2945 889 2999 943 Id
3030 906 3248 962 quoque
3279 903 3511 949 testatur

1928 974 2221 1040 Jctsaldus,
2260 977 2349 1032 ubi
2389 978 2467 1032 ait
2494 978 2783 1034 Beraldum
2815 995 3173 1052 cognomento
3224 986 3510 1058 .llajorem,

1924 1065 2066 1121 beati
2092 1067 2338 1123 OLlilOﬂiS
2367 1080 2603 1138 patrem,
2636 1071 2778 1126 inter
2809 1072 2849 1126 A
2872 1075 3103 1128 rvernitc
3127 1091 3380 1144 proceres
3407 1094 3501 1132 no-

1926 1157 2249 1214 bilissimum
2285 1161 2450 1217 fuisse
2479 1203 2494 1228 ,
2527 1164 2962 1234 possessionibus
2995 1177 3048 1220 et
3096 1177 3311 1225 terrena
3355 1181 3508 1242 pote-

1925 1256 2065 1302 state
2089 1250 2414 1306 ditissimum
2443 1268 2458 1317 ;
2489 1264 2718 1308 matrem
2745 1270 2874 1310 vero
2903 1255 3224 1327 Girbergam
3249 1261 3506 1331 appellat,

1925 1351 2032 1391 non
2063 1340 2240 1396 minus
2267 1342 2467 1411 pietate
2497 1359 2659 1413 quam
2684 1347 2966 1402 nobilitate
2980 1347 3293 1418 pollentem,
3319 1367 3508 1422 quam,

1923 1426 2183 1483 defuncto
2219 1431 2336 1486 viro
2368 1436 2720 1504 superstitem
2749 1479 2764 1504 ,
2797 1440 3270 1496 sanctimonialem
3302 1443 3358 1497 in
3393 1445 3510 1498 Au-

1924 1521 2311 1586 gustoduuensi
2331 1525 2501 1578 sancti
2524 1524 2748 1582 Joannis
2770 1532 3101 1585 monasterio
3125 1532 3320 1588 factam
3341 1533 3511 1591 fuisse

239 1593 373 1650 Vita:
399 1595 696 1664 scriptores
724 1593 880 1649 multi
921 1595 1013 1650 alii
1059 1594 1204 1650 beati
1249 1595 1496 1651 Odilonis
1525 1611 1614 1650 res
1642 1607 1821 1666 gestas
1851 1605 1896 1664 Β
1924 1608 2131 1680 scribit.
2161 1608 2381 1666 Fratres
2419 1613 2584 1668 etiam
2614 1624 2668 1670 et
2696 1619 2913 1686 quidem
2965 1608 3272 1690 complures
3320 1626 3511 1681 habuit

236 1686 458 1757 scriptis
505 1686 620 1741 suis
659 1686 1025 1753 celebrarunt,
1066 1702 1320 1758 quorum,
1363 1696 1459 1743 aut
1496 1699 1644 1742 certe
1675 1689 1819 1744 cele-

237 1778 508 1844 briorum,
532 1779 701 1833 verba
724 1778 838 1834 suis
863 1779 996 1834 locis
1024 1795 1123 1850 pro
1145 1779 1552 1850 opportunitate
1580 1780 1634 1834 in
1663 1779 1822 1848 hujus

235 1869 397 1939 elogii
451 1867 684 1924 decursu
741 1869 951 1924 referre
1000 1887 1108 1925 non
1163 1871 1499 1926 omittemus.
1549 1869 1823 1926 Habemus

235 1961 406 2015 etiam
445 1975 562 2030 pra:
599 1961 852 2017 manibus
899 1977 1206 2019 sermonem
1249 1962 1518 2034 Anonymi
1561 1961 1629 2018 de
1678 1963 1821 2018 beati

233 2051 485 2108 Odilonis
514 2052 784 2121 laudibus,
829 2069 895 2109 ex
939 2056 1125 2110 codice
1159 2071 1260 2110 ms.
1301 2054 1616 2110 monasterii
1655 2053 1822 2110 Silvi-

235 2145 510 2201 niacensis
558 2147 913 2218 descriptum.
963 2148 1070 2203 Sed
1097 2165 1220 2203 eum
1256 2147 1394 2203 nihil
1425 2149 1623 2204 habeat
1653 2149 1719 2203 ad
1755 2149 1822 2202 il-

233 2234 574 2292 lustrandam
612 2241 748 2294 tanti
785 2240 886 2295 viri
919 2240 1226 2306 historiam,
1257 2241 1434 2310 ipsum
1462 2240 1716 2297 omittere
1740 2240 1825 2296 vi-

233 2341 352 2380 sum
381 2336 490 2382 est.

476 2421 542 2476 ll.
583 2420 736 2477 Beati
767 2422 1009 2479 Odilonis
1035 2427 1210 2497 patria
1235 2436 1282 2478 et
1305 2437 1576 2497 parentes.

301 2536 354 2590 5.
380 2536 664 2593 Odilonem
685 2541 856 2610 patria
881 2543 1181 2597 Arvernum
1207 2543 1371 2600 fuisse
1391 2561 1580 2602 omnes
1601 2562 1707 2601 uno
1727 2563 1820 2604 ore

235 2625 495 2692 fatentur,
526 2643 687 2696 quem
717 2645 746 2685 e
793 2632 957 2686 nobili
998 2633 1388 2688 Mercuriorum
1437 2635 1643 2691 familia
1697 2655 1824 2708 pro~

233 2719 400 2773 diisse
446 2705 653 2789 vulgati
705 2731 956 2777 auctores
1001 2724 1311 2779 allirmant:
1346 2735 1399 2780 et
1448 2729 1662 2796 quidem
1713 2747 1821 2786 non

233 2809 428 2865 desunt
458 2811 527 2866 ad
558 2812 610 2866 id
645 2813 980 2882 probandum
1014 2815 1254 2888 legitima
1285 2830 1630 2889 argumenta.
1651 2820 1823 2890 llujus

235 2900 310 2955 rei
363 2901 741 2970 probationem
799 2903 955 2958 aﬁ‘crt
1009 2907 1252 2962 Andreas
1308 2909 1680 2976 Duchesnius,
1740 2913 1823 2967 vir

234 2993 602 3062 doctissimus,
635 2994 690 3050 in
740 2997 882 3051 notis
912 2999 980 3052 ad
1012 2998 1180 3066 ipsius
1213 3000 1388 3055 Vitam
1418 3002 1472 3057 in
1508 3003 1820 3074 Appendice

235 3088 299 3140 ad
326 3085 721 3143 Bibliotltccam
754 3088 1182 3158 Cluuiacensem,
1211 3091 1298 3146 ubi
1324 3093 1506 3149 laudat
1537 3107 1692 3152 vetus
1716 3099 1821 3154 Ne-

233 3180 534 3250 erologiutn
561 3179 1025 3239 Claromontensis
1066 3185 1321 3240 Ecclesia:
1349 3187 1450 3242 sibi
1485 3203 1512 3241 a
1543 3185 1822 3246 Savarone

231 3281 422 3327 mutuo
451 3273 659 3338 datum,
690 3274 743 3328 in
789 3290 894 3345 quo
923 3275 1010 3330 die
1041 3292 1092 3330 tv
1132 3276 1315 3332 Nonas
1367 3278 1616 3336 Januarii
1662 3270 1820 3337 Odilo

233 3371 298 3420 de
329 3365 625 3434 Mercorio,
657 3368 953 3425 canonicus
979 3368 1438 3438 Claromontensis
1481 3383 1534 3428 et
1565 3376 1821 3446 praeposi-

234 3465 320 3508 tus
351 3455 1075 3529 Brivatensis,quadraginta
1104 3460 1304 3515 solidos
1329 3464 1613 3519 censuales
1641 3465 1818 3520 eidem

231 3544 478 3600 ecclesiae
530 3546 805 3602 dimisisse
862 3547 1079 3614 dicitur,
1130 3551 1198 3605 ad
1251 3551 1627 3609 celebrandam
1676 3555 1818 3610 beati

230 3636 476 3693 Odilonis
507 3638 859 3695 festivitatem
890 3643 944 3696 in
975 3643 1202 3698 ecclesia
1249 3644 1706 3701 Claromontensi.
1739 3649 1820 3704 Ad

231 3732 360 3800 quid
383 3731 554 3798 enim,
572 3734 756 3788 subdit
772 3734 856 3789 vir
881 3737 1148 3801 eruditus,
1167 3735 1320 3792 Odilo
1345 3737 1433 3792 ille
1457 3739 1820 3797 Mercorianus

231 3831 440 3876 tantam
484 3823 731 3892 pecunia:
780 3839 1048 3880 summam
1098 3828 1466 3896 expendisset,
1519 3830 1622 3884 nisi
1676 3832 1821 3900 quod

229 3911 426 3965 beatus
473 3909 630 3968 Odilo
698 3911 814 3980 ejus
870 3913 1034 3968 fuerit
1090 3918 1570 3984 consanguineus?
1618 3919 1821 3976 Deinde

232 4001 547 4072 Stephanus
588 4003 878 4074 episcopus
905 4044 921 4072 ,
972 4005 1058 4059 cui
1095 4005 1367 4062 Jotsaldus
1389 4009 1529 4063 beati
1579 4009 1819 4065 Odilonis

233 4091 412 4145 Vitam
462 4093 825 4162 nuncupavit,
876 4109 1149 4166 quemque
1196 4097 1339 4152 idem
1385 4107 1575 4154 auctor
1624 4100 1820 4156 asserit

232 4180 400 4238 fuisse
427 4183 572 4238 beati
601 4185 699 4239 viri
731 4195 1000 4256 nepotem,
1029 4189 1076 4244 is
1105 4198 1187 4244 est
1214 4190 1330 4260 ipse
1358 4191 1450 4261 qui
1492 4193 1546 4247 in
1587 4191 1820 4263 vulgatis

232 4277 550 4345 pontificum
607 4277 980 4334 Aniciensium
1015 4296 1109 4336 seu
1162 4281 1510 4338 Podiensium
1559 4284 1817 4356 catalogis

233 4367 531 4436 Stephanus
556 4369 620 4423 de
652 4368 909 4424 Μενωνἱο
934 4372 1112 4428 dictus
1140 4377 1400 4429 occurrit.
1431 4375 1585 4443 Quod
1613 4377 1816 4432 diserte

235 4445 502 4514 aﬂirmant
531 4459 776 4516 Gisseius
808 4462 862 4517 in
889 4461 1126 4519 Historia
1172 4468 1546 4538 episcoporum
1589 4467 1818 4525 Podien-

231 4552 368 4606 sium
390 4593 406 4618 ,
454 4553 865 4611 Sammartliani
919 4556 974 4612 in
1007 4557 1178 4616 Gallia
1209 4559 1519 4616 Christiana
1547 4602 1562 4627 ,
1616 4561 1818 4632 aliique

231 4654 482 4701 auctores
509 4647 602 4716 qui
641 4648 706 4702 de
738 4648 803 4703 iis
831 4647 992 4706 rebus
1018 4652 1370 4721 scripserunt.
1403 4653 1576 4708 Omne
1596 4654 1815 4710 dubium

232 4725 368 4792 tollit
397 4751 554 4796 vetus
573 4741 883 4798 Chronicon
912 4759 1014 4799 ms.
1038 4745 1210 4800 sancti
1239 4747 1385 4801 Petri
1415 4746 1719 4810 Podiensis,
1750 4764 1815 4801 cx

231 4845 336 4896 quo
391 4831 508 4885 haec
572 4835 738 4888 verba
793 4843 982 4888 noster
1040 4834 1427 4904 Steplianotius
1480 4837 1810 4907 descripsit:

232 4918 528 4991 Stephanus
569 4926 867 4980 Aniciensis
891 4937 1070 4996 pastor
1095 4931 1294 4982 exstitit
1340 4928 1500 4982 nobili
1546 4929 1814 4999 parentela

231 5021 377 5066 ortus
427 5013 494 5067 de
538 5025 714 5069 castra
769 5015 920 5084 vulgo
964 5030 1260 5086 nuncupata
1307 5017 1574 5072 Mercurio
1600 5058 1615 5082 ,
1659 5035 1814 5087 nepos

232 5103 367 5157 beati
397 5103 640 5159 Odilonis
671 5107 878 5160 abbatis
900 5105 1356 5163 Cluniacensis....
1385 5108 1533 5172 obiit,
1573 5120 1620 5161 et
1648 5112 1816 5178 sepul-

233 5205 314 5249 tus
351 5207 427 5249 est
475 5198 616 5265 apud
662 5197 954 5250 coenobium
989 5196 1196 5253 Voltam
1248 5211 1646 5268 nuncupatum,
1677 5200 1814 5268 quod

226 5274 337 5358 ipse
361 5306 481 5344 cum
513 5289 658 5343 beato
687 5289 908 5344 Odilone
945 5291 1202 5346 avunculo
1231 5309 1328 5346 suo
1376 5293 1430 5344 in
1455 5291 1667 5358 propria
1696 5309 1821 5346 con-

1844 4330 1895 4388 D

1925 1696 2100 1765 Odilo,
2130 1700 2225 1754 sed
2246 1715 2434 1756 eorum
2456 1706 2674 1760 nomina
2699 1708 2914 1764 reticuit
2934 1709 3237 1780 Jotsaldus;
3261 1729 3505 1772 sororem

1923 1805 2053 1844 vero
2079 1793 2196 1862 ejus
2231 1793 2614 1853 Blitsemodem
2659 1802 2990 1858 abbatissam
3022 1805 3241 1874 laudat,
3277 1810 3372 1866 sed
3411 1813 3500 1867 cui

1923 1880 2013 1936 illa
2041 1887 2374 1942 monasterio
2399 1889 2696 1956 praefuerit,
2732 1907 2998 1963 nusquam
3033 1899 3322 1965 expressit.
3371 1961 3374 1966 _

1993 1975 2048 2031 6.
2083 1975 2155 2030 At
2175 1977 2332 2046 plura
2359 1980 2620 2038 discimus
2646 1983 2712 2039 de
2748 1983 2894 2041 beati
2924 1988 3164 2045 Odilonis
3205 1991 3409 2062 familia
3438 2009 3508 2051 ex

1923 2066 2132 2123 duabus
2155 2069 2363 2126 chartis
2386 2110 2402 2136 ,
2450 2071 2502 2126 in
2531 2073 2726 2143 quibus
2777 2075 2891 2146 ipse
2929 2078 3013 2132 vir
3054 2090 3277 2139 sanctus
3307 2082 3508 2142 fratres

1923 2172 2072 2223 suos,
2121 2160 2518 2233 nonnullasque
2560 2180 2749 2220 eorum
2800 2166 2999 2226 liberos
3037 2183 3306 2230 recenset.
3350 2176 3509 2233 Prior

1923 2259 2007 2305 est
2033 2250 2202 2320 ipsius
2235 2251 2501 2321 Odilonis,
2534 2270 2660 2326 qua,
2696 2258 3011 2329 priusquam
3033 2272 3184 2318 veste
3206 2268 3505 2324 monastica

1923 2341 2259 2408 indueretur,
2286 2347 2657 2413 possessiones
2684 2348 2888 2420 aliquot
2910 2355 3241 2412 monasterio
3281 2357 3503 2414 Clunia-

1921 2434 2070 2489 censi
2112 2435 2360 2490 contulit.
2389 2437 2485 2492 Est
2532 2437 2739 2510 absque
2785 2442 2909 2497 data
2952 2443 3005 2498 in
3041 2445 3316 2502 chartario
3367 2447 3497 2503 Clu-

1923 2527 2185 2593 niacensi,
2203 2530 2344 2598 quod
2369 2529 2526 2602 vulgo
2549 2533 2722 2588 sancti
2739 2532 2916 2590 Maioli
2938 2535 3254 2606 appellatur,
3279 2555 3508 2598 numero

1926 2617 1986 2672 ll
2022 2620 2146 2686 ;sic
2173 2631 2353 2676 autem
2404 2623 2602 2679 habet:
2651 2643 2669 2677 ι
2707 2625 3077 2683 Sacrosauctae
3119 2630 3214 2685 Ι)ιὶ
3265 2633 3510 2690 ecclesia:

1925 2708 2296 2767 Cluniacensis
2316 2715 2574 2780 cmttobii,
2602 2716 2654 2770 in
2686 2717 2892 2772 honore
2932 2719 3075 2774 beati
3106 2720 3250 2775 Petri
3287 2736 3510 2794 aposto-

1925 2800 2099 2856 lorum
2137 2803 2401 2875 principis
2424 2807 2706 2873 dedicattc,
2740 2809 2792 2863 in
2822 2809 2916 2865 Dei
2943 2811 3162 2865 nomine
3203 2827 3304 2883 ego
3329 2814 3505 2880 (Nilo,

1925 2892 2070 2950 ﬁlius
2093 2894 2327 2962 Beraldi,
2373 2902 2746 2956 consentiente
2793 2911 2968 2958 matre
2998 2919 3115 2958 mea
3145 2913 3200 2959 et
3242 2905 3508 2962 fratribus

1851 2988 1896 3052 (ἶ
1928 2985 2083 3051 meis,
2113 2986 2386 3066 Stephano
2409 2991 2637 3057 scilicet,
2665 2992 2869 3057 Ebone,
2899 2994 3151 3060 Beraltlo,
3176 2994 3505 3062 Bertratmo,

1921 3077 2058 3131 cedo
2083 3077 2288 3150 aliquid
2319 3095 2382 3134 ex
2436 3082 2595 3138 rebus
2626 3085 2974 3154 proprietatis
3017 3102 3148 3140 mea:
3170 3125 3184 3152 ,
3221 3103 3341 3156 qua:
3372 3087 3508 3143 mibi

1920 3168 2162 3240 legitimo
2187 3172 2379 3228 ordine
2426 3185 2837 3242 successerunt,
2867 3192 3188 3248 cessumque
3217 3179 3270 3234 in
3315 3194 3511 3252 perpe-

1922 3269 2073 3316 tuum
2103 3277 2235 3319 esse.
2267 3265 2389 3320 volo
2431 3274 2486 3320 et
2527 3267 2798 3323 desidero.
2853 3268 2993 3324 Sunt
3037 3281 3214 3325 autem
3247 3272 3380 3344 ipsa:
3422 3289 3511 3330 res

1921 3353 2040 3409 sita:
2070 3355 2123 3410 in
2155 3357 2328 3426 patria
2356 3357 2682 3423 Arvernica,
2712 3361 2765 3413 in
2798 3362 3055 3416 comitatu
3086 3363 3424 3431 Brivatense,
3453 3368 3509 3423 in

1921 3445 2123 3498 vicaria
2162 3447 2229 3501 de
2257 3447 2486 3514 Aurata,
2518 3449 2572 3503 in
2601 3449 2723 3504 villa
2751 3467 2870 3520 quae
2899 3463 3123 3508 vocatur
3151 3454 3504 3512 Saruciacus:

1921 3536 1974 3591 in
2005 3537 2119 3606 ipsa
2145 3539 2267 3592 villa
2296 3541 2430 3596 cedo
2459 3541 2570 3596 Deo
2603 3552 2901 3612 sanctoque
2928 3543 3112 3612 Petro,
3139 3547 3195 3601 in
3234 3549 3506 3619 stipendia

1920 3629 2270 3684 servientium
2317 3633 2639 3700 supradicta:
2676 3633 2958 3701 ecclesim,
3009 3646 3175 3692 totam
3215 3638 3502 3696 ecclesiam

1921 3723 1974 3778 iu
2000 3725 2207 3779 honore
2242 3727 2423 3781 mundi
2457 3727 2756 3786 Salvatoris
2787 3742 3158 3789 constructam
3190 3777 3205 3801 ,
3253 3747 3309 3793 et
3336 3753 3509 3808 quan-

1922 3823 2033 3867 tum
2061 3831 2181 3870 sors
2209 3816 2541 3873 liaireditatis
2562 3835 2694 3874 meae
2716 3821 2768 3875 in
2803 3822 2918 3893 ipso
2942 3823 3061 3878 loco
3091 3824 3224 3879 mihi
3249 3826 3504 3896 largitur,

1919 3913 1974 3959 et
2010 3904 2231 3975 insuper
2255 3921 2419 3960 unum
2460 3923 2731 3978 mansum,
2760 3913 2852 3982 qui
2892 3914 3161 3970 excolitur
3182 3931 3212 3970 a
3233 3915 3504 3974 Leotardo

1921 3994 2031 4050 filio
2061 3995 2336 4062 Gerbaldi,
2364 4013 2527 4068 quem
2563 3999 2692 4054 olim
2740 4004 3056 4061 donavimus
3100 4021 3202 4079 ego
3232 4016 3286 4064 et
3325 4017 3504 4064 mater

1918 4099 2038 4138 mea
2085 4095 2141 4140 et
2194 4086 2394 4143 fratres
2441 4088 2547 4143 mei
2591 4104 2694 4158 pro
2750 4093 3026 4161 sepultura
3082 4096 3274 4153 fratris
3321 4098 3501 4153 nostri

1919 4175 2168 4244 llicterii,
2211 4193 2374 4248 quem
2425 4193 2527 4250 ego
2561 4191 2747 4254 postea
2783 4183 2889 4236 emi
2931 4199 2997 4239 ex
3037 4183 3300 4244 fratribus
3339 4189 3508 4259 patri—

1919 4270 2127 4342 busque
2149 4279 2204 4326 et
2234 4272 2468 4329 dominis
2497 4275 2654 4342 meis,
2698 4275 2976 4330 canonicis
3019 4278 3269 4337 videlicet
3308 4282 3508 4338 beatis-

1921 4364 2041 4420 simi
2065 4365 2267 4420 domini
2295 4365 2401 4420 mei
2430 4369 2688 4438 martyris
2708 4367 2926 4433 Juliani,
2955 4378 3010 4424 et
3031 4371 3225 4426 donavi
3252 4373 3307 4427 in
3327 4375 3506 4443 pretio

1919 4455 2121 4511 solidos
2163 4464 2422 4522 centum;
2457 4457 2744 4528 ipsumque
2785 4475 3036 4516 mansum
3073 4464 3323 4520 similiter
3375 4467 3507 4522 cedo

1914 4548 2026 4618 jam
2057 4549 2217 4604 dicta:
2248 4550 2521 4619 ecclesiae,
2549 4569 2658 4608 non
2698 4554 2872 4622 solum
2903 4571 3002 4626 pro
3027 4573 3114 4614 me
3138 4599 3154 4625 ,
3200 4558 3298 4613 sed
3343 4561 3509 4616 etiam

1919 4658 2018 4712 pro
2055 4653 2210 4713 patre
2248 4660 2370 4700 meo
2414 4655 2470 4701 et
2511 4657 2688 4702 matre
2741 4661 2861 4703 mea
2909 4657 2964 4704 et
3012 4650 3276 4704 fratribus
3325 4653 3466 4706 meis
3492 4690 3510 4715 ,

1921 4734 2058 4788 vivis
2102 4744 2267 4804 atque
2289 4735 2584 4804 defunctis,
2626 4747 2680 4792 et
2708 4741 2951 4795 omnium
2991 4749 3276 4810 parentum
3302 4755 3356 4798 et
3384 4743 3515 4797 fide-

1922 4825 2050 4880 lium
2074 4836 2385 4882 nostrorum
2432 4829 2630 4886 salute.
2676 4828 2813 4885 Istas
2860 4845 2949 4885 res
2990 4828 3338 4900 supradictas
3384 4833 3520 4886 cedo

1915 4917 2031 4986 jam
2079 4935 2221 4990 saepe
2269 4921 2430 4977 dictae
2476 4922 2762 4986 ecclesiae,
2803 4937 2870 4976 ea
2924 4921 3148 4977 scilicet
3202 4923 3420 4982 ratione
3467 4928 3528 4971 ιιι

1921 5021 2107 5081 pastor
2128 5013 2297 5082 ipsius
2323 5012 2566 5070 ecclesiae
2587 5053 2602 5078 ,
2635 5013 2868 5068 domnus
2911 5011 3136 5068 scilicet
3178 5009 3330 5067 abba
3360 5011 3527 5066 Maio-

1923 5103 2028 5166 lus,
2071 5104 2312 5170 quandiu
2342 5103 2559 5168 vixerit,
2592 5101 2786 5170 suique
2812 5099 2966 5157 omni
3029 5110 3283 5170 tempore
3318 5112 3511 5157 sucees

1923 5208 2096 5260 sares,
2126 5205 2183 5248 et
2206 5195 2375 5264 ipsius
2403 5194 2649 5250 ecclesiae
2678 5194 2980 5248 servitores
3006 5194 3273 5252 habeant.
3317 5198 3540 5250 teneant

1921 5299 2084 5356 atque
2115 5287 2448 5356 possideant,
2489 5296 2546 5342 et
2585 5287 2736 5358 justo
2778 5285 2976 5342 ordine
3025 5283 3302 5356 quidquid
3359 5287 3544 5343 facere
