4116 5358
578 207 684 276 835

1529 227 1584 283 s.
1627 226 1942 286 001L0le
1979 224 2474 288 CLUXIACENSIS
2512 202 2803 289 mnis
2839 212 2878 289 v

3728 239 3832 294 836

577 348 681 406 ego
707 333 824 405 ipse
849 332 1146 401 videlicet,’
1168 345 1377 394 mutata
1410 338 1689 399 voluntate
1708 383 1725 410 ,
1769 352 1865 399 aut
1909 342 2051 401 ullus
2087 358 2155 400 ex
2182 349 2234 410 Α
2260 344 2496 414 quodam
2524 346 2729 414 proprii
2751 344 2893 414 juris
2929 344 3256 415 monticulo,
3287 346 3379 418 qui
3402 348 3559 404 Volta
3585 360 3829 416 voeazur,

576 426 885 483 haeredibus
928 426 1068 483 meis
1087 468 1103 493 ,
1137 429 1253 485 sive
1281 431 1388 486 ulla
1413 433 1614 491 emissa
1637 443 1733 492 aut
1753 446 1945 494 contra
1973 434 2150 508 posita

574 531 809 587 persona
835 556 851 583 ,
896 533 1017 589 quae
1055 528 1244 576 contra
1288 522 1595 594 hujusmOdi
1645 528 1951 584 chartulam
1986 528 2149 585 ullam

570 610 897 666 calumniam
949 612 1252 683 inquietare
1302 621 1742 690 praesumpserit,
1797 622 1938 677 iram
1976 624 2150 678 omni-

567 701 803 772 potentis
829 701 923 757 Dei
949 703 1195 759 incurrat
1231 714 1285 761 ct
1323 717 1633 765 sanctorum
1658 709 1942 774 offensam,
1970 721 2025 768 et
2063 714 2150 769 in-

566 805 733 862 super
767 792 855 846 cui
887 792 1035 848 litem
1073 794 1338 861 intulerit,
1369 799 1486 853 auri
1527 799 1695 857 libras
1740 817 1773 856 x
1800 812 2022 858 coaetus
2051 818 2146 858 ex-

565 884 779 950 solvat,
830 894 887 941 et
933 888 1147 956 argenti
1197 891 1433 958 pondera
1491 893 1734 949 totidem.
1794 894 1863 949 Et
1919 904 1979 949 ut
2029 895 2144 951 htec

562 973 809 1028 chartula
838 974 1133 1030 ﬁrmiorem
1179 982 1275 1046 per
1320 981 1667 1036 succedentia
1718 991 1960 1052 tempora
2002 984 2141 1040 obti-

564 1075 688 1121 neat
715 1066 979 1135 vigorem,
1009 1084 1173 1123 manu
1201 1072 1421 1140 propria
1447 1074 1636 1128 subter
1663 1089 1785 1129 eam
1813 1075 2049 1142 firmavi,
2084 1084 2141 1131 et

559 1168 620 1215 ut
651 1159 879 1215 aliorum
919 1161 1160 1217 virorum
1216 1163 1468 1219 inanibus
1503 1165 1852 1222 roboraretur
1895 1168 2131 1223 decrevi;

561 1252 787 1325 Signum
815 1254 1080 1320 0dilonis,
1120 1256 1216 1326 qui
1265 1257 1513 1312 chartam
1557 1258 1717 1314 istam
1766 1260 2007 1316 seribere
2049 1277 2136 1318 ro-

558 1347 723 1417 gavit.
791 1346 1016 1419 Signum
1069 1347 1403 1404 Girberianae
1459 1350 1649 1405 matris
1697 1350 1833 1420 ejus.
1903 1353 2131 1425 Signum

558 1438 845 1510 Stephani,
861 1449 916 1495 et
936 1438 1150 1504 Ebonis,
1182 1448 1237 1495 et
1260 1439 1497 1508 Beraldi,
1514 1450 1568 1496 et
1584 1440 1870 1498 Bertrauui
1901 1443 2131 1500 fratrum

557 1527 694 1597 ejus.
723 1529 950 1601 Signum
979 1531 1225 1600 Beraldi,
1273 1531 1532 1600 Rothert,
1571 1532 1827 1602 Gozfret,
1872 1535 2085 1592 Warini
2111 1580 2126 1604 ,

556 1618 838 1686 Bernardi,
881 1619 1107 1688 Mironi,
1158 1620 1452 1692 Gualterii,
1503 1624 1813 1694 Guitberti,
1864 1628 1954 1698 qui
1990 1631 2129 1687 hanc

553 1709 797 1767 chartam
826 1712 1062 1784 Scripsit.
1109 1731 1129 1766 ι

623 1803 676 1857 7.
716 1802 902 1858 Altera
947 1803 1174 1870 charta,
1237 1812 1359 1874 quae
1415 1804 1637 1876 majoris
1682 1816 1767 1864 e'St
1822 1812 2123 1877 momenti,

548 1903 737 1963 utpote
773 1909 892 1964 qua:
922 1895 1237 1951 monasterii
1260 1897 1430 1953 Voltte
1452 1896 1825 1956 fundationem
1852 1903 2121 1970 continet,

549 1985 677 2040 data
703 1994 787 2042 est
811 2001 955 2042 anno
981 1984 1142 2052 1025,
1173 1986 1227 2042 in
1250 2003 1358 2058 qua
1380 2004 1488 2045 non
1519 1991 1693 2046 solum
1711 1991 2124 2050 beatiOdilonis

510 2088 515 2092 ‘
546 2076 768 2142 fratres,
800 2077 895 2133 sed
923 2076 1087 2133 etiam
1120 2079 1368 2150 plerique
1408 2097 1474 2137 ex
1505 2083 1584 2139 eis
1615 2095 1841 2155 nepotes
1880 2087 1995 2142 nati
2038 2104 2123 2142 re—

545 2178 858 2224 censentur.
883 2170 1063 2238 Quare
1088 2186 1209 2227 eam
1235 2173 1341 2231 huc
1361 2175 1626 2248 integram
1654 2218 1667 2243 ,
1731 2179 1831 2235 etsi
1862 2180 2120 2250 prolixio-

544 2275 684 2326 rem,
717 2258 965 2330 proferre
987 2278 1093 2318 non
1120 2262 1522 2333 dubitavimus,
1569 2284 1637 2325 ex
1672 2272 1952 2327 chartario
1995 2273 2121 2327 Clu-

543 2351 784 2408 niacensi
816 2353 1180 2425 descriptam:
1215 2375 1235 2411 ε
1276 2359 1359 2414 Ab
1381 2362 1635 2419 omnibus
1679 2362 1927 2421 fidelibus
1972 2375 2120 2422 recte

544 2458 783 2516 saneque
831 2446 1170 2518 sapientibus
1199 2450 1332 2506 utile
1370 2451 1650 2521 judicatur
1692 2468 1747 2512 et
1796 2472 2116 2529 congruum,

540 2544 602 2589 ut
638 2538 889 2594 universa
920 2539 1138 2611 negotia
1165 2557 1285 2612 qua:
1311 2544 1376 2598 ad
1412 2545 1508 2601 Dei
1536 2548 1738 2604 cultum
1763 2560 1818 2606 et
1843 2554 1910 2608 ad
1936 2554 2117 2610 iucres

539 2636 779 2683 mentum
835 2629 1116 2701 dignitatis
1157 2634 1542 2695 ecclesiastica:
1592 2641 1986 2711 disponuntur,
2047 2649 2116 2704 ab

540 2720 672 2790 ipsis
691 2722 806 2777 suis
832 2724 1148 2781 auctoribus
1192 2732 1493 2797 posteritati
1531 2732 1768 2789 fidelium
1816 2740 2115 2795 testamen-

539 2810 609 2865 tis
635 2810 894 2881 legalibus
936 2824 992 2870 et
1040 2815 1238 2874 litteris
1290 2825 1754 2881 commendentur.
1795 2827 1909 2885 Hac
1951 2830 2117 2901 igitur

538 2904 861 2962 auctoritate
912 2912 1301 2980 prtemonitus,
1354 2931 1455 2985 ego
1503 2919 1555 2972 in
1608 2919 1704 2974 Dei
1729 2923 1947 2977 nomine
1991 2925 2116 2981 Clu-

537 2992 810 3051 niacensis
851 3002 1166 3055 monasterii
1199 3007 1497 3063 monachus
1527 3016 1581 3063 et
1620 3012 1907 3083 presbyter
1934 3013 2109 3084 Odiio,

2253 448 2320 490 eo
2369 436 2533 504 quod
2565 436 3052 505 prazterlluentibus
3107 441 3267 510 aquis
3315 439 3530 511 Hylaris
3592 442 3833 499 fluminis

2250 523 2519 597 (I'Allier)
2567 528 2810 596 partibus
2839 544 2904 584 ex
2954 530 3128 587 tribus
3161 531 3528 602 concluditur;
3549 542 3637 601 et,
3670 542 3731 588 ut
3759 534 3831 593 ia

2249 615 2457 677 dicam,
2503 617 2660 686 quasi
2701 617 2956 673 sinualim
3004 620 3316 677 involviur.
3375 622 3506 679 Post
3551 632 3830 694 peractam

2246 718 2379 759 vero
2401 706 2732 777 aliquantam
2763 715 2971 779 partem
3002 711 3246 775 trdiﬂcii,
3275 728 3401 767 cum
3430 714 3665 770 consilio
3698 714 3830 771 fide-

2245 795 2378 851 lium
2424 798 2728 852 vicinorum
2765 802 3106 856 decrevimus
3148 803 3201 855 in
3244 803 3357 873 ipso
3390 804 3623 860 mdificio
3644 814 3832 860 orato-

2244 884 2383 939 rium
2438 887 2747 941 consecrari
2797 898 2824 941 a
2880 889 3079 944 dotnno
3135 889 3408 961 Stephano
3456 892 3833 949 Arvernorum

2244 976 2501 1045 episcopo
2532 978 2849 1044 venerabili,
2875 979 3017 1049 quod
3046 979 3249 1036 factum
3279 992 3363 1037 est
3390 998 3523 1038 xvttt
3553 984 3831 1042 Kalendas

2241 1064 2493 1141 Octobris
2513 1065 2568 1119 in
2592 1066 2921 1124 exultatione
2944 1064 3237 1125 Dominica:
3265 1072 3463 1137 crucis,
3490 1081 3546 1127 et
3568 1074 3826 1143 passione

2236 1155 2382 1211 beati
2406 1157 2644 1213 Cornelii
2669 1176 2852 1230 papae,
2880 1171 2935 1216 et
2956 1164 3255 1221 beatissimi
3281 1164 3538 1238 Cypriani
3570 1168 3828 1224 victorio-

2236 1246 2441 1302 sissimi
2480 1251 2759 1321 martyris.
2795 1251 2853 1306 ln
2892 1252 3062 1324 ipsius
3094 1270 3330 1326 namque
3372 1259 3601 1314 oratorii
3631 1274 3827 1315 conse-

2236 1338 2500 1394 crationis
2533 1340 2654 1405 die,
2699 1357 2798 1412 ego
2840 1344 2895 1397 in
2927 1344 3121 1413 primis
3147 1345 3319 1401 frater
3349 1345 3527 1416 0dilo,
3562 1365 3674 1405 una
3701 1366 3845 1406 cum-

2232 1430 2518 1497 nepotibus
2548 1431 2683 1487 meis
2705 1473 2719 1499 ,
2750 1433 2877 1489 ﬁliis
2923 1433 3153 1491 fratrum
3192 1452 3434 1493 meorum
3471 1446 3532 1495 et
3566 1454 3822 1496 sororum

2233 1535 2474 1576 mearum
2493 1560 2508 1588 ,
2537 1523 2735 1578 domno
2772 1525 3023 1582 videlicet
3054 1527 3333 1598 Stephano
3374 1530 3689 1588 Aniciensis
3714 1532 3819 1588 Ec-

2231 1611 2409 1667 clesim
2439 1616 2763 1685 prreposito,
2802 1627 2858 1672 et
2885 1617 2998 1686 ejus
3038 1619 3210 1677 fratre
3236 1621 3501 1690 Beraldo,
3528 1631 3588 1679 et
3620 1624 3823 1681 domno

2157 1719 2201 1777 Β
2234 1702 2540 1772 Hildegario
2569 1707 2893 1777 supradicta:
2925 1709 3185 1766 Ecclesiae
3218 1710 3421 1769 clerico
3446 1720 3503 1767 et
3525 1714 3820 1784 canonico,

2229 1794 2459 1849 Beraldo
2491 1812 2706 1866 quoque
2743 1801 3040 1870 supradicti
3084 1800 3274 1859 fratris
3310 1803 3415 1859 mei
3444 1803 3655 1861 Ebonis
3686 1805 3816 1872 tilio,

2232 1882 2503 1941 Willelmo
2529 1888 2692 1942 etiam
2719 1888 2828 1944 ﬁlio
2862 1892 3136 1960 quondam
3177 1892 3364 1951 fratris
3400 1894 3509 1950 mei
3549 1894 3817 1952 Willelmi

2225 1975 2593 2031 honestissimi
2632 1978 2764 2048 viri,
2813 1989 2869 2035 et
2911 1982 3035 2038 filiis
3086 1982 3239 2053 ejus;
3283 1982 3516 2040 Geraldo
3544 1987 3720 2042 etiam
3763 1995 3820 2043 et

2226 2061 2523 2131 Botberto‘,
2557 2066 2818 2135 Beraldo,
2849 2070 3077 2128 0dilone
3096 2113 3111 2138 ,
3140 2082 3194 2128 et
3224 2074 3497 2142 llictcrio,
3528 2092 3660 2131 cum
3689 2091 3817 2132 con-

2223 2155 2345 2211 silio
2373 2172 2625 2212 sororqu
2659 2170 2987 2230 nostrarum,
3006 2165 3238 2221 domina:
3261 2166 3510 2223 videlicet
3523 2167 3815 2224 Blismodis

2221 2247 2884 2318 venerabilis-abbatissa,
2924 2263 2979 2309 et
2999 2255 3336 2326 .Aldegardis
3361 2259 3672 2314 secundum
3706 2272 3811 2314 sa:-

2222 2337 2399 2393 culnm
2428 2340 2775 2398 nobilissima:
2813 2353 3104 2410 matronae,
3135 2362 3326 2403 omnes
3361 2349 3527 2403 simul
3551 2350 3663 2405 Deo
3688 2365 3811 2406 om-

2219 2430 2515 2501 nipotenti,
2559 2434 2681 2488 vivo
2715 2442 2770 2490 et
2802 2451 2966 2503 vero,
3008 2437 3443 2495 incummutabili
3483 2449 3540 2496 et
3567 2451 3808 2508 aeterno,

2220 2523 2579 2578 sanctissimae
2606 2534 2662 2580 et
2684 2526 2973 2583 individuae
3000 2527 3250 2584 Trinitati
3273 2571 3288 2596 ,
3319 2529 3469 2585 Patri
3509 2541 3568 2587 et
3590 2531 3733 2587 Filio
3752 2540 3811 2589 et

2220 2611 2443 2682 Spiritui
2463 2625 2674 2682 sancto,
2691 2626 2745 2672 et
2765 2617 3092 2673 beatissima:
3110 2618 3371 2676 Geuitrici
3399 2622 3491 2676 Dei
3509 2631 3568 2677 et
3592 2623 3807 2680 Domini

2217 2705 2387 2764 nostri
2428 2719 2750 2775 semperque
2780 2707 2985 2779 Virgini
3029 2709 3241 2776 Maria),
3279 2721 3335 2766 et
3360 2712 3573 2768 sanctis
3599 2715 3809 2785 angelis

2218 2800 2273 2849 et
2301 2790 2663 2864 archan’gelis,
2703 2808 2760 2851 et
2807 2797 3059 2853 omnibus
3107 2799 3340 2855 caelestis
3373 2799 3562 2872 gloria:
3595 2803 3807 2860 civibus

2217 2885 2548 2955 patriarchis
2581 2896 2635 2941 et
2671 2889 2986 2959 prophetis,
3016 2900 3073 2946 et
3110 2890 3326 2949 dilectis
3365 2893 3583 2950 Domini
3608 2895 3806 2952 Joanni

2215 2977 2476 3048 Baptista:
2504 2987 2559 3034 et
2588 2978 2786 3036 Joanni
2823 2983 3202 3055 evangelistte,
3231 2994 3289 3041 et
3328 2986 3504 3044 beatis
3545 2990 3806 3059 apostolis

538 3081 713 3152 hujus
736 3085 972 3156 regionis
1000 3097 1055 3142 et
1084 3093 1276 3158 patriae
1309 3094 1547 3152 advenas
1574 3065 1805 3157 etcives
1851 3065 1966 3172 per.
2140 3086 2185 3148 (ἶ
2217 3065 2380 3170 ΡΫΨὉ
2402 3078 2457 3168 in
2500 3068 2698 3172 Paulo}
2739 3070 3359 3172 w‘e'isq“ﬁl"1’°s‘°"s_
3398 3088 3454 3134 et
3485 3080 3806 3172 aposuiﬁc‘s

535 3171 782 3228 cedentia
815 3183 1116 3246 temporum
1145 3180 1288 3235 scire
1318 3183 1440 3239 volo
1470 3194 1525 3240 et
1547 3187 1816 3258 desidero,
1853 3171 2112 3262 quoniam

535 3260 734 3319 fratres
758 3266 864 3320 mei
907 3267 1063 3334 mihi,
1091 3270 1449 3343 omnibusque
1499 3278 1702 3334 nostris
1747 3260 1939 3338 amicis
1986 3286 2111 3340 illu-

533 3356 817 3414 strissimae
847 3358 1276 3435 dulcissimaeque
1312 3371 1589 3426 memoriae
1612 3411 1628 3437 ,
1672 3371 1931 3431 Beraldus
1981 3379 2114 3433 Ani-

534 3448 737 3506 ciensis
781 3451 1039 3511 Ecclesiae
1096 3461 1418 3529 praepositus
1448 3504 1463 3529 ,
1519 3472 1576 3518 et
1629 3464 2002 3535 Bertrannus,
2056 3481 2113 3527 et

531 3542 761 3601 domnus
786 3545 1093 3619 Stephanus
1142 3552 1474 3613 honorabilis
1519 3559 1723 3625 senior,
1751 3570 1807 3617 et
1834 3563 1935 3622 vir,
1957 3566 2110 3621 home

530 3633 898 3725 simplicitatis
927 3641 1063 3709 Ebo,
1091 3643 1144 3698 iu
1175 3649 1407 3715 quodam
1435 3665 1530 3705 suo
1560 3651 1817 3721 prazdiolo
1840 3656 1955 3725 pari
1985 3669 2110 3714 voto

474 3784 477 3791 ν
538 3724 770 3793 parique
804 3726 1078 3786 desiderio
1116 3734 1471 3792 decreverunt
1499 3750 1816 3799 construere
1838 3724 2109 3803 monaste-

527 3814 743 3885 riolum,
774 3828 831 3873 et
885 3825 1183 3879 secundum
1235 3843 1347 3883 suae
1394 3833 1775 3900 possibilitatis
1824 3839 2105 3907 modulum

525 3906 595 3961 ad
624 3906 719 3963 Dei
768 3910 1025 3970 ordinare
1070 3919 1394 3976 servitium:
1427 3923 1523 3979 sed
1576 3927 1795 3995 quidam
1848 3928 2103 4003 illorum,

522 3996 661 4068 proh
724 3998 919 4059 dolor!
981 4008 1347 4066 acerbissimis
1411 4016 1626 4072 casibus
1683 4029 1738 4075 et
1791 3996 2105 4083 infortuniis

523 4089 800 4161 impediti,
853 4098 1073 4167 quidam
1134 4117 1263 4159 vero
1318 4114 1530 4165 naturae
1585 4123 1733 4170 sorte
1794 4121 2101 4190 praeventi,

523 4195 630 4277 non
660 4194 957 4254 potuerunt
979 4189 1220 4262 incipere
1246 4198 1388 4266 quod
1412 4199 1795 4261 desiderabant
1819 4189 2100 4277 perlicere.

518 4270 653 4328 Post
684 4284 915 4333 mortem
949 4296 1079 4337 vero
1112 4284 1327 4343 illorum
1366 4304 1738 4353 convenerunt
1764 4270 1976 4358 mecum
2007 4305 2102 4363 filii

519 4372 888 4464 eorumhcum
929 4370 1051 4427 aliis
1080 4377 1363 4446 nepotibus
1396 4384 1534 4441 meis
1562 4395 1618 4442 et
1658 4395 2098 4464 consanguineis,

516 4459 573 4503 et
590 4450 837 4557 plpribus
858 4461 971 4516 suis
998 4461 1286 4524 fidelibus:
1322 4486 1605 4544 coeperunt
1638 4481 1804 4537 etiam
1842 4450 2102 4557 conqueri

517 4540 661 4609 quod
675 4557 774 4613 pro
794 4551 1108 4610 excessibus
1128 4562 1556 4630 supradictorum
1576 4568 1806 4629 fratrum
1830 4540 2094 4652 meorum,

514 4640 733 4733 patrum
779 4646 839 4733 et
873 4653 1158 4709 parentum
1195 4660 1252 4705 et
1296 4655 1574 4714 seniorum
1623 4676 1878 4733 suorum,
1915 4640 2100 4728 essent

516 4722 726 4819 acturi,
752 4726 839 4782 vel
866 4728 911 4784 si
947 4730 1162 4803 aliquod
1200 4753 1477 4808 possemus
1519 4748 1763 4810 invenire
1810 4722 2096 4819 consilium

515 4814 662 4909 quod
705 4816 786 4873 eis
830 4833 859 4874 a
895 4820 1125 4882 DOmino
1166 4842 1450 4900 praestaret
1489 4839 1724 4899 salutare
1770 4814 2091 4909 remedium:

513 4903 668 4972 Quod
714 4911 920 4970 nullum
951 4917 1097 4976 aliud
1126 4926 1398 4991 potuimus
1429 4931 1672 4994 invenire
1710 4903 2096 5005 salubriusvvel

513 5005 964 5071 consequentius,
992 5011 1095 5066 nisi
1125 5025 1183 5069 ut
1218 5017 1349 5075 illud
1384 5022 1560 5094 ipsum
1595 5032 1935 5092 studeremus
1960 5037 2096 5095 inci-

2215 3158 2375 3223 viris,
2403 3159 2784 3217 innocentibus
2818 3173 2873 3218 et
2903 3166 3154 3222 omnibus
3188 3169 3395 3223 sanctis
3425 3170 3765 3243 martyribus
3786 3212 3803 3239 ,

2216 3251 2648 3320 confessoribus,
2677 3257 2733 3309 et
2755 3256 3054 3327 virginibus
3072 3298 3086 3325 ,
3116 3258 3397 3316 offerimus
3419 3264 3689 3331 quasdam
3716 3278 3807 3321 res

2215 3356 2356 3411 quas
2385 3353 2641 3412 parentes
2670 3346 2839 3400 nostri
2867 3347 2992 3415 jure
3024 3348 3370 3406 licereditario
3399 3353 3766 3422 possederunt
3787 3395 3804 3421 ,

2212 3434 2473 3502 quasdam
2514 3450 2652 3504 quas
2691 3452 2721 3490 a
2754 3440 2868 3492 suis
2897 3438 3294 3498 honestissimis
3324 3444 3639 3502 senioribus
3682 3456 3804 3503 stu-

2212 3524 2521 3580 diosissimo
2564 3527 2840 3585 lidclitatis
2879 3531 3142 3603 obsequio
3179 3535 3617 3605 acquisiverunt.
3664 3538 3805 3595 Sunt

2211 3625 2389 3670 autem
2408 3616 2536 3687 ipsa:
2561 3633 2649 3673 res
2670 3619 2724 3672 in
2748 3621 3007 3676 comitatu
3020 3630 3073 3677 et
3090 3623 3403 3696 episcopatu
3429 3626 3800 3684 Arveruensi:

2208 3708 2264 3763 in
2305 3710 2496 3777 primis
2540 3715 2892 3782 supradictus
2933 3720 3289 3789 monticulus,
3339 3731 3403 3778 ut
3428 3722 3642 3779 dictum
3682 3738 3803 3792 est,

2207 3800 2331 3855 sinu
2358 3802 2472 3872 jam
2497 3804 2625 3860 dieti
2656 3805 2896 3864 ﬂuminis
2920 3811 3221 3880 involutus,
3256 3822 3311 3870 et
3335 3802 3567 3872 ecclesia
3596 3833 3664 3874 ex
3692 3819 3801 3875 alia

2207 3903 2362 3961 parte
2390 3893 2628 3951 fluminis
2660 3897 2714 3951 in
2744 3899 2951 3957 honore
2975 3903 3148 3960 sancti
3172 3907 3437 3978 martyris
3462 3907 3644 3980 Cyrici
3671 3926 3802 3966 con.

2206 3994 2453 4050 secrata;
2502 3986 2682 4042 villula
2728 3991 2892 4046 etiam
2939 3994 3114 4050 eidem
3171 3994 3290 4053 loco
3345 4000 3631 4079 proxima,
3676 4020 3797 4073 qua:

2204 4086 2431 4129 vocatur
2456 4075 2819 4151 Forsanguis,
2861 4092 2916 4139 et
2944 4100 3082 4141 unus
3125 4103 3346 4145 mansus
3385 4086 3564 4147 eidem
3592 4075 3796 4151 villula:

2203 4167 2508 4239 c0ntiguus,
2535 4172 2627 4242 qui
2660 4184 2884 4231 vocatur
2908 4177 3131 4247 Plania;
3161 4178 3394 4237 ecclesia
3422 4199 3553 4241 vero
3575 4185 3633 4243 in
3666 4189 3795 4244 villa

2205 4258 2530 4327 Saraziaco,
2574 4272 2630 4318 et
2667 4266 2847 4322 omnis
2880 4267 2997 4339 ipsa
3044 4269 3204 4339 villa,
3256 4283 3479 4344 excepta
3524 4275 3617 4333 illa
3640 4290 3795 4351 parte

2204 4364 2327 4419 qum
2354 4351 2409 4406 in
2427 4363 2574 4408 sorte
2599 4357 2894 4427 supradicti
2912 4356 3172 4417 Willelmi
3192 4366 3405 4434 nepotis
3424 4369 3598 4422 nostri
3624 4373 3791 4426 venit.

2129 4452 2182 4513 ι)
2208 4440 2304 4498 Est
2328 4451 2386 4497 et
2417 4443 2522 4498 alia
2548 4444 2676 4501 villa
2711 4451 3034 4521 supradictae
3070 4455 3315 4512 ecclesia:
3338 4458 3626 4529 proxima,
3674 4479 3793 4535 qua:

2204 4532 2526 4593 diminutivo
2545 4539 2767 4596 nomine
2796 4538 3192 4604 Saraziacellus
3208 4562 3447 4607 vocatur.
3472 4551 3628 4611 Hanc
3647 4532 3791 4612 enim

2200 4624 2439 4681 villulam
2482 4636 2538 4682 et
2565 4631 2935 4700 supradictum
2964 4636 3178 4706 villare,
3211 4642 3352 4710 quod
3387 4654 3616 4700 vocatur
3651 4646 3790 4703 For-

2200 4717 2450 4787 sanguis,
2500 4718 2731 4777 domnus
2761 4732 2817 4777 et
2859 4711 3216 4786 charissimus
3259 4728 3430 4787 frater
3469 4749 3625 4790 meus
3669 4736 3795 4792 Ste-

2200 4806 2416 4874 phanus
2468 4824 2568 4879 per
2610 4812 2860 4868 chartam
2912 4817 3244 4888 donationis,
3293 4824 3362 4878 ad
3391 4824 3787 4893 perﬁciendum

2199 4912 2336 4967 opus
2381 4901 2525 4969 quod
2572 4916 2684 4972 pra:
2734 4908 2985 4965 manibus
3032 4920 3276 4981 tenetur,
3317 4917 3472 4974 vivus
3516 4920 3696 4978 adhuc
3732 4933 3791 4977 et

2197 5001 2384 5058 sospes
2414 4993 2673 5061 contulit,
2710 5005 2766 5050 et
2807 5012 2870 5052 ex
2917 5000 3018 5056 hac
3061 5002 3168 5058 vita
3201 5005 3492 5064 discedens
3536 5010 3783 5083 reliquit.

2197 5076 2289 5100 τι..
2323 5088 2367 5100 ,ι
2406 5080 2495 5100 -1’μ
2528 5097 2537 5100 -
2570 5085 2620 5100 ιιι
2684 5086 2695 5097 ο
2734 5078 2739 5082 “
2780 5089 2791 5099 ι
3067 5092 3079 5100 .
3344 5098 3347 5099 ,
