4116 5358
240 286 338 342 857

1684 286 2012 344 ELOGIUM.

3392 282 3497 343 858

237 400 335 456 visi
367 408 498 455 sunt
519 399 749 463 habere,
779 409 944 452 totam
973 414 1038 452 ex
1075 409 1318 469 Integro;
1351 407 1407 455 et
1441 399 1492 455 in
1522 399 1814 470 Capilliaeo
1842 409 1888 466 Α
1919 415 2062 455 anno
2098 400 2168 455 ab
2214 400 2592 457 incarnatione
2647 399 2859 455 Domini
2904 398 3193 456 millesimo
3236 397 3496 456 vicesimo

237 496 338 550 hoc
365 495 509 563 quod
541 494 771 550 domnus
796 493 1126 547 Dertrannus
1158 494 1356 548 habere
1385 495 1532 550 visus
1553 505 1656 548 est.
1691 495 1815 549 llzec

235 588 416 640 omnia
451 599 616 653 supra
644 585 848 652 scripta
875 600 998 639 cum
1045 585 1300 638 omnibus
1328 586 1489 640 rebus
1514 586 1581 639 ad
1612 601 1670 639 se
1698 601 1817 655 per-

235 673 536 730 tinentibus
563 674 862 740 offerimus,
899 683 958 728 ut
988 675 1361 744 supradictum
1392 686 1500 740 est,
1530 676 1658 741 Deo,
1697 692 1817 730 om-

233 768 394 824 nibus
443 767 650 822 sanctis
695 765 810 836 ejus
861 783 962 836 pro
1013 767 1337 823 liberatione
1395 777 1450 823 et
1499 772 1813 838 ereptione,

233 858 414 912 salute
471 866 527 910 et
573 856 763 925 requie
811 856 1245 926 supradictorum
1272 858 1510 911 virorum
1560 858 1770 911 Ben-aldi
1799 897 1814 921 ,

231 945 561 1010 Bertranni,
602 945 804 999 Ebonis
855 931 1253 1015 ct'Stephani,
1292 961 1391 1015 pro
1439 947 1638 1015 quibus
1701 948 1815 1002 lucc

232 1036 439 1090 oblatio
485 1036 789 1107 specialiter
831 1035 924 1101 ﬁt,
958 1045 1012 1090 et
1047 1036 1273 1090 aliorum
1321 1036 1549 1090 fratrum
1595 1052 1814 1091 suorum

234 1129 460 1183 Hicterii
485 1167 500 1194 ,
533 1127 802 1199 Eustorgii
822 1168 836 1192 ,
867 1127 1124 1182 Willelmi
1149 1139 1202 1182 et
1240 1127 1494 1194 llicterii,
1525 1144 1622 1198 pro
1645 1127 1818 1182 salute

230 1235 451 1289 quoque
507 1219 676 1288 patris
725 1233 918 1273 eorum
971 1217 1213 1283 Beraldi,
1270 1227 1323 1273 et
1379 1216 1496 1286 ejus
1556 1217 1817 1286 genitoris

233 1312 508 1376 Hicterii,
564 1311 1062 1367 illustrissimorum
1113 1313 1400 1376 virorum,
1465 1313 1817 1380 omniumque

233 1411 524 1470 parentum
546 1440 562 1467 ,
591 1401 1116 1471 consanguineorum
1158 1409 1212 1454 et
1242 1400 1476 1455 ﬁdelium
1501 1401 1739 1469 ipsorum
1762 1408 1818 1454 et

234 1501 570 1559 nostrorum,
599 1501 710 1546 tam
729 1492 974 1547 vivorum
998 1507 1160 1561 quam
1181 1491 1582 1556 defunctorum,
1616 1492 1817 1546 utrius-

233 1599 339 1654 que
385 1599 574 1651 sexus,
610 1584 788 1639 :etatis
816 1593 871 1640 et
907 1584 1144 1649 ordinis,
1188 1593 1243 1638 et
1275 1599 1463 1638 eorum
1491 1584 1582 1652 qui
1620 1584 1684 1637 ad
1716 1585 1816 1638 hoc

233 1691 369 1747 opus
397 1676 786 1747 perﬁciendum
812 1683 868 1732 et
899 1676 1309 1732 custodiendum
1347 1684 1402 1730 et
1435 1675 1814 1730 stabiliendum

1917 491 2128 561 quinto.
2171 509 2190 543 ι

2023 580 2110 634 lll.
2153 578 2308 634 Odilo
2343 581 2403 649 ﬁt
2436 581 2720 636 monachus
2750 581 3018 646 Cluniaci,
3059 591 3169 634 tum
3203 582 3384 637 abbas.

1985 670 2037 724 8.
2084 668 2259 734 Odilo,
2317 679 2377 724 ut
2424 670 2662 740 loquitur
2711 670 3020 738 Jotsaldus,
3069 680 3182 740 post
3227 670 3493 742 despectas

1917 757 2246 813 Brivatcuses
2273 771 2320 813 c!
2345 762 2645 815 Anicianae:
2667 778 2836 827 arces,
2861 762 3003 830 quod
3027 761 3079 815 in
3106 773 3333 832 utraque
3361 764 3493 816 urbe

1918 860 2012 903 aut
2040 851 2272 905 ecclesia
2303 852 2596 921 dignitates
2624 853 2924 922 pt‘mcipuas
2961 853 3074 908 sive
3103 853 3216 923 ipse
3258 854 3372 908 sive
3399 854 3492 907 alii

1917 957 1982 995 ex
2014 940 2132 1008 ejus
2161 941 2362 995 familia
2402 943 2733 1008 obtinerent,
2758 943 3072 997 Cluniacnm
3111 945 3350 1008 secessit,
3379 962 3493 996 mu-

1916 1034 2214 1087 nastcrium
2251 1035 2542 1088 sanctitate
2581 1043 2636 1089 et
2682 1034 2960 1104 religionis
3002 1035 3142 1088 fama
3185 1051 3281 1106 per
3323 1044 3493 1090 totam

1917 1125 2102 1179 orbem
2133 1126 2545 1181 celeberrimum
2567 1166 2581 1191 ,
2611 1127 2702 1180 ubi
2748 1142 2778 1180 a
2819 1128 2974 1182 beato
3002 1127 3226 1192 Maiolo,
3260 1131 3494 1183 sanctis-

1920 1212 2058 1266 simo
2088 1215 2316 1280 abbate,
2356 1216 2443 1270 cui
2472 1216 2586 1286 jam
2618 1215 2786 1286 probe
2825 1227 2982 1271 notus
3015 1226 3162 1282 erat,
3193 1221 3491 1273 monastica

1919 1311 2068 1357 veste
2121 1303 2355 1360 donatus
2387 1315 2489 1361 cst.
2543 1306 2599 1361 ld
2644 1321 2788 1362 anno
2831 1307 2929 1362 991
2981 1309 3273 1378 contigisse
3324 1312 3493 1366 tradit

1918 1392 2070 1463 Hugo
2099 1394 2524 1453 Flaviniacensis
2549 1397 2714 1452 abbas
2744 1398 2796 1452 in
2828 1398 3097 1454 Chronico
3133 1399 3454 1454 Virdunensi
3475 1443 3490 1464 ,

1916 1488 2002 1541 cui
2036 1487 2353 1556 astipulalur
2372 1489 2677 1544 Chronicon
2707 1490 3078 1556 Cluniacense,
3104 1507 3134 1545 a
3157 1501 3341 1550 nostro
3371 1493 3492 1548 Ste-

1917 1579 2174 1648 pltanotio
2205 1569 2270 1633 ex
2307 1578 2546 1648 ejusdem
2578 1583 2897 1636 monasterii
2925 1584 3196 1638 veteribus
3224 1586 3497 1640 membra-

1918 1669 2002 1722 nis
2030 1669 2380 1739 descriptum.
2412 1671 2524 1725 Hoc
2546 1680 2723 1726 tamen
2757 1689 2916 1728 nemo
2950 1674 3052 1728 sibi
3091 1674 3250 1730 facile
3274 1691 3498 1746 persua-

234 1783 380 1824 nunc
409 1768 696 1824 consilium
723 1777 784 1824 et
817 1766 1145 1837 adjutorium
1175 1776 1455 1837 praestant,
1494 1776 1549 1822 et
1573 1785 1667 1837 per
1687 1784 1814 1822 suc-

1919 1757 2083 1822 debit,
2113 1759 2160 1812 si
2195 1775 2380 1812 verum
2411 1760 2482 1814 sit
2508 1760 2787 1815 Odilonem
2817 1763 2919 1817 hoc
2951 1762 3068 1832 ipso
3096 1779 3241 1818 anno
3262 1805 3277 1830 ,
3313 1767 3388 1820 uti
3425 1782 3492 1819 ex

234 1862 489 1916 cedentia
527 1871 769 1932 tempora
814 1860 1186 1931 praestiterint,
1213 1869 1268 1914 et
1296 1860 1538 1914 omnium
1574 1859 1810 1914 fidelium

233 1953 700 2019 Christianorum,
754 1961 814 2007 ut
860 1950 1254 2016 misericordia,
1300 1951 1472 2020 pietas
1524 1961 1578 2006 et
1637 1953 1812 2022 gratia

235 2044 449 2099 Domini
475 2060 619 2100 nunc
634 2053 689 2101 et
711 2045 766 2099 in
789 2043 970 2100 futuro
991 2043 1231 2099 omnium
1256 2043 1468 2098 illorum
1491 2043 1813 2098 misereatur

233 2144 287 2191 et
315 2135 518 2202 nostri,
565 2135 931 2206 supradictum
981 2133 1182 2200 locum,
1251 2142 1307 2188 et
1337 2136 1518 2188 omnia
1581 2150 1700 2203 quae
1744 2134 1812 2189 ad

234 2227 412 2298 ipsum
466 2227 646 2282 locum
689 2227 964 2297 pertinere
1009 2224 1293 2290 videntur,
1336 2233 1394 2279 et
1435 2224 1686 2293 deinceps
1717 2241 1812 2294 per

235 2327 426 2374 cuncta
463 2319 641 2389 spatia
693 2317 1100 2374 succedentium
1146 2327 1448 2386 temporum
1498 2333 1527 2371 a
1565 2317 1812 2373 ﬁdelibus

234 2406 556 2464 Christianis
590 2409 643 2463 in
668 2408 886 2480 praediis
910 2418 966 2462 et
989 2407 1318 2477 quibuslibet
1357 2407 1519 2462 rebus
1552 2408 1635 2462 vel
1662 2407 1811 2462 obla-

236 2498 479 2554 tionibus
515 2498 693 2553 eidem
734 2497 854 2554 loco
879 2511 1195 2552 concessum
1230 2497 1422 2562 fuerit,
1466 2498 1567 2551 sub
1597 2506 1810 2567 proteco

236 2586 378 2643 tione
434 2598 496 2643 et
548 2587 777 2643 tuitione
816 2587 1100 2644 beatorum
1143 2585 1508 2656 apostolorum
1565 2588 1710 2642 Petri
1755 2597 1812 2643 et

239 2678 419 2742 Pauli,
449 2687 508 2733 et
542 2676 857 2734 defensione
883 2677 1195 2748 pontiﬁcum
1225 2679 1531 2746 apostolicae
1559 2681 1734 2746 sedis,
1755 2689 1809 2734 et

239 2768 623 2840 gubernatione
639 2769 853 2825 abbatis
881 2777 936 2826 et
957 2769 1344 2824 monachorum
1375 2769 1809 2824 Cluniacensium

240 2859 656 2926 constituimus,
705 2869 762 2916 et
805 2861 872 2916 ab
920 2860 1066 2916 omni
1113 2859 1373 2915 servitute
1427 2869 1482 2915 et
1530 2861 1810 2917 exactione

239 2953 487 3007 humanae
510 2951 872 3022 improbitatis
911 2951 1139 3006 liberum
1169 2966 1290 3006 esse
1318 2951 1677 3006 decernimus.
1711 2951 1812 3007 Or-

239 3044 486 3099 dinamus
530 3059 764 3114 namque
804 3052 860 3098 et
894 3059 1016 3098 eum
1054 3043 1202 3098 omni
1237 3043 1508 3098 desiderio
1560 3053 1810 3114 optamus

1915 1847 2119 1917 aliquot
2147 1848 2353 1903 chartis
2376 1850 2551 1920 colligi
2583 1867 2736 1920 posse
2770 1852 3010 1918 videtur,
3043 1869 3073 1907 a
3102 1854 3260 1911 beato
3295 1855 3491 1910 Maiolo

1913 1940 1966 1993 in
2005 1940 2234 1995 abbatize
2264 1941 2546 2011 regiminis
2577 1943 2904 1996 c0nsortium
2937 1953 3272 2014 assumptum
3302 1945 3488 1998 fuisse.

1912 2032 2073 2088 Certe
2098 2032 2241 2087 hau.l
2275 2035 2504 2088 multum
2532 2036 2600 2089 ab
2620 2051 2682 2088 ea
2704 2036 2968 2089 sententia
2999 2037 3254 2093 recedere
3282 2036 3494 2092 videtur

1913 2123 2136 2192 ipsemet
2165 2123 2460 2191 Jotsaldus,
2492 2135 2545 2180 et
2583 2135 2704 2196 post
2731 2142 2852 2181 eum
2889 2127 3081 2182 Petrus
3108 2129 3373 2196 Damiani,
3400 2129 3493 2198 qui

1912 2213 2158 2269 referunt
2189 2225 2432 2269 sanctum
2464 2215 2714 2270 Maiolum
2738 2233 2767 2271 e
2792 2217 2927 2270 vivis
2955 2219 3156 2274 abiisse
3179 2219 3334 2274 annis
3357 2235 3494 2289 qua-

1917 2313 2040 2358 tuor
2071 2304 2183 2359 ferc
2210 2305 2442 2360 evolutis
2478 2316 2761 2375 postquam
2795 2305 2950 2361 Odilo
2985 2309 3051 2361 ad
3081 2309 3488 2364 conversionem

1909 2403 2154 2448 venerat.
2193 2394 2412 2450 Certum
2462 2404 2544 2450 est
2591 2404 2771 2450 autem
2798 2410 2919 2450 eum
2959 2412 3101 2450 anno
3131 2397 3236 2450 994
3267 2397 3484 2452 obiisse.

1914 2488 2064 2544 Unde
2086 2487 2355 2557 conjicere
2383 2489 2504 2544 licet
2531 2497 2730 2558 quanta
2757 2488 2920 2540 fuerit
2958 2487 3350 2544 beatiOdilonis
3377 2506 3494 2542 ma-

1911 2581 2142 2644 turitas,
2177 2591 2507 2650 quantumve
2529 2580 2644 2649 ejus
2682 2579 2969 2641 meritum,
3003 2578 3117 2648 qui,
3157 2579 3332 2633 adhuc
3359 2594 3490 2634 neo-

1908 2673 2107 2742 phytus
2153 2681 2208 2726 et
2231 2672 2284 2725 in
2305 2673 2422 2742 ipso
2451 2671 2562 2726 fere
2588 2671 2655 2726 ad
2685 2671 2999 2740 religionem
3029 2671 3296 2741 ingressu,
3323 2679 3486 2724 tanta:

1909 2761 2344 2832 congregationis
2388 2761 2652 2831 regimine
2691 2761 2760 2816 ab
2795 2761 3022 2831 ipsumet
3066 2771 3255 2817 sancto
3290 2762 3484 2815 Maiolo

1909 2853 2102 2924 dignus
2134 2853 2296 2907 fuerit
2318 2853 2552 2906 habitus.

1978 2944 2031 2998 9.
2060 2943 2188 3013 Ejus
2218 2959 2380 3013 porro
2406 2943 2726 2998 electionem
2753 2943 2894 2997 ultra
2925 2958 3123 2997 annum
3151 2943 3257 2999 992
3287 2941 3493 2996 differri

1910 3051 2016 3090 non
2040 3051 2198 3104 posse
2226 3036 2486 3104 probatur
2514 3051 2582 3090 ex
2617 3034 2800 3089 multis
2829 3036 3034 3090 chartis
3080 3035 3182 3090 hoc
3207 3039 3322 3106 ipso
3351 3050 3495 3088 anno

240 3144 296 3189 ut
321 3134 715 3190 Cluniacenses
735 3133 964 3189 abbates
989 3143 1045 3189 et
1066 3134 1314 3188 monachi
1343 3135 1503 3189 istum
1529 3135 1704 3189 locum
1731 3144 1815 3190 te-
1837 3118 1883 3180 (αἶ
1915 3125 2075 3190 datis,
2109 3126 2162 3178 in
2197 3125 2392 3194 quibus
2417 3140 2605 3195 nempe
2631 3125 2784 3180 Odilo
2809 3125 2975 3181 abbas
3019 3135 3380 3196 nuncupatur.
3433 3125 3491 3177 ltt

241 3233 396 3279 neant
421 3238 643 3293 semper
665 3231 718 3279 et
743 3224 1076 3294 possideant,
1100 3233 1154 3278 et
1182 3225 1234 3278 in
1258 3225 1348 3279 Dei
1374 3226 1595 3280 servitio
1622 3243 1815 3282 secun-

241 3313 362 3366 dum
417 3312 665 3381 regulam
714 3314 887 3367 sancti
946 3313 1268 3378 Benedicti,
1319 3314 1460 3367 sicut
1520 3324 1574 3368 et
1620 3326 1814 3370 cmtera

242 3402 572 3456 monasteria
596 3401 662 3456 ad
689 3417 747 3458 se
767 3403 980 3473 proprie
1002 3402 1355 3473 pertinentia,
1387 3413 1447 3458 ut
1473 3403 1675 3458 dictum
1700 3416 1811 3473 est,

243 3492 304 3544 ad
337 3491 542 3545 cultum
572 3493 766 3547 divina:
813 3494 1087 3563 religionis
1117 3493 1373 3548 ordinent
1406 3502 1463 3548 et
1502 3495 1813 3565 disponant.

244 3581 296 3635 Si
323 3583 407 3636 cui
436 3581 581 3637 forte
605 3584 724 3637 haec
754 3593 937 3638 nostra
964 3583 1239 3638 sanctio...
1267 3584 1405 3639 sciat
1432 3583 1672 3654 profecto
1702 3586 1815 3654 dig.

245 3687 365 3725 num
392 3687 495 3726 nos
530 3671 772 3739 duxisse,
799 3680 858 3726 ut
879 3673 1020 3727 illius
1041 3671 1144 3728 loci
1172 3683 1359 3729 sancta
1384 3675 1729 3745 congregatio
1749 3689 1815 3728 ex

244 3773 417 3818 nostra
443 3771 769 3834 paupertate
805 3764 1007 3834 aliquid
1039 3765 1314 3820 servitutis
1355 3765 1556 3820 habere
1578 3781 1634 3822 se
1661 3781 1815 3821 reco-

246 3851 331 3916 lat,
355 3863 581 3924 propter
601 3851 758 3922 cujus
788 3855 1148 3909 reverentiam
1171 3865 1226 3910 et
1253 3856 1508 3910 meritum
1529 3855 1726 3926 aliquis
1749 3873 1815 3912 ex

245 3954 422 4000 nostro
458 3959 662 4015 genere
691 3945 951 4000 honorem
982 3945 1277 4000 secundum
1310 3945 1503 4012 Deum,
1536 3957 1592 4001 et
1617 3963 1816 4002 secun-

247 4037 364 4089 dum
402 4035 664 4090 sarculum
707 4035 857 4091 visus
896 4045 980 4091 est
1031 4035 1361 4104 obtinuisse,
1407 4046 1460 4090 et
1503 4038 1818 4106 parentibus

246 4125 398 4178 etiam
431 4126 641 4180 nostris
690 4133 745 4179 et
789 4126 943 4180 nobis
985 4125 1115 4196 ipsis
1152 4141 1260 4181 non
1307 4139 1502 4195 parvos
1546 4127 1818 4195 profectus

246 4225 451 4269 constat
484 4215 758 4270 evenisse.
795 4215 1062 4271 Caeterum
1111 4218 1157 4272 si
1205 4218 1328 4286 quis
1361 4219 1622 4274 adversus
1656 4229 1819 4274 testa-

246 4317 479 4360 mentum
511 4317 713 4360 nostrae
736 4307 1021 4364 oblationis
1043 4309 1278 4380 aliquam
1302 4309 1587 4381 aliquando
1614 4313 1818 4368 calum-

248 4397 384 4451 niam
412 4398 616 4452 inferre
651 4400 1081 4469 praesumpserit,
1114 4409 1305 4457 contra
1332 4419 1618 4458 censuram
1649 4404 1815 4460 divini

1917 3217 2194 3272 chartario
2244 3233 2281 3272 ιι
2328 3218 2640 3270 monasterii
2684 3219 3086 3284 Cluniacensis,
3132 3219 3321 3274 charta
3366 3218 3491 3281 758,

1915 3325 2138 3380 campus
2164 3310 2382 3379 quidam
2414 3309 2469 3364 in
2495 3308 2620 3362 villa
2650 3307 2976 3363 Bersoniaco
3012 3311 3146 3365 situs
3176 3311 3334 3364 datur
3372 3325 3486 3362 mo-

1914 3401 2157 3456 nasterio
2191 3401 2554 3466 Cluniacensi,
2585 3402 2667 3454 cui
2689 3409 2872 3470 prwest
2899 3398 3055 3454 Odilo
3080 3402 3422 3468 abbas,anno
3455 3418 3485 3454 v

1915 3489 2154 3562 llngonis
2195 3491 2340 3559 regis
2363 3489 2720 3554 Francorum,
2754 3490 2806 3544 id
2838 3500 2922 3544 est
2953 3505 3094 3543 anno
3132 3490 3324 3544 saltem
3366 3490 3490 3545 992.

1916 3579 2027 3634 Hoc
2061 3581 2175 3650 ipso
2201 3596 2344 3633 anno
2369 3595 2555 3634 mense
2581 3579 2722 3634 .lnlio
2753 3579 3042 3635 Girbaldus
3064 3581 3301 3635 vendidit
3322 3581 3497 3650 pecia-

1915 3675 2018 3725 lam
2052 3674 2230 3743 campi
2268 3673 2467 3729 ibidem
2505 3673 2592 3726 siti
2621 3689 2635 3737 ;
2675 3674 2863 3727 charta
2886 3673 2989 3728 559
3021 3674 3241 3728 donatio
3263 3682 3346 3729 est
3369 3689 3492 3729 cur-

1918 3765 2026 3819 tilis
2078 3774 2133 3819 et
2183 3767 2350 3820 vineae
2397 3764 2450 3818 in
2497 3764 2624 3817 villa
2662 3765 2938 3836 Morgono,
2980 3765 3033 3818 in
3069 3781 3204 3836 pago
3247 3764 3496 3820 Matisco-

1917 3855 2091 3917 nensi,
2128 3853 2264 3908 facta
2291 3852 2505 3908 Odiloni
2535 3853 2714 3907 abbati
2747 3869 2890 3908 anno
2934 3869 2985 3908 vt
3030 3853 3268 3924 Hugonis
3315 3857 3492 3924 regis;

1916 3958 2074 4013 quem
2102 3945 2349 3999 emndem
2399 3961 2602 3999 annum
2649 3943 2865 4014 prmfert
2907 3945 3092 4000 charta
3126 3947 3249 4012 753,
3281 3963 3400 4016 qua:
3439 3947 3492 4001 iu

1919 4034 2086 4106 ipsius
2108 4035 2270 4090 etiam
2299 4035 2545 4091 Odilonis
2567 4036 2776 4090 abbatis
2803 4036 3033 4106 gratiam
3063 4035 3204 4092 facta
3230 4046 3330 4092 est.
3375 4036 3494 4090 lluc

1917 4140 2129 4194 quoque
2170 4127 2508 4196 proferenda:
2536 4137 2716 4182 essent
2742 4127 2945 4197 aliquot
2965 4130 3168 4183 chartae
3185 4128 3357 4198 primo
3380 4127 3494 4182 Ro-

1918 4214 2048 4269 dulﬁ
2081 4214 2524 4285 Burgundionum
2557 4217 2698 4288 regis
2723 4233 2864 4271 anno
2893 4217 3107 4283 data,si
3135 4219 3276 4288 apud
3305 4234 3496 4274 omnes

1921 4317 2196 4362 constaret
2226 4308 2372 4362 hunc
2402 4322 2583 4377 regem
2619 4319 2745 4364 ante
2775 4309 2879 4364 995
2932 4311 3186 4367 thronum
3236 4328 3496 4368 conscen-

1921 4399 2084 4452 disse.
2129 4398 2346 4452 Chartis
2379 4414 2516 4468 quas
2558 4415 2720 4470 supra
2782 4399 3123 4458 laudavimus
3173 4403 3498 4473 suffragatur

244 4485 422 4554 iudicii
448 4500 505 4545 et
532 4491 929 4548 mundanarum
961 4493 1137 4565 legum
1158 4493 1283 4562 jura
1315 4510 1374 4551 se
1400 4495 1594 4552 fecisse
1625 4512 1814 4568 τερος-
1846 4465 1895 4524 D
1920 4499 2110 4545 auctor
2137 4491 2338 4546 veteris
2357 4492 2632 4568 Chronici,
2666 4494 2810 4563 quod
2843 4509 3007 4564 penes
3050 4511 3147 4552 nos
3198 4496 3503 4553 manuscri-

247 4588 444 4634 noscat.
471 4580 529 4634 Si
571 4582 885 4651 pcenitendo
929 4585 1218 4641 emendare
1249 4584 1503 4651 voluerit,
1543 4586 1820 4656 indulgen-

251 4669 369 4723 tiam
398 4672 702 4741 percipiat;
733 4673 778 4726 si
810 4688 936 4728 vero
959 4677 1249 4730 emendare
1281 4675 1544 4741 noluerit,
1574 4683 1628 4729 et
1653 4676 1819 4746 magis

250 4759 300 4812 in
328 4776 419 4816 sua
444 4764 651 4817 malitia
684 4779 1038 4833 perseverare
1064 4767 1414 4837 disposuerit,
1440 4767 1582 4837 quod
1605 4767 1817 4836 petierit

254 4867 352 4906 non
391 4856 663 4923 vindicet,
701 4857 799 4913 sed
842 4860 984 4928 quod
1029 4869 1269 4916 meretur
1301 4861 1601 4932 percipiet;
1645 4861 1718 4915 ita
1759 4869 1819 4916 ut

253 4940 333 4996 hic
363 4943 506 5016 leges
536 4962 634 5016 pro
667 4947 761 5002 tali
790 4949 1020 5004 crimine
1049 4950 1420 5022 promulgatas
1443 4950 1740 5021 persolvat,
1767 4958 1822 5006 et

255 5030 305 5085 in
336 5042 598 5089 atternum
641 5051 835 5107 paruas
875 5047 1158 5108 perpetuas
1204 5041 1335 5094 luat.
1375 5039 1605 5111 Signum
1641 5039 1821 5094 domni

256 5121 485 5156 n:|:'l\ll:n
511 5127 719 5156 A's'nnl:ln
781 5130 928 5156 ιιι-ξιιμ
959 5138 1081 5156 οοΛοΑ
1114 5141 1158 5156 Α.
1195 5130 1423 5156 ,Ιηητλιιαῖ

511 5127 719 5156 Αιδιικίτιο
781 5130 928 5156 ιιι-ξιιμ
959 5138 1081 5156 οοΛοΑ
1114 5141 1158 5156 Α.
1195 5130 1457 5156 ,1ηηξλ.ιαῖκ
1491 5133 1605 5156 ιςΜΑ
1639 5130 1818 5156 ,διευς-ΩΑ

1920 4593 2068 4652 ptum
2103 4584 2389 4651 habemus,
2419 4585 2508 4640 ubi
2539 4565 2606 4640 ad
2637 4601 2838 4641 annum
2875 4586 2978 4642 992
3033 4588 3150 4644 lucc
3185 4589 3453 4645 habentur
3482 4607 3496 4642 :

1925 4674 2010 4729 tln
2037 4674 2347 4746 Burgundia
2369 4675 2522 4733 Odilo
2540 4693 2606 4733 ex
2628 4677 2826 4734 clerico
2849 4679 3150 4734 Brivatcnsi
3178 4680 3500 4734 monachum

1918 4764 2225 4836 professus,
2253 4765 2308 4820 in
2338 4767 2684 4830 Cluniacensi
2715 4769 2965 4823 coenobio
3002 4769 3321 4838 prarftcitur,
3361 4765 3504 4836 quod

1917 4872 2016 4928 per
2043 4873 2215 4913 annos
2243 4874 2328 4913 Lvt
2355 4859 2491 4913 miro
2532 4859 2802 4931 religionis
2829 4860 3042 4914 fervore
3090 4859 3230 4915 rexit
3280 4869 3337 4915 et
3380 4873 3505 4926 pro-

1920 4950 2089 5014 vexit,
2106 4968 2124 5000 ι
2153 4960 2256 5004 etc.
2284 4950 2423 5018 Quin
2448 4959 2505 5004 et
2529 4967 2651 5008 cum
2667 4951 2754 5005 alii
2788 4951 2900 5006 fere
2915 4966 3099 5004 omnes
3121 4947 3511 5002 auctoresOdi-

1923 5039 2031 5096 Ioni
2067 5041 2289 5096 totidem
2314 5042 2596 5111 regiminis
2626 5056 2797 5096 annos
2835 5037 3225 5100 concesserint,
3273 5047 3512 5094 certum-

3171 5143 3197 5148 _.
3253 5127 3305 5146 '7
3351 5129 3361 5146 I
