4116 5358
549 146 655 204 839
676 202 681 207 .

1494 144 1561 203 S.
1594 140 1911 202 0011.0le
1946 136 2442 200 CLUNIACENSIS
2480 128 2771 196 ABBATIS
2813 131 2853 193 ν

3706 141 3816 199 810

550 258 665 319 sius
694 259 926 318 habetur
953 259 1014 315 in
1036 258 1308 315 Chronico
1335 256 1682 316 Malleacensi
1701 298 1718 325 ,
1746 258 1840 316 ubi
1872 257 1960 314 vir
2002 270 2129 313 san-
2155 256 2210 321 Α
2233 266 2355 308 esse
2380 251 2757 320 decernimus;
2800 267 2873 309 ne
2909 253 3198 311 insolentia
3241 264 3440 313 nostra:
3480 256 3821 315 inﬁrmitatis

550 363 673 412 ctus
691 353 883 429 Maiolo
907 352 1086 408 abbati
1119 368 1263 430 anno
1286 352 1391 408 994
1433 354 1767 410 successisse
1813 353 2033 410 dicitur.
2062 353 2131 407 Et

549 439 767 519 quidem
794 438 992 516 praeter
1017 446 1234 500 chartas
1261 440 1396 516 quas
1415 445 1580 516 supra
1607 445 1953 511 adduximus,
1981 459 2130 500 com-'-

475 594 481 599 ,
550 536 734 608 plures
764 534 882 591 alia:
909 543 1205 592 occurrunt
1231 535 1284 590 in
1315 536 1604 591 cliartariis
1654 535 2126 602 Cluniacensibus,

549 642 671 698 qua:
696 622 892 680 Maiolo
920 626 1095 680 adhuc
1118 625 1330 679 vivente
1355 624 1639 681 Odilonem
1664 624 1909 682 Cluniaci
1957 626 2126 681 abba-

548 724 655 770 tem
681 708 971 785 appellant.
994 713 1142 785 Talis
1168 718 1251 769 e'st
1276 715 1464 770 charta
1492 717 1615 770 data
1655 732 1807 771 anno
1834 733 1907 772 vtt
1948 715 2131 784 Hugo-

550 805 636 859 nis
660 803 833 874 regis,
868 804 919 858 id
944 811 1028 859 est
1052 790 1215 858 anno
1257 804 1386 872 995,
1417 821 1520 876 qua
1564 806 1816 861 nonnulla
1850 807 2132 862 monachis

547 893 993 950 Cluniacensibus
1018 895 1371 950 conferuntur
1391 897 1531 967 apud
1556 897 1946 952 Yisandonum.
1973 898 2129 953 Anno

548 984 895 1054 praecedenti,-
928 999 1115 1040 inense
1139 984 1447 1051 Decembri,
1471 987 1702 1041 donatur
1739 987 1896 1042 vinea
1918 986 2129 1043 Odiloni

546 1072 732 1128 abbati
752 1071 1098 1130 Cluniacensi
1120 1075 1176 1130 in
1192 1074 1322 1130 villa
1342 1076 1657 1146 Dambinas,
1671 1077 1725 1131 in
1747 1077 2130 1134 Matisconensi

546 1148 828 1220 comitatu.
856 1166 1095 1235 Denique
1123 1167 1311 1222 eodem
1365 1183 1508 1223 anno
1551 1185 1626 1223 vn
1677 1169 1920 1240 ejusdem
1966 1170 2130 1242 regis,

546 1268 739 1310 mense
788 1254 1006 1322 Martio,
1052 1256 1388 1328 proindeque
1435 1273 1580 1314 anno
1621 1259 1747 1325 994,
1799 1261 1963 1332 paulo
2004 1271 2131 1317 ante

547 1344 756 1401 obitum
779 1346 952 1403 sancti
978 1346 1180 1415 Maioli,
1203 1346 1358 1404 Odilo
1405 1350 1574 1405 abbas
1621 1353 1678 1406 in
1725 1353 1841 1408 loco
1898 1351 2133 1408 Scambii

547 1436 749 1507 recipit
769 1442 825 1492 et
851 1436 946 1492 dat
975 1446 1175 1494 terram
1206 1438 1261 1495 in
1292 1439 1418 1496 villa
1448 1440 1718 1514 Odgraco,
1758 1442 1814 1498 in
1868 1443 2129 1500 comitatu

547 1525 679 1583 item
711 1527 1091 1586 Matisconensi
1130 1522 1325 1587 sitam.

2228 345 2365 401 ordo
2388 345 2712 412 deterescat,
2738 354 2794 403 et
2815 347 3086 415 repulsam
3118 346 3177 403 in
3214 347 3394 421 aliquo
3416 347 3682 419 patiatur,
3711 348 3823 406 Deo

2228 437 2464 508 propitio
2482 453 2697 510 semper
2713 438 2783 495 ad
2804 439 3025 494 meliora
3046 442 3443 512 provehendus.
3464 461 3484 496 ›
3518 441 3604 497 Ex
3631 441 3822 498 eodem

2230 528 2591 585 instrumento
2618 530 2875 586 discimus
2901 529 3186 585 Odilonem
3222 546 3366 602 aegre
3402 531 3549 588 hanc
3590 531 3824 603 dignita-

2230 630 2338 678 tem
2361 624 2653 693 accepisse,
2677 624 2822 694 quod
2858 638 2917 679 se
2939 630 3091 679 tanto
3117 623 3270 694 oneri
3292 624 3556 694 imparem
3578 630 3818 693 putaret.

2229 712 2410 781 Quare
2431 713 2624 768 beatus
2637 727 2827 779 senex,
2859 713 3138 769 advocatis
3158 713 3487 784 episc0piset
3507 712 3821 780 abbatibus,

2231 812 2399 873 atque
2437 803 2607 858 etiam
2643 803 2774 859 viris
2814 803 3118 869 nobilibus,
3150 805 3252 860 hoc
3302 804 3581 861 decretum
3632 817 3823 861 eorum

2229 894 2729 965 subscriptionibus
2766 897 3079 952 conﬁrmari
3142 898 3475 967 procuravit.
3536 915 3557 949 ‹
3611 895 3685 953 Et
3731 912 3820 962 ne,

2228 971 2441 1054 inquit,
2483 986 2735 1040 technam
2784 984 3011 1054 alicujus
3062 987 3436 1043 excusationis
3476 987 3820 1057 praetendat,

2230 1087 2355 1126 nam
2383 1073 2525 1127 sicut
2545 1073 2668 1142 quis
2692 1073 2912 1144 indigne
2931 1074 2997 1128 ad
3018 1074 3259 1145 regimen
3283 1074 3537 1130 incautus
3557 1074 3819 1146 adspirat,

2234 1162 2310 1216 ita
2356 1163 2401 1217 si
2453 1163 2578 1233 quis
2619 1163 2812 1235 dignus
2857 1163 3075 1234 refugit,
3129 1165 3325 1220 merito
3368 1165 3823 1234 constringendus

2237 1250 2489 1318 habetur,
2517 1253 2803 1308 consilium
2829 1254 3207 1324 episcoporum
3257 1265 3315 1310 et
3361 1253 3624 1311 abbatum
3671 1254 3823 1309 adbi-

2227 1343 2468 1411 buimus,
2500 1330 2521 1398 ἱ
2551 1355 2661 1401 etc.
2690 1344 2917 1401 Nomina
2945 1362 3076 1403 vero
3116 1361 3306 1403 eorum
3359 1347 3453 1418 qui
3496 1346 3822 1402 electionem

2229 1449 2325 1490 sua
2354 1437 2750 1508 subscriptione
2778 1440 3173 1494 confirmarunt
3199 1439 3495 1505 retulimus
3526 1439 3583 1495 in
3632 1439 3822 1510 Elogio

2229 1529 2403 1583 sancti
2447 1528 2649 1595 Maioli,
2680 1531 2747 1614 ad
2778 1546 2979 1587 annum
3005 1531 3130 1598 99b,
3161 1548 3283 1603 quae
3305 1532 3429 1588 ideo
3451 1532 3546 1589 hic
3572 1540 3823 1602 repetere

620 1618 712 1675 10.
750 1619 1001 1678 Nondum
1031 1630 1211 1679 tamen
1234 1626 1547 1682 monasterii
1576 1626 1817 1699 regimen
1841 1636 1970 1685 tunc
1993 1637 2128 1684 rem-
2160 1622 2204 1683 Β
2233 1632 2341 1673 non
2359 1617 2535 1689 juvat,
2563 1622 2659 1678 sed
2697 1637 2886 1679 eorum
2918 1623 3042 1680 loco
3066 1625 3259 1680 damus
3288 1623 3500 1695 aliquot
3530 1637 3732 1680 versus
3753 1621 3824 1676 ab

546 1712 696 1782 poris
721 1711 994 1782 abiecerat
1033 1714 1280 1782 Maiolus,
1310 1717 1388 1771 uti
1429 1720 1662 1789 probant
1703 1720 1868 1776 variae
1904 1722 2126 1791 chartas,

502 1802 708 1873 ’annis
737 1814 892 1859 sexto
938 1813 993 1860 et
1037 1805 1268 1877 septimo
1313 1806 1556 1880 Hugonis
1602 1810 1747 1882 regis
1803 1812 1962 1881 datae,
2008 1827 2129 1884 quae

546 1893 940 1963 ipsiusanomen
973 1895 1292 1966 prmierunt,
1344 1898 1402 1953 in
1446 1898 1586 1955 libro
1626 1900 1979 1957 donationum
2028 1904 2129 1959 sub

544 1995 736 2043 sancto
759 1986 955 2044 Maiolo
988 1988 1276 2044 laetarum.
1314 1989 1370 2044 ln
1402 1992 1591 2049 charta
1632 1992 1699 2049 l6
1737 1993 1963 2051 Maiolus
2005 1996 2131 2052 Clu-

545 2077 688 2133 niaci
720 2077 889 2135 abbas
912 2079 1110 2135 dicitur
1132 2094 1275 2136 anno
1308 2096 1363 2137 v1
1395 2081 1636 2155 Hugonis
1675 2085 1818 2155 regis
1866 2087 2127 2157 quasdam

544 2167 804 2225 ecclesias
826 2184 924 2241 per
953 2171 1435 2228 commutationem
1465 2176 1821 2246 acquisivisse
1851 2176 1907 2233 in
1954 2177 2124 2233 comi—

548 2268 662 2313 tatu
730 2259 1226 2330 Augustodunensi.
1275 2261 1477 2318 Eodem
1531 2279 1700 2331 anno,
1726 2281 1915 2323 mense
1943 2264 2127 2333 Iunio,

544 2350 829 2407 Landrada
860 2352 1452 2420 Cluniacensibus,ubi
1514 2354 1746 2412 Maiolus
1808 2368 1885 2414 est
1944 2358 2129 2427 abbas,

548 2442 804 2497 nonnulla
833 2442 1047 2498 confert
1076 2444 1128 2499 in
1160 2460 1299 2515 pago
1323 2443 1704 2502 Matisconensi
1725 2447 1851 2503 sita.
1876 2449 2035 2505 Anno
2054 2464 2131 2505 vn

543 2532 784 2602 ejusdem
810 2535 975 2605 regis,
1002 2535 1269 2592 Berardus
1298 2536 1529 2594 clericus
1552 2542 1881 2597 monasterio
1912 2540 2133 2599 Clunia-

542 2625 716 2694 censi,
763 2626 851 2683 ubi
895 2635 993 2693 est,
1025 2626 1222 2698 inquit,
1277 2628 1508 2686 illaiolus
1560 2633 1753 2700 abbas,
1782 2634 2132 2691 medietatem

545 2716 696 2771 silvae
723 2717 918 2772 Advolt
955 2719 1204 2773 contulit.
1253 2719 1391 2776 Hinc
1440 2730 1589 2793 patet
1629 2722 1911 2781 Odilonem
1960 2725 2133 2783 tuisse

545 2806 724 2862 Maioli
755 2807 918 2863 veluti
941 2809 1225 2875 vicarium,
1247 2819 1410 2880 atque
1440 2812 1492 2867 in
1525 2815 1763 2884 regendo
1796 2816 2133 2872 menasterio

549 2897 953 2966 coadjntorem;
988 2899 1132 2954 unde
1154 2900 1206 2953 in
1237 2901 1423 2956 charta
1453 2902 2006 2973 Bernardicujusdam
2028 2908 2130 2963 viri

553 2987 773 3054 nobilis,
804 2988 1234 3044 manumittentis
1272 2990 1478 3060 aliquot
1504 3008 1535 3048 e
1565 2992 1677 3049 suis
1709 2972 1882 3050 servis
1913 2996 1979 3051 ad
2010 3012 2131 3068 pre-
2157 2972 2203 3034 Ο

551 3094 643 3135 ccs
668 3078 881 3135 Viviani
911 3082 1216 3151 przepositl,
1256 3097 1391 3152 quos
1431 3084 1520 3139 hic
1564 3084 1631 3139 ad
1669 3100 1823 3141 suum
1860 3097 2131 3144 monaste-

552 3171 694 3226 rium
718 3171 994 3242 pertinerc
1014 3174 1394 3241 contendebat,
1419 3175 1498 3231 sic
1520 3175 1746 3233 habetur
1770 3195 1785 3233 :
1818 3197 1838 3231 ι
1859 3179 2131 3251 Werpivit

553 3266 702 3323 illam
759 3267 1060 3338 ?querelain
1128 3284 1289 3338 quam
1339 3270 1574 3327 habebat
1620 3272 1881 3330 adversus
1926 3275 2127 3332 dictum

550 3356 711 3413 Cluni
738 3356 948 3425 locum,
976 3358 1063 3414 cui
1091 3358 1321 3414 domnus
1356 3367 1412 3415 et
1460 3361 1930 3420 reverentissimus
1964 3364 2129 3422 Pater

548 3445 704 3505 Odilo
727 3460 924 3519 prmest
937 3448 1182 3519 jussione
1211 3452 1384 3508 sancti
1406 3451 1585 3508 Patris
1608 3450 1841 3509 MaioliJ

620 3539 711 3595 11.
776 3536 1049 3597 Habemus
1100 3542 1154 3598 in
1206 3541 1483 3614 Spicilegii
1534 3544 1825 3602 Acheriani
1872 3555 2018 3603 tomo
2059 3547 2127 3605 VI

547 3628 825 3685 decretum
862 3629 1141 3686 electionis
1172 3633 1343 3688 sancti
1366 3632 1611 3689 0dilonis
1636 3634 1690 3689 in
1722 3634 1972 3692 abbatem
2001 3636 2126 3693 Clu-

547 3718 881 3787 niacensem,
907 3721 1051 3791 quod
1071 3722 1285 3778 vivente
1315 3722 1492 3779 adhuc
1508 3736 1696 3780 sancto
1709 3723 1901 3781 Maiolo
1923 3725 2125 3784 factum

547 3821 676 3880 est;
711 3812 893 3884 eique,
931 3823 1128 3884 praeter
1180 3814 1427 3871 eumdem
1478 3814 1731 3872 Maiolum
1790 3833 1856 3874 ac
1909 3829 2125 3876 centum
2168 3839 2173 3849 ι

546 3904 888 3974 septuaginta
929 3912 1136 3975 septem
1175 3907 1499 3974 monachos,
1544 3923 1641 3963 rex
1681 3906 1794 3979 ipse
1842 3908 2124 3979 Rodulfus,

551 3992 898 4051 Burcliardus
926 3994 1387 4067 archiepiscopus,
1435 3997 1633 4069 aliique
1678 3999 1938 4070 episcopi,
1982 4015 2127 4057 com-

544 4083 731 4153 plures,
753 4084 997 4152 abbates,
1021 4096 1077 4141 et
1112 4087 1214 4141 viri
1245 4088 1453 4144 nobiles
1484 4090 1935 4160 subscripserunt.
1970 4090 2125 4147 Nulla

545 4184 725 4230 autem
748 4178 988 4233 occurrit
1012 4177 1066 4233 in
1108 4179 1213 4235 hoc
1252 4179 1613 4236 instrumento
1662 4183 1918 4252 temporis
1959 4193 2121 4253 nota;

545 4272 602 4319 at
619 4266 664 4320 si
684 4265 948 4323 [indultus
961 4277 1085 4324 ante
1107 4269 1349 4326 anni993
1372 4270 1529 4326 tinem
1554 4273 1875 4344 Burgundiae
1897 4289 2121 4345 regnum

546 4359 775 4427 adeptus
804 4376 909 4415 non
935 4360 1118 4427 fuerit,
1160 4364 1320 4433 paulo
1366 4377 1492 4421 ante
1547 4367 1724 4424 Maioli
1775 4369 2003 4437 obitum,
2034 4372 2126 4442 qui

546 4448 634 4504 die
655 4449 725 4504 10
754 4449 876 4506 Maii
901 4453 1027 4508 anni
1059 4457 1335 4524 sequentis
1373 4458 1623 4530 contigit,
1655 4461 1854 4517 factum
1901 4472 2005 4518 est.
2052 4463 2130 4519 Ex

544 4554 612 4596 eo
639 4549 820 4597 autem
858 4553 1007 4613 patet
1046 4544 1300 4602 Maiolum
1336 4551 1488 4606 senio
1522 4552 1827 4609 confectum
1859 4555 1910 4610 in
1946 4553 2135 4613 Odilo-

544 4632 674 4688 nem’
693 4649 815 4691 sese
840 4650 1170 4693 exonerasse
1187 4679 1203 4704 ,
1227 4654 1295 4695 ne
1325 4640 1588 4712 regularis
1616 4643 1916 4715 disciplina:
1956 4645 2156 4716 vigor,,

545 4728 635 4782 cui
682 4728 753 4784 ob
816 4724 1210 4800 provectiorem
1258 4742 1468 4788 aetatem
1518 4735 1820 4807 invigilare,
1865 4747 2128 4809 quantum

545 4822 918 4879 necessarium
946 4833 1088 4891 erat,
1119 4838 1181 4880 se
1237 4841 1344 4881 non
1389 4842 1548 4899 posse
1592 4828 1978 4896 arbitrabatur,
2024 4840 2133 4886 sua‘

543 4909 700 4980 culpa
736 4911 789 4966 in
826 4915 1159 4972 monasterio
1186 4914 1528 4974 Cluniacensi
1579 4928 1896 4991 tepesceret.
1931 4940 1949 4972 ‹
1986 4910 2120 4991 Ego,

545 5002 742 5072 inquit,
765 5003 1105 5062 Maiolus.....
1134 5017 1295 5064 tetate
1315 5008 1660 5082 defatigatus,
1685 5011 1875 5068 oiﬁciis
1908 5026 2123 5084 quoque

544 5094 789 5163 corporis
815 5097 1153 5165 imminutus,
1185 5101 1311 5155 dum
1344 5102 1523 5158 minus
1554 5117 1639 5158 me
1678 5102 1938 5173 pastorali
1990 5118 2123 5157 cura

548 5182 797 5241 idoneum
824 5190 1176 5258 persentiseo,
1205 5190 1349 5246 beati
1375 5191 1652 5248 Benedicti
1679 5192 2012 5262 capitulatim
2055 5192 2121 5246 de

547 5279 923 5335 constituendo
956 5280 1154 5336 abbate
1196 5281 1559 5336 sollicitudine
1600 5270 1971 5354 praemonitus,
1997 5295 2122 5336 cum

2237 1720 2483 1780 auctore,
2510 1722 2571 1769 ut
2595 1714 2836 1782 videtur,
2862 1716 3057 1786 :rquali
3081 1716 3151 1772 de
3176 1717 3281 1773 hac
3319 1715 3590 1772 electione
3616 1714 3820 1781 editos,

2230 1800 2402 1870 quiin
2436 1802 2626 1859 codice
2650 1818 2751 1859 ms.
2781 1802 3163 1862 Cisterciensis
3202 1804 3527 1862 monasterii
3560 1805 3667 1863 sub
3716 1804 3827 1859 hos

2232 1889 2410 1958 titulo,
2444 1891 2647 1949 Eleclio
2666 1894 2847 1949 damni
2881 1893 3144 1963 0dilonis,
3168 1895 3462 1952 habentur.

2294 1998 2386 2071 liic
2410 2002 2558 2055 Pater
2591 2006 2828 2055 emeritus
2844 2019 2956 2071 mox
2979 1998 3140 2071 estut
3162 2008 3222 2058 ad
3246 2012 3617 2071 astra_vocatns,

2293 2065 2451 2132 Quem
2484 2078 2824 2117 successorem
2850 2067 2987 2118 Deus
2998 2070 3221 2132 eligeret
3239 2072 3336 2119 sibi
3370 2069 3571 2120 Patrem

2292 2123 2435 2192 }_iaud
2455 2140 2578 2188 Opus
2611 2137 2689 2177 est
2709 2138 2875 2178 nostro
2901 2123 3125 2192 perierr'e
3151 2144 3238 2192 per
3254 2134 3413 2181 omnia
3434 2132 3587 2190 digne

2292 2184 2552 2255 Pogttiate,
2567 2203 2709 2255 quam
2724 2184 2954 2255 prudens,
2977 2204 3120 2254 quam
3136 2184 3326 2241 morum
3336 2184 3597 2242 stemn-tate
3608 2191 3825 2255 tollens,

2296 2248 2502 2317 §itquis
2524 2248 2570 2299 in
2586 2248 3008 2317 'httmanisrebus'
3018 2255 3300 2317 pariterque
3323 2256 3585 2317 supernis;

2294 2308 2525 2372 cognitor
2559 2319 2637 2362 est
2662 2314 2793 2362 solus
2811 2316 2932 2364 deus
2956 2308 3060 2364 hic
3080 2315 3175 2365 sibi
3200 2308 3403 2365 munera
3424 2308 3667 2367 Christus.

2295 2371 2387 2437 Qui
2411 2372 2552 2423 claris
2570 2374 2784 2437 patribus
2809 2376 3090 2437 prasnobilis
3114 2376 3256 2427 Odilo
3279 2376 3459 2437 dictus,

2292 2430 2490 2502 [eri-ea
2512 2430 2622 2502 mox
2645 2430 2859 2502 iugien's,
2881 2443 3032 2502 tener
3048 2442 3209 2502 annis,
3231 2438 3395 2489 caelica
3416 2430 3677 2501 quast-ens,

2295 2494 2429 2569 IA’atri
2451 2496 2621 2545 Maiolo
2641 2494 2804 2569 infixit
2825 2494 2883 2569 se
2904 2500 3128 2569 praeduce
3152 2494 3360 2569 Christo.

2292 2556 2338 2624 Α
2357 2570 2514 2624 grege
2535 2556 2817 2624 susceptus,
2840 2556 3010 2624 ductor
3034 2556 3204 2623 gregis
3227 2563 3333 2624 ipse
3357 2560 3574 2622 futurus,

2294 2617 2509 2685 §eiiulus
2534 2617 2765 2685 implevit
2783 2617 3013 2681 quidquid
3035 2617 3330 2685 sibi'reg'ula
3347 2624 3512 2685 jussit.

2295 2678 2477 2748 Eii-ere
2504 2694 2590 2744 pro
2603 2678 2693 2748 tali
2720 2678 2946 2748 digpatus
2964 2684 3098 2748 sede
3121 2678 3364 2748 magistri,

2298 2738 2555 2809 fratribus
2579 2738 2940 2809 electus'Pater
2956 2745 3179 2795 omnibus
3195 2738 3573 2809 atque'cupitus,

2295 2802 2556 2878 ltraacepto
2579 2804 2923 2878 gistris-curam
2942 2809 3159 2878 suscepit
3180 2802 3346 2878 ovilia,

2297 2862 2424 2930 [luic
2444 2862 2539 2930 non
2563 2865 2828 2930 dissimilis,
2849 2866 2965 2930 licet
2991 2862 3122 2919 addit
3139 2862 3343 2920 culmen
3358 2869 3578 2930 honoris,

2298 2924 2479 2992 Quncta
2497 2926 2611 2992 Deo
2634 2924 3040 2990 placite'disponit
3064 2943 3173 2978 cum
3199 2931 3401 2992 pietate.

2293 2986 2462 3054 Yerbo
2478 2986 2723 3054 discretus
2745 2986 2931 3052 manet,
2952 2998 3061 3040 actu
3080 2986 3279 3054 tamque
3302 2993 3579 3051 modestus,

2292 3045 2480 3115 yeyins
2501 3049 2747 3115 mimum
2776 3060 2872 3115 non
2896 3045 3065 3113 pergat
3088 3045 3366 3115 iter'neque
3382 3045 3636 3103 dextrum.

2293 3108 2478 3178 §ollers
2500 3112 2740 3178 rubricam
2758 3108 2958 3178 metitur
2980 3108 3029 3161 in
3057 3108 3507 3178 omnilius'aaquam,

2291 3169 2409 3238 Ejus
2431 3173 2690 3222 consilium
2712 3175 2885 3234 qumrit
2903 3176 3162 3224 dominatio
3188 3169 3381 3238 iegum',

2291 3234 2456 3296 Atque
2478 3245 2567 3282 suo
2585 3238 2756 3281 sumini
2785 3248 3015 3296 proceres
3028 3234 3301 3286 subeuntur
3322 3234 3516 3289 tumori.

2287 3294 2490 3359 §lc'agit
2512 3297 2712 3359 activam
2735 3294 2832 3357 quo
2856 3308 2950 3346 non
2976 3296 3159 3359 linquat
3178 3300 3441 3349 theoriam.

2262 3356 2273 3367 '
2293 3355 2403 3420 Sola
2426 3355 2575 3420 carne
2606 3357 2730 3420 solo,
2750 3355 2971 3408 versatur
2994 3355 3197 3420 pectore
3219 3361 3361 3411 celo.

2291 3418 2391 3484 §ed
2412 3429 2489 3484 ne
2502 3418 2657 3484 plura
2687 3417 2876 3484 loquar.
2890 3417 3093 3484 nonest
3116 3423 3379 3473 virtutibus
3393 3424 3549 3484 impar

2291 3479 2424 3543 Patri
2450 3478 2981 3543 Maiol‘o,gper'plurima
3003 3483 3121 3543 mira
3146 3495 3369 3534 corusco.

2291 3540 2423 3607 μῖξίς
2444 3549 2499 3589 ut
2522 3541 2606 3590 ille
2631 3541 2735 3607 iuit,
2771 3540 3005 3607 divinitus
3036 3542 3114 3593 hic
3136 3558 3333 3607 quoque
3367 3545 3533 3607 conﬁt,

2287 3601 2440 3666 Istum
2461 3616 2571 3651 cum
2606 3602 2793 3666 videas,
2814 3602 2948 3652 illum
2971 3601 3266 3666 praesto'tlbi
3282 3609 3436 3657 dicas.

2287 3665 2327 3733 ς)
2348 3673 2580 3733 quantum
2602 3664 2755 3733 pollet
2780 3664 2912 3733 locus
2944 3664 3036 3727 hic,
3053 3677 3383 3733 quantumque
3404 3666 3648 3733 refulget,

2287 3725 2378 3792 Qui
2404 3727 2584 3792 meruit
2606 3725 2954 3792 talessibtmet
2976 3725 3270 3792 cenqnirere
3305 3725 3499 3792 patres;

2288 3789 2382 3851 Qui
2418 3785 2568 3851 veluti
2591 3786 2723 3851 soles
2746 3789 2847 3837 bini
2871 3801 2958 3838 nos
2974 3785 3287 3851 irradiantes,

2285 3849 2475 3899 Emicat
2495 3850 2577 3898 hic
2598 3849 2752 3912 cadis,
2774 3854 2999 3912 alterque
3025 3863 3248 3903 coruscat
3268 3849 3315 3902 in
3343 3851 3503 3903 arvisl

2225 3932 2510 4001 ﬂuensque
2534 3932 2963 4001 venisseaumciat
2979 3944 2998 3997 ;
3014 3933 3134 4001 dicit
3173 3937 3305 3986 enim
3326 3942 3491 3988 sancta
3514 3934 3814 4001 Scriptura:

2227 3994 2304 4047 lie
2337 3994 2607 4045 laudaveris
2622 3994 2874 4045 hominem
2906 3996 2958 4045 in
2980 3994 3080 4046 vita
3101 4007 3207 4047 sua.

2298 4096 2387 4154 19..
2413 4095 2609 4164 Porro,
2638 4112 2763 4154 cum
2814 4097 2889 4154 ita
2919 4107 3069 4155 certa
3112 4108 3168 4156 et
3205 4097 3493 4157 manifesta
3521 4101 3815 4161 videantur

2229 4196 2569 4261 argumenta,
2618 4189 2813 4259 quibus
2841 4188 3123 4247 Odilonem
3173 4200 3361 4248 sancto
3402 4191 3604 4250 Maiolo
3635 4194 3813 4251 adhuc

2230 4278 2525 4350 superstite
2560 4280 2614 4335 in
2642 4280 2893 4337 abbatem
2938 4280 3350 4340 Cluniacensem
3376 4283 3612 4340 electum
3645 4285 3813 4343 fuisse

2230 4370 2518 4440 probatur,
2546 4369 2733 4425 mirari
2765 4369 3176 4428 subitMaiolum
3207 4373 3261 4429 in
3284 4374 3625 4431 monasterio
3652 4374 3813 4431 Silvi-

2229 4461 2470 4518 niacensi
2499 4462 2659 4518 morti
2693 4463 3021 4533 proximum,
3051 4479 3083 4520 a
3116 4464 3386 4522 fratribus
3416 4467 3813 4540 interrogatum

2229 4552 2318 4609 cui
2370 4553 2610 4624 regimen
2657 4554 2889 4609 abbatis:
2934 4557 3380 4612 committendum
3435 4556 3624 4623 vellet,
3677 4557 3814 4615 nihil

2229 4655 2457 4712 prorsus
2496 4641 2562 4696 de
2605 4651 2797 4697 sancto
2832 4640 3063 4699 0dilone
3110 4644 3473 4716 respondisse.
3520 4644 3581 4701 Id
3610 4646 3813 4717 quippe

2230 4736 2463 4788 testatur
2508 4730 2678 4803 Syrus
2728 4732 2845 4803 ejus
2904 4734 3196 4806 discipulus
3250 4745 3308 4791 et
3366 4733 3504 4791 Vita:
3545 4737 3809 4807 scriptor.

2226 4826 2338 4881 lino
2366 4826 2421 4880 in
2470 4824 2641 4881 altera
2675 4824 2814 4892 Vita,
2841 4841 2962 4896 qua:
2999 4827 3230 4883 habetur
3279 4827 3333 4882 in
3380 4825 3699 4898 Appendice
3737 4828 3808 4881 ad

2225 4915 2616 4973 Bibliothecam
2675 4915 3086 4974 Cluniacensem
3111 4958 3125 4982 ,
3180 4915 3407 4972 Maiolus
3461 4915 3813 4987 respondisse

2229 5008 2425 5064 dicitur
2450 5027 2464 5063 :
2500 5009 2622 5064 Non
2647 5019 2720 5063 est
2741 5018 2996 5076 nostrum,
3018 5010 3121 5080 filii
3140 5008 3458 5075 charissimi,
3484 5009 3627 5064 vobis
3648 5008 3814 5063 abba.

2225 5109 2328 5153 tem
2358 5097 2566 5168 eligere,
2598 5099 2687 5152 sed
2714 5099 2892 5172 magni
2944 5099 3152 5154 consilii
3173 5098 3401 5170 Angelus
3442 5115 3548 5154 non
3574 5098 3814 5168 patietur

2225 5205 2312 5243 vos
2338 5188 2430 5242 diu
2456 5182 2797 5253 inconsultas,
2825 5194 2933 5245 etc.
2972 5189 3056 5245 An
3086 5191 3229 5260 quod
3276 5188 3433 5249 Odilo
3461 5188 3695 5244 abbatia:
3719 5202 3812 5244 rc—

2223 5281 2403 5350 gimcn
2449 5282 2724 5350 suscipere
2767 5288 3041 5347 renucrct,
3081 5289 3143 5337 ut
3190 5295 3419 5336 numero
3474 5279 3813 5350 praecedenti
