4116 5358
292 157 388 215 διι

273 370 316 410 ι
341 367 537 413 cuncta
565 366 986 434 congregatione
1016 370 1271 432 electum.

641 449 731 506 IV.
762 455 894 510 Acta
923 459 1018 511 sub
1039 475 1219 519 sancto
1249 467 1493 527 Odilone.

355 536 442 591 13.
473 536 753 610 Superiori
783 553 1124 636 paragrapho
1169 557 1388 616 chartas
1431 565 1639 636 aliquot
1673 569 1858 627 lauda-

279 627 458 683 vimus
505 646 647 684 anno
674 631 778 688 992
807 633 912 692 aut~
948 647 1193 711 sequenti
1237 650 1410 719 datas,
1443 627 1582 726 quas,
1606 675 1730 716 cum
1758 666 1858 720 sub

279 715 456 772 Ilaioli
490 728 543 774 et
569 721 810 780 0dilonis
834 733 1107 786 communi
1141 715 1610 803 administratione
1641 753 1855 824 scriptae

278 806 503 872 fuerint,
542 812 675 865 nihil
706 813 898 869 mirum
927 829 1012 873 est
1053 821 1096 875 si
1142 824 1456 886 alterutrius
1486 850 1681 892 nomen
1718 856 1853 910 pra:-

278 895 475 952 ferant.
508 899 780 967 Quantum
820 922 947 962 vero
989 911 1089 966 sub
1131 917 1294 973 tantis
1328 921 1459 977 viris
1492 925 1695 996 vigeret
1728 933 1852 986 reli-

275 987 364 1056 gio
420 993 740 1060 monastiea,
801 997 976 1070 colligi
1021 1013 1198 1071 potest
1252 1023 1317 1063 ex
1369 987 1574 1069 chartav
1605 1019 1848 1078 Walterii

275 1080 571 1138 Alduensis
606 1086 844 1159 episcopi
883 1093 1070 1148 eodem
1115 1105 1372 1170 tempore,
1415 1119 1560 1162 anno
1602 1111 1852 1172 videlicet

275 1185 329 1223 vi
367 1170 608 1243 Hngonis
639 1179 799 1249 regis,
839 1197 1026 1241 mense
1066 1185 1224 1256 Maio,
1273 1193 1418 1262 data,
1453 1197 1506 1252 in
1551 1216 1657 1270 qua
1683 1221 1852 1260 caeno-

272 1262 421 1315 bium
458 1263 800 1325 Cluniacense
827 1273 927 1327 sibi
953 1293 1063 1346 pra:
1091 1282 1290 1336 ca’leris
1311 1302 1486 1342 amore
1511 1293 1846 1361 conjunctum

271 1352 420 1420 dicit,
449 1355 537 1409 ubi
556 1358 712 1426 pollet
736 1363 937 1435 religio,
962 1376 1102 1437 etc.;
1129 1381 1240 1428 tum
1262 1375 1312 1430 ei
1335 1377 1560 1437 dimittit
1581 1352 1845 1457 quidquid

268 1443 338 1495 ad
366 1460 426 1500 se
452 1447 535 1502 vel
566 1450 634 1504 ad
656 1453 1070 1516 archidiaconos
1100 1473 1347 1534 spectare
1369 1484 1554 1540 posset
1586 1443 1641 1530 in
1671 1443 1846 1538 eccle-

268 1533 366 1588 siis
413 1538 478 1591 ad
523 1537 726 1596 dictum
785 1547 1087 1606 coenobium
1128 1556 1548 1630 pertinentibus,
1597 1574 1842 1642 exceptis

267 1631 454 1680 tamen
501 1630 848 1698 synodalibus
894 1638 1142 1712 eulogiis.

263 1716 541 1785 exprimit,
580 1721 787 1778 scilicet
811 1726 877 1781 de
906 1727 1332 1804 Algaio-monte,
1358 1741 1423 1796 de
1451 1742 1692 1814 Treseia,
1718 1767 1843 1808 san-

263 1808 338 1861 cti
387 1808 728 1884 Leodegarii,
787 1817 984 1877 Montis
1030 1823 1258 1894 Malarii,
1312 1808 1758 1909 Terv'isi,\"allis,
1787 1856 1845 1901 et

260 1909 468 1955 sanctae
490 1901 690 1960 Mariae.
723 1906 1080 1968 Subscribunt
1102 1931 1300 1986 praetor
1326 1921 1499 1990 ipsum
1526 1901 1842 1990 Walterium

259 1984 551 2046 Elinardus
598 1993 786 2066 abbas,
839 2007 950 2054 tum
993 1984 1290 2075 praepositi,
1331 1984 1542 2082 cantor,

259 2077 469 2148 abbas,
541 2081 656 2156 Ugo
727 2089 932 2158 abbas,
1006 2094 1240 2169 denique
1303 2077 1842 2182 archipresbyteriet

257 2174 531 2229 cnnonici.
601 2177 746 2234 Idem
801 2184 1115 2256 episcopus,
1165 2207 1308 2250 anno
1381 2213 1542 2266 ms,
1597 2203 1840 2264 Lotharii

264 2263 437 2334 regis,
476 2276 666 2325 sancto
683 2269 880 2332 Maiolo
909 2275 1130 2337 dederat
1157 2283 1413 2345 ecclesias
1435 2263 1634 2350 sancta:
1657 2294 1840 2354 Maria:

255 2353 325 2407 de
353 2355 802 2432 Monte-Memrdi,
849 2375 901 2422 et
925 2382 1126 2428 sancta:
1157 2373 1338 2432 Mariae
1374 2381 1430 2435 in
1476 2383 1600 2439 villa
1649 2385 1832 2453 Vallis,

257 2457 474 2499 necnon
502 2455 556 2502 et
585 2451 720 2506 alios
741 2467 1033 2524 proventus
1055 2472 1108 2516 et
1128 2465 1367 2524 decimas
1393 2472 1633 2530 ecclesia:
1659 2479 1834 2534 sancti

256 2529 519 2591 Germani
549 2539 685 2595 villa:
729 2542 1001 2616 Tyrinaci,
1031 2552 1120 2607 ubi
1165 2559 1416 2614 monachi
1447 2559 1835 2625 Cluniacenses

252 2623 308 2674 in
352 2625 648 2684 obedientia
706 2638 936 2704 quotidie
984 2645 1316 2703 assistebant.
1376 2651 1452 2706 De
1495 2653 1832 2726 idagabrensi

250 2723 439 2770 autem
477 2722 744 2791 cmnobio,
773 2729 912 2795 quod
947 2730 1089 2787 idem
1142 2739 1369 2795 antistes
1401 2722 1831 2807 sancto'Odiloni

250 2807 537 2865 meliorem
584 2813 639 2868 in
669 2823 867 2874 statum
912 2828 1273 2884 revocandum
1302 2835 1562 2902 ,tradidit,
1605 2839 1831 2899 inferius

252 2899 530 2968 dicemus;
558 2904 773 2962 interim
808 2911 874 2966 de
896 2913 1272 2976 donationibus
1293 2935 1417 2993 post
1450 2931 1622 2984 sancti
1649 2931 1826 2989 Maioli

245 2989 458 3045 obitum
512 2992 723 3051 0diloni
772 2998 930 3057 factis
984 3009 1246 3074 agendum
1293 2989 1651 3090 iest:quippe
1703 3039 1825 3079 cum
1855 3015 1902 3078 C

243 3081 349 3134 sub
377 3083 540 3154 hujus
569 3089 745 3144 sancti
762 3091 862 3146 viri
892 3095 1150 3166 regimine
1177 3100 1610 3164 Cluniacensium
1639 3128 1828 3170 mona-

244 3171 476 3226 chorum
515 3180 818 3240 sanctitatis
865 3181 1009 3239 fama
1045 3203 1151 3243 non
1209 3191 1385 3249 minus
1415 3211 1574 3266 quam
1603 3215 1824 3260 suorum

243 3259 595 3320 decesserunt
628 3279 870 3341 tempore
899 3275 1126 3334 celebris
1154 3279 1337 3348 fuerit,
1361 3291 1598 3360 episcopi
1622 3293 1824 3365 aliique

240 3350 346 3404 viri
378 3354 584 3410 nobiles
607 3359 774 3415 multa
804 3364 882 3418 eis
905 3364 1045 3422 bona
1073 3384 1477 3443 concesserunt,
1495 3396 1558 3433 ex
1591 3397 1820 3450 quorum

239 3439 452 3499 chartis
494 3449 658 3504 multa
699 3452 959 3514 discimus
1006 3461 1075 3516 ad
1107 3462 1390 3523 historiam
1442 3469 1819 3533 illustrandam

239 3530 387 3587 haud
422 3550 610 3604 parum
643 3543 816 3599 utilia.

314 3621 404 3675 Η.
439 3625 595 3682 Anno
626 3645 667 3684 tt
713 3631 921 3693 Rodulli
957 3639 1282 3714 Burgundia:
1331 3649 1709 3723 Transjuranae
1731 3677 1819 3718 re-

236 3710 346 3779 gis,
393 3730 578 3772 mense
623 3723 812 3790 Aprili,
858 3710 1190 3804 proindeque
1225 3753 1368 3795 anno
1395 3710 1518 3810 995;
1552 3710 1815 3806 siverum

232 3801 308 3856 su
340 3803 647 3864 Conradum
677 3811 889 3870 Rodulﬁ
926 3801 1136 3888 ρειτεὼ
1184 3827 1270 3883 die
1316 3830 1384 3886 19
1411 3801 1814 3897 Octobrisvanni

233 3892 340 3947 995
366 3910 398 3949 e
431 3896 564 3953 vivis
592 3905 910 3975 excessisse,
941 3911 1193 3972 Artaldus
1238 3934 1423 3979 comes
1450 3926 1596 3983 dedit
1623 3941 1814 3987 sancto

233 3983 452 4042 0diloni
501 3989 782 4047 ecclesiam
829 4001 1002 4054 sancti
1039 4001 1186 4059 Petri
1216 4007 1271 4063 in
1314 4011 1440 4066 villa
1464 3983 1811 4089 Marogliaco,

230 4091 359 4132 cum
405 4084 803 4154 presbyteratu,
828 4089 1050 4148 decimis
1073 4101 1414 4161 etuniversis
1464 4084 1810 4182 appedditiis,

229 4179 370 4236 etc.,
402 4173 457 4226 in
485 4189 614 4244 agro
639 4176 986 4250 Lugdunensi
1018 4195 1073 4241 et
1094 4188 1428 4251 Rodenensi.
1457 4173 1515 4254 Is
1533 4173 1611 4256 for
1624 4213 1672 4258 te
1695 4204 1812 4274 ipse

231 4273 320 4314 cst
347 4263 604 4322 Artaldus
635 4271 727 4339 qui
748 4271 801 4326 in
823 4273 991 4332 altera
1017 4277 1227 4348 charta,
1257 4300 1378 4356 quae
1403 4297 1486 4343 est
1513 4292 1630 4348 sine
1659 4263 1803 4364 data,

228 4351 454 4410 donavit
487 4357 668 4415 villam
695 4365 865 4419 sancti
890 4366 1135 4439 Praajecti
1175 4351 1424 4433 Memboli
1449 4381 1502 4435 in
1532 4398 1669 4456 pago
1699 4388 1806 4442 Va—
1837 4368 1884 4429 ί)

227 4440 540 4515 lentinensi,
579 4453 666 4507 cui
701 4455 1017 4530 subscripsit
1045 4464 1272 4524 Pontius
1312 4470 1570 4531 Ademari
1593 4440 1804 4538 comitis

226 4530 395 4589 ﬁlius.

299 4626 387 4680 15.
437 4628 596 4688 Anno
636 4649 702 4690 ιιι
741 4636 981 4707 ejusdem
1023 4647 1166 4716 regis
1210 4648 1445 4717 Rodulli,
1478 4653 1804 4717 Humbertus

223 4718 512 4792 episcopus
546 4724 1076 4802 Cratianopolitanus
1120 4741 1268 4795 dedit
1310 4745 1559 4801 ccenobio
1587 4747 1806 4805 Clunia-

225 4814 394 4880 censi,
430 4818 538 4883 ubi,
575 4819 770 4890 inquit,
811 4825 1034 4884 domnus
1075 4829 1234 4885 0dilo
1257 4835 1418 4891 abbas
1454 4853 1666 4908 prtem,
1695 4858 1808 4898 me—

225 4903 484 4962 dietatem
512 4913 679 4967 castri
710 4913 780 4970 de
805 4915 992 4974 Visilia
1012 4936 1134 4976 cum
1161 4929 1272 4978 toto
1295 4903 1467 5000 burgo
1495 4938 1550 4983 et
1573 4932 1806 4988 ecclesia

222 5010 428 5057 sancta:
468 5003 668 5060 Mariae.
718 5007 855 5063 Item
907 5014 1192 5070 ecclesiam
1252 5022 1423 5074 sancti
1471 5021 1684 5080 Martini
1737 5026 1806 5082 de

220 5086 566 5150 Ponte-Rosa
623 5111 746 5153 cum
779 5099 1025 5172 decimis,
1067 5106 1432 5168 oblationibus
1462 5120 1518 5166 et
1557 5117 1804 5170 ctemite-

221 5180 337 5235 riis.
378 5181 833 5256 Subscripserunt
878 5192 1248 5266 Frideburgis,
1291 5201 1531 5269 ejusdem
1562 5209 1802 5278 episcopi

217 5281 410 5338 mater,
428 5276 612 5348 Wigo,
637 5277 808 5335 frater
829 5281 965 5354 ejus,
993 5299 1046 5344 et
1067 5287 1397 5349 Humbertus
1422 5295 1704 5358 episcopus
1732 5302 1800 5356 de

1733 188 2059 250 ELOGIUM.
2105 200 2116 209 '

287 269 639 338 successisse,
660 288 889 347 eumque
917 273 1028 336 tam
1054 283 1122 342 ab
1157 286 1272 358 ipso
1296 288 1521 366 Hugone
1553 311 1678 370 rege
1699 315 1860 371 quam
1887 314 1932 368 Α
1964 309 2146 376 erepit,
2183 312 2401 380 quidam
2442 317 2749 391 Ayroardus

3428 228 3535 287 842

2802 335 3134 389 monasterio
3191 338 3533 405 Cluniacensi

1963 395 2108 451 dedit
2139 416 2385 457 mansum
2408 406 2852 472 indominicatum
2882 420 2937 476 in
2961 438 3100 494 pago
3127 426 3527 494 Matisconensi.

1957 485 2114 542 Anno
2149 489 2274 545 item
2327 508 2345 546 ι
2395 495 2640 566 Roberti,
2684 501 2838 561 Odilo
2885 485 3132 580 quaedam
3179 485 3533 586 commutavit

1957 591 2080 632 cum
2114 579 2307 637 Maiolo
2337 592 2624 656 pmposito
2652 579 3048 669 Matisconcnsi,
3085 613 3206 677 qum
3231 579 3529 676 commota:

1956 667 2034 720 tio
2063 668 2148 722 die
2175 670 2208 723 2
2233 670 2430 739 Martii,
2457 680 2786 754 proindeque
2814 704 2954 747 anno
2991 667 3144 752 997}
3176 667 3529 768 minus};

1956 754 2184 813 Widone
2207 765 2500 830 approbata
2525 769 2648 828 fuit.

1947 1210 2284 1276 petitionem.
2308 1218 2441 1276 Data
2457 1235 2540 1280 est
2565 1232 2703 1298 apud
2723 1234 2922 1291 Ansam
2947 1240 3149 1310 villam,
3177 1210 3520 1312 st'KZIendas

1946 1296 2100 1367 Julii,
2143 1305 2439 1368 indictione
2474 1331 2555 1382 ιιι,
2585 1296 2690 1375 etc.
2733 1325 3080 1387 Reamundus
3110 1337 3178 1391 ad
3208 1339 3378 1396 vicem
3411 1347 3524 1402 An-

1946 1393 2057 1460 susi
2094 1397 2330 1469 episcopi
2363 1412 2696 1478 recognovit.
2733 1413 2839 1471 Sed
2887 1423 3205 1483 manifestus
3231 1447 3389 1489 error
3412 1449 3518 1493 est.

1945 1479 2170 1540 Constat
2202 1489 2400 1562 quippe
2427 1495 2566 1554 hanc
2592 1502 2836 1560 chartam
2869 1523 2988 1565 esse
3016 1479 3392 1592 [indulti-qui,

3147 1569 3154 1570 ,
3281 1569 3392 1592 ,η
3421 1569 3516 1582 ...π

1947 1569 2062 1626 rolo
2110 1574 2366 1647 Simplice
2417 1583 2471 1638 in
2502 1602 2724 1646 carcere.
2772 1595 3011 1667 detento,
3037 1602 3371 1666 Francorum
3422 1631 3517 1671 rex

1198 1645 1465 1707 Ecclesias
1509 1667 1689 1714 autem
1745 1663 1844 1720 1.3,-
1877 1666 1923 1728 υ
1949 1645 2248 1731 appellatus
2274 1681 2353 1725 est
2387 1689 2530 1730 anno
2558 1678 2686 1735 925.

2023 1756 2108 1811 18.
2138 1758 2276 1814 Αιιιιὶ
2307 1763 2428 1830 998,
2457 1770 2545 1836 qui
2567 1770 2778 1831 Rodulﬁ
2809 1781 2952 1852 regis
3006 1787 3228 1854 quintus
3258 1792 3382 1861 fuit,
3410 1799 3515 1853 ini-

2871 1842 2899 1852 ν
3021 1842 3037 1854 ,
3149 1842 3225 1846 νὴ-
3259 1842 3382 1861 __--,

1949 1842 2044 1907 tio,
2085 1847 2224 1903 idem
2258 1869 2374 1918 rex,
2411 1869 2530 1925 post
2557 1877 2842 1926 concessas
2874 1872 2984 1941 jam
3006 1889 3175 1936 antea
3213 1883 3267 1939 in
3298 1886 3516 1946 Clunia-

1945 1939 2186 1994 censium
2223 1947 2452 2014 gratiam
2488 1953 2693 2024 aliquot
2727 1939 2965 2033 chartas,
3014 1985 3176 2028 unam
3209 1975 3356 2033 dedit
3405 1999 3513 2052 qua

2949 2029 2958 2033 -
3408 2029 3513 2052 -.---

1944 2029 2125 2087 varias
2164 2035 2244 2090 eis
2302 2045 2676 2106 possessiones
2719 2054 3008 2113 conﬁrmat
3057 2062 3112 2117 in
3171 2068 3516 2130 comitatibus

1941 2121 2306 2195 Lugdunensi,
2333 2131 2555 2192 Forensi
2590 2150 2644 2195 et
2696 2142 3002 2206 Viennensi.
3052 2155 3186 2212 Data
3210 2172 3294 2215 est
3323 2164 3380 2217 ii:
3405 2163 3514 2219 Pa-

1939 2218 2192 2284 ternisco,
2228 2237 2371 2279 anno
2406 2225 2530 2295 998,
2577 2231 2788 2292 Rodulﬁ
2835 2243 2975 2312 regis
3014 2248 3219 2316 quinto.
3261 2218 3512 2311 Pudicius

1938 2309 2281 2370 cancellarius
2309 2316 2378 2372 ad
2401 2320 2558 2378 vicem
2591 2325 2856 2399 Purgardi
2871 2309 3245 2413 archiepiscopi
3264 2353 3312 2398 et
3335 2309 3511 2400 are/ai;

1936 2406 2241 2463 ccnccllarii
2257 2417 2564 2484 recognovit.
2589 2419 2732 2478 idem
2761 2439 2878 2492 rex,
2896 2445 3037 2484 anno
3058 2433 3203 2502 regni
3226 2437 3307 2490 sui
3329 2449 3506 2506 sexto,

1934 2497 2036 2552 sub
2072 2497 2231 2556 ﬁnem
2290 2505 2498 2562 scilicet
2550 2509 2787 2580 ejusdem
2828 2521 2956 2574 anni
3008 2497 3142 2586 998:
3164 2528 3348 2583 uxoris
3397 2546 3508 2586 suae

1934 2586 2241 2656 Agildrudis
2268 2597 2468 2667 reginae
2495 2609 2550 2655 et
2593 2601 2897 2664 Purcfiardi
2925 2615 3316 2691 archiepiscopi
3340 2623 3508 2679 inter-

1933 2688 2094 2734 ventu
2122 2683 2464 2744 confirmavit
2508 2695 2688 2750 omnia
2714 2713 2970 2773 praecepta
2998 2683 3193 2778 regalia
3213 2683 3504 2773 et'clmrtas

1930 2782 2024 2822 seu
2049 2771 2355 2832 donationes
2399 2781 2463 2834 ab
2500 2785 2620 2839 aliis
2655 2771 2895 2854 ﬁdelibus
2939 2771 3272 2856 Cluniacensi
3316 2771 3504 2863 mana;

1930 2864 2088 2916 ειεήο
2115 2865 2259 2921 intra
2285 2871 2436 2939 regni
2458 2874 2541 2928 sui
2571 2875 2709 2937 ﬁnes
2739 2881 2930 2951 factas,
2959 2901 3160 2960 easque
3181 2909 3323 2950 more
3335 2901 3503 2966 patris

1930 2954 2013 3004 sui
2035 2954 2183 3009 bona:
2212 2961 2476 3017 memoria:
2509 2965 2565 3020 in
2586 2970 2823 3027 omnibus
2845 2977 3015 3033 missis
3039 2994 3284 3052 renovat,
3309 3002 3371 3044 ac
3391 2989 3504 3045 sin-

1930 3040 2153 3111 gillatim
2184 3059 2450 3106 recenset.

2000 3132 2087 3187 19.
2119 3135 2277 3192 Anno
2307 3139 2434 3195 item
2461 3142 2565 3201 998
2587 3156 2680 3203 aut
2715 3156 2984 3223 sequenti,
3015 3175 3140 3215 nam
3161 3163 3350 3221 charta
3374 3168 3500 3225 data

1923 3229 2006 3274 est
2058 3238 2201 3280 anno
2227 3243 2288 3282 ιιι
2331 3229 2554 3289 Rob'erti
2584 3239 2750 3308 regis,
2809 3246 2900 3314 qui
2953 3263 3096 3305 anno
3148 3252 3272 3320 996,
3311 3255 3399 3312 die
3430 3259 3500 3314 2L

1924 3313 2192 3384 Octobris,
2234 3323 2507 3392 defuncto,
2543 3338 2600 3384 ut
2625 3313 2843 3400 quidem
2875 3355 3182 3411 censemus,
3209 3359 3366 3417 patre
3398 3366 3497 3406 suo

1922 3402 2150 3476 Hugone
2184 3416 2557 3474 monarchiam
2583 3421 2832 3492 obtinuit,
2858 3402 3494 3496 Bernardus'deditCO‘di:

1919 3491 2029 3549 loni
2077 3505 2133 3551 et
2171 3506 2502 3560 monasterio
2554 3491 2896 3572 Cluniacensi
2940 3523 3281 3581 medietatem
3329 3529 3496 3588 alodii

1918 3587 2002 3641 sui
2033 3587 2087 3642 in
2123 3590 2247 3646 villa
2297 3593 2562 3655 Buxerias
2595 3617 2692 3672 pro
2718 3608 2897 3663 anima
2933 3610 3117 3671 fratris
3150 3619 3231 3672 sui
3277 3619 3493 3682 Israelis

1918 3678 2092 3734 adhuc
2125 3681 2374 3740 viventis.
2413 3688 2556 3744 ldem
2611 3693 2915 3756 Bernardus
2968 3703 3022 3758 in
3075 3705 3246 3763 altera
3277 3713 3490 3783 charta,

1916 3786 2036 3842 qua»:
2061 3773 2186 3829 data
2233 3786 2318 3832 est
2343 3795 2487 3837 anno
2512 3799 2542 3837 v
2566 3784 2784 3845 Roberti
2828 3795 2989 3864 regis,
3029 3797 3228 3854 dicitur
3257 3804 3402 3859 miles
3433 3817 3490 3862 et

1914 3863 2196 3916 secundant
2230 3869 2412 3922 διεσαιὶ
2437 3872 2742 3942 dignitatem
2775 3881 2854 3932 vir
2885 3863 3235 3953 clarissimus,
3265 3900 3319 3945 et
3364 3909 3489 3949 cum

1911 3949 2101 4006 Emma
2130 3971 2295 4012 uxore
2319 3975 2415 4014 sua
2443 3964 2607 4018 donat
2626 3982 2689 4022 ea
2734 3983 2854 4039 quae
2887 3972 3116 4031 habebat
3142 3979 3195 4033 in
3227 3982 3351 4036 villa
3378 3983 3488 4039 Bu-

1911 4041 2092 4096 xerias
2120 4043 2172 4097 in
2204 4061 2343 4116 pago
2373 4049 2771 4124 Matisconensi,
2817 4061 2868 4114 in
2897 4063 3090 4134 pignus
3115 4083 3213 4138 pro
3239 4071 3488 4132 ducentis

1909 4132 2115 4188 solidis.
2148 4135 2527 4209 Quinquennio
2552 4157 2739 4216 postea
2772 4132 2978 4223 elapso,
3031 4156 3084 4213 id
3115 4132 3201 4215 est
3230 4178 3372 4221 anno
3393 4169 3487 4224 de-

1907 4222 2050 4279 cimo
2095 4228 2237 4298 regis
2291 4229 2534 4298 Roberti,
2575 4238 2687 4294 haec
2736 4222 2923 4299 eadem
2981 4246 3168 4306 Emma
3220 4252 3485 4316 Bernardi

1909 4329 2047 4371 uxor
2071 4334 2192 4374 cum
2235 4320 2450 4389 Maiolo,
2501 4332 2678 4384 mariti
2710 4334 2792 4388 sui
2850 4334 3040 4402 fratre,
3078 4353 3288 4410 partem
3329 4364 3482 4406 suam

1909 4406 2149 4475 ejusdem
2180 4412 2318 4469 villa:
2369 4413 2648 4486 Buxcrias,
2695 4441 2858 4495 quam
2887 4445 3010 4485 cum
3053 4431 3272 4502 Israele,
3311 4441 3482 4497 altero

1908 4495 2169 4555 Bernardi
2222 4499 2407 4567 fratre,
2441 4508 2639 4577 partita
2670 4511 2861 4582 fuerat,
2921 4519 3094 4576 eidem
3149 4532 3481 4584 monasterio

1909 4591 2196 4646 concessit.
2228 4592 2470 4665 Denique
2497 4601 2684 4656 eadem
2711 4603 2767 4658 in
2797 4605 2902 4662 alia
2924 4609 3132 4678 charta,
3168 4614 3254 4669 ubi
3283 4617 3482 4672 dicitur

1907 4676 2169 4734 Bernardi
2193 4683 2472 4741 clarissimi
2493 4692 2674 4746 militis
2705 4711 2859 4762 uxor,
2893 4699 3039 4759 dedit
3087 4718 3206 4756 cum
3246 4704 3356 4760 ﬁlio
3382 4723 3480 4762 suo

1909 4767 2261 4828 Gauceranno
2291 4785 2345 4829 et
2370 4778 2476 4833 ﬁlia
2523 4781 2729 4847 Etnma,
2759 4799 2855 4853 pro
2895 4790 3169 4858 Sepultum
3207 4807 3305 4844 sua
3341 4796 3480 4863 apud

1909 4859 2246 4930 Cluniacum,
2273 4879 2360 4922 res
2382 4881 2516 4938 quas
2547 4871 2781 4926 habebat
2809 4875 2864 4927 in
2890 4891 3020 4946 agro
3042 4878 3392 4937 Ammacensi
3424 4885 3477 4938 in

1909 4965 2046 5022 pago
2074 4951 2473 5012 Matisconensi.
2509 4957 2660 5014 Unde
2700 4971 2846 5029 patet
2875 4965 3016 5020 hanc
3047 4965 3312 5024 familiam
3355 4986 3481 5043 erga

1908 5042 2221 5098 Cluniacum
2249 5048 2793 5103 beneﬁcentissimam
2818 5051 3003 5110 fuisse.
3039 5053 3134 5109 Hic
3161 5070 3329 5122 porro
3357 5062 3485 5116 Ber-

1906 5134 2110 5188 nardus
2147 5135 2215 5189 ab
2241 5137 2347 5192 alio
2383 5139 2620 5206 ejusdem
2647 5141 2876 5195 nominis
2923 5144 3362 5215 distinguendns,
3393 5152 3484 5220 qui
3561 5145 3575 5162 ⁸

1903 5223 2094 5278 eodem
2115 5221 2356 5292 tempore
2385 5241 2450 5280 ac
2475 5226 2667 5280 eadem
2696 5227 2751 5282 in
2781 5227 3000 5299 regione
3020 5231 3256 5298 vivebat,
3289 5239 3490 5308 Quique

1902 5325 2030 5358 erga
2081 5309 2394 5358 Cluniacnm
2428 5314 2705 5358 beneﬁcum
2758 5317 2850 5358 fuit
2927 5331 2985 5358 nt
3031 5330 3171 5358 mm
3235 5344 3301 5358 ι...
3374 5334 3488 5358 ηε.--
