4116 5358
552 287 657 345 813

1514 286 1570 343 S.
1615 286 1930 346 ODlLONlS
1971 290 2474 349 CLUNIACENSIS
2512 294 2805 352 ABBATIS
2842 295 2883 353 V

3724 305 3830 366 ω

550 406 806 466 habuisse
857 402 1013 466 filios.
1058 398 1334 458 Josaldum
1368 402 1621 463 videlicet
1648 414 1702 461 et
1744 405 2128 474 Joserannum,
2159 418 2207 477 Α
2235 413 2386 467 sterii
2414 411 2852 471 Paterniacensis
2874 416 3121 473 conditor
3146 416 3310 473 fuisse
3332 414 3549 483 dicitur,
3578 424 3829 483 ancillam

549 512 780 571 quorum
811 495 1009 566 prioris
1049 493 1279 550 fortasse
1325 493 1428 549 fuit
1461 494 1755 565 Jotsaldus,
1780 510 1967 570 postea
2003 501 2132 558 Clu-

549 589 821 646 uiacensis
848 589 1145 644 monachus
1181 598 1238 644 et
1264 588 1409 645 beati
1438 582 1683 647 0dilonis
1708 594 1834 649 vitae
1873 597 2130 667 scriptor.

546 680 644 736 llis
688 693 904 750 quoque
966 679 1182 748 adjungi
1233 687 1412 751 potest
1454 680 1801 751 Bernardus,
1867 688 1959 755 qui
2009 704 2133 744 cum

545 781 722 851 uxore
739 786 839 827 sua
864 770 1010 836 Atta,
1046 778 1101 825 et
1125 772 1364 827 lioberto
1390 787 1578 829 eorum
1612 774 1737 835 ﬁlio,
1771 791 1915 833 anno
1938 790 2134 848 quarto

510 884 515 890 ·
546 863 957 934 Robertiregis,
986 862 1133 918 dedit
1162 864 1375 919 vineam
1407 866 1464 920 in
1486 865 1611 920 villa
1638 866 1854 937 Noglas.
1880 868 2007 925 Ilaec
2037 888 2133 926 au-

544 967 655 1013 tem
677 956 861 1013 omnia
893 955 1052 1011 simul
1085 954 1289 1012 referre
1318 958 1492 1013 visum
1528 968 1631 1025 est,
1668 974 1737 1014 ue
1786 971 2008 1032 propter
2035 980 2133 1019 no-

483 1107 486 1110 ,
544 1048 752 1102 minum
774 1048 1189 1102 consonantiam
1206 1046 1387 1117 aliqua
1401 1047 1741 1104 suboriretur
1765 1066 2128 1120 personarum

543 1139 811 1196 confusio.
845 1139 953 1194 Sed
976 1139 1090 1209 jam
1118 1154 1385 1194 annorum
1412 1141 1583 1196 series
1613 1144 1928 1212 repetenda.

609 1231 700 1286 20.
754 1231 913 1287 Anno
964 1230 1090 1297 999,
1148 1245 1334 1285 mense
1391 1232 1667 1296 Januario,
1728 1233 1942 1289 Rodulli
1990 1238 2132 1305 regis

542 1330 721 1389 sexto,
746 1322 905 1378 0dilo
933 1332 987 1378 et
1039 1322 1302 1378 Vivianus
1345 1323 1496 1394 prior
1538 1324 1786 1380 locarunt
1816 1328 1920 1382 sub
1951 1314 2132 1382 annuo

542 1432 709 1472 censu
729 1416 889 1477 Petro
907 1415 1063 1469 militi
1089 1415 1517 1485 etErmengardi
1546 1416 1661 1485 ejus
1688 1418 1867 1483 uxori,
1892 1429 2128 1475 castrum

540 1505 919 1562 Coudoreense
945 1522 1067 1561 cum
1098 1507 1211 1561 suis
1236 1507 1606 1576 pertinentiis,
1640 1511 1872 1579 receptis
1899 1511 1952 1565 in
1984 1528 2131 1566 com-

539 1599 912 1668 pensationem
944 1599 1115 1654 tribus
1144 1600 1367 1655 mansis.
1396 1601 1659 1656 Eumdem
1693 1618 1891 1657 annum
1916 1614 2129 1660 sextum

539 1690 756 1745 ﬂodulli
786 1690 928 1760 regis
951 1690 1169 1761 praefert
1194 1690 1379 1746 charta
1406 1690 1713 1759 Blismod'rs,
1747 1709 1865 1764 quae
1887 1710 1948 1750 se
1973 1696 2130 1763 femi-

2238 506 2531 575 quamdam
2572 522 2725 561 suam
2773 522 2897 563 cum
2942 508 3109 564 altera
3156 525 3220 565 ex
3263 513 3580 567 monasterii
3611 513 3833 573 Cluilius

2238 599 2418 655 censis
2440 598 2564 667 jure
2592 601 2964 656 commutavit.
2997 602 3200 657 Charta
3233 603 3358 657 data
3385 613 3472 660 est
3496 622 3645 663 anno
3671 609 3828 673 £005,

2237 707 2315 745 xu
2343 691 2556 746 Rodulli
2588 694 2752 763 regis,
2786 693 3079 748 indictione
3104 710 3194 759 tu;
3235 709 3356 764 quae
3401 697 3668 764 temporis
3695 711 3833 755 noue

2236 781 2441 852 optime
2463 782 2562 836 sibi
2593 784 2890 848 cohaerent,
2917 784 2963 838 si
3003 784 3221 852 quidem
3247 783 3516 841 Rodulfus
3540 804 3688 842 anno
3708 790 3831 853 993,

2236 882 2357 944 post
2383 874 2553 943 patris
2583 875 2664 929 sui
2686 874 2912 939 obitum,
2948 890 3134 930 mense
3161 874 3380 932 Octobri
3407 893 3641 949 regnare
3670 882 3832 937 incie-

2236 965 2400 1033 petit.

2302 1055 2394 1109 25.
2426 1054 2505 1109 Ad
2539 1056 2679 1110 lnmc
2713 1057 2884 1126 ipsum
2915 1072 3115 1110 annum
3140 1096 3153 1118 ,
3184 1066 3277 1111 aut
3321 1067 3470 1112 certe
3514 1058 3584 1111 ad
3633 1075 3830 1113 annum

2237 1144 2373 1198 1020
2401 1144 2535 1216 (sola
2563 1147 2760 1216 quippe
2788 1144 3009 1201 indictio
3039 1163 3100 1200 ιιι
3134 1160 3393 1216 regnante
3417 1149 3665 1204 Roberm
3699 1151 3832 1205 indi-

2232 1233 2411 1304 catur)
2445 1236 2743 1289 revocanda
2775 1244 2860 1288 est
2888 1235 3164 1289 Lambcrti
3201 1237 3413 1291 comitis
3446 1238 3675 1293 donatio
3705 1256 3831 1292 san-

2233 1334 2320 1380 cto
2370 1324 2585 1380 Odiloui
2635 1326 2776 1381 facta
2828 1328 2988 1382 unius
3035 1327 3206 1383 mansi
3251 1328 3302 1382 in
3333 1328 3457 1382 villa
3493 1327 3730 1384 Latonai
3778 1332 3832 1386 in

2236 1417 2508 1473 territorio
2541 1417 2947 1473 Matisconensi.
2979 1418 3113 1473 Data
3145 1418 3224 1475 sic
3252 1419 3612 1489 exprimitur:
3645 1422 3831 1474 Actum

2230 1505 2433 1576 publice
2460 1508 2600 1577 apud
2631 1505 2933 1562 Cabilonem
2970 1508 3258 1569 civitatem,
3311 1518 3558 1578 regnante
3604 1508 3832 1563 Roberto

2234 1611 2366 1665 rege,
2408 1597 2547 1667 apud
2588 1614 2680 1650 nos
2711 1614 2827 1651 vero
2862 1596 3087 1651 Domino
3116 1596 3243 1651 Jesu
3275 1597 3485 1652 Christo
3516 1597 3622 1669 (Ω),
3656 1616 3831 1653 mense

2232 1686 2429 1756 Aprili,
2463 1687 2550 1742 die
2572 1687 2739 1755 lovis,
2771 1687 3053 1742 indictione
3078 1701 3160 1742 tu.

540 1800 661 1837 nam
687 1784 1068 1838 nobilissimam
1093 1793 1392 1854 nuncupat,
1420 1785 1655 1850 etdonat
1686 1785 1971 1841 ecclesiam
2001 1802 2128 1842 san-
2160 1779 2203 1837 Β
2300 1777 2392 1831 26-
2445 1778 2646 1833 Eadem
2694 1778 2923 1834 formula
2968 1779 3142 1834 utitur
3188 1779 3459 1838 Robcrtus
3503 1783 3733 1853 quidam
3780 1783 3833 1838 in

538 1884 641 1929 cla:
671 1873 918 1930 Maxime
946 1874 1012 1930 de
1056 1874 1365 1939 Talusatis;
1414 1875 1615 1931 charta:
1638 1878 1959 1949 subscripsit
2002 1895 2127 1935 cum

537 1971 651 2026 filio
685 1971 920 2026 Albuino
946 1981 1001 2026 et
1031 1970 1154 2027 aliis
1195 1971 1445 2027 testibus.

542 2078 549 2085 κ
607 2062 699 2115 2i.
731 2061 890 2116 Anno
911 2061 1133 2117 eirciter
1158 2062 1468 2129 millesimo,
1499 2063 1772 2120 Robertus
1800 2083 1894 2123 rex
1916 2077 1969 2123 et
1991 2066 2132 2123 Heu-

541 2153 706 2217 ricus,
730 2154 901 2224 patris
930 2153 1138 2209 scilicet
1167 2154 1517 2226 sui‘Hugonis
1553 2156 1739 2228 Capeti
1778 2159 1969 2226 frater,
2022 2163 2133 2219 dux

541 2244 1003 2315 Surgundionum,
1060 2245 1355 2315 diplomate
1391 2248 1666 2302 communi
1724 2260 2015 2306 vetuerunt
2063 2268 2132 2309 ne

540 2335 659 2406 quis
704 2334 849 2390 intra
891 2344 1073 2391 certos
1119 2335 1492 2391 Cluniacensis
1543 2340 1859 2395 monasterii
1905 2341 2128 2408 limites,

522 2443 672 2499 quos
705 2427 1011 2498 designant,
1033 2428 1315 2484 castellum
1340 2431 1538 2484 audeat
1562 2438 1900 2487 construere.
1927 2432 2132 2490 Charta

539 2527 621 2576 est
648 2520 855 2590 absque
883 2519 1008 2575 data
1039 2521 1094 2575 in
1120 2530 1310 2577 nostro
1347 2524 1683 2593 apographo,
1731 2525 1825 2580 sed
1862 2526 2003 2580 ultra
2028 2542 2130 2581 an-

539 2627 668 2666 num
698 2611 830 2667 1001
857 2610 1060 2666 differri
1091 2628 1196 2667 non
1223 2621 1421 2683 potest,
1452 2628 1572 2669 cum
1595 2615 1865 2677 Henricus
1887 2616 1990 2672 hoc
2016 2617 2132 2689 ipso

538 2716 684 2757 anno
704 2716 739 2757 e
776 2702 886 2756 vita
919 2704 1221 2758 excesserit
1258 2719 1446 2761 mense
1476 2704 1718 2760 Octobri.

613 2794 1200 2851 22.Annovt-Roberti
1218 2798 1381 2868 regis,
1400 2797 1551 2853 idest
1583 2813 1726 2853 anno
1758 2798 1888 2854 lOOl
1925 2808 2017 2855 aut
2047 2813 2133 2855 se-

537 2888 745 2960 quenti,
773 2887 819 2943 si
844 2887 910 2943 de
933 2889 1249 2943 monarchia
1277 2888 1627 2960 intelligatur,
1648 2889 1880 2946 'Maiolus
1902 2890 2131 2951 clericus

540 2981 804 3052 quasdam
829 2979 1253 3036 consuetudines
1293 2981 1347 3034 in
1377 2980 1538 3036 terris
1565 2983 1876 3037 monasterii
1914 2981 2131 3039 Clunia-

520 3074 715 3130 censis
728 3071 830 3129 sibi
847 3071 1060 3128 debitas
1079 3085 1202 3127 esse
1214 3072 1593 3137 contendebat,
1614 3073 1707 3128 sed
1730 3087 1914 3129 coram
1927 3070 2131 3130 Willel-

535 3181 625 3221 mo
654 3163 1036 3220 Matisconensi
1080 3164 1280 3219 comite
1303 3162 1528 3233 ejusque
1567 3178 1735 3218 uxore
1762 3163 2125 3221 Ermentrude

534 3272 701 3313 causa
728 3256 944 3312 cecidit.
970 3256 1231 3311 Eumdem
1260 3271 1462 3310 annum
1485 3255 1711 3311 Roberti
1741 3264 1952 3312 sextum
1984 3272 2123 3328 prae-

534 3348 644 3402 fert
689 3347 882 3403 charta
935 3348 1058 3402 data
1109 3361 1297 3403 mense
1354 3345 1538 3410 Junio,
1594 3347 1927 3417 proindcque
1981 3363 2123 3403 anno

532 3438 695 3505 1001,
726 3453 831 3509 qua
860 3438 1036 3494 Arlcis
1073 3439 1243 3494 donat
1273 3448 1463 3493 sancto
1518 3437 1714 3494 Maiolo
1741 3447 1796 3493 et
1843 3440 2124 3495 monachis

531 3531 670 3603 ejus,
712 3542 768 3586 ut
822 3548 914 3600 per
943 3532 1105 3601 ipsius
1158 3532 1347 3586 merita
1414 3530 1584 3586 valeat
1627 3532 1849 3602 adipisci
1905 3533 2124 3601 praemia

510 3634 752 3688 'cterna,
788 3633 997 3694 partem
1033 3624 1099 3679 de
1146 3624 1326 3678 medio
1365 3622 1553 3693 planto
1602 3624 1654 3678 in
1700 3609 1839 3695 pago
1868 3622 2123 3680 Matisco-

470 3733 478 3736 ‘
532 3718 710 3784 mensi,
743 3718 868 3773 villa
888 3717 1185 3781 'Marsiaco,
1206 3717 1325 3772 loco
1354 3716 1420 3771 ad
1466 3716 1834 3773 Trimbladam
1865 3718 2028 3774 dicto.
2065 3718 2120 3775 Si

532 3819 714 3864 tamen
745 3823 919 3864 annus
940 3807 1160 3863 Roberti
1190 3817 1375 3863 sextus
1396 3807 1483 3863 hic
1507 3808 1821 3878 designatus
1850 3808 2114 3880 intelliga-

532 3911 621 3956 tur
651 3900 716 3956 de
767 3908 1008 3970 tempore
1061 3914 1170 3970 quo
1208 3898 1366 3954 simul
1399 3914 1522 3954 cum
1559 3909 1715 3968 patre
1768 3914 1868 3955 suo
1898 3899 2124 3972 Hngone

532 3993 861 4064 regnaverit,
908 3992 1097 4047 charta
1145 3991 1259 4061 ipsa
1304 3992 1371 4046 ad
1421 4005 1623 4045 annum
1672 3990 1777 4046 995
1815 3992 2121 4047 revocanda

530 4086 664 4151 erit;
689 4086 783 4141 sed
801 4083 980 4140 Arleis
1004 4082 1183 4138 Maioli
1208 4082 1321 4152 jam
1352 4081 1616 4148 defuncti,
1642 4092 1701 4138 ut
1724 4084 1942 4154 quidem
1969 4084 2123 4140 vide-

533 4188 642 4244 tur,
664 4176 1030 4248 patrocinium
1066 4176 1360 4232 ambiebat.
1407 4174 1543 4230 Nam
1580 4176 1765 4231 statim
1794 4186 1919 4246 post
1951 4176 2122 4247 ipsius

438 4305 441 4308 ν
523 4279 768 4325 mortem
801 4269 947 4327 sacri
968 4268 1204 4324 honores
1233 4268 1282 4323 ei
1298 4266 1472 4322 delati
1494 4275 1641 4322 sunt.

599 4357 693 4413 23.
727 4359 882 4414 Anno
917 4357 1055 4412 1004
1089 4356 1339 4411 canonici
1382 4353 1717 4411 Vallavensis
1757 4356 2000 4412 ecclesiae
2039 4358 2122 4429 (le

533 4447 654 4519 Puy
680 4446 959 4517 en1’elay)
986 4447 1175 4502 domos
1199 4447 1459 4517 quasdam
1486 4448 1555 4502 ab
1575 4444 1802 4503 0dilone
1822 4448 2118 4520 petierunt,

2234 1872 2510 1927 chartario
2558 1872 2951 1928 Celsinianeusi
2977 1914 2991 1937 ,
3029 1873 3117 1928 cui
3152 1876 3532 1941 monasterio,
3577 1875 3674 1932 ubi
3709 1885 3833 1931 tunc

2231 1970 2461 2031 prmerat
2489 1962 2718 2019 domnus
2748 1963 2904 2019 0dilo
2929 1963 3098 2018 abbas
3119 2004 3135 2029 ,
3182 1963 3395 2020 confert
3426 1979 3524 2036 pro
3550 1966 3832 2037 sepultura

2233 2067 2331 2106 sua
2358 2051 2656 2108 vineam-in
2683 2060 2866 2107 monte
2896 2051 3122 2106 Dorcnsi
3155 2053 3338 2107 sitam.
3370 2052 3575 2109 Charta
3598 2056 3685 2111 sic
3707 2071 3833 2111 con-

2233 2143 2510 2199 cluditur:
2554 2142 2689 2196 Data
2732 2153 2981 2214 regnante
3027 2144 3253 2199 Roberto
3296 2161 3413 2216 rege
3454 2144 3832 2208 Francorum,

2233 2237 2336 2288 imo
2364 2234 2585 2288 Domino
2617 2246 2796 2290 nostra
2818 2236 2948 2291 Jesu
2974 2234 3204 2291 Christo.
3236 2236 3505 2292 Fundatio
3533 2238 3831 2294 Chauriaci

2234 2328 2571 2395 monasterii,
2602 2332 2746 2398 quod
2773 2327 3169 2385 Celsinianensi
3209 2330 3514 2402 subjectum
3547 2341 3636 2387 est
3657 2373 3673 2396 ,
3702 2331 3833 2386 data

2233 2428 2313 2475 est
2344 2419 2443 2473 sub
2472 2420 2662 2475 eadem
2686 2419 2940 2486 formula,
2972 2435 3135 2490 quam
3168 2421 3294 2476 item
3327 2421 3579 2477 adhibuit
3602 2421 3834 2475 Pontius

2234 2526 2414 2566 comes
2446 2512 2499 2565 in
2528 2510 2717 2566 charta
2746 2526 2852 2581 qua
2875 2511 3245 2581 possessiones
3270 2511 3475 2582 aliquot
3501 2510 3833 2567 Cluniacen-

2233 2606 2382 2661 sibus
2410 2606 2575 2661 donat
2601 2606 2652 2660 in
2689 2621 2825 2678 pago
2849 2604 3039 2661 Trevis
3058 2606 3213 2676 juxta
3242 2607 3474 2662 rivulum
3502 2607 3638 2663 Lota
3669 2608 3829 2673 sitas,

2234 2695 2289 2750 in
2317 2696 2450 2751 locis
2478 2695 2717 2759 Villetas,
2748 2695 3070 2752 Merdusana
3095 2706 3149 2751 et
3180 2696 3358 2764 Mota;
3389 2699 3481 2754 sed
3505 2698 3626 2754 haec
3649 2698 3830 2754 diver-

2232 2800 2321 2842 sas
2345 2787 2565 2842 omnino
2591 2804 2621 2843 a
2651 2788 2976 2858 pratcedenti
3010 2789 3370 2858 chronologiae
3414 2799 3571 2844 notas
3617 2790 3787 2844 haluet
3812 2808 3828 2841 :

2232 2879 2364 2936 Data
2395 2881 2592 2950 quippe
2616 2889 2698 2935 est
2732 2881 2787 2934 in
2825 2890 2995 2935 castro
3039 2879 3248 2935 Torona
3267 2922 3280 2944 ,
3312 2880 3443 2950 feria
3474 2896 3506 2932 v
3534 2878 3830 2951 Septuage-

2232 2971 2402 3035 simte,
2428 2970 2709 3024 indictione
2735 2986 2824 3036 \‘tt,
2848 2981 3028 3041 epacta
3052 2986 3141 3037 xv,
3169 2981 3415 3041 regnante
3434 2969 3567 3025 Jcsu
3590 2969 3828 3025 Christo.

2235 3061 2570 3132 Subscripsit
2612 3054 2843 3119 domnus
2885 3063 3170 3133 episcopus
3204 3062 3373 3118 Ceno.
3408 3063 3656 3132 Denique
3690 3063 3827 3119 Bea-

2152 3151 2196 3213 C
2234 3155 2334 3208 trix
2378 3170 2514 3209 uxor
2560 3154 2927 3211 Archimbaldi
2970 3155 3330 3221 vicccomitis,
3378 3172 3575 3225 nuper,
3614 3164 3678 3210 ut
3710 3155 3827 3225 ipsa

2226 3244 2485 3315 loquitur,
2538 3241 2804 3314 defuncti,
2860 3245 3023 3299 donat
3074 3245 3366 3301 Cluniaco.
3397 3243 3485 3297 ubi
3534 3242 3698 3298 0dilo
3748 3254 3825 3298 est

2226 3334 2409 3399 abbas,
2441 3335 2508 3393 de
2554 3334 2714 3389 rebus
2762 3336 2875 3390 suis
2913 3336 3031 3390 sitis
3062 3336 3113 3390 in
3162 3351 3298 3405 pago
3329 3335 3718 3408 Lugdunensi,
3769 3339 3825 3393 in

2226 3424 2346 3482 loco
2391 3425 2485 3496 qui
2516 3426 2714 3483 dicitur
2745 3425 2985 3491 Salseto,
3033 3443 3196 3482 unum
3230 3444 3496 3482 mansum.
3554 3427 3694 3491 Data
3739 3441 3827 3484 est

2224 3518 2414 3572 charta
2440 3516 2703 3585 Cluniaci,
2728 3526 2975 3588 regnante
2996 3517 3220 3573 Domino
3239 3517 3276 3573 Ι
3280 3536 3369 3573 esu
3390 3518 3624 3585 Christo,
3645 3536 3827 3574 mense

2227 3608 2395 3664 Maio.
2444 3608 2501 3663 In
2549 3611 2636 3666 his
2684 3626 2845 3680 porro
2885 3620 2938 3665 et
2982 3609 3250 3666 similibus
3298 3611 3501 3666 chartis
3547 3611 3821 3679 ejusmodi

2225 3700 2513 3756 formulam
2562 3702 2862 3757 adhibitam
2899 3701 3067 3758 fuisse
3101 3702 3343 3758 nonnulli
3383 3713 3645 3769 censent,
3673 3704 3822 3774 quod

2227 3804 2355 3849 tunc
2383 3794 2643 3865 temporis
2674 3810 2768 3849 rex
2812 3796 2985 3850 sacris
3026 3796 3348 3851 interdictas
3387 3804 3533 3850 esset
3568 3795 3640 3849 ob
3683 3793 3821 3849 Ber-

2226 3885 2398 3952 tham,
2431 3900 2616 3956 quam,
2646 3884 2775 3941 licet
2794 3886 2894 3941 sibi
2913 3886 3173 3941 aﬂinitate
3195 3885 3561 3962 conjunctam,
3584 3900 3820 3940 uxorem

2223 3976 2472 4032 duxerat.
2499 3975 2659 4032 Certe
2687 3977 2741 4031 id
2767 3976 2850 4032 vel
2881 3992 2948 4032 ex
2978 3976 3089 4031 sola
3112 3976 3380 4032 Beatricis
3403 3976 3622 4041 charta,
3653 3991 3821 4059 quam

2222 4070 2383 4125 modo
2431 4069 2791 4136 laudavimus,
2839 4069 3030 4124 falsum
3074 4084 3195 4125 esse
3227 4077 3394 4141 patet.
3441 4067 3569 4122 llam
3615 4067 3822 4137 quippe

2222 4172 2346 4232 post
2367 4160 2592 4216 Roberti
2617 4161 2824 4216 obitum
2853 4161 3054 4231 scripta
3079 4169 3180 4215 est.
3208 4159 3342 4214 Nam
3366 4157 3814 4221 Archimbaldus,

2221 4266 2383 4322 quem
2409 4250 2631 4306 Beatrix
2656 4250 2969 4306 defunctum
3007 4252 3157 4316 dicit,
3196 4252 3373 4305 adhuc
3413 4248 3469 4303 in
3515 4248 3657 4304 vi\is
3699 4254 3821 4303 erat

2222 4359 2365 4399 anno
2413 4343 2572 4409 1057,
2605 4352 2664 4397 ut
2706 4359 2771 4398 ex
2816 4340 2935 4411 ejus
2982 4343 3171 4397 charta
3221 4341 3446 4396 inferius
3485 4340 3730 4410 patebit,
3761 4346 3818 4393 et

2223 4435 2441 4504 quidem
2470 4434 2691 4489 biennio
2714 4442 2896 4502 postea
2922 4432 3215 4488 monachos
3239 4432 3290 4485 in
3313 4429 3446 4485 cella
3469 4431 3646 4485 sancti
3670 4426 3815 4483 Lan-

531 4512 794 4595 Gausliuo
820 4512 1193 4602 dimittendas,
1215 4512 1283 4591 in
1320 4537 1421 4606 ipsi
1465 4537 1602 4592 alias
1642 4512 1853 4603 domos;
1881 4553 2016 4608 quas
2051 4512 2117 4593 eg
2149 4512 2197 4571 D
2224 4524 2385 4580 reutii
2416 4524 2667 4582 iusaituit.
2706 4524 2812 4578 Sed
2856 4525 2921 4578 de
2960 4523 3061 4577 hac
3097 4520 3324 4576 formula
3353 4519 3658 4574 disserendi
3702 4532 3814 4571 non

526 4630 742 4704 Rigone
781 4626 1074 4684 Gauslinus
1104 4627 1363 4689 habebat,
1412 4628 1696 4697 acquirere
1736 4639 1978 4698 possent,
2008 4630 2122 4685 suis

530 4720 763 4778 ofﬁcinis
792 4717 1189 4790 amplificandis
1216 4716 1550 4789 profuturas.
1588 4717 1792 4774 Annuit
1819 4718 1992 4785 0dilo,
2031 4735 2119 4776 re-

530 4814 704 4884 ceptis
743 4812 798 4868 in
844 4811 1343 4883 compensationem
1368 4808 1486 4865 aliis
1511 4808 1757 4865 domibus
1781 4825 1899 4880 quae
1928 4827 1995 4867 ex
2019 4813 2117 4866 do-

530 4904 751 4960 natione
777 4899 1024 4969 Wigonis
1052 4900 1200 4955 bona:
1237 4899 1504 4953 memoria:
1540 4899 1812 4969 pontificis
1859 4915 2121 4969 provene-

530 5003 678 5044 rant.
708 4991 822 5044 Res
870 5002 990 5044 acta
1014 4990 1118 5044 fuit
1161 4992 1216 5044 in
1248 4989 1516 5044 Aniciensi
1559 4991 1782 5044 civitate.
1830 5004 1891 5044 ut
1931 4989 2116 5044 Nonas

2221 4627 2308 4673 est
2352 4617 2440 4677 hic
2470 4616 2652 4679 locus,
2685 4631 2847 4687 quam
2890 4615 3244 4686 qumstionem
3284 4613 3419 4668 alias
3462 4614 3563 4667 viri
3608 4610 3815 4667 eruditi

2222 4707 2394 4763 fusius
2420 4708 2712 4779 agitaram.

2290 4798 2381 4852 27.
2414 4800 2571 4854 Anno
2591 4798 2800 4856 decimo
2819 4798 3044 4854 Roberti
3074 4796 3237 4870 regis,
3262 4794 3563 4851 ‘Letbaldus
3593 4793 3811 4863 cpism-

2221 4909 2322 4966 pus
2352 4891 2766 4949 Matisconeusis
2807 4893 2945 4949 duos
2988 4907 3175 4949 servos
3217 4891 3285 4946 ad
3331 4889 3576 4947 Oililonis
3619 4901 3815 4958 preces

2224 4984 2465 5040 donavit.
2496 4984 2699 5040 Charta
2724 4984 2838 5039 data
2875 4991 2960 5039 est
2988 4978 3074 5038 die
3099 4981 3293 5044 Lunae,
3327 4993 3513 5035 mense
3541 4978 3811 5044 Augusto,
