4116 5358
287 372 397 430 διδ

1750 389 2079 446 ειοειωι.

3465 417 3569 474 816

285 485 503 556 Aprilis,
539 486 698 544 Odilo
729 489 918 545 domos
959 493 1220 559 quasdam
1253 493 1473 550 Arelate
1514 495 1648 550 sitas
1682 496 1733 550 in
1765 513 1878 552 etn-
1907 509 1952 563 Α
1983 509 2181 566 praeest
2205 500 2434 558 domnus
2465 506 2622 563 Odilo
2664 513 2852 577 abbas,
2881 529 2984 586 ego
3011 518 3188 588 Agnes
3229 529 3285 575 et
3325 523 3418 577 lilii
3465 528 3571 582 inci

283 578 594 647 phyteosim
628 581 920 634 concessit.
950 580 1099 634 Mulli
1142 582 1234 636 alii
1273 598 1393 638 cum
1432 600 1498 638 eo
1541 585 1876 656 subscripse-

282 677 431 732 runt,
460 669 604 726 inter
629 687 769 743 quos
801 671 952 743 llugo
975 675 1042 728 de
1066 674 1330 742 Calviote,
1359 687 1413 733 et
1443 678 1778 750 Redemptus
1807 684 1874 738 de

279 756 495 814 Botcra.

346 848 440 904 29.
469 850 627 906 Anno
666 867 745 906 xu
793 853 1013 910 Roberti
1060 858 1226 927 regis,
1253 874 1437 914 mense
1465 861 1658 931 Aprili,
1690 864 1873 933 proin-

278 936 456 1007 deque
504 939 706 996 ChriSti
754 943 920 1008 1009,
971 947 1190 1014 quidam
1237 947 1499 1006 Rodulfus
1549 951 1762 1007 Odiloni
1807 969 1871 1009 ac

277 1029 615 1083 monasterio
642 1029 988 1088 Cluniacensi
1018 1035 1166 1089 dedit
1205 1038 1476 1092 curtillum
1509 1050 1564 1095 et
1586 1041 1688 1096 alia
1718 1058 1870 1112 qua:-

275 1121 398 1176 dam
431 1124 487 1179 in
515 1125 640 1178 villa
671 1126 872 1182 Aziaco
901 1129 956 1182 in
992 1144 1128 1199 pago
1156 1130 1557 1189 Matisconensi.

344 1209 434 1266 3‘0.
465 1213 627 1268 Anno
654 1215 789 1269 1015
829 1216 1166 1283 Gaul'redus,
1206 1220 1583 1278 Cabilonensis
1613 1226 1868 1281 Ecclesia:

272 1301 508 1370 praesul,
555 1305 713 1359 simul
758 1323 881 1360 cum
924 1310 1198 1365 canonicis
1224 1312 1281 1365 in
1311 1314 1549 1380 generali
1595 1326 1865 1370 conventu

275 1390 546 1457 residens,
572 1395 819 1450 exultavit
846 1414 875 1451 a
900 1399 1124 1456 decimis
1152 1403 1440 1458 ecclesiam
1477 1404 1862 1472 .luliaceusem,

273 1480 437 1550 idque
483 1484 551 1538 ad
596 1499 788 1554 preces
818 1486 1062 1544 Odilouis
1106 1491 1356 1547 abbatis:
1395 1495 1485 1563 qui
1524 1495 1761 1551 vicissim
1809 1498 1863 1550 in

271 1577 776 1644 compensationem
813 1581 957 1634 dedit
987 1582 1229 1638 ecclesia:
1264 1587 1439 1640 sancti
1481 1587 1778 1652 Vincentii,
1809 1589 1865 1643 id

268 1673 355 1716 est
395 1665 728 1729 cathedrali,
771 1671 1060 1727 ecclesiam
1105 1677 1394 1743 quamdam
1429 1677 1531 1732 sibi
1563 1695 1593 1732 a
1623 1678 1863 1736 Golfrido

269 1754 650 1813 Sinemurensi
701 1760 979 1816 donatam.
1026 1764 1387 1821 Subscribunt
1433 1784 1554 1824 cum
1600 1769 1862 1827 Gaufrido

1980 588 2280 649 Willelmus
2301 606 2356 650 et
2382 596 2719 664 Gaull‘retlus,
2750 605 3013 663 donamus
3040 611 3436 670 habitatoribus
3453 616 3569 683 jam

1975 680 2104 736 dicti
2152 683 2254 738 loci
2288 699 2560 744 monetam
2614 702 2778 747 totam
2818 712 2978 766 quam
3028 699 3289 759 habemus
3337 705 3389 758 in
3441 707 3569 762 villa

1974 783 2094 838 quae
2141 775 2453 832 nominatur
2482 779 2833 850 Engeliacns;
2865 795 2916 840 et
2951 788 3003 842 in
3032 791 3135 844 alia
3161 791 3286 848 villa
3317 810 3438 864 qua:
3464 813 3561 853 vo-

1973 872 2130 917 catur
2155 864 2426 937 Molgong,
2456 887 2646 928 omnes
2671 882 3093 938 consuetudines
3121 899 3256 954 quas
3286 888 3394 944 illic
3421 891 3564 947 sole-

1973 966 2096 1008 mus
2125 955 2354 1024 habere,
2400 970 2460 1016 ut
2504 963 2629 1018 inde
2676 966 2886 1022 faciatis
2930 988 3112 1030 emere
3157 978 3391 1048 sepicas.
3425 997 3566 1052 quas

1973 1045 2117 1100 soliti
2167 1064 2388 1107 eramus
2431 1055 2563 1110 dare
2595 1057 2770 1114 vobis.
2823 1060 2973 1117 Unde
3021 1067 3182 1122 etiam
3220 1045 3566 1140 postulamus

1972 1137 2172 1193 ascribi
2206 1143 2423 1197 nomina
2454 1155 2640 1201 nostra
2688 1148 2740 1202 in
2785 1150 3008 1220 Missali,
3042 1156 3093 1210 in
3127 1175 3234 1228 quo
3264 1164 3568 1220 recitantur

1971 1225 2350 1288 benefactores
2386 1236 2574 1301 vestri,
2606 1238 2732 1307 quia
2763 1242 3055 1299 maximam
3099 1246 3350 1306 ﬁduciam
3397 1254 3564 1310 habe-

1973 1331 2094 1371 mus
2118 1319 2170 1372 in
2193 1323 2536 1381 orationibus
2558 1330 2752 1386 vestris
2776 1341 3078 1405 vestraque
3105 1346 3562 1413 congregationis,

1970 1413 2024 1459 et
2067 1407 2169 1462 hoc
2197 1413 2340 1480 quod
2363 1427 2690 1473 conventum
2722 1422 2931 1479 habetis
2961 1407 3234 1485 attendite
3255 1407 3404 1488 mihi.
3449 1456 3466 1487 ι
3501 1407 3563 1494 ni

1969 1497 2073 1554 hoc
2100 1515 2244 1557 anno
2267 1503 2380 1573 jam
2407 1509 2552 1564 dicta
2579 1513 2913 1571 nobilissima
2946 1520 3224 1578 comitissa
3254 1524 3433 1595 Agnes
3460 1531 3560 1585 oh-

1969 1590 2109 1644 sedit
2132 1603 2372 1652 castrum
2404 1599 2738 1668 V’olventem,
2769 1614 2841 1672 et,
2868 1616 2930 1662 ut
2951 1608 3055 1664 fuit
3080 1627 3176 1667 sua
3201 1590 3560 1689 consuetudo,

1964 1682 2109 1751 cepit
2138 1700 2284 1741 eum.

2037 1772 2131 1827 55.
2180 1775 2453 1842 Quantum
2503 1798 2632 1841 vero
2683 1787 2787 1844 sibi
2841 1790 3225 1854 Cluniacenses
3279 1801 3560 1861 beneﬁciis

266 1846 499 1914 praesule
524 1847 679 1920 ilugo
706 1866 893 1907 comes
918 1861 974 1907 et
1003 1854 1317 1924 episcopus,
1357 1857 1562 1914 scilicet
1590 1861 1859 1916 Antissio-
1891 1859 1936 1920 Β
1967 1871 2078 1917 tam
2107 1880 2136 1919 a
2167 1882 2227 1922 se
2255 1885 2418 1940 quam
2445 1890 2473 1928 a
2501 1877 2615 1932 suis
2644 1881 2964 1953 propinquis
2989 1887 3202 1947 collatis
3226 1892 3560 1952 devinxisset

263 1933 551 2003 dorensis,
597 1947 652 1994 et
677 1941 791 1995 alii.
825 1943 958 1998 Data
989 1953 1069 1998 est
1099 1960 1242 2000 anno
1276 1963 1400 2002 xxvi
1433 1948 1656 2005 Roberti
1683 1952 1857 2023 regis,

263 2027 355 2094 qui
387 2035 563 2083 tamen
602 2045 776 2088 annus
805 2048 910 2087 non
942 2036 1189 2107 congruit
1215 2029 1339 2092 cum
1375 2053 1520 2096 anno
1558 2040 1716 2104 1015,
1750 2057 1858 2111 quo

263 2116 382 2171 hac
419 2120 716 2191 contigisse
747 2123 1020 2178 dicuntur.

217 2253 238 2268 ,
332 2205 423 2260 51.
461 2209 618 2265 Anno
664 2211 821 2280 1017,
871 2225 1129 2284 regnante
1172 2216 1444 2285 Roberto,
1473 2231 1628 2277 sexto
1675 2221 1856 2279 Nonas

261 2296 418 2365 Maii,
444 2299 754 2359 Willelmus
784 2306 896 2362 dux
935 2308 1331 2378 Aquitanorum
1351 2351 1365 2375 ,
1398 2311 1571 2367 Roma
1616 2314 1852 2380 rediens,

258 2389 316 2444 in
359 2392 583 2448 civitate
631 2395 812 2468 Papia:
866 2400 1087 2455 donavit
1132 2405 1462 2459 monasterio
1513 2404 1853 2461 Cluniacensi

262 2485 608 2542 medietatem
634 2491 702 2546 de
720 2507 886 2546 censu
909 2494 1141 2564 piscium
1161 2495 1253 2565 qui
1276 2497 1677 2562 circajnsulam
1701 2497 1854 2554 Rado

259 2574 576 2644 capiuntur;
609 2581 1046 2652 subscripserunt
1077 2584 1184 2640 duo
1206 2584 1462 2641 Willeltui
1497 2587 1615 2654 lilii,
1648 2587 1851 2644 Willel—

257 2679 382 2721 ntus
414 2675 472 2722 et
498 2666 636 2724 Odo.

323 2755 416 2813 52.
443 2757 606 2814 Anno
630 2760 768 2819 1018
790 2776 1046 2836 regnante
1073 2767 1328 2834 Roberto,
1354 2771 1495 2825 idem
1521 2770 1846 2839 Willelmus,

253 2847 348 2919 qui
379 2863 412 2903 a
440 2853 714 2909 nonnullis
733 2857 802 2911 ob
823 2861 1068 2929 egregias
1095 2862 1264 2932 ipsius
1285 2865 1436 2919 dotes
1462 2861 1688 2935 Magnus
1710 2883 1839 2921 nun-

250 2946 484 3009 cupatus
509 2952 616 3009 est,
649 2955 855 3001 curtem
885 2953 1175 3018 quamdam
1203 2954 1257 3008 in
1288 2956 1490 3010 vicaria
1523 2956 1846 3015 Marevenno

247 3029 487 3084 contulit
526 3037 860 3092 monasterio
885 3038 1251 3097 Cluniacensi.
1292 3044 1507 3101 Chartae
1535 3062 1658 3102 cum
1704 3048 1842 3104 Wil-

246 3115 415 3173 lelmo
440 3120 577 3177 duce
603 3125 1042 3197 subscripserunt
1082 3133 1261 3203 Agnes
1293 3137 1569 3197 comitissa
1591 3180 1605 3204 ,
1638 3139 1844 3196 Willel-

1961 1955 2163 2027 Agnes,
2193 1971 2342 2030 patet
2379 1979 2447 2020 ex
2495 1968 2857 2029 instrumento
2899 1981 3134 2047 quodam
3165 1985 3416 2054 publico,
3448 2005 3558 2058 quo

1959 2046 2344 2111 Cluniacenses
2380 2058 2430 2112 ei
2459 2058 2746 2119 Lasiacum
2789 2067 3072 2128 dimittunt
3115 2076 3168 2130 in
3204 2080 3342 2148 grati
3385 2084 3555 2139 animi

1960 2152 2404 2212 monumentum,
2453 2158 2514 2204 ut
2556 2152 2742 2210 videre
2784 2167 2868 2213 est
2909 2161 2963 2216 in
3010 2163 3355 2227 Cluniacensi
3386 2173 3552 2228 char-

1962 2230 2123 2285 tario.

2026 2319 2120 2375 56.
2137 2322 2295 2381 Anno
2311 2327 2465 2397 1019,
2481 2347 2535 2386 ιι
2547 2332 2821 2393 Kalendas
2843 2339 3150 2413 Februarii,
3166 2348 3430 2409 Rodull‘us
3453 2369 3551 2410 rex

1955 2409 2023 2462 ad
2048 2409 2398 2484 lrmingardis
2428 2419 2673 2494 conjugis
2696 2441 2805 2482 suae
2831 2409 3146 2499 petitionem
3181 2445 3452 2509 concedit,
3480 2461 3549 2503 ex

1952 2502 2176 2570 propria
2197 2505 2533 2579 haereditate,
2554 2518 2839 2575 monachis
2860 2523 3324 2595 Cluniacensibus,
3350 2502 3545 2607 regulae

1948 2595 2123 2647 sancti
2146 2595 2418 2656 Benedicti
2445 2609 2599 2661 modo
2619 2619 2667 2664 et
2695 2613 2936 2686 deinceps
2962 2621 3336 2695 obedienlibus,
3369 2595 3546 2688 coelo-

1951 2685 2089 2742 siam
2113 2693 2289 2747 sancti
2332 2693 2495 2752 Blasii
2524 2739 2540 2764 ,
2565 2711 2623 2754 et
2656 2704 2893 2762 viculum
2937 2719 3108 2768 totum
3149 2732 3270 2772 cum
3303 2723 3416 2777 suis
3441 2739 3539 2794 ap-

1945 2779 2224 2844 penditiis.
2257 2783 2456 2842 Charta
2485 2830 2498 2854 ,
2525 2806 2646 2861 qua:
2672 2795 2835 2852 etiam
2863 2800 3090 2859 habetur
3119 2808 3171 2860 in
3206 2779 3541 2872 Bibliotheca

1946 2866 2286 2928 Cluniacensi
2305 2876 2469 2944 edita,
2495 2881 2598 2936 col.
2623 2884 2748 2951 411,
2774 2888 2899 2944 data
2924 2903 3006 2948 est
3025 2897 3081 2948 in
3103 2897 3227 2952 villa
3256 2866 3532 2971 Tabernis,

1944 2974 2063 3028 quae
2113 2961 2270 3018 aliter
2312 2965 2456 3023 Urbe
2509 2975 2806 3043 appellatur
2850 2997 2914 3035 ea:
2938 2985 3096 3053 ﬂuvio
3143 2989 3215 3042 ibi
3251 2961 3534 3062 deﬂuente.

1945 3046 2053 3106 Sed
2101 3051 2154 3105 in
2203 3068 2267 3108 ea
2310 3058 2498 3115 charta
2545 3066 2891 3140 coujungitur
2930 3046 3102 3133 annus
3142 3096 3284 3138 xxxv
3314 3046 3530 3146 llodulti

1945 3144 2089 3214 reg’s
2115 3161 2238 3202 cum
2275 3166 2418 3207 anno
2448 3151 2587 3211 1019
2614 3159 3006 3225 incarnationis
3036 3171 3350 3246 Dominicm,
3381 3187 3530 3254 quod

2010 3206 2037 3214 '
2399 3206 2406 3207 7
2454 3206 2474 3209 “
2492 3206 2506 3209 ⁷
2526 3206 2541 3209 “
2558 3206 2577 3211 ⁷
2614 3206 3006 3225 “““¹¹“⁸“’“⁴¹⁸¹υΙ¹Ιο
3036 3206 3350 3246 υυιιιιιιιυω,

247 3219 371 3261 mus
380 3206 593 3278 junior,
621 3212 958 3274 Gislebertus
984 3222 1287 3292 episcopus,
1321 3225 1486 3282 Fulco
1507 3243 1709 3292 comes,
1733 3240 1836 3284 etc.
1869 3224 1914 3287 C
1945 3238 2198 3296 mendum
2213 3252 2317 3297 est.
2342 3245 2689 3320 Huncipsum
2713 3270 2914 3314 annum
2941 3263 3078 3321 1019
3098 3271 3318 3337 μετείθη
3339 3275 3531 3335 charta

316 3299 388 3337 33
441 3301 776 3337 C:cla'\nnlnn
811 3312 1092 3337 Λοιῗηηιι...--
1148 3315 1194 3337 2.,
1229 3317 1324 3337 La-
1361 3321 1399 3337 ,ι
1475 3331 1501 3337 ,Δ
1940 3327 1964 3337 ν
2076 3331 2090 3337 -
2148 3333 2160 3337 -
2184 3334 2214 3337 ,μ
2254 3335 2277 3337 _,

315 3299 408 3354 '53.
441 3301 778 3364 Gislebcrtus
808 3312 1114 3384 episcopus,
1147 3315 1199 3370 in
1228 3317 1331 3372 hac
1352 3321 1542 3375 charta
1569 3338 1835 3377 memora-

248 3400 354 3456 tus,
384 3392 715 3455 Pictaviensi
748 3401 1004 3460 Ecclesia:
1024 3407 1313 3476 praefectus
1337 3421 1419 3465 est
1445 3428 1586 3469 anno
1613 3414 1734 3476 975.
1769 3430 1838 3470 ex

246 3483 511 3540 chronico
540 3487 903 3550 Malleacensi.
949 3495 1048 3550 Cui
1092 3503 1354 3556 successit
1389 3503 1718 3562 lsemlmrtus
1749 3524 1837 3562 ar-

245 3573 626 3646 chidiaconus,
659 3584 749 3652 qui
777 3586 950 3641 eidem
978 3589 1180 3645 charta:
1201 3594 1550 3664 subscripsit;
1577 3601 1677 3652 sub
1697 3614 1836 3668 quo-

247 3678 368 3719 rum
394 3670 717 3736 pontificatu
738 3675 1032 3745 Arnaldus,
1069 3680 1125 3735 in
1153 3696 1215 3736 ea
1243 3684 1450 3752 pariter
1479 3701 1832 3756 memoratus,

243 3753 570 3814 decanatum
617 3761 858 3830 ejusdem
899 3769 1151 3826 Ecclesia:
1195 3775 1611 3834 administravit.
1663 3781 1832 3841 Porro

241 3843 387 3900 idem
419 3847 725 3910 Willelmus
769 3871 1039 3916 monetam
1082 3865 1150 3919 de
1188 3866 1341 3920 Niort
1386 3869 1833 3932 Cluniacensibus

241 3941 534 4006 concessit,
575 3952 635 3998 ut
675 3960 744 4000 ex
789 3949 960 4005 altera
1005 3951 1123 4021 ejus
1148 3956 1336 4011 charta
1368 3970 1544 4029 patet,
1589 3965 1675 4018 cui
1706 3981 1828 4020 cum

241 4027 332 4083 illo
355 4031 802 4105 subscripserunt
837 4042 1016 4112 Agnes
1044 4047 1164 4117 ejus
1195 4066 1332 4107 uxor
1355 4027 1420 4109 ac
1449 4055 1559 4110 duo
1586 4059 1702 4127 ejus
1734 4059 1828 4116 lilii

238 4116 548 4180 Willeltnus
576 4138 633 4183 et
658 4128 794 4188 Odo.

303 4210 398 4266 34.
427 4213 626 4286 Agnes,
668 4220 721 4276 in
753 4232 982 4296 utraque
1018 4229 1204 4286 charta
1234 4230 1670 4297 Willelmiducis
1713 4258 1828 4298 mc-

234 4311 472 4369 morata,
511 4310 667 4365 tertia
701 4313 820 4382 ejus
860 4333 998 4373 uxor
1022 4320 1152 4386 fuit,
1185 4322 1432 4392 Ottonis,
1468 4344 1826 4400 cognomento

234 4389 518 4465 Willelmi,
549 4398 876 4474 Burgundia:
905 4410 1060 4466 ducis
1097 4412 1226 4469 lilia.
1261 4389 1588 4474 Willelmuin
1618 4437 1748 4479 vero
1771 4389 1827 4481 et

231 4481 476 4544 Odonem
519 4507 587 4546 ex
643 4496 915 4564 prioribus
959 4506 1217 4562 uxoribus
1268 4523 1583 4582 susceperat
1616 4515 1825 4575 Willet-

229 4595 373 4647 mus,
398 4584 639 4654 primum
683 4607 876 4664 nempe
909 4612 977 4652 ex
1005 4599 1282 4667 Almodia,
1324 4605 1554 4662 alterum
1587 4626 1716 4666 vero
1754 4628 1820 4668 ex

224 4672 440 4744 Prisca,
469 4683 708 4738 secunda
738 4685 906 4754 ipsius
933 4703 1121 4746 uxore.
1150 4691 1388 4764 Uterque
1408 4699 1613 4769 absque
1636 4702 1821 4759 liberis

224 4763 517 4822 defunctus
562 4769 686 4837 fuit,
719 4777 1023 4848 sepultique
1059 4792 1186 4838 sunt
1230 4763 1652 4847 inimonast-erio
1693 4794 1822 4849 Mal-

224 4852 487 4922 leacensi,
519 4863 660 4929 quod
698 4879 889 4920 eorum
930 4878 1084 4939 pater
1124 4875 1471 4945 condiderat,
1518 4881 1609 4951 qui
1650 4894 1706 4937 et
1744 4885 1817 4940 ibi

223 4946 383 5013 paulo
413 4962 544 5006 ante
571 4954 780 5010 obitum
805 4962 1106 5019 monastica
1131 4973 1279 5020 veste
1307 4946 1618 5025 donatus—ct
1637 4975 1817 5044 sepul-

225 5045 310 5093 tus
345 5039 471 5109 fuit,
512 5060 657 5102 anno
701 5049 841 5104 1050
887 5062 981 5107 aut
1025 5060 1292 5128 sequenti.
1342 5061 1607 5119 Cancrum
1638 5039 1820 5135 Agnes

219 5141 418 5199 praeter
465 5136 736 5206 Agnetem
783 5141 980 5211 tiliam,
1029 5163 1150 5217 quae
1192 5149 1426 5208 Henrico
1469 5156 1813 5224 imperatori,

217 5233 585 5292 cognomento
611 5229 778 5292 Nigro
803 5237 1000 5292 nupsit.
1027 5240 1161 5292 duos
1187 5244 1348 5292 etiam
1373 5244 1514 5292 ﬁlim:
1541 5245 1815 5292 Willplmn

1937 3327 2229 3441 Leolbaldi‘
2244 3335 2318 3403 (in
2352 3339 2459 3395 alio
2500 3348 2809 3418 apographo
2838 3327 3178 3416 Theobaldus
3203 3327 3529 3441 appellatur;

1939 3420 2176 3492 episcopi
2206 3419 2661 3501 Matisconensis,
2701 3452 2806 3508 qua
2842 3440 3042 3500 domno
3085 3419 3295 3508 Odiloni
3342 3419 3529 3516 abbati

1937 3517 2327 3590 mouachisque
2351 3523 2798 3589 Cluniacensibus
2822 3535 3046 3596 dimittit
3075 3543 3332 3612 decimas,
3363 3550 3530 3608 alias-

1935 3619 2043 3675 que
2066 3611 2425 3676 pertinentias
2474 3619 2718 3678 ecclesia":
2765 3633 2938 3684 sancti
2984 3630 3224 3704 Sulpicii.
3262 3640 3395 3695 Data
3439 3653 3530 3701 est

1937 3697 1989 3751 in
2008 3702 2212 3770 synodo
2237 3704 2580 3777 clericorum,
2602 3715 2690 3770 die
2717 3731 2769 3771 ιν
2793 3719 2916 3775 ldus
2947 3697 3287 3784 Novembris.
3315 3697 3520 3801 Atjani

1937 3794 2066 3842 tunc
2090 3790 2378 3851 defunctus
2403 3810 2522 3853 erat
2545 3801 2892 3874 Leotbaldus,
2926 3815 2970 3867 si
3005 3816 3234 3885 vulgatis
3260 3790 3516 3880 Matisco-

1930 3882 2181 3938 nensium
2201 3887 2576 3959 episcoporum
2598 3897 2857 3969 catalogis
2880 3906 3184 3964 credamus.
3209 3909 3274 3965 Et
3297 3914 3518 3982 quidem

1931 3971 2035 4026 hoc
2058 3974 2175 4043 ipso
2200 3992 2344 4033 anno
2364 3983 2619 4051 placitum
2647 3989 2893 4048 habitum
2923 3997 3125 4055 dicitur
3147 4003 3197 4057 in
3222 4017 3521 4078 conspectu

1929 4061 2145 4121 Ottonis
2174 4067 2589 4132 Matisconensis
2620 4082 2836 4139 comitis
2864 4125 2878 4150 ,
2908 4098 2960 4142 et
3002 4089 3244 4148 Gauslint
3274 4061 3513 4170 episcopi

1929 4153 2041 4224 (qui
2070 4156 2365 4220 Lcotbaldo
2381 4171 2795 4240 successit),ubi
2826 4179 2997 4236 adfuit
3024 4153 3353 4246 llumhertus

1925 4248 2138 4314 positus
2195 4255 2440 4313 ecclesias
2500 4261 2871 4325 Cluniaeensis
2903 4313 2918 4337 ,
2969 4290 3090 4331 cum
3138 4290 3372 4349 quatuor
3420 4298 3518 4343 aut

1926 4337 2165 4409 quinque
2216 4343 2456 4413 ejusdem
2509 4351 2610 4408 loci
2669 4362 2989 4427 monachis,
3040 4368 3106 4421 ad
3160 4370 3515 4432 vindicandas

1928 4435 2259 4490 monasterio
2289 4440 2548 4507 quasdam
2579 4450 2972 4518 possessiones,
3005 4471 3139 4525 quas
3163 4459 3423 4521 Raculfus
3446 4469 3514 4521 atl

1925 4609 2183 4677 placitum
2209 4617 2263 4670 in
2305 4634 2412 4688 quo
2433 4623 2574 4678 idem
2608 4625 2958 4702 Humbertus,
2987 4609 3110 4694 cum
3157 4609 3363 4714 aliquot
3389 4649 3514 4704 aliis

1924 4704 2204 4760 monachis
2223 4710 2363 4776 apud
2390 4710 2764 4784 Matisconem,
2792 4739 2976 4781 coram
3013 4731 3202 4788 Odone
3232 4704 3430 4793 comite
3457 4749 3517 4795 et

1923 4790 2182 4852 Causlino
2197 4802 2474 4874 episcopo,
2490 4822 2820 4880 conquestus
2836 4830 2917 4871 ρει
2941 4821 3202 4878 adversus
3223 4827 3510 4882 mulierem

1921 4900 2042 4954 qua
2071 4892 2327 4948 nonnulla
2359 4900 2500 4965 apud
2540 4901 2827 4974 Colongias
2850 4909 3094 4981 aliasque
3121 4915 3346 4972 ditionis
3381 4919 3508 4973 Clu-

1922 4979 2193 5038 niaeensis
2215 4986 2364 5042 villas
2386 4989 2676 5061 invaserat,
2695 5012 2814 5065 qua:
2827 5015 2987 5054 causa
3013 5003 3279 5062 cecidisse
3304 5008 3509 5063 dicitur

1922 5087 2106 5128 mense
2170 5077 2414 5146 Octobri,
2452 5099 2594 5140 anno
2640 5089 2798 5156 1019,
2831 5107 2940 5158 quo
2988 5095 3209 5150 circiter
3263 5107 3514 5170 tempore

1921 5161 2075 5235 Hugo
2103 5170 2388 5240 episcopus
2420 5174 2909 5234 Antissiodorensis
2938 5181 3087 5238 dedit
3116 5161 3397 5256 Cluniaco,
3422 5187 3514 5242 ubi

1922 5252 2082 5292 niis-In
2109 5259 2267 5292 ’.ΑΙ-η.
2316 5263 2656 5292 ηιηιΙζηιι-ιιηηι
2685 5268 2850 5292 ...η-ιε..
2888 5271 2940 5292 J-
2967 5272 3046 5292 nu
3077 5275 3136 5292 ,ογ
